4028 6516
314 412 450 479 1593

893 425 1217 486 HOMILlA
1258 430 1386 489 LlI.
1414 456 1483 465 ——
1526 432 1796 493 MALUM
1836 416 1984 494 Pno
2018 438 2222 498 MALO
2262 441 2415 501 NON
2456 439 2958 501 REDDENDUM.

3417 440 3553 508 1594

309 530 593 623 θελήματά
629 550 752 603 μου,
780 552 798 587 1
837 539 963 608 περὶ
989 539 1085 592 τοῦ
1124 542 1513 612 ἀμνησικάκου
1556 548 1742 612 Δαυῒδ,
1777 554 1861 604 καλ

1977 553 2163 608 bimur
2193 553 2502 619 lenitatem,
2534 564 2593 609 ut
2632 563 2685 609 et
2730 570 2833 609 nos
2864 553 3130 623 quiddam
3176 554 3423 612 assimile
3457 574 3550 613 au—

306 622 403 674 καὶ
444 624 571 692 περὶ
614 624 842 696 ἐχθροὺς
875 629 1106 697 ἀγαθοῦ.
1144 634 1254 687 Kal
1281 637 1446 706 ἡμεῖς
1484 637 1577 691 οὖν
1605 638 1680 709 μὴ
1719 642 1880 711 ποιή-

307 711 491 801 σωμέν
510 730 562 765 τι
592 714 729 786 πρὸς
752 718 965 788 ἄμυναν
994 722 1226 792 ἀδελφοῦ
1248 727 1681 799 κατηδικηκότος
1705 732 1874 801 ἡμᾶς,

304 800 393 853 ἴνα
422 803 500 874 μὴ
527 803 748 859 ἅπαντα
776 809 907 880 ἡμῖν
939 811 1130 867 σκολιὰ
1153 814 1379 885 γένηται
1407 818 1467 871 ὲν
1487 820 1670 891 καιρῷ
1699 800 1876 893 προσ-

309 894 500 963 ευχῆς.
556 896 614 950 '0
648 899 811 969 νόμος
846 904 1283 973 παρακελεύεται
1309 912 1557 979 προνοεῖν
1578 913 1641 965 τὸ
1674 914 1877 978 ὑποζύ-

301 1002 420 1052 γιον
446 987 539 1040 τοῦ
573 989 773 1060 ἐχθροῦ
794 1008 809 1022 ’
840 996 937 1047 καὶ
966 997 996 1048 ό
1042 996 1187 1065 Ἰὼϐ,
1216 1000 1294 1065 ὼς
1326 1003 1590 1073 ἐχόμενος
1637 1006 1744 1060 ἀπὸ
1777 1025 1877 1061 κα-

302 1076 426 1140 κίας
470 1080 624 1148 παρὰ
670 1081 766 1134 τοῦ
810 1083 947 1159 Θεοῦ
999 1089 1388 1161 ἐμαρτυρεῖτο.
1438 1096 1550 1149 Kal
1579 1096 1607 1148 6
1649 1098 1871 1169 Ἰωσὴφ,

298 1169 430 1232 τοὺς
460 1169 780 1238 ἐπιϐούλους
823 1176 1088 1247 ἀδελφοὺς
1125 1182 1225 1235 οὐκ
1261 1184 1527 1254 ἠμύνατο.
1559 1188 1671 1243 Kal
1707 1190 1873 1244 Ἀϐελ

297 1260 491 1325 ἁπλῶς
536 1266 651 1317 και
676 1267 1006 1334 ἀνυπόπτως
1069 1277 1461 1347 συνεπορεύετο
1520 1279 1598 1349 τῷ
1645 1282 1871 1351 ἀδελφο-

296 1353 476 1442 κτόνῳ
518 1357 677 1411 Κάῖν.
708 1358 820 1411 Καὶ
845 1361 1065 1426 πάντως
1083 1364 1271 1428 ἁπλῶς
1302 1368 1670 1440 ἀνακηρύττει
1697 1373 1729 1442 ἡ
1752 1372 1870 1426 θεοι-

295 1441 457 1535 λογία
489 1446 617 1510 τοὺς
643 1449 702 1503 ἐν
730 1451 941 1524 ἀκακία
970 1454 1423 1527 πολιτευομένους
1456 1461 1666 1529 ἁγίους.
1699 1441 1868 1535 Φησὶν

289 1534 350 1588 δέ
376 1553 478 1601 τις,
511 1557 531 1589 ι
566 1541 661 1603 Ὃς
691 1543 1121 1600 ἀνταποδίδωσιν
1162 1550 1334 1603 κακὸν
1381 1553 1503 1606 ἀντὶ
1529 1534 1772 1622 ἀγαθῶν,
1802 1557 1865 1612 οὐ

291 1627 653 1698 κινηθήσεται
682 1631 832 1686 κακά
860 1634 926 1687 ὲκ
949 1635 1046 1688 τοῦ
1077 1638 1231 1691 οἴκου
1262 1639 1451 1699 αὑτοῦ.
1478 1660 1497 1693 1
1541 1644 1650 1698 Kal
1679 1646 1863 1711 πάλιν,

293 1734 317 1769 ι
338 1716 397 1772 '0
428 1718 607 1789 βαλὼν
623 1721 773 1777 λίθον
804 1727 885 1789 είς
912 1726 1066 1795 ὕψος,
1086 1730 1182 1783 ἐπὶ
1213 1731 1313 1801 τὴν
1336 1733 1582 1806 κεφαλὴν
1610 1736 1707 1808 τὴν
1739 1739 1865 1791 ἑαυ-

288 1808 383 1863 τοῦ
431 1811 637 1881 βάλλει.
668 1834 687 1866 1
728 1817 859 1882 Kal,
888 1836 909 1868 ι
933 1819 991 1873 '0
1010 1820 1258 1891 ὀρύσσων
1284 1823 1367 1895 τῷ
1397 1825 1613 1897 πλησίῳ
1645 1828 1860 1898 βόθρον,

286 1902 615 1971 ἐμπεσεῖται
642 1908 725 1971 είς
748 1909 934 1965 αὐτόν.
960 1929 979 1962 1
1008 1914 1168 1980 Kal,t
1198 1914 1256 1969 Ὀ
1289 1917 1452 1971 ἱστῶν
1474 1920 1705 1987 παγίδα,
1724 1922 1865 1975 ἀλώ-
1896 1898 1937 1951 Β

286 2011 444 2049 σεται
479 1999 537 2051 ἐν
590 1999 755 2071 αὐτῇ,
784 2004 881 2056 καὶ
924 2006 1170 2061 ποιοῦντι
1201 2010 1436 2081 πονηρὰ,
1462 2011 1551 2064 ἐπ’
1581 2014 1746 2081 αὐτὸν
1769 2032 1863 2069 κυ-

283 2085 622 2158 λισθήσεται.
648 2110 668 2144 1
723 2092 780 2146 '0
803 2094 860 2147 δὲ
902 2095 1197 2168 Ἱερεμίας,
1231 2080 1574 2174 ἐντυγχάνων
1721 2107 1859 2178 Θεῷ,

283 2179 428 2233 κατά
469 2180 563 2234 τὸν
607 2182 826 2255 Ἰσραὴλ
876 2186 1063 2254 λέγει’
1121 2206 1141 2240 ι
1170 2190 1233 2243 El
1277 2192 1693 2248 ἀνταποδίδοται
1740 2197 1863 2249 ἀντὶ

280 2270 504 2339 ἀγαθῶν
555 2276 725 2339 κακὰ,
784 2277 1062 2350 μνήσθητι
1116 2279 1195 2344 ὡς
1229 2281 1466 2355 ἐλάλησα
1502 2285 1646 2357 ὑπὲρ
1678 2287 1861 2341 αὐτῶν

280 2363 485 2430 ἀγαθά.
514 2383 532 2415 1
570 2365 760 2430 οὕτως
806 2368 835 2421 6
889 2369 1119 2436 δίκαιος,
1168 2374 1367 2437 νυκτός
1412 2392 1474 2428 τε
1523 2377 1617 2430 καὶ
1642 2378 1860 2449 ἡμέρας

280 2455 427 2526 ὑπὲρ
468 2456 652 2511 αὐτῶν
686 2458 779 2511 τὸν
802 2459 939 2513 Θεὸν
967 2460 1244 2527 ὲξιλεοῦτο
1268 2480 1281 2494 °
1315 2464 1437 2519 ὅθεν
1463 2467 1560 2521 καὶ
1590 2468 1738 2534 ἂπαξ
1766 2471 1861 2523 καὶ

277 2546 365 2608 δὶς
396 2547 628 2617 ἥκουσεν
668 2550 821 2620 παρά
860 2551 954 2605 τοῦ
992 2552 1150 2619 Θεοῦ,
1179 2554 1263 2609 ὃτι
1296 2556 1374 2629 μὴ
1408 2558 1560 2625 ἀξίου
1595 2559 1735 2631 ὑπὲρ
1760 2561 1854 2614 αὐ-

277 2637 409 2703 τῶν,
441 2640 522 2692 ὅτι
585 2658 605 2691 ι
635 2640 749 2694 Οὐκ
793 2643 1195 2716 είσακούσομαί
1249 2665 1378 2701 σουο
1435 2651 1589 2703 αὐτοὶ
1634 2651 1691 2704 δὲ
1740 2653 1862 2705 άντ-

274 2747 314 2799 η
322 2731 584 2800 μείψαντο
608 2734 796 2799 αὐτὸν,
821 2752 840 2787 1
862 2737 1202 2806 χαλάσαντες
1223 2740 1386 2795 αὐτὸν
1407 2744 1463 2796 ὲν
1503 2742 1581 2814 τῷ
1611 2744 1859 2817 βορϐόρῳ

273 2822 376 2874 τοῦ
406 2823 635 2879 λάκκου.
675 2827 914 2883 Τοιαῦτα
945 2830 1055 2901 γὰρ
1082 2830 1172 2885 ἀεὶ
1213 2833 1327 2886 τῶν
1359 2834 1635 2890 Ἰουδαίων
1666 2837 1737 2891 τά
1764 2839 1859 2891 ἀν-

274 2912 705 2986 δραγαθήματα.
744 2919 856 2972 Kal
898 2919 1102 2991 Ἰωσὴφ
1142 2922 1225 2988 δὲ,
1259 2925 1319 2977 οὐ
1359 2926 1523 2996 μόνον
1574 2930 1676 2983 οὐκ
1712 2930 1889 3000 ἠμύ-’

275 3019 410 3058 varo
428 3008 550 3070 τοὺς
572 3008 838 3080 ἀδελφοὺς
853 3013 1040 3078 αὐτοῦ,
1064 3014 1201 3069 ἀλλὰ
1230 3016 1326 3071 καὶ
1354 3018 1619 3074 ἔκλαυσεν
1652 3023 1745 3076 ἐπὶ
1764 3022 1857 3075 τὸν

272 3094 549 3165 τράχηλον
570 3098 751 3152 αὐτῶν
776 3100 835 3167 ἐξ
859 3102 1085 3173 ἀγάπης
1101 3106 1325 3178 πολλῆςο
1353 3109 1450 3163 καὶ
1468 3109 1676 3181 ἔλεγεν,
1716 3131 1735 3166 ι
1762 3112 1854 3185 Μὴ

1979 647 2100 702 dire
2125 663 2156 702 a
2183 648 2296 702 Deo
2328 662 2766 716 promereamur,
2803 648 2953 717 quod
2992 655 3048 701 et
3085 647 3153 700 de
3188 648 3308 717 ipso
3342 650 3553 706 Davide

1976 740 2376 810 pronuntiavit,
2414 739 2534 793 viro
2580 738 2907 808 iniuriarum
2942 738 3265 795 immemore
3301 756 3548 810 prorsus,

1976 844 2033 889 et
2057 850 2186 904 erga
2218 833 2473 888 inimicos
2503 848 2766 903 perquam
2793 834 3055 904 benigno,
3081 834 3347 888 nimirum
3377 836 3547 891 illud:

1984 926 2284 981 «Invenire
2313 925 2493 979 virum
2526 926 2829 981 secundum
2878 941 2975 980 cor
3009 942 3215 991 meum,
3253 928 3348 996 qui
3382 927 3550 983 faciet

1974 1033 2168 1073 omnes
2225 1017 2541 1072 voluntates
2594 1019 2872 1072 meas".1
2927 1019 2996 1073 Et
3046 1035 3148 1073 nos
3190 1019 3359 1089 igitur
3411 1022 3547 1076 tanti

1974 1110 2164 1167 herois
2202 1110 2485 1180 provocati
2538 1111 2811 1179 exemplo,
2858 1111 3113 1165 nonnihil
3159 1112 3352 1166 auxilii
3401 1112 3547 1181 pra:-

1972 1214 2181 1260 stemus
2221 1219 2287 1258 ac
2334 1202 2703 1273 suﬂ‘ragemur
2740 1203 2916 1269 fratri,
2949 1219 2979 1259 a
3023 1220 3132 1273 quo
3168 1204 3546 1275 qualicunque

1971 1296 2172 1366 injuria
2214 1294 2415 1366 pulsati
2464 1310 2698 1349 sumus:
2730 1310 2800 1349 ne
2853 1296 2939 1349 vel
2985 1303 3233 1367 tempore
3276 1297 3546 1350 orationis

1968 1386 2269 1456 postulatio
2304 1386 2487 1441 omnis
2522 1393 2710 1440 nostra
2746 1385 3093 1455 repudietur,
3136 1402 3337 1457 resque
3381 1387 3544 1441 abeat

1968 1477 2025 1532 in
2063 1476 2343 1531 diversum
2393 1491 2558 1544 quam
2608 1476 2870 1544 petimus.
2903 1477 3070 1533 Jubet
3116 1478 3205 1534 lex
3252 1481 3541 1551 subjugale

1967 1569 2204 1624 animale
2233 1568 2446 1623 inimici
2486 1566 2804 1639 [ipsissimis
2842 1568 3031 1622 verbis
3067 1569 3259 1623 eadem
3313 1587 3545 1639 prorsus

1965 1659 2209 1731 Dionysii
2239 1659 2441 1728 Areop.
2481 1658 2719 1728 epistola
2743 1656 2823 1730 8.]
2857 1657 2924 1730 (si
2960 1658 3075 1713 fors
3096 1659 3207 1713 labi
3233 1660 3541 1731 contingat)

1967 1760 2028 1807 ut
2074 1750 2310 1821 proinde
2353 1750 2697 1805 subleves".
2747 1749 2851 1805 Job
2912 1750 3300 1804 testimonium
3348 1767 3379 1805 a
3428 1752 3543 1806 Deo

1966 1852 2251 1915 reportare
2292 1842 2625 1914 promeruit,
2672 1843 2821 1912 quod
2857 1857 3012 1897 suam
3054 1842 3236 1898 adhuc
3271 1844 3541 1900 retineret

1964 1951 2029 1991 ac
2062 1942 2314 1990 tueretur
2352 1934 2749 1989 innocentiam.
2773 1932 2977 2003 Joseph
3020 1933 3087 1988 de
3116 1933 3387 1988 fratribus
3410 1936 3540 1990 nul-

1963 2026 2071 2081 lam
2108 2025 2374 2095 expetivit
2404 2025 2695 2090 ultionem,
2725 2040 2866 2094 quos
2900 2025 3108 2095 alioqui
3139 2027 3268 2082 vitae
3308 2027 3542 2081 insidia-

1966 2130 2115 2173 tores
2149 2134 2261 2173 suae
2296 2118 2477 2173 fuerat
2506 2133 2723 2188 passus.
2753 2116 2890 2172 Abel
2931 2118 3154 2172 amabili
3184 2120 3540 2188 simplicitate

1961 2211 2228 2284 praeditus
2266 2227 2367 2265 nec
2404 2211 2573 2265 ullius
2622 2210 2881 2280 suspicax
2918 2210 2974 2264 in
3011 2225 3069 2265 se
3106 2210 3342 2282 injuriae,
3370 2212 3537 2267 simul

1961 2320 2085 2360 cum
2120 2301 2406 2358 fratricida
2435 2301 2711 2358 concessit
2732 2301 2787 2356 in
2814 2316 3026 2371 agrum.
3056 2300 3114 2355 In
3142 2316 3343 2372 genere
3369 2310 3538 2370 quot-

1960 2402 2096 2463 quot
2151 2401 2373 2449 sanctos
2416 2392 2619 2446 divinae.
2683 2391 3083 2446 concelebrant
3150 2390 3396 2456 Litterae,
3438 2407 3538 2448 eos

1960 2494 2218 2539 astruunt
2272 2500 2369 2554 per
2400 2484 2733 2539 innocentiae
2773 2483 2969 2538 callem
3015 2483 3182 2537 vitam
3228 2483 3536 2539 instituisse

1960 2592 2137 2631 suam.
2175 2575 2280 2630 Sed
2317 2583 2374 2629 et
2404 2590 2549 2630 unus
2589 2572 2792 2643 aliquis
2842 2575 2921 2628 ait
2956 2589 2970 2626 :
3030 2592 3047 2624 ι
3074 2573 3176 2639 Qui
3225 2573 3537 2629 reddiderit

1959 2668 2100 2722 mala
2152 2682 2252 2737 pro
2292 2667 2479 2732 bonis,
2527 2682 2637 2720 non
2690 2666 3064 2721 movebuntur
3108 2664 3248 2718 mala
3271 2665 3339 2719 de
3369 2665 3535 2719 domo

1957 2757 2159 2829 ejus".
2189 2778 2207 2809 1
2252 2758 2458 2813 lterum
2494 2776 2507 2813 :
2546 2757 2686 2825 «Qui
2722 2758 2857 2829 jacit
2884 2757 3124 2827 lapidem
3157 2758 3213 2811 in
3246 2757 3443 2821 altum,
3475 2757 3533 2811 in

1958 2863 2118 2903 suum
2147 2856 2313 2917 caput
2336 2848 2473 2917 jacit
2493 2849 2560 2903 ⁷⁸.
2587 2866 2605 2898 1
2627 2847 2696 2902 Et
2731 2864 2744 2900 :
2768 2865 2787 2898 ι
2814 2846 2916 2913 Qui
2937 2847 3078 2901 fodit
3109 2846 3323 2902 foveam
3350 2848 3536 2917 proxi-

1956 2952 2067 3002 mo,
2102 2937 2312 2992 incidet
2335 2939 2391 2992 in
2420 2940 2616 2993 eam".
2648 2957 2667 2990 1
2702 2938 2769 2992 Et
2800 2956 2812 2992 :
2847 2957 2864 2989 ι
2888 2938 2991 3004 Qui
3023 2938 3217 2993 statuit
3249 2940 3539 3009 laqueum,

1956 3030 2206 3100 capietur
2230 3030 2283 3083 in
2308 3045 2399 3095 eo,
2430 3038 2487 3084 et
2514 3030 2609 3099 qui
2635 3029 2769 3084 facit
2801 3031 2966 3095 mala,
2998 3031 3055 3085 in
3078 3046 3205 3085 eum
3236 3030 3538 3085 devolven-

1958 3130 2050 3176 tur
2070 3122 2139 3176 ".
2164 3141 2182 3173 1
2209 3121 2479 3177 Jeremias
2494 3137 2717 3191 quoque
2749 3122 2923 3176 Deum
2944 3123 3307 3192 interpellans
3335 3123 3533 3178 adver-

275 3186 561 3284 tpo6eiade,
610 3189 725 3284 ὲγῲ
776 3191 1053 3264 διαθρέψω
1102 3196 1307 3267 ὑμᾶς.»
1345 3200 1576 3272 Ἴδωμεν
1620 3203 1677 3256 τί
1708 3205 1854 3259 καὶὸ

1958 3228 2050 3269 sus
2087 3213 2257 3268 lsrael
2297 3213 2474 3268 dicit:
2513 3186 2644 3267 ὶεῖ
2662 3212 2977 3267 redduntur
3008 3186 3110 3283 pro
3157 3213 3320 3270 bonis
3365 3215 3532 3279 mala,

273 3279 442 3332 Δαυῖδ
487 3282 809 3352 ἐντυγχάνει
865 3285 944 3356 τῷ
1001 3287 1144 3358 Θεᾷν
1206 3289 1502 3363 ιΚύριελό
1533 3294 1670 3359 Θεός
1728 3314 1853 3367 μου,

271 3370 468 3439 φησιν,
505 3372 555 3425 εί
589 3374 826 3445 ἐποίησα
856 3376 1042 3442 τοῦτο,
1089 3381 1140 3432 εί
1195 3381 1343 3435 ἔστιν
1385 3384 1569 3438 ἀδικία
1610 3388 1669 3439 ὲν
1696 3388 1855 3457 χερσί

274 3478 405 3531 μου,
441 3465 491 3516 εί
522 3465 882 3520 ἀνταπέδωκα
936 3472 1051 3533 τοῖς
1099 3471 1519 3527 ἀνταποδιδοῦσί
1552 3493 1646 3546 μοι
1680 3481 1852 3544 κακά,

269 3557 610 3627 ἀποπέσοιμι
665 3556 777 3630 ἄρα
838 3560 948 3614 ἀπὸ
976 3562 1104 3637 ,τῶν
1170 3565 1380 3636 ὲχθρῶν
1430 3584 1533 3636 μου
1595 3570 1772 3633 κενός.
1826 3589 1846 3623 1

286 3645 349 3699 Ὀ
405 3646 464 3699 δὲ
525 3648 729 3720 Πέτρος
767 3652 1054 3723 παραινῶν
1113 3655 1291 3725 λέγει·
1331 3676 1349 3709 ι
1374 3660 1465 3730 Μὴ
1508 3659 1854 3725 ἀποδιδόντες

270 3740 444 3792 κακὸν
490 3741 611 3795 ἀντὶ
669 3744 876 3810 κακοῦ,
932 3746 966 3817 ἢ
1021 3747 1293 3821 λοιδορίαν
1359 3752 1484 3807 ἀντὶ
1539 3753 1849 3826 λοιδορίας·

269 3832 582 3886 τούναντίον
640 3835 698 3889 δὲ
735 3837 1105 3906 εὐλογοῦντες,
1152 3842 1235 3896 ὅτι
1278 3845 1362 3908 είς
1407 3845 1569 3899 τοῦτο
1610 3846 1846 3919 ἐκλήθη.

268 3940 357 3987 τε,
425 3924 512 3980 ἵνα
555 3927 805 3997 εὐλογίαν
878 3930 1390 4007 κληρονομήσητε.»
1452 3938 1563 3991 Καὶ
1622 3940 1653 3992 6
1706 3941 1852 3995 Παῦ-

268 4017 401 4083 λος,
460 4037 479 4071 ι
509 4020 726 4090 Ὁρᾶτε,
785 4024 973 4093 φησιν,
1022 4026 1096 4096 μή
1137 4043 1223 4090 τις
1270 4029 1443 4082 κακὸν
1495 4030 1619 4085 ἀντὶ
1675 4034 1848 4087 κακοῦ

268 4126 382 4163 τινι
406 4110 614 4182 ἀποδῷ,
645 4112 785 4166 ἀλλὰ
828 4114 1063 4169 πάντοτε
1105 4116 1167 4170 τὸ
1208 4118 1418 4187 ἀγαθὸν
1466 4120 1714 4189 διώκετε,
1750 4126 1849 4179 καὶ

268 4200 354 4263 είς
407 4201 694 4272 ἀλλήλους,
749 4206 844 4260 καὶ
889 4208 971 4271 είς
1028 4208 1261 4272 πάντας.
1292 4228 1311 4263 1
1347 4212 1456 4265 Kal
1489 4208 1683 4279 αὖθις’
1714 4234 1733 4267 ι
1754 4216 1847 4288 Μὴ

268 4291 413 4345 νικῶ
441 4293 546 4348 ὑπὸ
594 4295 689 4349 τοῦ
733 4297 931 4365 κακοῦ,
972 4299 1114 4354 ἀλλά
1156 4302 1285 4355 νίκα
1324 4304 1384 4356 ὲν
1414 4303 1493 4376 τῷ
1538 4306 1733 4377 ἀγαθῷ
1786 4307 1848 4362 τὸ

271 4384 467 4438 κακόν.
498 4405 520 4439 1
570 4387 629 4440 Ὀ
675 4387 733 4441 δὲ
768 4389 994 4461 Κύριος,
1044 4410 1065 4444 ι
1104 4392 1384 4461 ’Δγαπᾶτε
1441 4397 1572 4458 τοὺς
1616 4398 1846 4469 ἐχθροὺς

270 4478 458 4548 ὑμῶν’
508 4479 691 4544 καλῶς
731 4485 940 4537 ποιεῖτε
983 4486 1101 4549 τοῖς
1159 4484 1413 4555 μισοῦσιν
1461 4488 1627 4559 ὑμᾶς.
1674 4490 1845 4544 Εὐλο-

268 4571 417 4638 γεῖτε
448 4572 576 4635 τοὺς
605 4574 1031 4645 καταρωμένους
1065 4577 1231 4648 ὑμᾶς.
1278 4579 1388 4632 Kal
1413 4579 1560 4645 ὅστις
1594 4598 1653 4634 σε
1682 4583 1847 4653 ῥαπί-
1876 4559 1921 4615 D

269 4680 355 4718 σει
400 4666 482 4727 είς
505 4665 605 4737 τὴν
645 4665 827 4732 δεξιὰν
864 4667 1117 4737 σιαγόνα,
1155 4671 1386 4743 στρέψον
1428 4673 1578 4745 αὐτῷ
1614 4676 1710 4729 καὶ
1742 4676 1843 4748 τὴν

266 4757 458 4828 ἀλλην.
488 4759 602 4811 Kal
622 4757 699 4829 τῷ
731 4758 938 4814 θέλοντί
968 4778 1054 4814 σοι
1082 4761 1365 4834 κριθῆναι,
1407 4765 1501 4820 καὶ
1525 4766 1617 4820 τὸν
1639 4767 1847 4837 χιτῶνά

268 4865 367 4902 σου
412 4848 617 4916 λαϐεῖν,
669 4851 809 4919 ἄφες
852 4851 1005 4923 αὐτῷ
1045 4854 1141 4907 καὶ
1168 4854 1230 4908 τὸ
1266 4855 1479 4927 ἱμάτιόν
1508 4874 1625 4912 σου.
1652 4877 1672 4911 1
1708 4858 1841 4925 Kal,

273 4962 293 4994 ι
324 4942 392 4997 El
409 4960 494 5007 τις
528 4961 588 4997 σε
618 4945 945 5019 ἀγγαρεύσῃ
990 4947 1171 5015 μίλιον
1193 4948 1274 5013 ἓν,
1301 4948 1483 5018 ὕπαγε
1522 4953 1644 5022 μετ’
1675 4952 1843 5006 αὐτοῦ

264 5034 384 5087 δύο.
409 5054 427 5086 1
461 5036 594 5102 Kal,
632 5036 893 5091 «Γίνεσθε
929 5039 1281 5111 οἰκτίρμονες
1311 5041 1409 5096 καὶ
1445 5043 1666 5110 τέλειοι,
1714 5044 1791 5108 ὼς
1816 5046 1845 5098 6

266 5126 462 5197 Πατὴρ
505 5128 661 5197 ὑμῶν
716 5130 745 5183 ό
786 5129 1108 5200 οὐράνιος.»
1161 5133 1322 5205 Αὐτῷ
1361 5136 1395 5206 ἡ
1422 5134 1553 5202 δόξα
1590 5136 1671 5201 είς
1718 5137 1845 5201 τοὺς

264 5216 493 5281 αἰῶνας.
530 5218 587 5272 ’Δ
597 5219 724 5291 μήν.

1952 3304 2272 3369 recordare,
2322 3313 2530 3375 quanta
2580 3303 2803 3358 locutus
2850 3304 2956 3358 sim
3001 3320 3102 3374 pro
3140 3306 3223 3359 eis
3254 3305 3528 3361 bona".1

1951 3396 2106 3451 Adeo
2133 3397 2319 3467 justus
2350 3397 2463 3459 hic,
2501 3395 2731 3465 perdius
2763 3404 2819 3450 et
2847 3411 3057 3465 pernox
3084 3396 3207 3451 istis
3238 3397 3319 3453 sic
3345 3397 3534 3466 ingra-

1955 3488 2024 3543 tis
2061 3489 2401 3543 exorabilem
2437 3489 2531 3544 Dei
2597 3488 2951 3545 clementiam
3018 3490 3284 3545 studebat
3345 3491 3533 3547 conci-

1950 3579 2110 3643 liare,
2142 3587 2200 3633 et
2230 3576 2457 3633 ﬂectere
2494 3577 2634 3632 iram
2663 3596 2679 3632 :
2716 3578 2931 3648 1110
2965 3578 3112 3633 unde
3171 3586 3229 3633 et
3277 3578 3443 3633 semel
3475 3587 3532 3634 et

1951 3668 2199 3725 secundo
2248 3668 2436 3724 divina
2482 3684 2619 3725 voce
2661 3669 2878 3739 accepit
2919 3683 3249 3739 reSponsum
3297 3685 3311 3722 :
3364 3669 3529 3723 «Noli

1951 3777 2112 3817 orare
2158 3777 2259 3833 pro
2285 3761 2410 3828 eis,
2446 3777 2555 3816 non
2608 3762 2757 3817 enim
2790 3760 3082 3817 exaudiam
3100 3769 3156 3816 te
3177 3762 3276 3814 ".1
3316 3760 3528 3830 Ecquid

1952 3853 2178 3909 tandem
2213 3854 2437 3923 excepit
2469 3853 2650 3925 digna:
2682 3853 3113 3909 retributionis?
3150 3853 3383 3923 Utrique
3417 3864 3528 3909 tam

1950 3946 2093 4002 bene
2134 3946 2203 4001 de
2245 3962 2307 4001 se
2346 3955 2654 4001 merentem
2697 3945 3045 4002 demiserunt
3082 3946 3140 4000 in
3169 3947 3348 4001 lacum
3386 3946 3530 4000 fetu-

1948 4039 2161 4093 lentum
2196 4053 2262 4093 ac
2307 4053 2468 4094 caeno
2509 4037 2814 4092 madidum.
2843 4037 2971 4093 Haec
3012 4047 3284 4108 perpetuo
3310 4038 3531 4094 Iudaeos

1947 4130 2207 4185 comitata
2255 4137 2342 4183 est
2381 4129 2525 4186 male
2574 4136 2731 4199 grata
2771 4130 3100 4195 strenuitas,
3142 4131 3223 4186 sic
3256 4146 3315 4185 se
3352 4130 3530 4186 fortes

1947 4221 2347 4291 praestiterunt.
2381 4220 2583 4289 Joseph
2636 4228 2905 4290 praeterea
2945 4221 3085 4275 adeo
3154 4222 3295 4276 nihil
3356 4222 3530 4276 inter-

1947 4310 2190 4365 minatus
2240 4319 2327 4365 est
2382 4310 2600 4365 ultricis
2621 4310 2881 4365 vindictae
2914 4310 3205 4375 fratribus,
3242 4318 3301 4365 ut
3327 4327 3530 4366 unum-

1947 4418 2227 4475 quemque
2264 4404 2589 4473 complexus
2621 4403 2879 4469 seorsim,
2918 4404 3063 4459 colla
3093 4404 3311 4458 illorum
3338 4405 3527 4474 opple-

1947 4495 2094 4550 verit
2124 4494 2384 4567 lacrymis
2399 4496 2445 4528 "’
2481 4511 2494 4549 :
2532 4503 2682 4549 tanta
2715 4509 2845 4565 erga
2876 4494 3003 4549 illos
3028 4495 3378 4565 'liquescebat
3398 4496 3532 4550 cha-

1949 4584 2135 4641 ritate.
2163 4586 2271 4642 Sed
2290 4594 2347 4641 et
2370 4585 2591 4642 dicebat
2619 4602 2632 4639 :
2669 4604 2686 4637 ι
2719 4586 2903 4641 Nolite
2932 4586 3148 4652 timere,
3179 4602 3282 4657 ego
3305 4601 3524 4656 pascam

1949 4679 2137 4734 vos".
2165 4698 2181 4730 1
2223 4679 2367 4745 Quid
2409 4679 2647 4749 proinde
2694 4678 2995 4748 postularit
3027 4678 3199 4733 David
3224 4680 3406 4740 aDeo.
3434 4694 3532 4734 ex~

1950 4770 2305 4841 pendendum
2357 4786 2508 4826 nunc
2538 4788 2553 4824 :
2593 4789 2610 4821 ι
2631 4770 2883 4836 Domine,
2919 4770 3067 4825 Deus
3126 4777 3306 4836 meus,
3340 4771 3385 4825 si
3418 4770 3524 4826 feci

1949 4863 2121 4929 istud,
2143 4863 2240 4929 ait,
2267 4863 2315 4919 si
2344 4873 2431 4919 est
2461 4863 2728 4933 iniquitas
2761 4864 2817 4918 in
2847 4864 3108 4919 manibus
3132 4865 3292 4929 meis,
3325 4865 3369 4918 si
3393 4864 3523 4919 red-

1948 4954 2065 5009 didi
2102 4954 2545 5010 retribuentibus
2572 4955 2708 5009 mihi
2744 4955 2909 5020 mala,
2942 4955 3195 5011 decidam
3239 4955 3430 5025 utique
3454 4954 3525 5010 ab

1950 5046 2191 5101 inimicis
2228 5045 2368 5101 meis
2416 5046 2678 5101 inanis".
2706 5065 2724 5097 1
2766 5047 2963 5102 Petrus
3013 5049 3145 5103 item
3196 5048 3522 5115 admonens,

1946 5138 2025 5193 ait
2055 5156 2071 5193 ε
2105 5157 2124 5188 ι
2145 5138 2267 5194 Νοιι
2301 5138 2599 5194 reddentes
2642 5140 2846 5193 malum
2883 5156 2983 5210 pro
3025 5141 3190 5208 malo,
3221 5150 3319 5196 aut
3349 5142 3522 5196 male-

1947 5230 2157 5287 dictum
2186 5246 2289 5301 pro
2322 5231 2640 5293 maledicto.
2673 5231 2771 5287 sed
2800 5248 2831 5288 e
2865 5233 3145 5289 contrario
3183 5234 3523 5289 benedicen-

268 5315 387 5374 tes;
433 5310 561 5379 quia
606 5310 665 5365 in
697 5310 827 5366 'hoc
881 5312 1065 5367 vocati
1113 5314 1267 5380 estis,
1298 5323 1361 5370 ut
1404 5315 1843 5373 benedictionem
1881 5317 2199 5375 hmditate
2264 5320 2723 5391 possideatis”.1
2784 5322 2987 5378 Paulus
3010 5322 3357 5378 etiamnum:
3390 5324 3523 5379 «Vi-

263 5399 395 5457 dete
425 5417 496 5457 ne
534 5404 663 5472 quis
704 5403 907 5458 malum
938 5420 1041 5475 pro
1104 5407 1247 5462 malo
1279 5408 1492 5475 reddat,
1531 5410 1629 5466 sed
1691 5426 1909 5481 semper
1944 5413 2094 5483 quod
2122 5414 2328 5469 bonum
2360 5423 2468 5481 est,
2500 5417 2786 5471 sectemini
2807 5424 2863 5471 et
2892 5417 2947 5471 in
2968 5416 3203 5472 invicem
3233 5426 3290 5472 et
3319 5417 3375 5471 in
3403 5432 3522 5471 om-

262 5493 455 5551 nes".
483 5514 503 5549 1
546 5496 788 5553 Rursum
820 5514 835 5550 :
867 5515 888 5551 ι
916 5499 1040 5555 Noli
1085 5501 1233 5557 vinci
1278 5516 1311 5558 a
1356 5505 1524 5570 malo,
1586 5505 1684 5562 sed
1718 5506 1877 5563 vince
1912 5507 1970 5563 in
2002 5508 2148 5564 bono
2183 5508 2389 5563 malum
2410 5509 2476 5562 ”.
2504 5526 2523 5563 1
2556 5508 2699 5577 Quid
2763 5510 3067 5566 Dominus?
3101 5528 3121 5562 ι
3150 5510 3375 5581 Diligite
3408 5506 3519 5564 ini-

341 5698 388 5731 ”
419 5698 439 5753 Ι
466 5701 603 5773 Reg.
630 5718 756 5773 xm,
787 5703 874 5758 Η.
952 5704 998 5735 ⁷⁰
1019 5703 1193 5760 Exod.
1222 5722 1370 5771 χχιιι,
1394 5709 1447 5766 4.
1479 5709 1531 5763 5.
1620 5710 1664 5741 '”
1694 5709 1855 5766 Prov.
1890 5728 2019 5773 xvu,
2062 5710 2148 5765 l5.

265 5783 436 5831 xxvu,
459 5770 667 5835 $9,750.

243 5854 366 5911 ‘vn,
397 5840 450 5907 4,
485 5841 536 5898 5.
625 5843 669 5875 ⁸ο
698 5841 886 5899 chtr.
918 5859 996 5914 ιιι,
1036 5844 1087 5900 9.
1167 5846 1208 5883 ‘J
1244 5846 1263 5901 l
1297 5847 1487 5905 Thess.
1522 5868 1574 5922 ιτ,
1610 5851 1693 5906 15.

770 5775 815 5805 ⁷⁵
842 5773 1045 5828 Jcrem.
1077 5791 1225 5837 xvm.
1261 5776 1348 5830 20.
1423 5779 1468 5809 ⁷⁸
1496 5780 1700 5835 .lcrem.
1725 5798 1797 5845 xl,
1830 5785 1850 5836 l

770 5846 886 5899 'ctr.
918 5859 996 5910 ιιι,
1036 5844 1087 5900 9.
1167 5846 1208 5883 ‘J
1244 5846 1263 5901 l
1297 5847 1487 5905 Thess.
1522 5868 1574 5910 γ,
1610 5851 1693 5906 15.
1799 5855 1843 5885 ⁸³

1990 5783 2035 5815 ⁷⁷
2064 5782 2391 5910 Οεηὲιιιιιι,
2426 5783 2515 5842 50.
2611 5773 2657 5817 ⁷⁸
2682 5774 2819 5843 Cen.
2850 5799 2973 5851 ην,
3010 5782 3072 5852 5,
3111 5782 3196 5837 ll.

1958 5870 2031 5910 n1.
2060 5870 2154 5910 xu.
2267 5895 2280 5909 .

2019 5893 2031 5908 .
2061 5893 2154 5923 ω,
2192 5893 2280 5910 ....

2856 5713 2901 5744 ⁷³
2935 5710 3070 5768 ibid.
3101 5712 3191 5766 27.
3268 5712 3315 5743 ⁷⁸
3343 5711 3511 5767 Eccli.

3286 5783 3331 5817 ’⁷³
3368 5782 3512 5838 l‘sal.

2309 5715 2465 5771 Prov.
2500 5728 2649 5776 xxvn,
2690 5714 2743 5776 8.
