4028 6524
574 419 716 488 1595

1842 422 2212 483 ANTIOCHI
2252 423 2605 484 MONACHI

3678 434 3787 500 1596

573 536 749 589 micos
804 542 1038 594 vestros,
1094 529 1399 585 benefarite
1486 529 1574 584 his
1655 527 1748 597 qui
1809 528 2049 583 oderunt
2100 545 2219 593 vos,
2261 528 2578 585 b'enedicite
2623 529 3088 587 maledicentibus
3146 534 3658 613 vobiszquicunque
3691 562 3792 615 per-

575 628 881 685 eusseritte
914 626 968 680 in
988 624 1272 679 dexteram
1299 624 1596 685 maxillam,
1629 622 1815 693 praebe
1839 622 1892 679 ei
1924 632 1981 678 et
2009 624 2277 690 alteram;
2306 632 2364 678 et
2410 624 2461 678 ei
2508 624 2603 694 qui
2676 624 2793 679 vult
2845 634 3027 681 tecum
3096 631 3429 686 contendere
3495 634 3547 687 in
3602 636 3791 705 judicio.

571 728 625 775 et
687 722 929 776 tunicam
983 729 1132 774 tuam
1188 719 1405 783 tollere,
1457 718 1673 773 dimitte
1715 719 1767 773 ei
1816 727 1879 773 et
1932 717 2160 788 pallium
2200 726 2357 772 tuum
2378 719 2445 773 ⁸³.
2481 738 2499 770 ›
2540 718 2610 773 Et
2674 736 2687 771 :

2760 738 2777 770 ι
2806 718 2864 773 Si
2912 720 3037 791 quis
3078 724 3443 793 angariaverit
3496 736 3546 783 te
3602 730 3797 787 milliare

574 830 769 877 unum,
806 813 946 868 vade
995 828 1119 867 cum
1154 828 1222 868 eo
1250 820 1306 868 et
1342 812 1447 867 alia
1486 812 1595 867 duo
1634 813 1701 866 ⁸⁵.
1742 832 1759 864 ι
1798 813 1865 867 Ει
1899 832 1911 866 :
1950 832 1967 863 ι
1998 813 2186 868 Estote
2227 813 2625 869 misericordes
2661 822 2719 868 et
2763 813 3023 884 perfecti,
3060 816 3207 872 sicut
3252 818 3412 875 Pater
3455 831 3627 879 vester
3666 826 3797 881 cale-

577 905 676 961 stis
694 906 761 960 ⁸⁸.
787 925 806 959 ι
846 905 954 976 Ipsi
987 904 1159 975 gloria
1190 905 1246 959 in
1280 903 1503 959 saecula.
1539 902 1737 970 Amen.

1146 1015 1431 1072 HOMILIA
1466 1016 1601 1071 LIII.

890 1124 895 1129 ’
937 1132 1015 1186 De
1040 1134 1296 1186 memoria
1326 1142 1552 1203 acceptae
1579 1132 1814 1203 injuriw.

652 1230 921 1302 Absoluta
978 1258 1263 1317 utcunque
1322 1262 1595 1311 sermone,
1644 1246 1713 1301 de
1760 1260 1827 1300 eo
1869 1244 2017 1316 quod
2061 1259 2165 1315 pro

583 1322 729 1393 malo
773 1339 1090 1409 neutiquam
1141 1339 1555 1410 rependendum
1584 1339 1655 1393 sit
1680 1338 1905 1402 malum,
1936 1337 2005 1392 ad
2036 1353 2166 1393 eum

584 1430 1061 1495 transcendamus,
1105 1431 1198 1501 qui
1253 1439 1338 1486 est
1387 1431 1455 1486 de
1502 1432 1771 1485 memoria
1807 1430 2167 1500 acceptatiu-

578 1519 760 1589 juriae.
787 1520 905 1574 Non
936 1522 1120 1583 modo,
1153 1522 1372 1587 fratres,
1408 1537 1517 1577 non
1544 1522 1811 1577 debemus
1848 1524 2167 1580 meminisse

585 1608 756 1664 ullius
800 1610 927 1664 mali
978 1626 1008 1664 a
1059 1611 1474 1666 contribulibus
1518 1620 1613 1666 aut
1647 1610 1908 1667 afﬁnitate
1936 1613 2167 1684 prepin-

585 1700 714 1769 quis
742 1702 990 1771 accepti;
1025 1702 1122 1757 sed
1150 1719 1219 1757 ex
1253 1703 1474 1757 diverso
1505 1705 1688 1758 cuncti
1724 1704 1959 1759 veniunt
2007 1704 2170 1760 Chri-

584 1792 763 1846 stiana
790 1794 1204 1864 longanimitate
1247 1796 1542 1860 tolerandi,
1572 1812 1639 1850 ac
1663 1796 1793 1850 mali
1823 1804 2009 1851 nostra
2041 1804 2170 1852 sunt

586 1884 916 1955 sublevandi
959 1886 1300 1956 benignitate
1327 1906 1339 1941 :
1367 1903 1468 1942 nec
1492 1898 1794 1959 utcunque,
1820 1905 2014 1944 verum
2040 1907 2171 1962 erga

586 1978 737 2051 tales.
770 1988 974 2033 nostra:
1010 1980 1468 2049 conduplicemus
1507 1991 1833 2052 argumenta
1868 1983 2171 2038 liberalita-

587 2069 679 2133 tis,
711 2079 770 2123 ut
795 2071 880 2125 vel
910 2073 1128 2140 piorum
1160 2088 1390 2141 operum
1415 2072 1655 2128 efficacia
1681 2090 1782 2129 nos
1802 2076 1952 2144 ipsos
1983 2075 2168 2130 decla-

587 2174 773 2214 remus
803 2160 1070 2233 ingenuos
1106 2161 1314 2217 Christi
1347 2179 1468 2218 esse
1512 2164 1818 2234 discipulos
1845 2182 1857 2218 :
1885 2165 2000 2235 ipse
2021 2167 2169 2221 enim

584 2250 844 2308 Christus
890 2254 943 2308 in
993 2257 1168 2310 malos
1216 2265 1385 2326 atque
1450 2257 1677 2313 inutiles
1726 2264 1880 2314 suam
1930 2260 2170 2315 effundit

2197 999 2247 1055 Α

2870 1015 3090 1069 ΛΟΓΟΣ
3129 1014 3256 1069 NI".

2615 1128 2759 1198 Περὶ
2798 1128 2907 1184 τοῦ
2932 1129 3018 1200 μὴ
3042 1132 3469 1201 μνησικακεῖν.

2339 1242 2445 1296 Τὸν
2480 1243 2612 1316 περὶ
2643 1242 2739 1297 τοῦ
2780 1243 2858 1316 μὴ
2886 1244 3287 1300 ἀνταποδοῦναι
3311 1248 3480 1303 κακὸν
3527 1251 3640 1305 ἀντὶ
3666 1257 3800 1312 κακοῦ

2268 1332 2428 1402 λόγον
2455 1333 2804 1400 τελέσαντες,
2849 1335 3200 1408 μετέλθωμεν
3231 1338 3326 1392 καὶ
3362 1341 3443 1403 είς
3470 1340 3556 1394 τὸν
3582 1343 3674 1413 τῆς
3698 1364 3802 1417 μνη-

2272 1425 2558 1491 σικακίας.
2612 1426 2687 1480 Οὐ
2728 1426 2896 1497 μόνον
2941 1427 3073 1499 γὰρ,
3128 1428 3371 1499 ἀδελφοὶ,
3423 1431 3521 1487 ούκ
3564 1434 3804 1507 ὀφείλομεν

2272 1519 2642 1589 μνησικακεῖν
2689 1521 2806 1582 τοῖς
2859 1520 3184 1590 όμογενέσιν
3210 1523 3306 1575 καὶ
3342 1525 3677 1597 όμοσάρκοις,
3700 1532 3806 1586 ἀλλὰ

2269 1609 2612 1675 τούναντίον,
2666 1611 3084 1693 ξριστιανικῶς
3124 1613 3438 1685 φερόμενοι,
3472 1618 3562 1671 καὶ
3598 1621 3708 1682 τοὺς
3731 1640 3807 1677 κα-

2270 1701 2402 1764 κοὺς
2456 1700 2872 1770 ἀγαθύνοντες,
2917 1704 3015 1758 καὶ
3068 1705 3449 1773 ὲιραπλοῦντες
3512 1710 3595 1763 ἐπ’
3647 1713 3808 1779 αὐτοὺς

2271 1791 2474 1864 πολλὴν
2503 1793 2844 1866 ἀγαθότητα,
2876 1794 2974 1851 καὶ
2998 1796 3405 1862 ἐπιδεικνύντες
3429 1800 3518 1853 διὰ
3545 1801 3646 1855 τῶν
3666 1805 3807 1874 ἔργων

2273 1883 2504 1947 ἑαυτοὺς
2538 1884 2837 1956 ἀληθινοὺς
2868 1886 3122 1958 μαθητὰς
3159 1888 3256 1943 τοῦ
3286 1891 3548 1962 Χριστοῦ,
3578 1894 3653 1947 ὅτι
3680 1897 3809 1962 αὐτὸς

2274 1975 2517 2044 χρηστός
2554 1974 2705 2028 ἐστιν
2746 1975 2842 2028 ἐπὶ
2872 1976 2999 2040 τοὺς
3042 1979 3319 2049 πονηροὺς
3367 1981 3464 2033 καὶ
3509 1982 3807 2053 ἀχαρίστους.

2274 2064 2466 2127 Οὕτως
2493 2064 2585 2119 οῦν
2629 2066 2726 2119 καὶ
2754 2067 2917 2138 ἡμεῖς
2953 2067 3266 2139 ὀφείλομεν,
3298 2070 3359 2123 ὲν
3399 2070 3589 2140 ἅπασι,
3620 2076 3742 2129 κατὰ
3765 2078 3809 2129 τὸ

2274 2156 2510 2211 δυνατὸν
2563 2159 2720 2227 ἡμῖν,
2778 2159 3128 2230 μιμήσασθαι
3170 2158 3264 2214 τδν
3312 2160 3520 2232 Κύριον
3560 2165 3722 2232 ἡμῶν.
3763 2167 3809 2219 El

2274 2246 2460 2301 τοίνυν
2496 2246 2879 2319 ἐπιθυμοῦμεν
2898 2246 2994 2302 τοῦ
3020 2249 3378 2320 μακαρισμοῦ
3406 2251 3589 2319 αὐτοῦ,
3611 2253 3666 2307 ού
3688 2254 3810 2325 μόνον

588 2341 1007 2412 benignitatem.
1066 2346 1147 2400 Ad
1204 2362 1332 2401 eum
1386 2349 1615 2403 modum
1663 2349 1751 2419 pia
1813 2352 2169 2407 contentione

2278 2340 2373 2410 τὴν
2404 2341 2529 2394 κατ’
2554 2339 2842 2411 ἐνέργειαν
2885 2338 3059 2411 ὀργὴν
3104 2339 3348 2396 κωλῦσαι
3381 2342 3678 2414 ὀφείλομεν,
3707 2347 3812 2400 ἀλλὰ

585 2434 791 2488 imitari
828 2436 1122 2490 Dominum
1174 2438 1465 2503 debemus,
1498 2449 1777 2510 quatenus
1809 2443 2001 2498 sinunt
2040 2444 2177 2499 viri-

585 2530 726 2585 culas
753 2540 975 2586 nostrze.
1016 2532 1159 2587 Sane
1187 2534 1231 2589 si
1260 2551 1368 2604 qua
1408 2535 1643 2591 incessit
1687 2538 1890 2607 cupido
1924 2539 2181 2593 obtinen-

586 2622 669 2676 da:
699 2623 998 2693 aliquando
1023 2625 1409 2690 beatitudinis,
1437 2628 1559 2697 ejus
1599 2643 1825 2683 necesse
1847 2629 1919 2684 sit
1951 2629 2088 2684 iram
2120 2639 2181 2684 ut

585 2730 1033 2776 arceamus.non
1072 2717 1140 2771 ab
1161 2733 1332 2788 opere
1382 2720 1581 2786 solum,
1619 2721 1714 2776 sed
1747 2736 1852 2776 nec
1880 2722 1935 2775 in
1974 2722 2175 2777 mentis

587 2805 929 2861 domicilium
962 2808 1207 2865 sinamus
1234 2811 1490 2866 alicunde
1518 2813 1784 2883 irrepere.
1814 2814 2003 2884 Neque
2031 2816 2180 2870 enim

587 2898 726 2952 tanti
753 2907 838 2953 est
863 2900 919 2954 in
944 2901 1062 2971 ipso
1103 2903 1551 2960 incandescentis
1584 2906 1676 2960 ira:
1702 2906 1937 2961 articulo
1961 2906 2182 2963 frenare

586 3005 669 3054 os,
697 3005 799 3046 nec
834 2992 1005 3047 ullum
1043 2993 1374 3063 depromere
1399 2997 1632 3052 verbum
1663 3000 1921 3068 concepti
1972 2999 2179 3055 furoris

587 3083 754 3138 index
785 3102 797 3137 :
831 3086 1040 3155 1111
1071 3088 1265 3156 quanti
1307 3097 1391 3143 est
1423 3105 1730 3160 expurgare
1761 3106 1857 3145 cor
1900 3092 1969 3145 ab
2009 3092 2158 3146 omni

586 3186 827 3244 acceptae
863 3177 1081 3246 injuriae
1133 3179 1408 3234 inammna
1456 3189 1512 3235 et
1540 3181 1758 3236 insuavi
1799 3182 2090 3247 memoria,
2122 3190 2183 3238 ut

586 3280 658 3319 ne
690 3276 871 3321 tecum
913 3268 1183 3346 adversus
1208 3270 1436 3325 fratrem
1479 3272 1764 3342 quidpiam
1805 3273 2059 3344 malignae
2088 3289 2183 3329 co-

587 3358 877 3430 gitationis
926 3362 1094 3416 tacita
1139 3373 1324 3418 mente
1368 3364 1654 3419 obverses.
1687 3364 1976 3435 Siquidem
2009 3382 2180 3423 evan-

587 3449 760 3520 gelica
790 3450 1045 3507 doctrina
1077 3468 1201 3508 cum
1247 3454 1441 3524 primis
1496 3454 1656 3525 jubet
1697 3454 1765 3509 ab
1816 3455 2003 3512 radice
2061 3472 2184 3528 pec-

589 3554 712 3600 cata
760 3546 1032 3601 exscindi.
1065 3548 1166 3602 Irae
1215 3548 1365 3612 enim
1400 3548 1645 3603 radicem
1685 3564 1915 3619 prorsus
1945 3566 1975 3605 a
2009 3550 2180 3606 corde

588 3638 635 3692 si
680 3637 980 3703 excideris,
1028 3641 1138 3710 jam
1183 3656 1293 3695 non
1328 3640 1519 3695 odium
1561 3642 1690 3705 erit,
1725 3657 1837 3697 non
1870 3643 2079 3699 invidia
2107 3645 2178 3700 ad

2280 2434 2377 2486 καὶ
2405 2434 2506 2503 τὴν
2538 2432 2681 2487 κατά
2724 2432 2988 2488 διάνοιαν.
3023 2430 3162 2487 Οὔτε
3194 2435 3301 2506 γὰρ
3347 2434 3599 2489 τοσοῦτόν
3623 2437 3749 2490 ἐστιν
3769 2440 3810 2492 τε)

2282 2528 2508 2598 κρατεῖν
2554 2526 2651 2580 τοῦ
2704 2530 2975 2598 στόματος
3020 2527 3079 2581 ἐν
3104 2526 3283 2598 καιρῷ
3314 2525 3518 2597 θυμοῦ,
3546 2528 3633 2581 καὶ
3661 2530 3725 2600 μὴ
3744 2532 3810 2582 ὲκ-

2282 2622 2477 2691 φέρειν
2520 2621 2743 2692 ῥήματα
2791 2618 3069 2690 μανιώδη·
3110 2619 3236 2672 ὅσον
3278 2618 3339 2673 τὸ
3390 2618 3695 2692 καθαρίζειν
3737 2620 3810 2689 τὴν

2282 2712 2509 2783 καρδίαν
2541 2713 2654 2767 ἀπὸ
2680 2710 3074 2784 μνησικακίας,
3097 2712 3193 2766 καὶ
3217 2710 3295 2782 μὴ
3323 2711 3678 2783 ἀναστρέφειν
3701 2713 3746 2765 ὲν
3762 2716 3811 2782 τῇ

2281 2805 2497 2877 διανοίᾳ
2533 2805 2677 2859 κατὰ
2705 2805 2801 2859 τοῦ
2831 2803 3065 2875 ἀδελφοῦ
3103 2805 3381 2875 πονηροὺς
3411 2804 3708 2876 λογισμούς.
3730 2806 3813 2868 Τὰς

2285 2900 2441 2971 ῥίζας
2481 2898 2593 2969 γὰρ
2634 2898 2744 2952 τῶν
2791 2897 3221 2970 ἁμαρτημάτων
3250 2898 3614 2953 ὲκκόπτεσθαι
3640 2915 3813 2969 παραγ-

2281 2991 2464 3061 γέλλει
2500 2992 2532 3062 ὴ
2568 2990 2901 3062 εύαγγελικὴ
2940 2989 3281 3045 διδασκαλία.
3321 2991 3442 3060 Τῆς
3469 2990 3617 3061 ῥίζης
3638 2990 3730 3061 γὰρ
3750 2992 3815 3044 ἐκ·

2282 3081 2552 3150 κοπείσης
2586 3079 2681 3133 τοῦ
2710 3078 2886 3151 θυμοῦ
2935 3079 3044 3135 ἀπὺ
3094 3080 3195 3150 τῆς
3230 3079 3484 3151 καρδίας,
3531 3079 3644 3134 οὔτε
3676 3083 3813 3151 μῖσος,

2282 3173 2405 3228 οῦτε
2451 3172 2649 3243 φθόνος
2694 3173 2775 3237 είς
2825 3172 2989 3243 ἔργον
3037 3172 3473 3244 προαχθήσεται.
3507 3173 3702 3244 Ὥσπερ
3746 3168 3815 3226 οῦν

2285 3264 2528 3329 σκοτίζει
2567 3262 2720 3335 ἥλιον
2767 3262 3091 3334 ύποδραμδν
3130 3263 3315 3331 νέφος,
3359 3262 3537 3327 οὔτως
3574 3262 3686 3317 νοῦν
3706 3262 3815 3328 λογι-

2285 3358 2422 3428 σμὸς
2472 3347 2864 3428 μνησικακίας.
2906 3355 2997 3409 Ἐν
3032 3355 3371 3427 μνησικάκῳ
3401 3355 3511 3427 γὰρ
3540 3356 3674 3426 ψυχῇ
3711 3354 3816 3409 ἀλώ-

2284 3467 2453 3513 πεκες
2481 3447 3035 3519 κατασκηνώσουσιν,
3081 3447 3178 3501 καὶ
3207 3448 3268 3501 ὲν
3302 3449 3683 3519 τεταραγμένῃ
3710 3465 3814 3517 καρ-

2282 3543 2371 3613 δίᾳ
2420 3541 2587 3613 θηρία
2646 3539 3047 3610 φωλεύσουσιν.
3083 3540 3195 3594 Kal
3243 3539 3440 3609 ὥσπερ
3479 3540 3613 3611 ἀνὴρ
3663 3540 3815 3611 σεμνὸς

2283 3634 2629 3703 καταγώγιον
2659 3632 2883 3704 αἰσχρὸν
2906 3631 3123 3701 φεύγει,
3158 3631 3334 3696 οὕτως
3368 3633 3466 3687 καὶ
3489 3634 3517 3687 6
3548 3632 3686 3697 Θεὸς,
3713 3648 3814 3701 μνη-

588 3746 731 3800 0pus
769 3748 944 3802 usque
977 3734 1385 3803 progredietur.
1423 3734 1611 3805 Itaque
1644 3743 1706 3789 ut
1739 3729 2176 3793 radiosissimu‘m

2289 3728 2513 3781 σίκακον
2554 3725 2818 3798 καρδίαν*
2848 3725 2942 3780 καὶ
2989 3724 3049 3779 ὃν
3099 3726 3302 3798 τρόπον
3344 3727 3559 3790 καπνὸς
3600 3728 3815 3798 ταράσσει

590 3824 724 3880 solis
750 3825 917 3896 jubar
960 3827 1389 3882 subtercurrens
1429 3828 1727 3882 obumbrat
1764 3836 1821 3883 et
1848 3830 2054 3885 occulit
2082 3848 2186 3886 nu—

590 3919 712 3979 bes.
745 3920 819 3974 ita
847 3932 901 3974 et
933 3920 1105 3975 menti
1149 3930 1354 3976 nostra:
1385 3921 1471 3975 vel
1504 3921 1621 3975 sola
1670 3931 1912 3992 acceptae
1966 3922 2185 3995 injuria:

590 4009 852 4081 cogitatio
917 4010 1143 4065 densam
1204 4012 1473 4081 oppandit
1521 4012 1833 4083 caliginem.
1888 4013 1947 4068 In
1998 4015 2183 4070 anima

590 4103 739 4158 enim
809 4104 890 4159 sic
972 4104 1151 4158 tenaci
1235 4105 1564 4175 injuriarum
1649 4105 1932 4162 insidiosa:
1988 4107 2183 4178 Vulpes

566 4208 752 4248 suum
788 4194 893 4249 sibi
929 4193 1104 4266 figunt
1149 4204 1319 4266 atque
1365 4195 1711 4253 exaedificant
1760 4198 2057 4253 umbratile
2097 4206 2183 4254 ta-

590 4285 976 4353 bernaculum,
1027 4286 1196 4354 inque
1278 4287 1553 4358 ejusmodi
1608 4288 1779 4344 corde
1832 4290 2177 4357 turbulento,

590 4386 851 4447 tanquam
886 4377 944 4432 in
976 4378 1193 4447 spelaeis
1230 4379 1625 4436 retrusissimis
1676 4381 2011 4436 delitescunt
2045 4382 2180 4438 fera:

591 4466 883 4523 immanes.
915 4468 987 4525 Ut
1016 4468 1252 4539 quisque
1276 4470 1421 4525 casti
1474 4470 1705 4541 pudoris
1738 4472 2175 4538 amantissimus,

591 4560 913 4631 longissime
960 4576 1019 4616 se
1070 4562 1364 4619 submovet
1405 4564 1475 4618 ab
1510 4562 1754 4619 obsceno
1779 4571 1836 4618 et
1870 4564 2061 4619 infami
2090 4563 2176 4619 di-

591 4652 863 4707 verticulo
914 4654 1292 4720 meretricum,
1325 4655 1400 4709 ita
1434 4670 1655 4725 quoque
1691 4655 1840 4709 Deus
1885 4670 1980 4709 cor
2014 4670 2179 4709 aver-

592 4754 747 4799 satur
776 4753 832 4801 et
860 4746 1071 4817 defugit
1104 4747 1224 4817 ejus
1251 4747 1344 4816 qui
1371 4746 1532 4801 fixius
1553 4746 1822 4801 memoria
1849 4755 1999 4801 tenet
2036 4746 2180 4803 irro-

593 4849 774 4910 gatam
806 4840 911 4896 sibi
944 4841 1224 4913 injuriam.
1249 4841 1730 4908 Quemadmodum
1761 4842 1951 4897 fumus
1986 4842 2179 4896 obtur-

593 4931 691 4986 bat
716 4942 773 4988 et
801 4934 1202 4990 circumfundit
1252 4934 1561 5006 quamlibet
1590 4936 1965 5006 perspicacem
2001 4936 2176 4990 aciem

592 5026 907 5093 oculorum,
936 5027 1017 5082 sic
1044 5035 1100 5081 et
1134 5027 1408 5083 orationis
1439 5036 1687 5099 tempore
1728 5029 1992 5084 memoria
2040 5045 2175 5084 con-

490 5180 493 5184 _
594 5118 838 5174 tumelias
888 5128 1133 5175 mentem
1194 5136 1295 5175 sua
1353 5121 1683 5192 intemperie
1733 5123 1993 5195 exagitat.
2029 5121 2173 5190 Quid

595 5211 782 5279 itaque
868 5210 1185 5266 faciendum
1244 5213 1408 5268 nobis
1488 5214 1813 5284 praescribat
1886 5215 2175 5281 Dominus,

581 5285 695 5373 .per
720 5316 780 5356 se
821 5317 1064 5373 suosque
1106 5320 1318 5373 servos,
1349 5308 1563 5363 intenta
1601 5307 1978 5379 percipiamus
2020 5324 2175 5363 aure.

595 5390 658 5448 In
710 5392 912 5463 primis
962 5410 1066 5449 suo
1100 5397 1423 5464 testimonio
1463 5399 1842 5470 praescriptam
1890 5398 2181 5455 conﬁrmat

596 5486 937 5541 sententiam
992 5486 1287 5545 Zacharias
1327 5492 1600 5561 propheta
1652 5509 1665 5547 :
1724 5492 2057 5558 «Malitiam,
2107 5492 2184 5547 in-

599 5578 743 5650 quit,
780 5594 850 5635 ne
881 5580 1198 5635 meminerit
1247 5582 1627 5653 unusquisque
1674 5584 1948 5640 adversus
1999 5585 2184 5655 proxi-

601 5684 756 5726 mum
803 5687 967 5728 suum
1024 5673 1079 5728 in
1134 5673 1402 5729 cordibus
1431 5676 1713 5731 vestris“.
1745 5695 1763 5728 ι
1797 5676 1955 5733 Alius
1984 5675 2178 5732 eodem

705 5871 751 5903 ⁸³
784 5871 975 5931 Matth.
1007 5890 1061 5942 ν,
1101 5873 1186 5942 59,
1221 5874 1305 5943 40,
1337 5874 1421 5931 Η.
1501 5876 1544 5909 ⁸³
1577 5874 1710 5932 ibid.
1746 5876 1829 5932 Η.

2285 3820 2625 3890 ὀφθαλμοὺς,
2653 3817 2831 3883 οὕτως
2862 3818 3208 3889 μνησίκακος
3238 3818 3297 3871 ὲν
3329 3818 3518 3889 καιρῷ
3539 3817 3814 3889 προσευχῆς.

2297 3912 2648 3983 Ἀκούσωμεν
2677 3907 2771 3966 οῦν
2816 3911 2869 3965 τί
2916 3910 3229 3965 ἐντέλλεται
3257 3913 3397 3983 ἡμῖν
3423 3913 3492 3967 δι’
3529 3911 3725 3973 ἑαυτοῦ,
3746 3908 3815 3963 καὶ

2283 4005 2392 4059 τῶν
2423 4002 2629 4057 δούλων
2667 4004 2833 4057 αὑτοῦ
2878 4003 2906 4056 6
2947 4004 3179 4075 Κύριος.
3211 4004 3530 4077 Τοιγαροῦν
3563 4003 3815 4076 διαμαρτύ-

2283 4115 2437 4171 ρεται
2468 4099 2600 4170 ἡμῖν
2628 4101 2657 4153 6
2692 4099 2986 4169 προφήτης
3021 4098 3323 4171 Ζαχαρίας,
3368 4099 3571 4170 λέγων,
3613 4098 3817 4153 «Κακίαν

2256 4192 2511 4271 ,ἕκαστος
2541 4190 2620 4264 τῷ
2658 4190 2875 4263 ἀδελφῷ
2913 4190 3080 4246 αὐτοῦ
3111 4191 3186 4265 μὴ
3216 4192 3631 4264 μνησικακείτω
3660 4193 3710 4245 ἐν
3729 4190 3817 4251 ταῖς

2282 4284 2531 4355 καρδίαις
2556 4282 2732 4355 ὑμῶν.
2767 4302 2785 4336 ι
2816 4313 2889 4324 —
2909 4302 2928 4336 ι
2956 4284 3234 4347 Ἕκαστος
3255 4285 3357 4357 τὴν
3382 4286 3581 4339 κακίαν
3603 4282 3686 4337 τοῦ
3712 4282 3816 4349 πλη-

2281 4376 2397 4430 σίον
2440 4376 2607 4430 αὑτοῦ
2659 4376 2735 4448 μὴ
2784 4375 3092 4445 λογιζέσθω
3119 4376 3178 4430 ὲν
3206 4379 3331 4441 ταῖς
3357 4376 3610 4448 καρδίαις
3636 4373 3814 4446 ὑμῶν.»

2278 4468 2391 4522 Kal
2413 4467 2596 4533 ἄλλος,
2636 4485 2655 4518 ‹
2685 4468 2782 4530 Ὃς
2818 4469 3178 4538 μνησικακεῖ,
3210 4466 3589 4538 παράνομος.»
3620 4465 3717 4519 Καὶ
3737 4463 3816 4517 πά-

2277 4558 2381 4624 λιν,
2417 4576 2437 4610 (
2477 4558 2538 4611 '0
2599 4557 2867 4630 κρύπτων
2909 4557 3137 4629 ἔχθραν,
3193 4558 3519 4628 συνίστησιν
3564 4559 3715 4613 δόλον.
3753 4555 3817 4608 Ἐν

2277 4651 2440 4706 παντὶ⁸
2458 4650 2758 4720 ἀδικήματι
2773 4649 2849 4721 μὴ
2872 4649 3296 4723 μνησικακήσῃς
3306 4650 3403 4705 τὸν
3428 4650 3694 4727 πλησίον.»
3711 4646 3816 4701 Ἀλλ’

2282 4763 2303 4797 ε
2338 4744 2464 4798 Ἐὰν
2505 4745 2671 4816 πεινᾷ
2700 4745 2729 4798 6
2756 4742 2952 4814 ἐχθρός
3015 4758 3134 4806 σου,
3183 4744 3353 4814 τρέφε
3418 4743 3577 4798 αὐτόν
3597 4759 3610 4773 ·
3640 4740 3723 4795 xal
3746 4738 3815 4791 ἐὰν

2275 4836 2427 4907 διψᾷ,
2442 4835 2628 4900 πότιζε
2649 4835 2831 4889 αὐτόν.
2847 4854 2865 4888 ι
2880 4833 2997 4889 Kal
3014 4833 3201 4900 πάλιν,
3232 4854 3251 4887 ‹
3266 4837 3441 4906 Ἀφες
3456 4836 3519 4889 τὸ
3535 4834 3751 4904 ἀδίκημα
3761 4828 3815 4897 τῷ

2277 4929 2495 5001 πλησίῳ
2518 4945 2634 4983 σου.
2655 4928 2766 4982 Kal
2793 4929 2918 4983 τότε
2961 4930 3248 5001 δεηθέντος
3274 4929 3370 4983 σοῦ
3397 4931 3457 4983 al
3477 4927 3722 5000 ἁμαρτίαι
3750 4938 3814 4974 σου

2277 5020 2668 5091 λυθήσονται.)
2720 5019 2831 5073 Kal
2877 5020 3115 5088 ὲπάγειυ
3168 5038 3187 5070 ε
3230 5019 3552 5089 Ἀνθρωπος
3593 5011 3816 5084 ἀνθρώπῳ

2208 5087 2253 5142 D
2284 5087 2542 5183 συντηρεῖ
2590 5110 2783 5183 ὀργὴν,
2817 5111 2912 5165 καὶ
2950 5112 3104 5185 παρά
3131 5112 3271 5166 Θεοῦ
3311 5087 3470 5181 ζητεῖ
3497 5110 3654 5163 ίασιν.
3684 5102 3816 5161 Αὐτὸς

2285 5206 2424 5276 σὰρξ
2471 5205 2569 5270 ὢν.
2597 5204 2851 5276 διατηρεῖ
2896 5205 3080 5276 μῆνιν,
3129 5204 3225 5258 xal
3274 5204 3357 5267 τίς
3405 5202 3698 5267 ὲξιλάσεται
3742 5195 3815 5255 τὰς

2286 5300 2566 5372 ἁμαρτίας
2601 5277 2844 5365 αύτοῦξι
2894 5299 3007 5354 Kal
3056 5299 3347 5369 ἐπιφέρειο
3410 5294 3721 5365 (Μνήσθητι
3767 5288 3817 5339 τὰ

2288 5394 2496 5465 ἕσχατά
2544 5412 2663 5459 σου,
2715 5393 2814 5449 καὶ¹
2853 5385 3063 5448 παῦσαι
3108 5392 3477 5464 ὲχθραίνων.»
3541 5389 3646 5444 Kal
3675 5382 3816 5444 αὖθις,

2295 5507 2315 5540 ι
2350 5487 2619 5558 Ἀπόσχου
2653 5487 2763 5541 ἀπὸ
2804 5486 3010 5559 μάχης,
3043 5486 3139 5540 καὶ
3170 5484 3498 5545 ἐλαττώσεις
3520 5478 3815 5551 ἁμαρτίαςιι

2292 5581 2402 5635 Kal
2431 5583 2459 5635 6
2492 5578 2933 5654 Παροιμιαστὴς,
2971 5597 2991 5631 ι
3012 5578 3183 5642 Φόϐος
3208 5574 3434 5649 Κυρίου,
3470 5574 3616 5643 μισεί
3637 5567 3817 5627 κακίανν

2290 5675 2450 5747 ὕϐριν
2481 5694 2541 5730 τε
2589 5674 2687 5730 καὶ
2735 5673 3143 5745 ὑπερηφανίαν,
3201 5671 3299 5727 καὶ
3340 5669 3488 5733 ὁδοὺς
3534 5661 3812 5736 πονηρῶν.»

1933 5878 1980 5910 ⁸³
2006 5876 2139 5933 Luc.
2172 5893 2244 5942 τι,
2282 5875 2369 5933 36.
2450 5879 2493 5911 "
2525 5877 2689 5933 Zach.
2732 5893 2847 5943 vm,
2880 5877 2964 5933 l7.
