4028 6516
218 432 353 499 1507

1242 435 1573 497 HOMILIA
1617 438 1765 499 LIV.
1788 461 1858 474 —
1889 440 1987 500 DE
2025 439 2498 502 lNlMlClTIlS.

3358 443 3495 509 1598

216 549 328 602 Καὶ
377 546 562 613 πάλιν,
614 567 630 599 ι
660 547 753 618 Μὴ
785 547 967 621 εἴπῃς,
1002 548 1100 603 ’ον
1134 547 1336 619 τρόπον
1385 549 1657 622 ἐχρήσατό
1688 567 1803 619 μοι,

1920 552 2175 621 reSpicit:
2208 573 2224 603 ι
2253 552 2648 623 Unusquisque
2696 554 2961 608 malitiam
3015 553 3252 623 proximi
3309 560 3390 609 sui
3426 571 3498 612 ne

215 640 496 710 χρήσομαι
517 641 669 712 αὐτῷ
689 656 700 668 ·
727 640 782 710 ἢ,
814 641 1051 712 Τίσομαι
1100 641 1286 707 αὐτὸν,
1320 641 1356 694 ἆ
1389 659 1454 711 με
1480 640 1791 711 ἠδίκησεν.»

218 732 332 785 Καὶ
381 728 558 797 αὖθις,
604 753 621 785 ι
649 734 741 804 Μὴ
770 733 962 805 εἴπῃς,
996 733 1233 804 Τίσομαι
1290 733 1383 786 τὸν
1431 732 1626 806 ἐχθρόν
1660 752 1761 805 μου
1783 750 1796 765 ’

217 826 335 879 ἀλλ’
396 827 692 895 ὑπόμεινον
741 828 831 881 τὸν
874 828 1079 897 Κύριον
1137 828 1225 881 ἵνα
1278 844 1362 881 σοι
1403 826 1670 899 βοηθήσῃ.
1715 828 1804 881 Ἐν

219 919 360 982 ὁδοῖς
390 920 498 990 γὰρ
544 920 892 990 δικαιοσύνης
935 919 1070 990 ζωὴ,
1108 918 1220 972 ὁδοὶ
1248 918 1304 972 δὲ
1340 918 1699 989 μνησικάκων
1725 919 1806 981 είς

222 1012 471 1067 θάνατον.
496 1033 514 1064 ι
551 1013 658 1067 Καὶ
690 1016 717 1067 ὁ
764 1013 1055 1077 Ἰάκωϐος*
1104 1030 1123 1065 ι
1159 1012 1516 1081 Ἀποθέμενοι
1561 1007 1654 1065 οὖν
1704 1013 1808 1065 πᾶ-

224 1123 326 1160 σαν
365 1106 661 1178 ῥυπαρίαν,
703 1108 799 1161 καλ⁸
856 1106 1180 1177 περισσείαν
1237 1105 1459 1170 κακίας,
1519 1106 1579 1157 ἐν
1638 1103 1810 1175 πραό-

222 1217 350 1269 τητι
390 1199 616 1264 δέξασθε
666 1200 761 1253 τὸν
818 1200 1060 1271 ἔμφυτον
1125 1199 1304 1267 λόγον,
1368 1197 1668 1267 δυνάμενον
1700 1195 1809 1249 σῶ-

227 1308 320 1345 σαι
340 1294 440 1355 τὰς
469 1292 648 1361 ψυχὰς
698 1293 874 1363 ὑμῶν.
909 1311 925 1343 ι
970 1293 1031 1345 '0
1066 1292 1124 1345 δέ
1163 1289 1396 1353 Παῦλος,
1437 1309 1454 1341 ι
1481 1289 1574 1361 Μὴ
1622 1287 1811 1341 παιδία

224 1385 445 1454 γίνεσθε
481 1388 603 1449 ταῖς
642 1387 825 1456 φρεσὶ,
860 1384 993 1440 ἀλλά
1020 1388 1085 1456 τῇ
1120 1384 1288 1454 κακίᾳ
1310 1382 1630 1452 νηπιάζετε.
1659 1400 1676 1432 ι
1703 1380 1810 1434 Φύ-

224 1494 417 1548 γωμεν
450 1474 562 1543 οὖν,
595 1478 836 1545 ἀδελφοὶ,
859 1478 922 1530 τὸ
947 1477 1191 1549 ὀλέθριον
1218 1477 1391 1540 πάθος
1412 1477 1510 1543 τῆς
1542 1491 1811 1547 μνησικα-

226 1569 373 1633 κίας,
408 1570 494 1624 ἶνα
546 1570 621 1641 μὴ
676 1570 1098 1642 ἀπαλλοτριώσῃ
1144 1570 1292 1639 ἡμᾶς
1346 1568 1447 1635 τῆς
1495 1569 1633 1638 πρὸς
1680 1568 1813 1621 Θεὸν

227 1660 581 1732 παρρησίας·
628 1660 690 1714 οὐ
732 1660 841 1730 γὰρ
895 1659 1161 1732 τολμήσει
1204 1677 1309 1725 τις,
1342 1678 1515 1714 νοσων
1556 1661 1717 1713 τοῦτο
1751 1658 1814 1712 τὸ

224 1752 447 1823 νόσημα
496 1753 594 1823 τῆς
652 1755 1048 1824 μνησικακίας,
1079 1754 1429 1824 παραστῆναι
1474 1752 1552 1823 τῷ
1593 1751 1711 1822 Θεῴ
1757 1753 1814 1804 ἐν

226 1846 446 1917 καθαρᾷ
494 1848 796 1917 προσευχῇ.
855 1845 1142 1899 κωλύεται
1185 1847 1295 1918 γὰρ
1345 1844 1437 1898 ὑπ’
1496 1843 1660 1897 αὐτοῦ
1715 1843 1809 1896 τοῦ

1906 642 2161 713 cogitetis
2186 643 2243 696 iu
2272 643 2534 698 cordibus
2556 644 2752 699 vestris
2774 645 2840 697 ⁸⁷.
2874 664 2891 695 ι
2922 644 3136 698 llursus
3164 662 3179 698 :
3203 664 3219 695 ι
3247 644 3352 710 Qui
3376 661 3493 701 me—

1904 733 2065 788 minit
2087 734 2322 805 injuria',
2349 735 2573 805 iniquus
2594 735 3086 802 “.ilterttnittQui
3117 736 3360 790 occultat
3386 736 3497 791 ini-

1906 827 2193 891 micitiam,
2244 828 2539 883 concinnat
2585 830 2867 895 dolum”;
2906 829 2963 882 ln
3017 829 3168 883 omni
3207 830 3496 899 iniustitia,

1905 936 1978 974 ne
1996 920 2072 974 sis
2097 921 2794 991 memor‘injurireproximi
2814 923 2895 989 9°;
2928 943 2945 970 ι
2972 921 3065 977 sed
3090 938 3133 975 ει
3164 922 3218 977 Si
3239 922 3502 976 esurierit

1908 1013 2079 1068 frater
2104 1021 2252 1075 tuus,
2275 1014 2396 1069 ciba
2426 1014 2611 1081 illum;
2634 1015 2679 1071 si
2707 1015 2844 1078 sitit,
2876 1024 3066 1085 potum
3099 1015 3167 1069 da
3187 1016 3317 1070 ei“.
3345 1034 3362 1066 ›
3389 1016 3455 1084 Et
3484 1035 3496 1070 :

1918 1126 1936 1158 ι
1958 1107 2181 1162 Dimitte
2212 1107 2473 1178 injuriam
2514 1109 2786 1178 proximo,
2814 1119 2867 1165 et
2900 1123 3033 1164 tunc
3058 1109 3390 1179 deprecante
3425 1117 3499 1172 te,

1910 1207 2137 1266 peccata
2171 1207 2261 1253 tua
2291 1200 2577 1255 solventur
2593 1202 2661 1256 θ’.
2694 1220 2711 1252 ι
2752 1201 3009 1255 Inducit:
3044 1220 3062 1252 ι
3086 1201 3262 1255 Homo
3288 1201 3503 1255 homini

1912 1298 2203 1344 conservat
2230 1291 2390 1357 iram,
2410 1299 2467 1346 et
2486 1307 2512 1347 a
2538 1292 2649 1347 Deo
2662 1294 2861 1363 quaerit
2885 1292 3155 1347 medelam
3173 1292 3353 1346 ?'l‘alis
3374 1306 3503 1347 caro

1912 1394 2036 1433 cum
2088 1381 2179 1442 sit,
2216 1392 2460 1437 reservat
2488 1384 2662 1450 iram;
2694 1393 2750 1438 et
2775 1384 2901 1454 quis
2923 1382 3249 1453 pr0pitiabit
3279 1392 3504 1452 peccata

1915 1472 2165 1527 illius”?
2193 1493 2211 1524 ι
2244 1473 2413 1529 lnfert
2437 1491 2450 1527 :
2485 1494 2503 1527 ι
2528 1475 2806 1531 Memento
2834 1476 3293 1539 novissimorum,
3322 1483 3379 1528 et
3408 1474 3535 1529 de-.

1914 1566 2034 1619 sine
2063 1565 2359 1630 iuimicari,
2386 1566 2602 1623 abstine
2629 1569 2797 1634 alite,
2824 1577 2879 1624 et
2902 1570 3124 1623 minues
3157 1576 3380 1635 peccata
3398 1566 3496 1618 ³⁸.»

1915 1658 2296 1713 Partemiastes
2325 1676 2338 1712 :
2371 1678 2387 1709 ι
2407 1659 2595 1713 Timor
2613 1660 2828 1714 Domini
2852 1660 2972 1714 odit
2997 1658 3285 1719 malitiam,
3305 1664 3504 1710 contu—

1916 1750 2156 1815 meliam,
2202 1751 2539 1821 superbiam,
2562 1760 2618 1807 et
2638 1753 2758 1806 vias
2782 1752 3165 1823 pravorum".
3189 1770 3205 1803 ι
3245 1749 3456 1802 Rursus
3487 1762 3502 1800 :

1926 1842 2032 1897 «Ne
2051 1842 2254 1897 dixeris
2276 1860 2290 1895 :
2313 1842 2599 1909 Quomodo
2615 1844 2745 1899 fecit
2767 1846 2921 1903 mihi.
2946 1844 3142 1899 faciam
3162 1843 3213 1898 ei
3231 1858 3353 1912 qua:
3368 1840 3505 1894 mihi

226 1935 462 2006 Κυρίου,
496 1935 768 2003 λέγοντος,
824 1955 842 1986 ι
881 1936 1009 1990 Ἐὰν
1055 1935 1377 2006 προσφέρῃς
1413 1934 1473 1987 τὸ
1499 1933 1672 2003 δῶρόν
1709 1950 1804 1987 σου

1920 1934 2041 1989 l‘ecit
2094 1935 2382 2004 injuste".
2424 1955 2443 1987 ι
2476 1936 2580 1991 Et:
2622 1956 2640 1988 ι
2671 1937 2750 1993 Ne
2795 1937 3004 1992 dixeris
3050 1930 3390 1990 :Vindicabo
3418 1947 3507 1986 me

223 2028 323 2081 ἐπὶ
385 2028 448 2082 τὸ
504 2027 918 2099 θυσιαστήριον,
966 2027 1127 2080 κάκεῖ
1175 2020 1437 2098 μνησθεὶς
1495 2026 1578 2078 ὅτι
1631 2024 1743 2095 ἔχει
1783 2026 1811 2078 ό

224 2119 458 2188 ἁδελφός
490 2119 583 2173 σού
618 2136 672 2172 τι
714 2119 859 2174 κατά
892 2119 1010 2182 σοῦ,
1042 2119 1180 2190 ἄφες
1232 2120 1349 2172 ἐκεῖ
1381 2118 1443 2172 τὸ
1490 2118 1663 2190 δῶρόν
1720 2135 1813 2170 σου

227 2211 545 2283 ἔμπροσθεν
591 2210 687 2264 τοῦ
739 2211 1152 2282 θυσιαστηρίου,
1184 2210 1281 2263 καὶ
1338 2211 1537 2279 ὕπαγε,
1599 2209 1816 2279 πρῶτον

223 2304 554 2374 διαλλάγηθι
602 2304 681 2376 τῷ
725 2302 943 2374 ἀδελφῷ
974 2320 1092 2369 σου,
1140 2304 1238 2356 καὶ
1268 2303 1392 2356 τότε
1433 2303 1605 2357 ἐλθὼν
1647 2302 1817 2374 πρόσ-

226 2413 365 2467 φερε
398 2397 459 2452 τὸ
485 2396 660 2469 δῶρόν
688 2414 800 2451 σου.
834 2415 853 2449 ι
883 2395 1046 2467 Αὑτῷ
1074 2398 1108 2467 ἡ
1131 2395 1258 2461 δόξα
1301 2397 1382 2460 είς
1422 2396 1551 2460 τοὺς
1590 2394 1813 2458 αἰῶνας.

238 2490 442 2562 Ἀμήν.

1916 2027 1984 2081 de
2016 2027 2243 2082 inimico
2302 2044 2463 2095 meo;
2503 2030 2599 2084 sed
2657 2031 2869 2085 sustine
2922 2029 3241 2093 Dominum,
3280 2034 3343 2081 ut
3404 2024 3506 2079 tibi

1918 2118 2277 2173 auxilietur"
2305 2137 2317 2174 :
2349 2121 2404 2174 in
2436 2121 2541 2175 viis
2563 2121 2711 2176 enim
2734 2123 2987 2193 justitite,
3013 2121 3155 2187 vita;
3184 2119 3287 2173 vize
3318 2125 3505 2171 autem

1919 2213 2399 2268 reminiscentium
2440 2214 2679 2284 injuriae,
2712 2215 2778 2269 ad
2811 2224 3045 2270 mortem
3068 2214 3135 2266 νδ.
3168 2231 3186 2264 ›
3218 2210 3460 2267 Jacobus
3489 2226 3507 2262 :

1927 2323 1945 2357 ι
1976 2306 2327 2375 Deponcntes
2358 2306 2527 2377 igitur
2562 2323 2782 2363 omnem
2805 2305 3210 2361 immunditiam
3234 2310 3290 2357 et
3314 2301 3529 2356 abun--

1919 2397 2434 2467 dantiammalitia',
2478 2400 2532 2454 in
2587 2400 3013 2461 mansuetudine
3065 2396 3335 2466 suscipite
3366 2394 3503 2448 insi-

1923 2498 2038 2544 tum
2056 2490 2286 2545 verbum
2311 2492 2455 2562 quod
2479 2500 2667 2562 potest
2690 2494 2904 2547 salvare
2929 2491 3143 2546 animas
3158 2495 3374 2543 vestras
3395 2487 3496 2540 ’9.)

227 2582 436 2637 Paulus
489 2581 622 2638 item
661 2599 674 2635 :
718 2602 736 2635 ι
766 2582 946 2638 Nolite
996 2581 1154 2652 pueri
1208 2579 1349 2637 efﬁci
1396 2581 1673 2647 sensibus,
1715 2580 1809 2637 sed
1851 2581 2169 2640 innocentia
2190 2587 2407 2655 parvuli
2434 2588 2670 2642 estote‘.
2702 2605 2721 2638 ι
2757 2584 2884 2641 Hmc
2946 2584 3131 2654 itaque
3189 2582 3506 2651 perniciosa

228 2679 597 2750 perturbatio,
634 2679 915 2734 memoria:
967 2693 1166 2748 nempe
1208 2675 1527 2733 retentricis
1579 2677 1930 2748 iniuriarum,
1965 2679 2148 2743 nobis,
2223 2680 2442 2745 fratres,
2517 2697 2851 2753 magnopere
2916 2679 3140 2736 vitanda
3204 2687 3307 2742 est.
3337 2686 3396 2732 ut
3434 2694 3505 2733 ne

230 2789 337 2829 nos
366 2788 397 2827 a
425 2772 627 2827 ﬁducia
652 2771 931 2827 abalienet
959 2787 1125 2841 quam
1162 2786 1285 2842 erga
1317 2771 1491 2824 Deum
1523 2770 1815 2825 habemus.
1854 2772 2043 2842 Neque
2081 2773 2231 2828 enim
2287 2775 2381 2844 qui
2424 2775 2531 2830 hoc
2575 2782 2807 2846 aegrotet
2867 2789 3068 2845 genere
3115 2771 3318 2835 morbi,
3392 2771 3508 2825 Deo

230 2880 294 2921 se
328 2866 477 2921 ausit
503 2874 839 2936 praesentare
872 2881 998 2920 cum
1045 2866 1363 2921 sinceritate
1403 2864 1694 2928 orationis,
1756 2880 1861 2919 nec
1895 2867 2043 2921 enim
2103 2876 2304 2937 potest.
2345 2870 2557 2940 1112
2632 2869 2921 2923 Dominico
2971 2869 3179 2923 etenim
3236 2868 3328 2921 illo
3374 2880 3509 2935 prae-

229 2965 397 3028 cepto
445 2965 738 3012 revocatur
794 2967 851 3013 et
902 2967 1169 3013 arcetur:
1212 2976 1230 3008 ι
1266 2957 1324 3012 Si
1378 2956 1545 3011 offers
1610 2973 1812 3013 munus
1852 2966 2004 3012 tuum
2049 2968 2177 3015 ante
2228 2961 2423 3025 altare,
2492 2968 2548 3016 et
2604 2961 2681 3015 ibi
2742 2960 3068 3016 recordatus
3114 2960 3307 3022 fueris,
3376 2957 3506 3028 quia

231 3048 406 3105 habet
441 3049 650 3119 aliquid
683 3049 855 3105 frater
898 3059 1028 3105 tuus
1064 3049 1356 3106 adversum
1403 3058 1478 3114 te,
1547 3050 1799 3121 relinque
1865 3052 1941 3106 ibi
2010 3069 2213 3108 munus
2252 3064 2409 3109 tuum
2445 3064 2573 3110 ante
2602 3056 2810 3121 'altare,
2841 3062 2899 3109 et
2938 3054 3078 3110 vade
3126 3055 3283 3124 prius
3316 3063 3375 3107 ut
3415 3066 3508 3105 re-

230 3141 546 3198 concilieris
588 3141 749 3198 fratri
798 3150 915 3209 tuo,
958 3152 1013 3199 et
1069 3152 1203 3199 tunc
1241 3143 1338 3198 ubi
1390 3143 1645 3211 redieris,
1682 3144 1823 3199 offer
1851 3160 2052 3202 munus
2078 3155 2234 3201 tuum
2256 3151 2298 3202 ².
2323 3167 2341 3200 ›
2374 3148 2483 3219 lpsi
2523 3147 2694 3219 gloria
2724 3147 2780 3201 in
2810 3147 3031 3203 sascula.
3062 3146 3259 3201 Amen.

832 3259 1052 3313 ΛΟΓΟΣ
1092 3257 1215 3313 NA'.

619 3374 759 3442 Περὶ
800 3372 909 3427 τοῦ
944 3372 1032 3443 μὴ
1081 3373 1445 3442 ὲχθραίνειν.

308 3478 724 3559 Τδέχθραίνειν
775 3486 1090 3560 ἀνθρώποις
1130 3485 1426 3557 ὁμοφύλοις
1480 3486 1576 3541 καὶ
1617 3486 1820 3558 όμοπί-

236 3598 408 3647 στοις,
459 3580 721 3652 ἀθέμιτον
766 3580 864 3634 καὶ
916 3581 1260 3651 ἀνάρμοστον
1298 3581 1413 3645 τοῖς
1462 3579 1822 3651 φοϐουμένοις

230 3673 329 3728 τὸν
367 3673 528 3741 Θεὸν,
574 3674 671 3728 καὶ
710 3672 1210 3743 ἐπαγγελλομένοις
1236 3671 1576 3728 θεοσέϐειαν.
1624 3671 1682 3727 Ὀ
1712 3672 1822 3744 γάρ

233 3766 373 3831 Θεὸς
428 3765 630 3839 ἔχθραν
669 3767 772 3821 οὐκ
817 3766 1216 3837 ἐνομοθέτησεν
1266 3765 1602 3838 ἀνθρώποις,
1661 3766 1710 3820 εί
1746 3764 1821 3837 μὴ

237 3859 407 3931 μόνον
449 3858 590 3930 πρὸς
613 3859 708 3913 τὸν
746 3858 893 3928 ὅφιν,
921 3858 1094 3929 1ήγουν
1142 3857 1280 3929 πρὸς
1328 3858 1419 3911 τὸν
1456 3858 1526 3912 δι’
1557 3855 1723 3911 αὐτοῦ
1762 3857 1822 3924 ἐξ

233 3952 416 4025 ἀρχῆς
459 3953 842 4022 ἀπατήσαντα,
877 3950 975 4005 καὶ
1002 3950 1343 4020 ἐξαγαγόντα
1386 3951 1451 4004 ἐκ
1491 3948 1822 4020 παραδείσου

232 4047 332 4101 τὸν
382 4046 695 4118 ἄνθρωπον,
752 4045 1206 4116 ἀνθρωποκτόνον
1262 4043 1533 4099 διάϐολον.
1585 4043 1825 4114 Ὁμοίως

233 4137 297 4192 δὲ
326 4137 422 4192 καὶ
451 4135 761 4209 ἐχθραίνειν
806 4135 1266 4207 προσετάχθημεν
1295 4136 1408 4199 τοῖς
1442 4132 1819 4203 Μαδιηναίοις,

234 4231 545 4297 τουτέστιν,
583 4231 699 4294 τοῖς
726 4228 1061 4300 ἀκαθάρτοις
1102 4227 1413 4298 πνεύμασιν
1440 4227 1540 4296 τῆς
1567 4225 1825 4296 πορνείας

234 4319 338 4374 καὶ
379 4318 695 4388 ἀσελγείας,
740 4320 856 4383 τοῖς
893 4317 1213 4391 σπείρουσιν
1257 4316 1388 4381 τοὺς
1430 4315 1702 4387 πονηροὺς
1729 4314 1825 4367 καὶ

236 4414 506 4485 βεϐήλους
541 4414 841 4485 λογισμοὺς
889 4414 971 4476 είς
1023 4412 1127 4483 τὴν
1171 4410 1423 4481 καρδίαν.
1460 4409 1702 4474 Τούτους
1752 4408 1819 4480 δὴ

235 4508 392 4580 πάσῃ
441 4508 669 4578 δυνάμει
719 4505 1028 4577 ἐχθραίνειν
1073 4504 1170 4560 καὶ
1215 4504 1683 4576 ἀποστρέφεσθαι,
1734 4505 1823 4559 ἵνα

2500 3258 2788 3314 HOMILIA
2806 3322 2809 3325 _
2830 3258 2961 3313 LIV.

2022 3372 2341 3429 Inimicitias
2368 3374 2423 3428 in
2460 3372 2667 3428 nullum
2694 3389 2910 3445 prorsus
2936 3372 3169 3426 exerceri
3197 3371 3399 3427 debere.

1989 3487 2207 3544 lnfense
2238 3496 2404 3558 atque
2439 3486 2742 3543 inimiciter
2773 3485 3034 3557 persequi
3060 3500 3230 3544 unum
3266 3484 3510 3553 aliquem

1919 3581 2014 3652 qui
2039 3582 2137 3636 tibi
2162 3581 2234 3637 sit
2277 3581 2631 3648 contribulis,
2661 3589 2757 3635 aut
2792 3579 2921 3635 ﬁdei
2954 3594 3216 3650 germana
3263 3593 3514 3634 commu—

1919 3674 2087 3730 nione
2103 3673 2426 3741 faederetur,
2455 3674 2729 3729 nefarium
2744 3688 2995 3744 prorsus,
3025 3688 3129 3729 nec
3149 3672 3250 3727 ulli
3274 3687 3512 3727 consen-

1922 3760 2144 3822 taneum
2192 3767 2288 3837 qui
2338 3768 2512 3823 Deum
2586 3774 2867 3829 vereatur,
2933 3780 3103 3835 seque
3128 3780 3197 3820 ex
3258 3764 3512 3834 professo

1922 3860 2098 3917 cultui
2128 3850 2316 3915 divino
2356 3860 2706 3931 manciparit.
2737 3859 2929 3927 Neque
2956 3860 3105 3913 enim
3136 3858 3284 3913 Deus
3323 3857 3511 3912 inimi-

1921 3951 2085 4007 citias
2104 3950 2204 4005 ulli
2255 3950 2545 4005 hominum
2593 3952 2936 4004 exercendas
2976 3963 3072 4002 sua
3122 3948 3306 4002 sanxit
3367 3949 3510 4018 lege,

1921 4051 2289 4115 praeterquam
2336 4041 2604 4095 adversus
2638 4040 2795 4093 illum
2844 4039 3180 4094 homicidam
3228 4038 3512 4093 diabolum

1922 4136 2017 4206 qui
2046 4135 2167 4202 ipso
2200 4132 2384 4189 statim
2424 4132 2587 4187 initio
2629 4132 2783 4186 orbis
2813 4132 3023 4187 conditi
3063 4131 3347 4186 hominem
3377 4131 3512 4185 illici

1922 4227 2199 4283 lenocinio
2228 4229 2534 4281 iuescatum
2561 4224 2805 4295 decepit,
2835 4232 3002 4294 atque
3026 4223 3167 4279 adeo
3192 4224 3511 4293 deceptum,

1923 4319 2241 4373 ammnitate
2263 4317 2447 4388 exegit
2496 4317 2763 4388 paradisi.
2820 4316 2976 4372 Haud
3041 4332 3206 4373 secus
3244 4316 3515 4387 jubemur

1923 4410 2248 4466 Madianitas
2297 4410 2575 4465 exsecrari
2609 4417 2666 4465 et
2691 4409 2900 4473 odisse,
2955 4404 3220 4463 nimirum
3267 4409 3515 4478 impuros

1924 4502 2049 4559 illos
2070 4502 2300 4572 spiritus
2322 4501 2710 4557 fornicationis
2733 4509 2901 4572 atque
2929 4500 3238 4555 omnifariaa
3261 4499 3514 4555 libidinis

238 4596 320 4668 μὴ
354 4596 580 4668 ἐχθροὺς
610 4597 758 4667 ἡμᾶς
786 4596 1088 4666 ποιήσωσιν
1120 4592 1214 4648 τοῦ
1248 4593 1385 4648 Θεοῦ
1428 4597 1494 4648 ἐκ
1545 4594 1646 4665 τῆς
1682 4594 1817 4666 πρὸς

1921 4596 2275 4661 incentores,
2318 4594 2417 4665 qui
2472 4594 2759 4665 improbas
2791 4593 3162 4665 cogitationes
3221 4601 3278 4647 et
3316 4591 3512 4647 nimis-

236 4691 440 4752 αὐτοὺς
473 4688 696 4758 φιλικῆς
741 4687 982 4757 ὁμιλίας,
1016 4689 1158 4742 κατὰ
1200 4687 1261 4741 τὸ
1305 4687 1615 4760 εἰρημένον,
1650 4686 1824 4758 «Οὐχὶ

235 4778 371 4841 τοὺς
424 4776 718 4847 μισοῦντάς
767 4794 851 4842 σε,
908 4776 1101 4849 Κύριε,
1141 4778 1403 4848 ἐμίσησα,
1438 4777 1536 4831 καλ⁸
1584 4776 1680 4830 ἐπὶ
1709 4780 1825 4841 τοῖς

238 4870 458 4943 ἐχθροῖς
493 4887 586 4923 σου
617 4869 989 4941 ἐξετηκόμηνς
1023 4869 1229 4924 τέλειον
1266 4872 1423 4941 μῖσος
1468 4868 1695 4940 ἐμίσουν
1725 4869 1826 4922 αὑ-

235 4965 389 5028 τοὺς,
429 4964 506 5027 είς
537 4964 765 5035 ἐχθροὺς
797 4962 1050 5030 ἐγένοντό
1085 4980 1197 5034 μοι.
1230 4981 1249 5014 ι
1279 4961 1426 5030 Πρὸς
1454 4961 1511 5014 δέ
1533 4960 1824 5033 ἄνθρωπον

234 5056 303 5109 οὐ
342 5054 448 5125 χρὴ
481 5054 683 5125 ἔχθραν
715 5054 895 5124 ἔχειν*
933 5055 1174 5126 μάλιστα
1209 5054 1343 5125 περὶ
1390 5054 1597 5125 ζημίας
1633 5069 1822 5123 σωμα-

236 5146 426 5216 τικῆς,
479 5147 513 5216 ἢ
547 5132 904 5212 καταλαλιᾶς,
950 5147 983 5219 ἢ
1035 5147 1268 5218 ὕϐρεως.
1314 5148 1348 5219 ἢ
1403 5148 1504 5201 ὅσα
1553 5146 1633 5217 τῷ
1665 5144 1823 5199 αἰῶνι

234 5239 419 5311 τούτῳ
443 5240 697 5311 ἁρμόζει.
728 5241 802 5294 Ού
833 5242 940 5312 χρὴ
970 5240 1039 5294 δι’
1066 5241 1207 5295 αὐτὰ
1233 5239 1490 5311 ἀπεχθῶς
1519 5237 1825 5293 διακειοῦαι

237 5332 382 5402 πρὸς
422 5331 514 5386 τὸν
554 5332 863 5404 ὁμόφυλον,
899 5333 1038 5387 ἀλλά
1085 5332 1287 5404 μᾶλλον
1340 5332 1711 5404 εὐχαριστεῖν,
1742 5332 1826 5384 ὅτι

236 5424 500 5496 πρόξενοι
550 5427 681 5495 ἡμῖν
732 5425 975 5494 γίνονται
1027 5425 1328 5497 σωτηρίας.
1368 5423 1433 5479 Ἢ
1489 5425 1601 5496 γάρ
1632 5422 1823 5491 κακία,

237 5520 345 5588 τῆς
374 5518 473 5588 μὲν
507 5520 587 5581 εἰς
633 5518 767 5572 Θεὸν
818 5519 1119 5587 συναφείας
1174 5518 1507 5589 ἀπέστησεν,
1563 5518 1660 5572 καὶ
1701 5517 1828 5580 τοὺς

238 5606 571 5680 ἀνθρώπους
624 5609 873 5681 ἀλλήλων
925 5610 1231 5681 διέστησεν.
1298 5610 1516 5681 Ταύτην
1572 5604 1667 5663 οὖν
1722 5607 1830 5681 πρὸ

314 5750 365 5782 ⁸⁷
390 5751 561 5806 Eccli.
591 5768 701 5820 xix,
731 5751 818 5806 10.
893 5752 937 5785 ⁸⁸
956 5752 1127 5808 Eccli.
1149 5769 1203 5819 x,
1228 5753 1283 5809 6.
1357 5753 1401 5785 θ’
1425 5752 1570 5808 Psal.
1598 5767 1738 5813 χιιι,
1760 5752 1847 5808 19.

238 5822 290 5855 ’³
319 5821 456 5876 ibid.
496 5823 551 5887 5,
585 5826 639 5880 4.

238 5895 290 5927 ”
314 5892 432 5949 Jac.
476 5911 513 5964 ι,
538 5894 627 5950 21.

739 5822 785 5856 ⁸⁸
809 5823 949 5879 ibid.
990 5824 1044 5887 8,
1080 5823 1168 5879 10.
1263 5824 1309 5856 θ’
1345 5822 1506 5877 Prov.
1536 5840 1647 5882 vm.
1682 5823 1768 5877 15.

1929 4703 2093 4758 quam
2156 4687 2426 4743 obscenas
2478 4687 2635 4757 quasi
2686 4686 2902 4741 semina
2949 4684 3215 4740 cordibus
3276 4684 3513 4739 inseruit

1928 4783 2155 4838 nostris.
2184 4781 2297 4837 Hos
2328 4797 2430 4852 pro
2470 4780 2617 4835 virili
2649 4780 2908 4849 portione
2939 4786 3000 4833 ut
3032 4776 3241 4842 oderis,
3284 4791 3513 4832 necesse

1927 4873 2022 4938 sit,
2051 4888 2259 4943 eosque
2284 4873 2531 4928 declines
2562 4887 2729 4941 quam
2784 4870 3063 4935 ocissime,
3090 4867 3386 4938 nequando
3408 4882 3513 4921 nos

1928 4963 2167 5018 reddant
2199 4964 2406 5019 invisos
2438 4964 2550 5018 Deo
2577 4980 2676 5033 per
2713 4963 2989 5032 impuram
3025 4977 3150 5017 cum
3191 4959 3329 5029 ipsis
3365 4973 3506 5013 con-

1928 5054 2287 5111 flictationem
2312 5066 2367 5111 et
2403 5054 2728 5120 amicitiam,
2760 5056 2913 5125 juxta
2951 5053 3282 5109 sententiam
3323 5051 3506 5106 illam:

1936 5168 1955 5200 ‹
1980 5150 2175 5204 Nonne
2208 5149 2303 5218 qui
2334 5149 2574 5204 oderunt
2613 5157 2686 5213 te,
2714 5148 2966 5211 Domine,
2997 5146 3242 5212 oderam,
3269 5152 3323 5200 et
3343 5159 3511 5214 super

1929 5240 2185 5297 inimicos
2217 5248 2341 5295 tuos
2395 5241 2746 5296 tabescebam
2771 5240 2794 5293 ?
2818 5239 3069 5294 Perfecto
3112 5238 3243 5293 odio
3282 5237 3510 5291 oderam

1923 5334 2071 5399 illos,
2107 5332 2318 5388 inimici
2362 5332 2491 5389 facti
2528 5341 2657 5388 sunt
2697 5332 2833 5387 mihi
2873 5333 2893 5363 ³
2919 5371 2931 5384 .
2970 5350 2987 5382 ι
3016 5331 3296 5386 Adversus
3327 5338 3513 5383 autem

1926 5426 2099 5481 alium
2136 5425 2413 5496 quemvis,
2458 5426 2642 5480 locum
2693 5425 2909 5479 nullum
2970 5423 3139 5478 habet
3194 5421 3512 5479 inimicitia.

1927 5516 2239 5588 praasertim
2279 5516 2324 5572 si
2357 5517 2427 5572 de
2466 5517 2666 5573 damno
2702 5518 2886 5588 agitur
2916 5516 3213 5587 corporali,
3235 5515 3305 5570 de
3327 5515 3513 5568 detra-

1930 5610 2140 5676 ctione,
2177 5610 2267 5665 vel
2333 5610 2696 5676 contumelia,
2735 5616 2833 5665 aut
2874 5622 3222 5680 quaecunque
3289 5602 3513 5659 tandem

1923 5753 1970 5786 ’°
1987 5752 2159 5808 Eccli.
2190 5769 2246 5814 x.
2272 5750 2325 5805 6.
2402 5753 2443 5784 ⁹¹
2469 5751 2629 5806 Prov.
2663 5767 2784 5814 xxv,
2803 5749 2894 5804 21.
2972 5748 3017 5780 θ’
3044 5746 3214 5802 Eccli.
3249 5739 3509 5814 xxvm.2_.

1872 5824 1919 5855 “
1944 5825 2104 5878 Prov.
2138 5811 2282 5887 xwv,
2318 5821 2409 5876 29.
2484 5822 2528 5853 ν’
2556 5822 2718 5877 Prov.
2751 5811 2941 5889 xx,22.
3019 5818 3064 5851 θ’
3087 5818 3249 5874 Prov.
3283 5831 3378 5880 xu,
3416 5811 3508 5868 28.

709 5895 722 5927 ¹
757 5894 777 5951 ι
810 5893 936 5952 Cor.
967 5911 1077 5965 xlv,
1108 5894 1198 5949 20.
1275 5896 1293 5926 ’
1325 5893 1516 5950 Matth.
1549 5910 1626 5961 ιη,
1655 5894 1744 5960 2.3,
1779 5896 1811 5948 2

1947 5895 1965 5926 ³
1990 5894 2131 5951 Psal.
2168 5909 2421 5962 cxxxvm,
2449 5892 2540 5960 21,
2562 5893 2652 5947 22.
