4028 6526
629 407 649 470 1
665 410 773 475 599

1910 412 2277 475 ANTIOCHI
2314 417 2658 480 MUNACHI

3722 432 3829 501 1600

617 529 750 575 sunt
777 518 1084 574 conformia
1119 518 1209 574 isti
1246 522 1451 576 saeculo
1488 531 1548 576 et
1576 532 1973 578 consentanea.
2016 524 2207 595 Neque

2314 526 2532 579 πάντων
2562 528 2645 580 δεῖ
2667 526 2912 596 φεύγειν,
2948 526 3042 581 καὶ
3062 527 3279 583 διώκειν
3302 529 3397 599 τὴν
3420 531 3622 605 ἀρετὴν,
3641 540 3720 593 καὶ
3739 544 3829 616 Θεῷ

615 613 767 668 enim
819 612 1092 667 adversus
1150 621 1308 667 tuum
1361 614 1624 684 gentilem
1674 616 1791 673 sive
1838 617 2207 673 contribulem

2314 618 2728 688 προσάγουσαν,
2779 621 2879 673 καὶ
2926 619 3182 691 ἀλλήλοις
3224 622 3611 685 συνάπτουσαν.
3647 612 3828 707 Ἀρετῆξ

616 705 790 761 debes
814 706 1071 761 hOStilem
1093 705 1353 760 allectum
1371 707 1605 763 induere
1623 708 1694 763 ob
1714 709 1831 764 haec
1854 711 2212 781 temporaria,

615 800 803 867 potius
836 799 1061 869 agendae
1088 798 1321 853 veniunt
1353 800 1560 871 gratiae,
1592 802 1741 871 quod
1770 803 1931 857 nobis
1955 813 2086 859 sunt
2121 818 2213 858 sa-

616 889 753 944 lutis
795 890 1006 944 certius
1037 890 1356 946 obtinenda:
1387 893 1587 962 parati.
1634 893 1762 949 Sola
1796 895 1945 950 enim
1984 904 2069 950 est
2093 912 2212 950 ma-

615 982 735 1037 litia
784 1000 906 1052 quae
961 999 1065 1038 nos
1095 983 1413 1041 afamiliari
1447 987 1545 1041 Dei
1598 1003 1902 1059 congressu
1957 989 2210 1055 diremit,

617 1076 979 1147 hominesque
1002 1092 1033 1131 a
1062 1078 1335 1132 charitate
1383 1087 1574 1135 mutua
1606 1081 1830 1137 avulsit.
1861 1081 2015 1137 lianc
2045 1082 2213 1152 igitur

616 1167 911 1224 adversum
944 1170 1200 1226 homines
1232 1171 1605 1239 inimicitiam,
1636 1184 1764 1229 ante
1807 1177 1997 1231 omnia
2024 1177 2125 1232 abs
2156 1185 2210 1232 te

617 1267 677 1312 ut
707 1259 992 1315 amoliaris
1018 1276 1082 1315 ac
1107 1260 1272 1326 vites,
1301 1278 1485 1332 opera:
1516 1263 1760 1333 pretium
1799 1275 1919 1320 est:
1959 1274 2015 1320 at
2037 1265 2213 1321 virtu-

617 1357 727 1404 tem
757 1351 1068 1407 continenti
1100 1354 1287 1409 studio
1312 1370 1669 1425 persequere,
1690 1373 1815 1427 qua:
1844 1366 1897 1414 te
1933 1359 2047 1414 Deo
2070 1374 2209 1415 con-

613 1441 786 1506 ciliet,
819 1452 875 1497 et
901 1445 1168 1512 proximis
1202 1446 1507 1517 agglutinet
1550 1455 1758 1503 mutua:
1805 1449 2045 1519 glutinio
2073 1450 2208 1505 cha-

526 1530 555 1541 ”
615 1533 819 1591 ritatis.
885 1534 1099 1606 Scopus
1158 1538 1308 1593 enim
1356 1540 1561 1595 unicus
1633 1540 1726 1596 bic
1751 1550 1837 1597 est
1881 1542 2113 1599 virtutis
2152 1550 2210 1599 et

615 1626 997 1699 philosophiae,
1026 1637 1085 1684 ut
1112 1631 1250 1686 citra
1264 1632 1452 1687 fucum
1477 1634 1701 1704 quidvis
1728 1643 1872 1706 agat,
1897 1638 2205 1708 praesertim

2313 709 2371 764 δὲ
2418 712 2515 764 καὶ
2558 710 2881 781 φιλοσοφίας
2934 714 3083 785 ὄρος,
3138 716 3200 768 τὸ
3252 716 3390 785 μετὰ
3434 720 3676 786 συνέσεως
3698 720 3851 781 am’

2316 819 2461 858 στον.
2496 804 2797 875 Συνηγορεῖ
2835 804 2895 857 δέ
2924 805 3003 876 τῷ
3048 805 3194 877 λόγῳ
3230 806 3387 877 ἡμῶν
3422 811 3514 863 καὶ⁵
3539 812 3566 863 ὁ
3596 819 3827 889 προφήτης
3944 804 3945 865 l

2328 892 2557 958 Ἡσαΐας
2573 910 2586 925 ·
2607 892 2771 966 φησιν
2792 893 2954 966 γὰρ,‹
2978 895 3095 949 Οὐκ
3117 896 3218 971 ἔσῃ
3243 897 3381 968 μετὰ
3404 899 3647 953 πλειόνων
3675 905 3725 955 ἐν
3752 924 3826 959 κα.

2312 985 2461 1058 κίον»
2479 986 2731 1057 περὶτῶν
2763 986 3093 1060 ἀκαθάρτων
3114 988 3291 1057 λέγων
3316 989 3599 1062 λογισμῶν.
3633 996 3728 1049 Kal
3756 998 3824 1051 ἐπ.

2311 1082 2455 1152 άγει,
2492 1102 2511 1136 ι
2543 1082 2848 1150 Δούσασθε,
2868 1086 2965 1139 καὶ
2988 1084 3223 1157 καθαροὶ
3247 1087 3479 1156 γίνεσθε,
3520 1089 3722 1158 ἀφέλετε
3755 1097 3823 1159 τὰς

2311 1175 2578 1248 πονηρίας
2603 1176 2714 1232 άπὸ
2742 1176 2854 1231 τῶν
2876 1177 3065 1249 ψυχῶν
3109 1179 3285 1249 ὑμῶν,
3324 1180 3597 1235 παύσασθε
3624 1184 3719 1236 ἀπὸ
3743 1188 3824 1241 τῶν

2311 1270 2590 1341 πονηριῶν
2622 1268 2802 1341 ὑμῶν,
2820 1270 3024 1341 μάθετε
3054 1272 3220 1325 καλὸν
3260 1275 3454 1330 ποιεῖν.
3490 1292 3507 1325 ι
3540 1276 3642 1327 Kal
3670 1277 3825 1349 ὁΠαρ.

2309 1362 2600 1432 οιμιαστής
2644 1379 2834 1432 φησιν,
2899 1381 2917 1415 ι
2945 1363 3038 1435 Μὴ
3084 1363 3456 1435 φιλεχθρήσῃς
3487 1367 3563 1431 είς
3592 1358 3826 1437 ἄνθρωπον

2310 1453 2511 1526 μάτην,
2546 1456 2621 1526 μή
2673 1473 2804 1509 ποτε
2857 1457 2939 1520 είς
2984 1457 3045 1511 σὲ
3080 1457 3250 1511 κακόν
3294 1475 3347 1511 τι
3376 1460 3681 1529 ἐργάσηται.
3704 1482 3719 1513 ι
3748 1466 3827 1518 Καὶ

2308 1545 2497 1611 πάλιν,
2534 1564 2554 1597 ι
2604 1548 2774 1612 Φόϐος
2819 1549 3031 1619 Κυρίου
3074 1553 3227 1620 μισεῖ
3256 1550 3489 1604 κακίαν·
3523 1552 3551 1605 ὁ
3577 1552 3630 1605 δὲ
3653 1555 3827 1627 ἀναιδὴς

2311 1636 2431 1708 μεθ’
2458 1636 2673 1709 ὕϐρεως
2707 1638 2950 1709 πράσσει
2991 1642 3158 1696 κακά.
3178 1642 3289 1695 Kal
3310 1644 3339 1696 ὀ
3364 1642 3667 1713 φιλομαχῶν
3695 1646 3828 1715 χαίρει

615 1719 663 1774 si
695 1736 820 1774 cum
878 1722 1180 1793 prudentia
1250 1728 1629 1800 conjungitur.
1695 1730 1863 1786 Isaias
1934 1732 2206 1802 propheta

2310 1728 2535 1800 μάχαις.
2568 1748 2587 1781 ι
2627 1730 2741 1783 Kal
2770 1732 2954 1800 πάλιν,
2990 1751 3010 1784 ι
3046 1732 3223 1806 Ἀνὴρ.
3256 1734 3613 1804 εὐμετάϐολος
3641 1736 3827 1811 γλώσσῃ,

614 1819 867 1866 nostrum
903 1830 1222 1877 sermonem
1257 1832 1359 1873 suo
1414 1819 1708 1876 confirmat
1741 1822 2077 1892 patrocinio,
2124 1823 2204 1878 ait

2308 1824 2633 1893 ἐμπεσεῖται
2656 1825 2739 1887 είς
2759 1825 2929 1879 κακά.
2954 1843 2975 1877 ›
3022 1825 3081 1880 '0
3118 1826 3178 1879 δὲ
3206 1827 3373 1881 Δαυῒδ
3398 1827 3682 1881 ἀντιϐολῶν
3704 1848 3829 1899 φησιν
3944 1862 3945 1917 ξ

615 1902 761 1956 enim
794 1923 807 1958 :
845 1923 864 1955 ι
903 1905 1016 1961 Nec
1049 1908 1163 1963 eris
1190 1924 1316 1965 cum
1346 1911 1601 1981 pluribus
1635 1914 1696 1969 in
1727 1914 1939 1969 malitia
1961 1915 2004 1968 ⁸.
2027 1934 2046 1966 ι
2077 1914 2205 1972 Ιίωο

2311 1916 2449 1987 πρὸς
2484 1915 2576 1969 τὸν
2614 1915 2771 1982 Θεὸν,
2809 1934 2828 1968 ι
2853 1917 2944 1988 Μὴ
2978 1918 3291 1990 ἐπιχαρῶσί
3353 1936 3446 1990 μοι
3491 1920 3541 1972 οἱ
3579 1921 3830 1992 ἐχθραίνον-

616 1994 839 2062 quidem
875 1995 944 2052 de
976 1997 1212 2070 impuris
1259 2010 1317 2057 et
1349 2003 1606 2061 obscenis
1638 2006 2069 2078 cogitationibus
2117 2014 2204 2070 di-

2308 2006 2397 2070 τές
2444 2024 2536 2077 μοι
2584 2008 2813 2075 ἀδίκως,
2861 2011 2911 2063 οἱ
2966 2010 3260 2081 μισοῦντές
3284 2029 3351 2082 με
3378 2013 3587 2083 δωρεάν
3608 2030 3621 2045 ο
3646 2014 3743 2067 ἀλλ’
3769 2018 3826 2068 al-

616 2102 771 2143 cens.
806 2089 1024 2146 lnducit
1080 2100 1263 2148 autem
1292 2112 1306 2148 :
1342 2113 1362 2149 ι
1396 2095 1708 2164 Lavamini,
1763 2101 1956 2157 mundi
2000 2112 2201 2173 estote,

2308 2099 2697 2170 σχυνθήτωσαν
2749 2103 2846 2155 καὶ
2886 2103 3324 2176 ἐντραπήτωσαν
3369 2108 3421 2159 οἱ
3459 2104 3727 2178 ζητοῦντες
3760 2112 3829 2180 τὴν

615 2180 814 2236 offerte
868 2184 1203 2242 malitiasab
1258 2188 1551 2245 animabus
1599 2193 1821 2261 vestris,
1870 2195 2140 2264 quiescite
2173 2215 2205 2255 a

2308 2190 2485 2262 ψυχήν
2507 2208 2631 2261 μου.
2645 2211 2664 2245 ι
2698 2192 2861 2259 Καὶ,ι
2883 2194 3259 2268 Ἀποστρέψῃς
3275 2198 3344 2251 τά
3364 2199 3513 2252 κακά
3538 2200 3645 2263 τοῖς
3667 2202 3827 2272 ἐχθροῖς
3944 2194 3945 2201 “

616 2271 844 2328 malitiis
878 2275 1335 2342 vestris,-discite
1377 2277 1703 2338 benefacere
1733 2282 1777 2337 ⁸.
1806 2285 2052 2357 »1113
2100 2288 2204 2344 Pa-

557 2342 568 2355 ’
617 2364 1086 2422 raemiastesitem
1115 2384 1128 2420 :
1160 2367 1240 2422 Ne
1297 2368 1495 2442 diligas
1564 2372 1885 2430 inimicitias
1935 2378 2206 2435 adversus

618 2455 898 2511 hominem
930 2458 1159 2523 frustra',
1195 2476 1265 2515 ne
1288 2461 1430 2517 forte
1454 2462 1510 2517 in
1536 2473 1586 2518 te
1608 2466 1819 2536 aliquid
1847 2469 1976 2523 mali
2010 2486 2209 2540 opere-

621 2557 713 2602 tur
733 2549 773 2601 ⁸.
811 2569 829 2601 ι
861 2549 1067 2605 lterum
1097 2570 1110 2607 :
1145 2571 1163 2603 ι
1203 2552 1393 2609 Timor
1432 2555 1650 2611 Domini
1684 2558 1803 2614 odit
1843 2562 2110 2631 malitiam
2145 2564 2203 2632 ",

619 2637 912 2707 impudens
968 2650 1150 2695 autem
1214 2658 1344 2698 cum
1406 2648 1745 2704 contumelia
1777 2661 2041 2722 operatur
2092 2672 2207 2711 ma-

618 2730 670 2784 la
698 2729 742 2781 ⁸.
780 2750 797 2782 ι
840 2732 1011 2787 David
1061 2734 1193 2789 item
1228 2738 1559 2807 suppliciter
1591 2741 1705 2797 Deo
1734 2745 2050 2813 procidens,
2077 2749 2155 2802 ait
2189 2768 2203 2805 :

626 2841 644 2871 ι
668 2822 745 2877 Ne
768 2824 1045 2893 gaudeant
1068 2842 1239 2898 super
1271 2846 1359 2886 me
1385 2833 1481 2902 qui
1510 2833 1880 2892 adversantur
1905 2840 2042 2895 mihi
2096 2842 2205 2896 ini-

615 2916 861 2985 que,qui
897 2918 1138 2976 oderunt
1188 2938 1276 2977 me
1301 2925 1497 2994 gratis,
1545 2927 1641 2982 sed
1691 2930 2109 2989 confundantur
2150 2945 2208 2990 et

618 3019 1303 3082 rcvereanturquaarentes
1317 3019 1556 3075 animam
1577 3022 1619 3076 ⁹.
1648 3045 1665 3074 ι
1685 3023 1755 3079 Et
1781 3041 1795 3078 :
1826 3044 1843 3077 ι
1870 3026 2072 3084 Averte
2093 3046 2209 3085 ma-

616 3100 919 3157 laiuimicis
950 3106 1189 3169 meis,et
1214 3108 1269 3162 in
1300 3110 1535 3167 veritate
1576 3121 1670 3169 tua
1699 3116 1717 3187 (
1742 3116 1845 3172 hoc
1864 3128 1950 3174 est
1976 3120 2029 3174 in
2049 3120 2210 3177 Chri-

2307 2301 2431 2353 μου.
2458 2303 2476 2335 ι
2512 2285 2645 2348 Kal,
2672 2301 2692 2336 ι
2730 2285 2819 2339 Ἐν
2847 2290 2914 2359 τῇ
2935 2287 3164 2361 ἀληθείᾳ
3199 2307 3292 2343 σου
3322 2308 3341 2341 ι
3364 2290 3655 2359 τουτέστιν,
3690 2294 3737 2345 ἐν
3777 2295 3829 2364 τῷ

2306 2375 2553 2447 Χριστῷ,
2589 2395 2608 2429 ι
2643 2376 3029 2450 ἐξολόθρευσον
3058 2382 3278 2447 αὐτούς.
3296 2401 3315 2434 ι
3343 2383 3481 2447 Kal,
3505 2383 3720 2456 «Κύριος
3742 2387 3828 2455 ἐμοὶ

2307 2468 2521 2539 βοηθὸς,
2573 2470 2730 2541 κάγὼ
2772 2473 3046 2545 ἐπόψομαι
3088 2475 3216 2539 τοὺς
3257 2474 3489 2546 ἐχθρούς
3533 2493 3657 2546 μου·
3702 2479 3748 2531 ἐν
3776 2478 3830 2548 τῷ

2305 2561 2427 2632 Θεῷ
2460 2562 2569 2635 γάρ
2600 2563 2902 2636 ποιήσομαι
2938 2565 3170 2636 δύναμιν
3190 2581 3205 2596 ·
3236 2567 3331 2620 καὶ
3356 2565 3523 2630 αὐτὸς
3546 2567 3828 2634 ἐξουδενώσει

2305 2651 2434 2715 τοὺς
2479 2652 2709 2724 ἐχθροὺς
2747 2654 2930 2725 ἡμῶν.
2959 2672 2978 2708 ι
3030 2654 3217 2709 Ταῦτα
3255 2656 3312 2709 δὲ
3355 2656 3489 2727 περὶ
3530 2658 3633 2713 τῶν
3673 2660 3830 2730 νοητῶν

2308 2746 2520 2818 ἐχθρῶν
2560 2748 2929 2820 προσηύχετο,
2981 2751 3077 2805 καὶ
3114 2751 3237 2822 οὐχὶ
3264 2751 3398 2824 περὶ
3430 2751 3729 2825 ἀνθρώπων.
3753 2756 3831 2808 Kal

2310 2838 2525 2911 μάρτυς
2562 2841 2597 2911 ἡ
2643 2842 2768 2895 κατ’
2801 2843 2967 2896 αὐτὸν
3023 2843 3256 2915 ἱστορία.
3311 2845 3426 2899 Τοῦ
3456 2846 3564 2917 γάρ
3583 2846 3733 2900 Σαοὺλ
3761 2846 3831 2915 ζη-

2305 2931 2527 2996 τοῦντος
2551 2932 2649 3005 τὴν
2674 2934 2851 3006 ψυχὴν
2874 2935 3063 3003 αὐτοῦ,
3092 2938 3189 2991 καὶ
3212 2937 3511 3003 διώκοντος
3562 2939 3710 2993 αὑτὸν
3733 2939 3834 3009 μετὰ

2308 3026 2624 3097 τρισχιλίων
2645 3026 2874 3099 ἀνδρῶν,
2899 3029 2997 3082 καὶ
3036 3029 3444 3100 παραδοθέντος
3473 3031 3552 3094 είς
3576 3031 3666 3093 τὰς
3690 3033 3834 3101 χεῖρας

2309 3119 2478 3172 αὐτοῦ
2514 3118 2680 3185 ἅπαξ,
2711 3120 2807 3193 καὶ
2845 3119 2950 3185 δίς,
2986 3120 3211 3174 καὶτῶν
3253 3121 3377 3193 μετ’
3404 3122 3570 3176 αὐτοῦ
3599 3122 3831 3190 λεγόντων,

616 3206 702 3247 sto
725 3196 742 3263 )
768 3195 1029 3265 disperde
1051 3200 1289 3255 illos’h
1316 3202 1421 3257 Et:
1450 3223 1468 3255 ι
1494 3206 1762 3263 Dominus
1795 3212 1932 3265 mihi
1963 3213 2203 3285 adjutor,

2316 3231 2334 3264 ι
2371 3210 2501 3264 Ἰδοὺ
2542 3213 2575 3283 ἠ
2602 3191 2787 3282 ἡμέρα
2813 3204 2847 3286 ᾖ
2878 3211 3085 3283 Κύριος
3108 3191 3436 3284 παρέδωκεν
3454 3212 3546 3266 τὸν
3576 3213 3744 3283 ἐχθρόν
3764 3231 3832 3265 σου

615 3293 671 3337 et
695 3300 796 3356 ego
827 3285 1126 3357 despiciam
1156 3290 1413 3349 inimicos
1445 3310 1600 3351 meos
1624 3298 1688 3352 “.
1716 3298 1775 3355 In
1799 3300 1913 3357 Deo
1942 3303 2208 3363 faciemus

616 3375 901 3443 virtutem,
934 3387 990 3433 et
1014 3377 1132 3449 ipse
1166 3381 1235 3436 ad
1273 3384 1510 3441 nihilum
1539 3387 1779 3446 deducet
1809 3392 2065 3452 inimicos
2108 3415 2209 3454 no-

616 3477 762 3523 stros
804 3469 867 3522 ¹².
904 3487 924 3520 ι
954 3470 1025 3525 Ει
1058 3472 1175 3527 haec
1227 3475 1453 3544 quidem
1498 3493 1688 3536 orasse
1748 3480 1981 3557 intelligi
2038 3488 2205 3549 debet

614 3558 882 3616 adversus
923 3562 1243 3632 spirituales
1291 3566 1573 3635 inimicos,
1613 3587 1727 3628 non
1764 3574 1896 3630 item
1931 3578 2205 3639 adversus

614 3651 887 3709 homines.
920 3655 1159 3712 Historia
1190 3660 1513 3718 testimonio
1537 3675 1623 3719 est
1667 3665 1937 3725 adversus
1985 3671 2205 3731 intelle-

614 3746 829 3800 ctuales
862 3746 1051 3804 hostes
1084 3750 1346 3806 Davidem
1376 3768 1501 3811 esse
1530 3766 1817 3826 precatum
1844 3762 2037 3820 Deum.
2063 3766 2203 3824 Cum

613 3836 764 3889 enim
797 3836 927 3893 Saul
950 3839 1191 3895 animam
1219 3843 1390 3898 David
1423 3849 1855 3918 propensissime
1892 3866 2202 3926 appeteret,

614 3942 855 3998 eumque
914 3941 1351 4002 persequeretur
1408 3952 1575 3993 manu
1646 3942 1887 4013 stipatus
1951 3948 2203 4005 virorum

617 4022 784 4075 trium
800 4022 1056 4090 millium,
1080 4034 1139 4081 et
1159 4036 1309 4082 esset
1334 4027 1462 4084 Saul
1483 4032 1656 4088 semel
1674 4045 1731 4089 et
1760 4039 2006 4094 secundo
2027 4042 2203 4097 tradi-

2309 3306 2370 3358 ἐν
2394 3306 2459 3375 τῇ
2487 3305 2632 3376 χειρί
2674 3322 2766 3358 σου
2792 3321 2807 3338 ·
2835 3322 2854 3356 ι
2905 3306 3070 3371 αὐτὸς
3116 3306 3466 3374 άπελογεῖτο’
3504 3307 3611 3376 «Ζῇ
3656 3305 3831 3373 Κύριος,

2307 3397 2369 3449 οὐ
2402 3399 2475 3466 μὴ
2504 3397 2772 3466 ἐπαγάγω
2803 3398 2907 3468 τὴν
2931 3398 3091 3468 χεῖρά
3121 3416 3223 3470 μου
3253 3398 3346 3452 ἐπὶ
3368 3399 3592 3470 χριστὸν
3618 3399 3789 3468 Κυρίου
3814 3416 3827 3447 ι

2311 3489 2423 3543 Kal
2449 3490 2510 3543 οὐ
2545 3490 2707 3561 μόνον
2730 3491 2911 3556 τοῦτο,
2948 3492 3084 3547 ἀλλὰ
3127 3492 3224 3547 καὶ
3252 3492 3478 3546 ἐπένθει
3504 3492 3737 3554 θανόντος
3766 3493 3832 3543 αὖ·

2305 3577 2422 3633 τοῦ.
2456 3580 2565 3633 Kal
2599 3579 2944 3634 ἐθανάτωσεν
2966 3581 3058 3635 τὸν
3085 3581 3591 3652 εὐαγγελισάμενον
3619 3580 3745 3651 αὐτῷ
3761 3580 3829 3650 τὴν

2308 3671 2523 3743 σφαγὴν
2555 3671 2744 3727 αὐτοῦ.
2783 3673 3020 3743 Ὁμοίως
3055 3675 3220 3728 πάλιν
3249 3674 3479 3729 ἐπένθει
3508 3676 3604 3729 καὶ
3631 3675 3743 3744 περὶ
3765 3673 3830 3724 το]

2309 3764 2544 3819 θανάτου
2579 3765 2901 3836 Ἀὄεσαλὼμ
2921 3766 3018 3821 τοῦ
3049 3766 3341 3836 ζητοῦντος
3363 3767 3531 3821 αὑτὸν
3547 3768 3829 3823 ἀποκτεῖναι.

2308 3857 2508 3929 Σαφῶς
2532 3854 2626 3914 οὖν
2651 3860 3031 3915 ἀποδέδεικται
3052 3861 3141 3915 διὰ
3161 3860 3397 3927 τούτων,
3422 3862 3508 3916 ὅτι
3532 3861 3592 3915 οὐ
3623 3862 3743 3933 πρὸς
3768 3862 3831 3912 ὸν·
3944 3920 3945 3959 ἐ

2305 3950 2559 4023 θρώπους
2603 3948 2674 4024 ἦν
2717 3953 2869 4025 αὐτῷ
2898 3954 2933 4026 ἡ
2964 3953 3159 4025 ἔχθρα,
3196 3954 3334 4009 ἀλλὰ
3377 3956 3522 4027 πρὸς
3551 3956 3673 4017 τοὺς
3711 3969 3833 4024 μιση·

2305 4044 2434 4106 τοὺς
2465 4044 2752 4115 δαίμονας.
2782 4047 2895 4101 Kal
2929 4047 3093 4117 ἡμεῖς
3122 4041 3218 4102 οὖν
3248 4046 3329 4118 τῷ
3360 4048 3590 4102 πάντων
3614 4047 3720 4117 Θεῷ
3745 4048 3835 4099 ἁνα-

619 4123 706 4169 tus
740 4116 795 4169 in
828 4132 1023 4172 manus
1055 4117 1230 4188 ipsius
1264 4120 1437 4175 David
1469 4131 1527 4176 et
1561 4139 1761 4179 eorum
1791 4126 1887 4196 qui
1916 4144 2043 4184 cum
2083 4133 2203 4203 ipso

2308 4136 2555 4207 θώμεθα,
2578 4138 2671 4192 καὶ
2696 4139 2859 4205 αὐτὸς
2875 4116 3036 4203 σώζει
3065 4140 3215 4211 ἡμᾶς
3243 4116 3310 4193 εί
3335 4140 3453 4194 τῶν
3474 4139 3676 4211 ἐχθρῶν
3696 4116 3830 4207 ἡμῶν.

614 4216 795 4273 erant,
825 4208 921 4277 qui
967 4210 1133 4294 etiam
1170 4211 1459 4267 dicerent:
1501 4232 1521 4267 ι
1546 4216 1691 4272 Ecce
1724 4217 1845 4274 dies
1882 4219 1937 4274 in
1962 4237 2071 4291 qua
2097 4237 2205 4281 tra-

2308 4226 2418 4280 τῶν
2447 4227 2659 4299 νοητῶν
2690 4228 2787 4283 καὶ
2821 4208 3118 4300 αἰσθητῶν,
3169 4230 3414 4302 μάλιστα
3440 4208 3540 4286 ἐὰν
3566 4232 3833 4299 ἀκούσωμεν

616 4299 760 4354 didit
801 4290 1404 4359 Dominus'inimicum
1440 4314 1597 4361 tuum
1646 4308 1704 4363 in
1749 4326 1917 4367 manu
1962 4290 2056 4370 tua
2086 4317 2194 4384 ¹³;›

2308 4316 2397 4371 τοῦ
2432 4290 2715 4385 Ἰακώόου,
2731 4319 2821 4387 λέῖ
2832 4290 3037 4385 οντοςᾼ
3063 4290 3500 4391 Ἀθη-στενάζετε,
3519 4321 3721 4390 ἀδελφοί
3740 4290 3831 4390 μου.

618 4392 906 4461 respondit
942 4391 1152 4448 David:
1192 4412 1211 4445 ι
1250 4394 1399 4451 Vivit
1450 4395 1736 4463 Dominus,
1788 4415 1901 4456 non
1954 4401 2201 4475 injiciam

2308 4412 2425 4464 κατ’
2461 4410 2729 4483 ἀλλήλων,
2758 4412 2847 4465 ἵνα
2888 4413 2963 4485 μὴ
2992 4406 3240 4485 κριθῆτε.
3264 4432 3283 4466 ι
3312 4414 3431 4468 Kal
3458 4414 3623 4468 αὐτοῦ
3657 4413 3738 4468 τοῦ
3757 4413 3834 4465 Κυ-

619 4499 842 4538 manum
882 4500 1059 4539 meam
1109 4484 1165 4540 in
1200 4485 1473 4541 cbristum
1517 4487 1735 4544 Domini
1768 4490 1832 4546 “.
1865 4510 1884 4543 ι
1922 4493 2113 4565 Neque
2143 4497 2199 4554 id

2308 4501 2426 4573 ρίου
2448 4502 2754 4574 εἰρηκότος,
2776 4521 2797 4555 ι
2835 4484 2996 4572 Ὑμῖν
3009 4484 3066 4557 δὲ
3089 4504 3234 4573 λέγω
3246 4506 3361 4568 τοῖς
3380 4504 3686 4567 ἁκούουσιν,
3712 4504 3833 4569 Ἀτα-

618 4577 782 4631 modo
835 4576 988 4640 fecit.
1019 4578 1117 4633 sed
1171 4588 1228 4634 et
1261 4578 1444 4635 Saulis
1490 4590 1724 4637 mortem
1758 4583 1920 4652 luxit,
1957 4602 2199 4660 eumque

2308 4595 2448 4647 πᾶτε
2496 4595 2628 4659 τοὺς
2661 4596 2894 4667 ἐχθροὺς
2943 4596 3122 4667 ὑμῶν,
3159 4596 3345 4661 καλῶς
3389 4601 3601 4652 ποιεῖτε
3634 4598 3732 4660 τοῖς
3769 4612 3833 4665 μι-

615 4668 829 4724 dedidit
856 4670 1001 4736 neci,
1028 4671 1125 4741 qui
1163 4671 1370 4726 caedem
1393 4673 1739 4730 renuntiarat
1770 4674 1952 4734 Saulis
1992 4679 2055 4735 ¹⁸.
2085 4683 2197 4740 Nec

2308 4687 2492 4742 σοῢσιν
2519 4689 2687 4760 ὑμᾶς,
2718 4689 3088 4762 προσεύχεσθε
3144 4690 3288 4761 ὑπὲρ
3324 4690 3439 4745 τῶν
3470 4691 3832 4762 ἐπηρεαζόντων

538 4776 541 4777 ⁷
615 4761 780 4816 aliter
825 4761 1122 4817 Absalouis
1164 4763 1388 4834 lugebat
1431 4773 1688 4833 mortem,
1723 4767 1821 4838 qui
1853 4784 2046 4828 necem
2084 4782 2193 4830 tam

2308 4781 2447 4851 ὑμᾶς
2474 4780 2572 4834 καὶ
2599 4761 2934 4838 διωκόντων,
2982 4800 3001 4834 ι
3033 4781 3194 4853 Αὐτῷ
3227 4785 3263 4855 ἠ
3289 4783 3418 4851 δόξα
3472 4786 3556 4848 είς
3597 4784 3713 4847 τοὺς
3740 4780 3834 4835 ιιίώ-

619 4854 864 4911 studiose
887 4854 1229 4925 expetiverat
1248 4856 1490 4927 patris“.
1514 4858 1770 4914 Arbitror
1792 4875 1925 4917 sane
1953 4878 2053 4932 per
2078 4866 2194 4924 haec
2299 4889 2413 4936 νας.
2450 4871 2647 4943 Ἀμήν.

615 4947 756 5002 nihil
786 4947 1039 5002 obscuris
1070 4949 1412 5019 argumentis
1445 4949 1787 5007 declaratum
1851 4953 2015 5013 istius
2084 4958 2405 5020 inimicitias
2458 4965 2787 5035 neutiquam
2828 4965 2887 5021 in
2951 4964 3208 5021 homines
3258 4966 3502 5024 intentas
3532 4969 3715 5029 fuisse,
3764 4962 3831 5020 sed

617 5040 879 5097 adversus
908 5041 1186 5098 daemones
1216 5043 1346 5099 odio
1377 5044 1530 5099 omni
1578 5044 1956 5116 dignissimos.
1978 5050 2048 5107 Et
2109 5069 2214 5111 nos
2246 5057 2415 5129 igitur
2440 5058 2538 5128 qui
2588 5074 2701 5129 prae
2719 5058 2937 5114 caeteris
2964 5060 3092 5129 (vel
3120 5060 3241 5130 ipso
3265 5070 3403 5117 teste
3439 5063 3631 5117 habitu
3660 5063 3677 5130 )
3708 5060 3831 5130 spiri-

620 5132 794 5191 tuales
838 5134 1113 5202 videmur,
1158 5137 1450 5194 audiamus
1516 5138 1783 5197 Iacobum
1861 5143 2189 5205 dicentem:
2234 5169 2254 5203 ι
2327 5151 2512 5211 Nolite
2560 5152 2927 5225 ingemiscere
2979 5154 3039 5208 in
3104 5155 3459 5220 alterutrum,
3511 5155 3701 5210 fratres
3736 5148 3831 5210 mei.

622 5234 684 5279 ut
712 5242 781 5281 ne
810 5227 866 5281 in
880 5228 1154 5298 judicium
1178 5231 1534 5291 decidatis".
1557 5254 1576 5289 ι
1604 5235 1713 5292 Sed
1733 5244 1791 5292 et
1811 5237 1929 5309 ipse
1948 5241 2219 5301 Dominus
2253 5245 2390 5317 quid
2427 5246 2653 5313 dixerit,
2704 5255 2915 5304 attenta
2959 5262 3024 5305 ac
3081 5247 3232 5304 fideli
3268 5264 3403 5304 aure
3452 5247 3791 5319 percipiamus
3822 5258 3831 5294 :

631 5318 843 5375 «Vobis
861 5328 1048 5378 autem
1083 5322 1209 5379 dico
1248 5326 1651 5385 audientibus:
1692 5330 1913 5401 Diligite
1959 5332 2215 5392 inimicos
2253 5348 2490 5407 vestros,
2506 5340 2818 5396 benefacite
2836 5339 2925 5395 his
2961 5342 3057 5411 qui
3096 5318 3653 5408 oderuntvos;orate
3668 5353 3755 5410 pro
3773 5333 3835 5389 bis

618 5412 1148 5485 quicalumniantur
1165 5426 1223 5472 et
1252 5431 1665 5489 persequuntur
1687 5438 1788 5478 vos
1826 5423 1893 5481 ⁸⁸.
1923 5443 1942 5477 ι
1970 5426 2079 5497 Ipsi
2097 5430 2270 5500 gloria
2311 5431 2367 5487 in
2403 5433 2626 5488 saecula.
2670 5433 2865 5488 Amen.

692 5591 712 5622 "
736 5593 916 5680 Ifrov.“
932 5612 1086 5680 ιείὶινἰ
1111 5596 1201 5652 ΞΙ.
1268 5600 1482 5680 '_lsa.__t_,
1518 5602 1605 5680 ιβ,
1637 5604 1719 5661 17.
1798 5612 1818 5642 ⁸
1847 5613 2008 5669 Prov.
2041 5627 2121 5677 ιιι,
2142 5611 2229 5665 50.
2344 5612 2365 5645 "
2393 5578 2554 5669 βων.
2586 5631 2701 5679 vm.
2740 5616 2826 5670 l3.
2847 5616 2869 5648 ⁸
2893 5617 3056 5671 Prov.
3098 5634 3208 5680 xIx,
3237 5616 3325 5673 28.
3436 5619 3457 5648 ’
3483 5616 3621 5673 Psal.
3686 5627 3833 5669 mm

625 5658 713 5726 ιθ,
746 5665 795 5717 ι.
872 5666 916 5697 ιο
967 5658 1108 5723 Psal.
1140 5684 1250 5733 Lm,
1282 5671 1336 5725 7.
1402 5658 1786 5746 ιιιιδειιῖεέζηι,
1820 5658 1985 5737 τῖ’Ἶπ
2027 5658 2207 5737 Ρεςῖι..

632 5730 696 5759 ιε
768 5734 827 5759 ιιι
930 5738 971 5759 ιι
1003 5738 1045 5759 Il
1083 5740 1191 5759 n_-,
1252 5757 1277 5759 _,
1442 5744 1509 5759 σιν-ν
1600 5747 1640 5759 .-
1674 5749 1691 5759 .
1912 5755 1965 5759 ,Α
2058 5754 2097 5759 -_
2144 5752 2189 5759 --

2314 5721 2327 5740 .
2371 5658 3059 5759 ιίζῖὲὶιἰῖὲεῖνιέχγῖξέὲιῖ
3100 5658 3325 5745 τέ”ἷδῖιῖξ
3356 5689 3436 5745 ιι.
3483 5658 3830 5755 "ringi;

629 5730 716 5801 ιδ,
767 5734 847 5791 l7.
930 5738 971 5768 η
1002 5738 1045 5794 ιι
1083 5740 1212 5812 Reg.
1239 5730 1400 5808 'xvm,
1442 5744 1529 5801 35.
1600 5730 1786 5807 ιτιειὲέῖ
1813 5730 1873 5819 ἑξ
1910 5755 1971 5809 ιε
2027 5730 2207 5807 ἐἶ”ιιε

2308 5730 2336 5807 ι’.
2376 5730 2554 5821 ιζ’άι.
