4028 6524
132 252 141 258 ’
206 295 339 365 16m

810 405 1033 459 ΛΟΓΟΣ
1070 402 1117 457 Ν
1125 400 1179 456 E’
1183 444 1200 459 .

629 519 770 587 Περὶ
809 518 919 573 τοῦ
937 516 1025 589 μὴ
1063 514 1333 586 φθονεῖν.

275 637 386 692 Καὶ
418 636 447 690 6
491 632 685 704 φθόνος
724 630 896 685 δεινὸν
931 628 1127 694 πάοος,
1177 626 1272 680 καὶ⁸
1318 622 1645 685 διαϐολικδν,
1694 621 1788 675 καί

206 727 500 782 δυσίατον·
535 723 595 790 ἐξ
627 720 795 775 αὐτοῦ
829 718 937 791 γὰρ
974 717 1286 789 ἀρξάμενον
1317 713 1519 774 εύθέως
1553 712 1791 782 μετεπή-

208 820 372 891 δησεν
404 818 486 880 είς
525 815 616 870 τὸν
665 809 1057 881 ἀδελφοκτόνον
1103 806 1267 861 Κάῖν.
1298 806 1410 858 Καὶ
1438 800 1675 872 καθεξῆς
1708 801 1789 865 είς

207 913 339 975 τοὺς
381 905 781 981 κυριοκτόνους
845 900 1135 963 Ἰουδαίους
1193 897 1556 967 κατήντησεν.
1608 891 1793 945 Δεινὸν

208 1000 327 1067 οὖν,
353 1001 430 1064 ὡς
472 1000 706 1069 ἔφαμεν,
736 995 834 1048 καὶ
864 992 1107 1063 πονηρὸν
1134 992 1163 1045 ό
1194 988 1411 1059 φθόνος.
1451 986 1510 1040 '0
1541 985 1641 1057 μὲν
1683 983 1795 1055 γὰρ

210 1093 426 1166 φθονῶν
457 1090 685 1161 ἄχθεται
730 1086 827 1141 καὶ
877 1085 1128 1157 τήκεται.
1172 1081 1285 1135 Καὶ
1344 1078 1535 1149 ὥσπερ
1576 1074 1795 1147 σκώληξ

210 1191 273 1241 ἐν
301 1185 445 1256 ξύλῳ
474 1181 572 1238 καὶ
605 1180 705 1251 σὴς
735 1181 794 1233 ἐν
844 1176 1068 1249 ίματίῳ,
1102 1173 1278 1237 οὕτως
1308 1172 1409 1244 τὴν
1444 1170 1675 1243 καρδίαν
1690 1168 1793 1246 ,καὶ

209 1278 275 1332 τὸ
320 1276 617 1347 πρόσωπον
665 1268 987 1340 ἐξαφανίζει
1054 1263 1152 1319 τοῦ
1199 1262 1535 1335 ἐμπεσόντος
1581 1263 1661 1323 εἰς
1696 1259 1795 1347 τὰς

213 1372 405 1443 χεῖρας
451 1362 620 1421 αὑτοῦ
664 1365 694 1418 6
745 1361 963 1432 φθόνος.
1008 1357 1068 1412 ’0
1101 1356 1157 1410 δὲ
1200 1352 1565 1423 φθονούμενος
1727 1346 1797 1401 τά

216 1441 405 1536 πρόσω
434 1456 760 1530 προκόπτει,
778 1452 883 1507 ὑπὸ
910 1452 1121 1523 Κυρίου
1142 1447 1549 1516 σκεπαξάμενος
1564 1460 1579 1474 ⁸

216 1532 371 1609 καὶὸ
414 1553 653 1623 Ἰωσήφο
690 1549 818 1603 ὅσον
861 1545 973 1616 γὰρ
1023 1542 1285 1612 ἐφθόνουν
1314 1537 1464 1609 αὐτῷ
1495 1536 1543 1589 οἱ
1579 1532 1799 1599 ἀδελφοὶ

219 1646 412 1713 αὐτοῦ,
442 1643 699 1699 τοσοῦτον
726 1641 757 1695 ό
790 1638 926 1703 Θεδς
956 1636 1173 1707 ὕψωσεν
1219 1632 1403 1698 αὐτὸν,
1435 1630 1541 1694 ἓως
1580 1623 1641 1683 οὗ
1693 1628 1802 1680 είσ-

1300 288 1631 352 HOMILIA
1673 287 1787 347 LV.
1818 308 1888 325 ο-
1920 285 2020 346 DE
2060 285 2379 349 INVIDIA.

3338 274 3475 341 1602

2455 408 2731 465 HOMlLlA
2759 407 2871 463 LV.

2301 523 2380 579 Ne
2399 523 2633 593 cuipiam
2666 520 2943 576 invideris.

1959 635 2078 691 Jam
2107 634 2314 691 invidia
2359 650 2520 705 quam
2569 636 2871 690 vehemens
2899 633 2971 689 sit
3025 633 3197 688 animi
3226 634 3474 699 aﬁ‘ectio,

1891 724 2080 779 verius
2110 724 2383 792 diabolica
2431 724 2808 793 intemperies,
2842 724 3044 793 vixque
3089 723 3241 778 illam
3275 723 3477 778 admit-

1893 816 2018 870 tens
2048 815 2320 870 medelam
2359 854 2375 881 ,
2404 814 2531 884 quis
2579 814 2785 869 referat
2815 815 2839 869 ’ἰ
2872 814 2957 869 Ab
2991 814 3112 884 ipso
3155 815 3305 869 enim
3358 814 3480 869 dia-

1894 909 2022 965 bolo
2050 908 2275 963 vixdum
2306 916 2549 963 traxerat
2585 907 2880 979 originem,
2914 917 2970 963 et
2998 924 3127 963 ecce
3174 925 3204 963 e
3248 908 3482 979 vestigio

1896 1000 1953 1055 in
1972 999 2322 1055 fratricidam
2343 999 2577 1055 Cainum
2595 1000 2908 1065 trausilivit,
2929 1009 3096 1070 atque
3120 1001 3312 1056 ordine
3329 1000 3484 1054 dein-

1893 1107 2024 1163 ceps
2068 1107 2246 1163 prono
2299 1106 2467 1147 cursu
2521 1092 2579 1145 in
2635 1090 3005 1147 dominicidas
3054 1092 3275 1147 Iudaeos
3309 1092 3483 1146 devo-

1897 1185 2014 1239 luta
2047 1194 2154 1240 est.
2185 1186 2353 1241 Plane
2382 1184 2589 1240 invidia
2607 1186 2906 1239 vehemens
2922 1196 3085 1255 atque
3106 1197 3265 1239 atrox
3280 1186 3483 1240 malum

1896 1291 1960 1331 ac
1982 1276 2161 1331 modis
2217 1276 2474 1331 oumibus
2501 1275 2725 1330 crudele
2781 1284 2886 1329 est.
2911 1276 3012 1341 Qui
3046 1275 3195 1329 enim
3243 1276 3482 1345 cuipiam

1898 1368 2131 1434 invidet,
2187 1368 2358 1422 animi
2423 1382 2629 1439 angore
2706 1366 3094 1433 discruciatur,
3145 1369 3487 1430 contabescit

1899 1460 2124 1526 misere,
2167 1460 2448 1531 eliquatur
2478 1469 2648 1514 totus.
2671 1458 2882 1515 Invidia
2910 1460 3059 1513 enim
3088 1462 3243 1530 quasi
3282 1460 3488 1516 vermis

1902 1554 1956 1609 in
1987 1553 2157 1623 ligno,
2206 1562 2262 1607 et
2294 1553 2347 1606 in
2380 1551 2714 1606 vestimento
2766 1550 2935 1617 tinea,
2982 1552 3058 1607 ita
3089 1567 3186 1606 cor
3244 1553 3485 1622 denique

1907 1646 2121 1717 1114
2162 1654 2221 1701 et
2251 1645 2445 1701 faciem
2488 1645 2609 1715 ejus
2650 1644 2876 1700 conﬁcit
2906 1660 2971 1699 ac
3016 1654 3258 1700 macerat
3301 1646 3485 1701 hebeti

220 1742 432 1811 ήγαγεν
466 1737 631 1791 αὐτὸν
684 1735 766 1797 είς
801 1732 900 1802 τὴν
956 1726 1258 1801 βασιλείαν.
1304 1723 1580 1787 Ὡσαύτως
1623 1721 1722 1776 καὶ
1773 1722 1803 1776 6

1916 1739 2144 1809 pallore,
2170 1737 2265 1808 qui
2298 1737 2467 1792 semel
2496 1736 2552 1790 in
2588 1736 2763 1806 ipsius
2792 1752 2988 1791 manus
3015 1735 3231 1792 incidit.
3259 1737 3485 1805 Contra,

222 1833 419 1897 Σαοὺλ,
456 1830 547 1885 διὰ
592 1826 785 1899 φθόνον
815 1826 1043 1879 ἐδίωκεν
1066 1821 1160 1877 τὸν
1188 1818 1378 1883 Δαυτδ,
1412 1816 1557 1872 καθὰ
1594 1816 1802 1886 γέγραο

224 1942 383 1988 πται,
418 1944 437 1976 ι
472 1920 728 1991 Ἐξῆλθον
762 1920 819 1973 αί
851 1920 1179 1989 χορεύουσαι
1206 1913 1301 1967 καὶ
1329 1911 1536 1979 ελεγον,
1569 1908 1808 1962 Ἐπάτα-

226 2018 319 2082 ξεν
350 1992 525 2068 Σαοὺλ
549 2012 609 2063 ἐν
655 2008 897 2080 χιλιάσιν
924 2006 1117 2067 αὑτοῦ,
1151 2004 1246 2057 καὶ
1272 2000 1434 2055 Δαυῗδ
1465 2001 1523 2053 ὲν
1549 1996 1808 2068 μυριάσιν

224 2107 418 2163 αὐτοῦ.
446 2125 465 2158 ι
495 2101 849 2175 Παραχρῆμα
878 2099 988 2169 γάρ
1032 2094 1336 2169 ἐρρίζωσεν
1366 2092 1397 2145 6
1425 2090 1621 2161 φθόνος
1649 2091 1708 2143 ὲν
1739 2090 1806 2160 τῇ

229 2200 434 2273 καρδία
474 2195 682 2252 Σαούλ’
716 2194 811 2248 καὶ⁸
841 2188 997 2246 εἶπεν
1041 2189 1119 2261 τῷ
1162 2186 1347 2251 Δαυτδ,
1387 2203 1403 2236 ι
1428 2184 1522 2237 Σοὶ
1569 2182 1811 2273 δέδωκαν

226 2272 331 2357 τὰς
380 2288 673 2363 μυριάδας,
744 2284 914 2355 κάμοι
970 2281 1071 2345 τὰς
1118 2278 1388 2349 χιλιάδας.
1416 2294 1434 2327 ι
1474 2274 1588 2329 Kal.
1641 2274 1671 2326 6
1715 2272 1812 2343 μὲν

227 2381 381 2447 οἶκος
420 2379 515 2435 τοῦ
563 2374 841 2449 φθονεροῦ
861 2373 1056 2439 Σαοὺλ,
1106 2369 1403 2441 ἐπορεύετο
1444 2364 1539 2419 καὶ
1584 2363 1815 2432 ἠλαττο-

230 2472 420 2527 νοῦτω
448 2471 477 2524 6
508 2468 567 2522 δὲ
606 2462 757 2528 οἶκος
806 2462 903 2518 τοῦ
942 2459 1310 2535 φθονουμένου
1344 2454 1527 2523 Δαυῖδ,
1556 2453 1812 2526 ηὔξανεν,

232 2565 333 2620 καὶ
377 2557 773 2633 ἐκραταιοῦτο·
816 2554 914 2610 καὶ
962 2552 1127 2617 αὐτὸς
1180 2547 1473 2621 ἐμελῴδειο
1540 2566 1558 2599 ι
1593 2544 1817 2599 Ἔθεντο

231 2656 356 2711 κατ’
385 2652 520 2725 ἐμοῦ
569 2649 716 2704 κακά
762 2646 887 2702 ἀντὶ
924 2644 1163 2714 ἀγαθῶν,
1207 2641 1301 2696 καὶ
1352 2642 1508 2712 μῖσος
1556 2637 1679 2693 ἀντὶ
1717 2637 1819 2707 τῆς

232 2744 570 2819 ἁγαπὴσεώς
594 2760 721 2815 μου.
744 2761 762 2793 ›
790 2741 903 2795 Καὶ
937 2737 1126 2801 πάλιν,
1168 2755 1187 2787 ι
1211 2734 1631 2804 Καταράσονται
1666 2730 1820 2786 αὐτοὶ⁸

235 2844 336 2897 καὶ
360 2843 424 2895 σὺ
450 2839 798 2908 εὐλογήσειςσ
839 2832 950 2903 ἐγὼ
1001 2831 1058 2885 δὲ
1084 2831 1146 2884 ού
1193 2828 1563 2902 προετιθέμην
1592 2825 1702 2899 πρὸ
1724 2825 1822 2896 όφ-

237 2932 464 3004 θαλμῶν
499 2948 600 3002 μου
637 2926 878 2998 πρᾶγμα
923 2921 1262 2993 παράνομον.
1292 2938 1310 2972 ι
1344 2919 1456 2973 Kal.
1483 2920 1511 2972 6
1534 2917 1824 2990 προφήτης

250 3025 524 3081 Ἀὁὸακοὺ
533 3041 591 3094 μ,
606 3040 625 3074 ι
654 3016 913 3090 Καθαρδς
928 3013 1208 3087 ὀφθαλμὸς
1229 3012 1322 3067 τοῦ
1344 3012 1418 3083 μὴ
1434 3013 1567 3083 όρᾷν
1587 3027 1723 3080 πονη
1733 3008 1821 3081 ρὰ,

1905 1831 1953 1886 is
1985 1830 2073 1886 cui
2098 1830 2395 1895 invidetur,
2424 1830 2479 1883 in
2514 1829 2802 1883 hominum
2839 1837 3137 1899 prospectu
3176 1830 3336 1886 miris
3368 1846 3488 1884 mo-

1905 1921 1993 1976 dis
2042 1929 2404 1991 promovetur
2457 1935 2521 1974 ac
2554 1918 2799 1990 proﬁcit,
2843 1934 2873 1972 a
2916 1918 3150 1974 Domino
3182 1930 3485 1989 protectus.

1908 2013 2179 2083 Exemplo
2205 2021 2290 2067 est
2329 2013 2527 2067 beatus
2562 2012 2654 2067 ille
2716 2010 2943 2081 Ioseph.
3003 2010 3123 2078 Quo
3151 2014 3299 2067 enim
3347 2014 3492 2067 faces

1907 2106 2170 2161 fraternae
2212 2104 2436 2159 invidia:
2472 2103 2528 2158 in
2555 2104 2709 2158 illum
2765 2113 3088 2158 exarserant
3128 2105 3333 2168 acrius,
3386 2106 3493 2161 hoc

1910 2193 2003 2248 ille
2038 2192 2333 2249 sublimius
2354 2208 2386 2248 a
2411 2193 2526 2247 Deo
2570 2192 2984 2263 provehebatur
3007 2234 3022 2257 ,
3053 2208 3343 2264 quousque
3373 2204 3493 2249 tan-

1911 2286 2037 2340 dem
2070 2285 2139 2341 ad
2181 2285 2336 2357 regni
2389 2285 2764 2356 gubernacula
2826 2292 3119 2355 promotus
3165 2294 3269 2341 est.
3317 2286 3407 2342 Sic
3438 2296 3495 2342 et

1913 2379 2041 2436 Saul
2097 2388 2270 2435 (nstro
2337 2377 2728 2434 exstimulatus
2802 2376 3047 2442 invidiae,
3111 2377 3493 2434 admirabilem

1914 2475 2068 2530 illum
2133 2471 2307 2527 David
2360 2468 2798 2540 persequebatur
2822 2509 2837 2534 ,
2873 2469 3020 2524 sicut
3069 2469 3336 2539 scriptum
3363 2480 3446 2525 est
3478 2489 3492 2525 :

1923 2586 1942 2621 ι
1965 2566 2235 2621 Exierunt
2251 2573 2415 2633 atque
2433 2577 2559 2617 cum
2586 2559 2832 2631 tripudio
2850 2561 3086 2631 agebant
3106 2562 3497 2632 triumphalem

1916 2657 2176 2713 choream
2247 2654 2466 2725 puellae,
2502 2668 2567 2707 ac
2614 2652 2879 2707 dicebant
2909 2669 2923 2706 :
2948 2654 3229 2709 Percussit
3275 2655 3404 2709 Saul
3443 2656 3499 2710 in

1918 2747 2167 2803 millibus
2184 2746 2301 2801 suis
2322 2753 2380 2802 et
2398 2744 2569 2799 David
2593 2743 2852 2799 indecem
2896 2745 3141 2800 millibus
3157 2746 3273 2800 suis
3291 2747 3354 2801 ι’.
3375 2766 3391 2798 ι
3410 2747 3500 2800 Di-

1919 2854 2009 2897 eto
2029 2840 2183 2895 ocius
2198 2842 2397 2909 parens
2413 2836 2502 2892 ille
2520 2836 2740 2892 invidiae
2755 2835 2933 2892 omnis
2954 2835 3007 2891 in
3023 2836 3201 2893 Saulis
3217 2837 3383 2893 corde
3400 2837 3504 2893 sibi

1921 2935 2128 3006 delegit
2144 2934 2272 2989 vita:
2291 2931 2830 3001 domicilium,eique
2854 2931 3245 2997 insusurravit,
3260 2943 3320 2987 ut
3351 2934 3504 2989 dice-

1924 3033 2011 3082 ret
2046 3045 2059 3080 :
2088 3045 2105 3077 ι
2144 3024 2314 3079 David
2364 3022 2641 3079 dederunt
2676 3023 2888 3103 decem.
2916 3023 3109 3086 millia,
3153 3025 3289 3079 mihi
3324 3034 3505 3081 autem

237 3120 340 3175 καὶ
371 3115 690 3171 ἐπιϐλέπειν
711 3112 806 3167 ἐπὶ
836 3111 1035 3173 πόνους
1064 3107 1279 3177 ὀδύνης.
1300 3126 1319 3161 ι
1342 3106 1403 3162 '0
1427 3106 1485 3162 δὲ
1506 3104 1814 3168 Ἀπόστολος

1928 3118 2077 3175 mille
2095 3119 2141 3150 ¹⁰
2162 3118 2214 3171 ?c
2242 3114 2544 3186 thuidem
2568 3113 2766 3170 domus
2777 3114 2971 3179 David,
2991 3116 3079 3170 cui
3099 3116 3179 3171 sie
3194 3116 3507 3184 videbatur,

242 3209 580 3285 στηλιτεύων
619 3209 747 3271 τοὺς
785 3206 846 3259 ἐν
876 3203 1058 3276 φθόνῳ
1102 3200 1479 3265 διδασκάλους,
1512 3200 1714 3273 γράφει
1740 3199 1828 3251 Φι-

241 3302 589 3375 λιππησίοις,
620 3317 640 3353 ι
667 3298 826 3363 Τινὲς
855 3295 954 3368 μὲν
983 3294 1075 3349 διὰ
1104 3292 1300 3364 φθόνον
1330 3291 1424 3346 καὶ
1451 3289 1589 3361 ἔριν,
1622 3289 1681 3356 ἐξ
1716 3291 1828 3360 ἐρι-

245 3398 399 3461 θείας
443 3395 536 3450 τὺν
569 3391 807 3464 Χριστὸν
839 3386 1327 3457 καταγγέλλουσιν,
1361 3386 1600 3455 οἰόμενοι
1645 3381 1824 3451 θλῖψιν

245 3492 488 3562 ἐγείρειν
520 3489 631 3550 τοῖς
660 3484 883 3556 δεσμοῖς
914 3498 1042 3554 μου.
1068 3499 1088 3534 ι
1128 3478 1243 3534 Καὶ
1289 3475 1571 3549 παραινῶν
1608 3474 1827 3540 αὐτοὺς,

248 3586 469 3653 ἐπάγει,
500 3601 519 3634 ι
545 3572 882 3634 Γίνεσθεόὗν
907 3576 988 3638 εἰς
1009 3572 1275 3643 ἀλλήλους
1292 3569 1538 3642 χρηστοὶ,
1563 3566 1831 3637 εΰσπλαγ-

248 3696 390 3751 χνοι,
416 3674 769 3747 χαριζόμενοι
806 3668 1046 3733 ἑαυτοῖς,
1096 3665 1192 3719 καὶ
1224 3666 1252 3718 6
1296 3662 1503 3737 Κύριος
1537 3660 1831 3733 ἐχαρίσατο

249 3774 405 3842 ὑμῖν.
432 3766 654 3821 Γίνεσθε
675 3759 771 3817 οὖν
802 3759 1043 3831 μιμηταὶ
1075 3755 1167 3810 τοῦ
1190 3754 1349 3822 Θεοῦ,
1387 3753 1463 3817 ὡς
1494 3751 1665 3806 τέκνα
1696 3751 1833 3821 ἀγα-

249 3862 422 3933 πητά,
481 3857 577 3913 καὶ¹
619 3853 980 3927 περιπατεῖτε
1033 3850 1093 3903 ἐν
1145 3847 1355 3917 ἀγάπη.
1387 3863 1405 3896 ι
1464 3844 1660 3915 Ψυχῆς
1720 3842 1832 3913 γάρ

249 3954 505 4024 καθαρᾶς
543 3951 696 4014 τδιον,
722 3946 884 4016 λόγος
920 3942 1021 4015 μὲν
1049 3941 1303 4013 ἄφθονος.
1326 3937 1493 4010 Ζῆλος
1517 3937 1577 3991 δὲ
1599 3937 1829 4024 ἄκακος,

250 4048 394 4119 ἔρως
407 4022 475 4100 δὲ
495 4044 774 4103 ἄπαυστος
793 4037 885 4092 τοῦ
909 4034 1116 4108 Κυρίου
1138 4031 1238 4102 τῆς
1256 4028 1556 4101 δόξης.ούκ
1570 4028 1718 4081 ἐστιν
1738 4022 1832 4081 οὖν

253 4137 518 4210 ἁρμόδιον
560 4135 678 4196 τοῖς
720 4129 814 4183 τοῦ
862 4129 1073 4197 Κυρίου
1102 4124 1388 4197 φοιτηταῖς
1411 4120 1589 4192 φθόνῳ
1622 4120 1835 4192 κρατεῖ-

252 4234 402 4298 σθαι,
428 4228 462 4301 ἢ
485 4222 859 4299 θορυϐεῖσθαι,
881 4221 1012 4274 ὅταν
1035 4217 1272 4290 μάλιστα
1294 4216 1662 4285 θεωρήσωμεν
1682 4210 1834 4266 ἀδελ-

252 4321 391 4393 φούς
426 4335 580 4381 τινας
612 4314 947 4386 ἐλαχίστους,
968 4311 1002 4382 ἢ
1021 4308 1293 4371 άνειδέους
1314 4306 1407 4363 ἐπὶ
1436 4305 1607 4377 ἀρχὴν
1637 4301 1834 4374 προκόο

251 4416 485 4485 ψαντας.
524 4407 871 4477 ’Δκούσωμεν
895 4404 1006 4474 γάρ
1026 4400 1122 4456 τοῦ
1151 4399 1360 4471 Κυρίου
1390 4397 1663 4467 λέγοντος,
1699 4393 1833 4459 «Δὸς

1926 3210 2254 3282 quotidiana
2300 3209 2621 3267 accessione
2665 3207 2949 3264 crescebat
2969 3217 3025 3263 et
3072 3208 3507 3274 confortabatur,

1927 3304 2045 3375 ipse
2062 3320 2161 3375 per
2177 3304 2293 3359 haec
2312 3304 2381 3360 ad
2408 3305 2582 3376 lyram
2607 3304 2889 3361 mellicum
2914 3300 3233 3357 cantillabat
3250 3317 3473 3356 carmen
3493 3319 3506 3355 :

1935 3397 2586 3455 «Posueruntadversum
2607 3412 2695 3452 me
2721 3396 2864 3450 mala
2910 3407 3011 3463 pro
3037 3391 3291 3455 bonis,et
3320 3392 3510 3446 odium

1928 3506 2031 3562 pro
2064 3490 2357 3547 dilectione
2374 3505 2497 3545 mea
2513 3490 2581 3543 ¹¹.
2606 3508 2625 3541 ι
2648 3488 2851 3543 lterum
2872 3504 2885 3540 :
2906 3506 2924 3537 ι
2940 3484 3267 3540 Maledicent
3281 3484 3357 3538 illi
3378 3494 3435 3539 et
3452 3495 3509 3540 tu

1929 3583 2225 3641 benedices
2241 3584 2318 3650 ’λς
2335 3597 2437 3654 ego
2456 3590 2643 3637 autem
2659 3596 2771 3636 non
2786 3577 3158 3650 proponebam
3179 3585 3306 3631 ante
3322 3578 3511 3635 oculos

1929 3690 2084 3731 meos
2109 3691 2226 3731 rem
2252 3674 2512 3747 injustam
2543 3674 2643 3727 ⁸³.»
2675 3671 2785 3727 Sed
2818 3680 2876 3727 et
2920 3669 3187 3741 propheta
3218 3667 3508 3725 Habacuc:

1939 3786 1959 3821 ι
1984 3768 2163 3823 Purus
2190 3776 2279 3822 est
2314 3767 2510 3821 oculus
2534 3773 2685 3831 tuus,
2705 3780 2775 3820 ne
2807 3764 2994 3819 videat
3038 3766 3178 3819 mala
3207 3775 3263 3822 et
3283 3766 3515 3835 aspiciat

1932 3872 2099 3927 super
2121 3856 2340 3912 labores
2362 3855 2569 3911 doloris
2589 3854 2653 3910 “.
2688 3873 2708 3907 ι
2730 3855 3028 3924 Apostolus
3050 3856 3178 3912 item
3211 3857 3279 3912 ad
3310 3858 3517 3928 Philip-

1932 3964 2134 4020 penses
2176 3948 2446 4014 scribens,
2478 3948 2709 4018 pulchre
2747 3948 3007 4007 doctores
3036 3949 3159 4004 illos
3184 3959 3341 4004 notat
3370 3950 3515 4004 invi-

1933 4040 2037 4095 dia:
2065 4057 2078 4093 :
2110 4058 2129 4092 ι
2161 4038 2395 4106 Quidam
2420 4038 2646 4109 quidem
2676 4054 2777 4109 per
2807 4039 3067 4094 invidiam
3101 4049 3158 4095 et
3204 4042 3517 4095 contentio-

1932 4145 2081 4194 nem,
2127 4148 2147 4182 ι
2180 4144 2248 4184 ex
2300 4130 2713 4185 concertatione
2765 4131 2976 4187 scilicet
3027 4132 3513 4202 proﬁciscentem;

1941 4240 1960 4275 ι
1988 4220 2272 4276 Christum
2304 4221 2658 4286 annuntiant,
2703 4222 3081 4278 existimantes
3112 4238 3429 4293 pressuram
3458 4240 3516 4278 se

1934 4315 2201 4371 suscitare
2240 4314 2480 4369 vinculis
2502 4316 2641 4369 meis
2667 4316 2733 4369 ”.
2768 4333 2788 4366 ι
2824 4316 2928 4371 Per
2959 4315 3394 4371 admonitionem
3428 4317 3516 4371 in-

1936 4406 2093 4463 ducit
2115 4406 2136 4461 :‘
2163 4425 2181 4458 ι
2210 4407 2404 4462 Estote
2433 4420 2566 4476 ergo
2590 4406 2645 4460 in
2670 4406 2903 4461 invicem
2921 4406 3169 4477 benigni,
3206 4407 3520 4462 misericor-

252 4508 434 4578 τούτῳ
454 4508 643 4568 τόπον,
682 4500 827 4556 ὥστε
852 4496 1253 4567 κατακλιθῆναι
1298 4493 1589 4565 ἀνώτερον.
1615 4511 1635 4545 ι
1678 4489 1814 4545 una

1942 4500 2064 4568 des,
2114 4501 2390 4557 donantes
2446 4502 2686 4557 invicem
2716 4502 2863 4557 sicut
2893 4512 2949 4559 et
2984 4502 3241 4560 Christus
3292 4504 3519 4559 donavit

263 4601 468 4675 μᾶλλον
501 4593 878 4667 θαυμάζωμεν
904 4591 998 4645 τὸν
1024 4589 1233 4644 δίκαιον
1267 4586 1592 4659 προνοητὴν,
1648 4585 1814 4654 σαφῶς

1939 4591 2098 4646 vobis
2137 4592 2420 4647 “.Estote
2447 4592 2619 4663 igitur
2656 4591 2959 4648 imitatores
2986 4592 3194 4649 Christi
3234 4594 3378 4649 sicut
3422 4594 3518 4648 filii

259 4695 357 4749 καὶ
398 4692 728 4763 άπορρήτως
777 4684 1097 4757 κεκρικότα,
1140 4682 1348 4736 ἐκεῖνον
1380 4679 1479 4750 μὲν
1505 4678 1596 4732 τὸν
1621 4676 1814 4748 οἰκτρδε

1940 4683 2279 4748 cbarissimi,
2314 4694 2371 4740 et
2395 4685 2677 4741 ambulate
2707 4686 2764 4741 in
2790 4685 3089 4742 dilectione
3136 4688 3203 4740 ⁸⁷.
3240 4706 3258 4739 ι
3310 4687 3521 4742 Animae

258 4782 621 4857 κληρωθῆναι
640 4779 737 4834 καὶ
761 4774 1066 4850 πρωτεύειν
1085 4774 1183 4829 καὶ
1209 4770 1587 4842 καθηγεῖσθαι,
1619 4769 1763 4840 ἡμᾶς
1780 4767 1814 4821 δ

1942 4775 2269 4837 sincerioris
2305 4778 2589 4847 peculiare
2612 4787 2698 4832 est
2725 4786 3133 4849 argumentum,
3165 4786 3226 4833 ut
3253 4778 3401 4848 quod
3431 4779 3520 4832 lo-

258 4872 593 4946 ἐσχατίζειν.
639 4868 908 4940 Φύγωμεν
957 4860 1051 4920 οὖν
1087 4861 1366 4934 ἀγαπητοὶ
1392 4861 1483 4916 τὸν
1527 4860 1743 4931 φθόνον,
1776 4861 1814 4915 τὲ

1943 4869 2157 4939 quitur,
2188 4870 2327 4924 nihil
2360 4885 2590 4940 prorsus
2615 4869 2843 4940 resipiat
2875 4871 3114 4926 invidiae.
3160 4872 3348 4926 Zelum
3379 4872 3519 4926 alio-

254 4969 514 5038 γέννημα
538 4962 633 5019 τοῦ
653 4961 931 5023 διαϐόλουο
965 4959 1054 5015 ἵνα
1085 4958 1160 5029 μὴ
1205 4954 1738 5027 συγκατακριθῶμεν
1760 4955 1814 5026 τι]

1945 4959 2039 5029 qui
2073 4959 2239 5016 habet
2266 4960 2491 5015 malitiae
2548 4959 2732 5015 omnis
2763 4968 3063 5027 exsortem,
3090 4971 3145 5017 et
3177 4962 3271 5033 qui
3316 4962 3522 5034 jugiter

261 5058 413 5113 Κάῖν
432 5073 446 5087 °
475 5056 628 5119 ὅστις
662 5053 892 5121 στένων,
916 5052 1012 5106 καὶ
1034 5050 1258 5122 τρέμων
1285 5046 1551 5103 κατέλυσε
1576 5046 1668 5100 τὸν
1698 5046 1814 5117 βίον

1946 5051 2043 5107 Dei
2073 5060 2282 5122 quasrat
2306 5068 2373 5107 ac
2399 5051 2582 5108 ﬁrmet
2598 5052 2846 5125 gloriam.
2874 5054 3024 5108 Nihil
3050 5054 3235 5109 minus
3263 5055 3523 5109 convenit

174 5174 239 5209 ι
263 5150 409 5223 μηδὲ
447 5149 611 5205 πάλιν
627 5147 742 5211 τοῖς
768 5146 1025 5215 πονηροῖς
1053 5139 1348 5205 Ἰουδαίοις,
1366 5140 1564 5203 οἵτινες
1603 5138 1693 5194 διὰ
1712 5138 1814 5211 φθό

1946 5158 2112 5212 quam
2142 5152 2207 5199 ut
2238 5144 2599 5214 proﬁteamnr
2642 5161 2745 5201 nos
2781 5160 2904 5201 esse
2944 5145 3245 5217 discipulos
3280 5145 3521 5212 Domini,

257 5262 357 5302 νον
384 5242 495 5297 τῶν
519 5238 615 5296 τοῦ
640 5242 850 5312 Κυρίου
875 5235 1191 5307 θαυμάτων,
1218 5231 1543 5304 παρέδωκαν
1572 5233 1734 5289 αὑτὸν
1758 5233 1814 5287 εί.

1948 5250 2010 5290 re
2037 5247 2223 5291 autem
2254 5236 2369 5306 ipsa
2400 5235 2647 5292 sinamus
2689 5251 2793 5292 nos
2816 5237 3070 5307 intercipi
3095 5245 3247 5308 peste
3277 5237 3521 5303 invidia,

334 5396 576 5464 ηιῐιες.
612 5412 757 5455 xvm.
790 5393 918 5457 6,7.
990 5388 1818 5464 κάμίαι.-ξιρεειφνιῃ,ε’».
1891 5388 1936 5420 η
1966 5388 2098 5445 ibid.
2130 5388 2221 5445 28.
2279 5389 2651 5459 “Psal.c,3.
2711 5390 3152 5460 "Habacum.
3216 5392 3515 5464 "Philipp.

261 5488 306 5535 ι,
341 5469 427 5533 l5,
460 5459 556 5521 17:
622 5468 671 5498 ³⁸
692 5466 896 5521 Euhes.
928 5479 998 5518 ιγ.
1037 5461 1126 5518 52.
1195 5463 1239 5495 ³⁷
1279 5462 1485 5533 Ephes.
1506 5478 1563 5528 v,
1592 5462 1643 5528 l,
1672 5459 1726 5513 2.

1578 5618 1663 5675 VA
1672 5615 1810 5673 RUE
1847 5614 2251 5674 LECTIONES.

350 5722 365 5774 l
390 5721 531 5777 LXX
566 5719 659 5775 ἐπὶ
687 5716 961 5787 πονηροὺς
992 5713 1054 5767 ού
1084 5712 1308 5783 δυνήσῃ.
1744 5724 1750 5731 ·
