4028 6536
558 268 695 332 1603

1808 259 2173 322 ANTIOCHI
2216 259 2561 319 MONACHI
3626 273 3737 338 lfifll

555 383 726 453 inque
755 381 934 437 vicem
963 379 1383 434 tumultuemur.
1416 375 1475 431 1d
1512 374 1747 429 maxime
1777 384 1891 429 tum
1913 375 2135 430 contin-

2243 371 2492 436 θάνατον,
2509 368 2692 433 καθὼς
2718 371 2991 441 μαρτυρεῖ
3006 370 3066 425 τὸ
3088 370 3742 449 ΕύαγγέλιονΣυνημμένων

554 478 655 548 git,
692 477 738 530 si
779 472 1003 545 quando
1033 470 1339 526 viderimus
1374 468 1642 539 quosdam
1671 466 1924 531 fratrum,
1967 465 2136 521 totius

554 567 798 623 sodalitii
850 580 1014 636 quam
1054 561 1335 624 minimos,
1383 568 1479 613 aut
1524 566 1673 613 certe
1715 557 2014 622 deformes,
2071 556 2137 611 ad

554 662 933 730 magistratum
972 653 1289 711 obeundum
1328 666 1451 706 esse
1508 658 1837 719 promotos:
1882 648 2141 703 audimus

557 753 850 807 Dominum
877 759 1008 802 tunc
1034 746 1309 800 dicentem
1339 762 1352 796 :
1384 762 1401 795 ι
1424 744 1500 797 Da
1513 741 1645 797 huic
1661 742 1867 807 locum,
1900 752 1959 796 ut
1986 754 2143 795 recu-

558 845 676 900 bitu
705 843 893 899 sedeat
942 839 1269 894 sublimiore
1292 836 1359 889 ¹⁸.
1398 856 1416 889 ι
1470 836 1615 903 Quin
1652 836 1923 890 miremur
1950 835 2134 904 potius

559 952 744 991 rerum
797 933 1145 988 conditarum
1190 929 1537 993 Curatorem,
1598 928 1694 998 qui
1741 944 1838 983 sua
1897 927 2130 998 sapienti

557 1034 724 1095 atque
758 1040 956 1079 arcana
983 1022 1352 1093 providentia,
1382 1020 1459 1075 illi
1491 1020 1717 1091 quidem
1741 1020 1891 1074 velut
1936 1020 2133 1075 sortito

2230 462 2361 531 γὰρ,
2381 463 2570 532 φησὶν,
2593 461 2798 525 αὐτῶν,
2820 456 2976 515 εἷπεν
2997 463 3026 512 ό
3040 463 3449 530 Πιλᾶτος,ιΤίνα
3462 468 3618 524 θέλετε
3634 475 3745 526 ἀπο-

2231 553 2380 607 λύσω
2420 554 2590 619 ύμϊν;
2629 553 2889 624 Βαραὸἄν
2924 553 2958 622 ἢ
3003 553 3211 624 Ἰησοῦν
3236 557 3322 609 τὸν
3350 560 3613 631 λεγόμενον
3634 564 3748 635 Χρι-

2238 645 2402 711 στόν;
2440 646 2557 717 ᾔδει
2590 645 2699 716 γὰρ
2731 647 2813 699 ὅτι
2843 644 2930 699 διὰ
2974 645 3169 716 φθόνον
3200 649 3501 720 παρέδωκαν
3549 655 3705 709 αὐτόν.
3730 675 3745 706 ι

2250 735 2309 790 '0
2359 737 2417 789 δὲ
2468 737 2852 807 ἀμνησίκακος
2905 736 3136 808 Κύριος,
3193 738 3268 801 ὡς
3331 741 3503 812 ἀρνίον
3558 743 3752 810 ἀκακον,

2242 830 2421 881 πάντα
2457 828 2753 900 ὑπέφερεν.
2787 827 2947 898 Δύτῷ
3005 830 3040 900 ή
3091 828 3220 898 δόξα
3271 832 3347 895 εἰς
3400 834 3517 897 τοὺς
3567 834 3753 901 αἰῶνας.

2252 919 2308 971 Ἀ
2318 920 2445 990 μήν.

560 1116 934 1181 (miserabilis
987 1116 1117 1169 licet
1150 1115 1207 1168 in
1274 1113 1515 1183 speciem
1583 1112 1990 1184 conspiciatur)
2056 1113 2393 1186 adjudicavit
2445 1119 2845 1184 haereditatem,
2897 1121 3013 1175 sive
3057 1130 3283 1177 caeteros
3315 1133 3376 1178 ut
3406 1127 3760 1197 antegrediatm

557 1211 903 1271 auctoritate,
946 1215 1041 1262 aut
1067 1214 1219 1261 certe
1267 1214 1329 1260 ut
1370 1205 1625 1274 imperet,
1682 1219 1783 1258 nos
1831 1215 2019 1259 contra
2073 1206 2127 1281 in
2168 1220 2447 1278 postrema
2477 1211 2670 1265 sedere
2700 1212 2876 1266 voluit
2909 1221 3085 1281 parte.
3162 1212 3245 1267 Ab
3316 1214 3415 1270 hac
3455 1217 3625 1287 igitur,
3677 1221 3761 1277 ira.

559 1316 691 1368 tres,
709 1304 889 1374 pestili
918 1302 1009 1356 lue
1042 1299 1263 1354 invidia:
1324 1314 1490 1369 quam
1516 1297 1773 1352 ocissime
1838 1297 2205 1365 defugiamus,
2245 1318 2367 1372 quae
2390 1304 2595 1359 diaboli
2625 1320 2850 1375 germen
2872 1314 2975 1372 est,
3008 1315 3071 1361 ut
3098 1321 3168 1360 ne
3191 1309 3429 1377 compari
3460 1311 3615 1367 multa
3637 1313 3762 1371 dam.

557 1396 799 1451 nationis
839 1410 964 1449 cum
1001 1392 1174 1448 Caino
1215 1392 1560 1446 involvamur
1594 1390 1729 1459 :qui
1768 1390 1991 1459 quidem
2025 1407 2123 1461 per
2183 1397 2421 1466 suspiria
2458 1398 2676 1461 crebra,
2712 1409 3046 1468 artuumque
3098 1400 3461 1455 miserabilem
3516 1412 3764 1463 tremorem

557 1489 725 1543 vitam
754 1502 878 1542 cum
919 1484 1209 1554 exegisset,
1274 1499 1460 1538 amara
1506 1490 1684 1537 morte
1731 1481 1954 1536 functus
1980 1493 2063 1538 est
2083 1487 2158 1551 ²⁹;
2200 1504 2307 1543 neu
2342 1505 2535 1544 rursus
2595 1504 2719 1544 cum
2749 1490 3163 1560 malignissimis
3187 1491 3387 1548 Judaais
3421 1494 3509 1564 qui
3536 1510 3625 1566 per
3656 1499 3769 1555 invi.

558 1580 705 1633 diam
751 1576 1093 1631 mirabilium
1126 1574 1221 1628 Dei
1264 1588 1516 1643 operum,
1564 1571 1743 1641 ipsum
1782 1573 1850 1626 ad
1894 1585 2125 1628 mortem
2168 1578 2557 1645 prodiderunt,
2587 1581 2668 1634 vel
2703 1590 2840 1635 teste
2892 1581 3211 1653 Evangelio.
3259 1582 3594 1656 Congregatis
3648 1592 3767 1646 enim

558 1670 698 1725 dixit
734 1668 989 1723 Pilatus:
1064 1683 1081 1715 ι
1153 1662 1327 1729 Quem
1388 1662 1557 1717 vultis
1627 1661 1906 1715 dimittam
1949 1662 2151 1717 vobis?
2189 1665 2492 1722 Barabham
2542 1668 2755 1739 1115
2815 1684 2885 1723 an
2928 1670 3117 1725 Jesum
3154 1672 3251 1741 qui
3281 1672 3477 1728 dicitur
3514 1674 3766 1740 Christus;

559 1762 768 1817 sciebat
788 1760 958 1822 enim,
997 1757 1125 1827 quia
1164 1772 1262 1826 per
1307 1755 1569 1809 invidiam
1616 1755 1973 1809 tradidissent
2013 1772 2139 1811 eum
2186 1759 2251 1812 ³ο.
2291 1778 2309 1811 ι
2353 1760 2619 1815 Dominus
2640 1767 2825 1816 autem
2886 1760 3101 1833 injuria:
3127 1764 3308 1820 omnis
3337 1764 3628 1833 immemor,
3654 1781 3766 1840 quas

560 1872 733 1927 agnus
772 1854 1058 1917 innocens,
1104 1850 1245 1904 nihil
1265 1865 1373 1903 non
1411 1848 1682 1903 tolerabat
1729 1850 2234 1908 mansuetissimus.
2266 1854 2374 1924 ipsi
2400 1855 2571 1926 gloria
2607 1854 2663 1909 in
2689 1853 2909 1909 saecula.
2942 1853 3147 1911 Amen.

1003 2057 1007 2061 γ
1116 1984 1402 2041 llOMILIA
1434 1984 1570 2039 va.

1120 2099 1197 2154 Ne
1232 2099 1559 2153 contendito.

643 2217 1031 2275 Contentiosus
1079 2222 1135 2269 et
1192 2213 1289 2283 qui
1328 2212 1519 2267 litibus
1576 2213 1826 2269 serendis
1874 2213 2129 2281 insuevit,

562 2311 701 2367 adeo
752 2325 876 2364 cum
919 2306 1237 2362 domesticis
1279 2303 1572 2359 habiturus
1616 2320 1806 2374 pacem
1871 2320 1983 2359 non
2030 2312 2137 2369 est,

563 2404 659 2459 sed
706 2417 774 2456 ne
824 2414 949 2455 cum
1007 2397 1253 2454 externis
1329 2397 1577 2467 quidem.
1615 2398 1755 2450 Dum
1809 2397 1957 2451 enim
2024 2412 2138 2451 sua:

562 2492 906 2564 cogitationi,
929 2505 1091 2561 quam
1118 2488 1489 2543 contentionis
1511 2491 1758 2544 serenda:
1794 2488 1979 2544 studio
2009 2503 2142 2543 con-

564 2586 732 2655 cepit,
759 2582 913 2652 cupit
944 2580 1120 2635 modis
1157 2579 1420 2633 omnibus
1458 2588 1518 2633 ut
1553 2578 1783 2633 satisﬁat
1810 2596 1825 2643 ;
1855 2595 2136 2649 nunquam

564 2692 675 2731 non
713 2674 785 2729 ad
828 2672 1106 2743 ingenium
1152 2678 1207 2725 et
1260 2680 1574 2724 conunenta
1620 2670 1965 2724 veteratorize
2006 2669 2142 2725 artis

563 2779 865 2821 conversus
881 2759 1321 2817 comminiscitur
1348 2760 1589 2815 novitias
1610 2759 1850 2824 fraudes,
1876 2774 1939 2813 ac
1968 2759 2142 2814 veluti

563 2858 681 2913 acri
723 2854 983 2926 quopiam
1027 2862 1199 2908 (nstro
1256 2851 1524 2921 percitus,
1573 2850 1843 2921 perpetim
1874 2850 2144 2905 novandis

562 2950 757 3006 litibus
780 2945 1185 3001 exstimulatur.
1212 2944 1317 2997 Per
1344 2943 1458 2996 haec
1494 2942 1717 2995 interim
1747 2941 1869 2995 aliis
1901 2940 2144 2994 concitat

564 3041 777 3105 turbas,
821 3048 878 3093 et
916 3037 1034 3093 suis
1075 3052 1172 3091 eos
1203 3035 1443 3105 exagitat
1504 3032 1866 3103 intemperiis.
1902 3031 1999 3085 llic
2020 3032 2144 3087 talis

563 3132 701 3187 nulli
718 3146 828 3185 non
850 3127 1285 3198 deprehenditur
1306 3126 1537 3189 invisus,
1557 3133 1723 3195 atque
1744 3125 1992 3179 omnium
2012 3126 2144 3180 odio

563 3224 729 3293 longe
753 3220 1143 3291 dignissimus;
1186 3217 1375 3272 verius
1403 3217 1658 3283 dixerim,
1691 3218 1938 3271 omnium
1971 3218 2143 3272 multo

2817 1986 3037 2041 ΛΟΓΟΣ
3072 1987 3218 2054 NQ”.

2690 2099 2831 2170 Περὶ
2856 2100 2963 2155 τοῦ
2991 2103 3079 2171 μὴ
3105 2098 3338 2168 ἐρίζειν.

2315 2214 2635 2283 Ἀνθρωπος
2685 2214 2909 2285 ἐριστὴς
2957 2214 3018 2268 ού
3064 2214 3227 2284 μόνον
3261 2214 3400 2284 μετά
3446 2214 3551 2268 τῶν
3592 2217 3770 2273 οἰκείων

2236 2304 2337 2357 ούκ
2374 2303 2664 2376 είρηνεύει,
2691 2302 2808 2356 ἀλλ’
2832 2304 2952 2357 οὐδὲ
2988 2302 3129 2373 μετά
3150 2302 3261 2357 τῶν
3289 2303 3595 2376 ἀλλοτρίων.
3626 2307 3771 2362 Θέλων

2237 2394 2346 2471 γὰρ
2383 2393 2475 2449 τὸν
2525 2395 2802 2465 ἐριστικὸν
2846 2391 3013 2450 αὐτοῦ
3058 2395 3325 2466 λογισμὸν
3370 2395 3763 2469 πληροφορῆσαι,

2238 2486 2327 2539 ἀεὶ
2364 2487 2441 2549 εἰς
2490 2485 2840 2557 ῥᾳδιουργίας
2882 2485 3214 2556 ἐπιτηδεύει,
3237 2487 3335 2541 καὶ
3356 2486 3629 2557 ἐνδελεχῶς
3661 2506 3774 2562 παρ-

2238 2576 2542 2648 οτρύνεται,
2570 2578 2664 2631 καὶ
2689 2577 2882 2642 ἄλλους
2906 2578 3149 2635 θολωνεῖ.
3185 2579 3244 2633 '0
3284 2580 3522 2643 τοιοῦτος
3550 2582 3772 2652 στυγητὸς

2240 2670 2393 2739 παρὰ
2434 2670 2600 2723 πᾶσιν
2626 2656 2958 2741 ἀνθρώποις
2998 2671 3346 2743 εὑρίσκεται,
3394 2671 3587 2743 μᾶλλον
3621 2674 3670 2727 δὲ
3694 2674 3769 2727 καὶ

2239 2759 2536 2823 οἴκτιστος.
2567 2758 2886 2833 Γέγραπται
2923 2762 3031 2835 γάρ
3066 2764 3124 2816 ὲν
3144 2766 3211 2834 τῇ
3246 2765 3487 2828 Γενέσει,
3519 2765 3595 2817 ὅτι
3622 2765 3777 2818 ἐλαϐεν

2253 2850 2423 2904 Ἡσαῦ
2459 2851 2524 2903 ἐκ
2568 2850 2680 2904 τῶν
2714 2851 3029 2922 ἀλλοφύλων
3058 2856 3352 2921 γυναῖκας,
3386 2854 3480 2909 καὶ
3522 2850 3649 2924 ἦσαν
3687 2855 3779 2926 ἐρί-

2242 2941 2431 3006 ζουσαι
2462 2941 2540 3012 τῷ
2582 2942 2772 2996 Ἰσαὰκ
2813 2944 2908 2996 καὶ
2964 2946 3030 3015 τῇ
3080 2944 3373 3016 Ῥεϐέκκα.
3410 2939 3572 2999 Εἶπεν
3601 2945 3653 2999 δὲ
3687 2946 3780 3000 Ῥε-

2244 3036 2413 3089 ϐέκκα
2446 3035 2521 3107 τῷ
2564 3036 2751 3090 Ἰσαάκ
2774 3053 2787 3067 ·
2829 3054 2847 3088 ι
2876 3034 3241 3107 Προσώχθισα
3277 3041 3351 3109 τῇ
3402 3036 3513 3110 ζωῇ
3564 3055 3674 3109 μου,
3711 3039 3783 3093 διὰ

2241 3127 2340 3190 τὰς
2369 3127 2681 3199 θυγατέρας
2719 3126 2831 3179 τῶν
2888 3128 3022 3181 υἱῶν
3072 3127 3205 3183 Χέτ.
3237 3148 3257 3183 ι
3311 3130 3483 3184 Τοῦτο
3536 3130 3782 3201 δηλοῦντος

2242 3218 2337 3272 τοῦ
2359 3218 2541 3287 λόγου,
2572 3218 2655 3272 ὅτι
2695 3218 2756 3271 τὸ
2794 3218 3001 3289 ἐρίζειν
3063 3219 3247 3285 ἀθέοις
3284 3220 3539 3293 ἁρμόζει,
3572 3223 3657 3277 καὶ
3686 3224 3783 3294 οὐχὶ

564 3315 930 3371 miserrimus.
975 3311 1256 3381 Scriptum
1302 3310 1506 3380 quippe
1536 3310 1592 3364 in
1637 3308 1835 3364 Genesi
1875 3319 1979 3374 est,
2012 3310 2141 3380 quia

2244 3310 2454 3371 πιστοῖς
2500 3307 2597 3360 καλ⁵
2648 3307 2921 3362 εύλαὸἐσι.
2955 3309 3020 3362 υἱ
3049 3308 3159 3380 γὰρ
3203 3310 3379 3374 ὅντως
3424 3311 3679 3390 εὐλαϐεῖς,
3709 3314 3782 3367 καὶ

564 3408 708 3463 Esau
741 3419 939 3461 uxores
986 3402 1200 3471 accepit
1227 3416 1338 3456 non
1374 3416 1486 3457 sua;
1529 3400 1731 3470 gentis,
1759 3400 1855 3455 sed
1880 3411 2138 3468 externae,

564 3514 686 3570 qute
717 3513 817 3569 pro
845 3493 1244 3551 consuetudine
1277 3491 1691 3547 contendebant
1737 3507 1865 3545 eum
1914 3493 2064 3547 Isaae
2088 3502 2145 3549 et

565 3591 838 3646 Rebecca.
889 3586 1037 3641 Dixit
1072 3592 1257 3639 autem
1292 3583 1541 3638 Rebecca
1584 3582 1735 3636 Isaac
1777 3599 1835 3636 τι
1888 3581 2146 3638 ῡίειεεάει

565 3696 656 3734 me
687 3680 818 3735 vitae.
847 3693 1003 3743 meae,
1046 3676 1293 3745 mihique
1342 3673 1448 3744 ipsi
1493 3672 1712 3728 infensa
1751 3688 1873 3727 sum
1918 3682 2145 3743 propter

564 3772 708 3826 tilias
752 3770 993 3825 filiorum
1062 3769 1171 3822 Her
1198 3767 1263 3820 “.
1294 3786 1312 3819 ι
1356 3765 1692 3821 Luculenter
1724 3780 1822 3833 per
1864 3765 1970 3820 hoc
2016 3765 2147 3821 insi-

564 3870 769 3916 nuatur
798 3876 992 3917 verum
1014 3874 1159 3923 esse,
1186 3858 1316 3929 quia
1343 3857 1541 3928 pugnis
1597 3865 1763 3927 atque
1789 3857 2147 3912 contentione

564 3954 861 4008 verborum
886 3951 1199 4007 velitarium
1229 3949 1518 4020 digladiari
1554 3957 1613 4003 et
1641 3964 1829 4004 serere
1858 3950 2006 4014 lites,
2052 3965 2147 4005 eo-

566 4060 688 4098 rum
714 4054 798 4099 est
828 4043 920 4112 qui
946 4059 976 4097 a
1003 4043 1115 4097 Deo
1151 4048 1282 4095 sunt
1310 4039 1498 4103 alieni,
1528 4054 1638 4093 non
1672 4038 1800 4093 item
1825 4037 2066 4092 fidelium
2093 4047 2150 4093 et

564 4137 661 4207 qui
698 4150 757 4191 se
781 4133 1097 4189 excolendae
1146 4131 1338 4203 pietati
1366 4138 1513 4186 totos
1555 4138 1965 4184 consecrarunt.
1996 4129 2148 4184 Reli-

564 4225 704 4295 giosi
732 4224 881 4279 enim
900 4237 1030 4276 vere
1059 4221 1153 4292 qui
1185 4228 1388 4275 suntet
1417 4218 1621 4274 Christi
1671 4218 1952 4288 discipuli,
1987 4234 2149 4274 suum

565 4324 816 4387 ipsorum
842 4313 1173 4369 aemulantur
1198 4319 1257 4366 et
1276 4310 1560 4365 dominum
1582 4318 1641 4363 et
1665 4308 1968 4365 doctorem.
1996 4328 2013 4361 ι
2029 4310 2151 4365 Non

563 4405 884 4469 contendet,
901 4404 980 4458 ait
1003 4402 1252 4473 quidam,
1289 4415 1391 4455 nec
1419 4399 1698 4465 clamabit,
1751 4400 2152 4469 neque'audiet

564 4513 690 4568 quis
711 4511 902 4552 vocem
921 4495 1042 4566 ejus
1058 4494 1124 4548 υ.
1149 4512 1167 4543 ι
1218 4490 1498 4561 Quidquid
1558 4491 1648 4546 isti
1704 4490 1927 4545 tandem
1954 4492 2033 4547 rei
2062 4492 2149 4548 vel

564 4589 752 4661 eperis
774 4586 1189 4659 aggrediuntur,
1221 4597 1504 4652 nunquam
1533 4582 1589 4637 id
1614 4597 1713 4652 per
1754 4582 1908 4637 litem
1936 4591 1993 4638 et
2021 4599 2153 4638 con-

2244 3399 2480 3471 Χριστοῦ
2499 3400 2756 3471 μαθηταὶ,
2773 3400 2867 3455 τὸν
2891 3400 3085 3455 ἑαυτὸν
3106 3402 3379 3474 δεσπότην
3400 3405 3492 3459 καὶ
3509 3404 3783 3459 διδάσκαλον

2248 3490 2562 3562 μιμοῦνται.
2598 3510 2616 3544 ι
2643 3492 2757 3546 Ούκ
2779 3492 2951 3563 ἐρίσει
2971 3493 3100 3564 γὰρ,
3127 3495 3321 3565 φησὶν,
3354 3496 3472 3549 οὐδὲ
3502 3498 3783 3569 κραυγάσει,

2244 3582 2366 3635 οὐδὲ
2389 3581 2609 3635 ἀκούσει
2626 3599 2709 3645 τις
2734 3582 2833 3654 τὴν
2856 3584 3039 3654 φωνὴν
3059 3585 3249 3638 αὑτοῦ.
3270 3603 3291 3636 ι
3314 3587 3422 3639 Καὶ
3445 3588 3493 3640 οί
3511 3589 3719 3642 τοιοῦτοι
3739 3589 3785 3641 ού

2246 3674 2543 3744 πειρῶνται
2565 3674 2882 3746 οῐονδήποτε
2933 3677 3168 3748 πρᾶγμα
3201 3676 3269 3730 δι’
3299 3679 3531 3749 ἐρισμοῦ
3557 3681 3644 3734 καὶ
3674 3681 3789 3749 φιλο-

2246 3766 2455 3830 νεικίας
2485 3765 2762 3832 ἐπιλῦσαι,
2794 3766 2931 3821 ἀλλὰ
2951 3769 3020 3822 δι’
3049 3769 3361 3841 ὑπομονῆς,
3384 3772 3479 3825 καὶ
3498 3772 3786 3843 προσευχῆς,

2247 3858 2342 3911 καὶ
2374 3858 2644 3928 ὑπακοῆς,
2667 3859 2760 3913 καὶ
2791 3860 3170 3930 μονολογὶστου
3191 3862 3435 3928 ἐλπίδος.
3467 3865 3628 3934 Φησὶν
3661 3864 3792 3935 γάρὸ

2248 3945 2714 4020 ΚύριοςμἾίλθον
2729 3951 2825 4023 οὐχ
2843 3951 2929 4005 ἵνα
2952 3952 3093 4005 ποιῶ
3110 3953 3173 4006 τὸ
3201 3953 3420 4026 θέλημα
3441 3954 3500 4008 τὸ
3525 3955 3667 4026 ἐμὸν,
3682 3955 3792 4010 ἀ)λά

2246 4040 2307 4093 τὸ
2341 4039 2549 4112 θέλημα
2568 4042 2661 4094 τοῦ
2684 4042 2997 4113 πέμψαντός
3028 4061 3096 4115 με
3125 4045 3367 4117 Πατρός.
3402 4066 3422 4098 ι
3446 4047 3556 4100 Kal
3578 4050 3605 4101 ό
3629 4049 3794 4117 Παροι-

2253 4133 2485 4205 μιαστὴς
2510 4135 2566 4187 δὲ
2595 4136 2725 4206 περὶ
2759 4136 2869 4189 τῶν
2898 4137 3129 4208 ὲριστῶν
3154 4155 3344 4209 φησιν,
3391 4157 3411 4191 ι
3436 4139 3528 4210 Μὴ
3559 4140 3791 4211 διαμάχου

2249 4224 2523 4297 ἀνθρώπῳ
2560 4226 2892 4295 γλωσσώδει,
2928 4229 3064 4299 μηδὲ
3105 4230 3432 4296 ὲπιστίϐαζε
3482 4232 3575 4284 ἐπὶ
3608 4232 3665 4285 τὸ
3704 4231 3795 4301 πῦρ

2251 4316 2417 4372 αὐτοῦ
2450 4316 2600 4382 ξύλα.
2621 4337 2639 4369 ι
2675 4318 2806 4385 Kal,
2843 4337 2863 4371 ι
2886 4319 2980 4391 Μὴ
3011 4319 3314 4391 ἀποκρίνου
3346 4323 3546 4394 ἄφρονι
3572 4322 3697 4393 πρὸς
3712 4322 3793 4391 τὴν

2252 4406 2456 4462 ἐκείνου
2492 4408 2825 4479 ἀφροσύνην,
2848 4408 2961 4480 [ἵνα
3003 4409 3077 4482 μὴ
3111 4411 3297 4480 ὅμοιος
3326 4412 3463 4484 γένῃ
3494 4413 3671 4477 αὐτῷ’
3699 4410 3794 4465 ἀλλ’

2252 4499 2548 4570 ἀποκρίνου
2581 4498 2772 4571 ἄφρονι
2800 4499 2942 4553 κατά
2968 4499 3067 4570 τὴν
3096 4501 3415 4573 ἀφροσύνην
3457 4501 3698 4572 statvam]
3724 4502 3794 4554 ἵνα

2257 4591 2331 4662 μὴ
2367 4590 2629 4660 φαίνηται
2657 4591 2818 4661 σοφὸς
2843 4591 2972 4662 παρ’
3001 4592 3204 4663 ἑαυτῷ.
3228 4611 3247 4645 ι
3281 4594 3397 4649 Καὶ
3421 4593 3599 4660 ἄλλος,
3628 4613 3646 4647 ι
3666 4594 3796 4663 Ἔρις

566 4683 871 4739 tentionem
922 4678 992 4733 ad
1036 4676 1248 4733 exitum
1295 4688 1471 4744 usque
1520 4681 1845 4743 promovent
1875 4682 1931 4729 et
1958 4674 2141 4730 absol-

2246 4682 2798 4754 κατασπουδαζομένη
2852 4682 3066 4738 ἐκκαίει
3115 4684 3250 4756 πῦρ,
3299 4684 3400 4738 καὶ
3460 4687 3609 4757 μάχη
3655 4701 3796 4737 κατα·

562 4784 721 4831 vuut.
752 4773 904 4829 Finis
933 4771 1082 4827 enim
1127 4766 1430 4838 imponitur
1461 4767 1616 4837 operi
1651 4766 1890 4833 debitus,
1919 4782 2018 4838 per
2041 4783 2142 4838 pa-

567 4866 836 4932 tientiam,
868 4863 1200 4927 orationem,
1251 4858 1655 4923 obedientiam,
1707 4872 1915 4927 perque
1966 4856 2139 4912 solam

565 4974 716 5028 spem
750 4970 1097 5028 generosam.
1135 4952 1226 5007 Ait
1248 4951 1396 5006 enim
1433 4949 1721 5021 .Dominus
1745 4966 1757 5002 :
1784 4966 1803 4999 ι
1851 4948 2138 5016 Veni,non

566 5056 627 5102 ut
650 5048 844 5102 faciam
866 5048 1205 5101 voluntatem
1225 5040 1536 5105 meam,‘sed
1554 5040 1891 5094 voluntatem
1906 5039 2132 5111 ejusqui
2178 5090 2179 5093 η

567 5139 719 5195 misit
742 5153 830 5194 me
878 5138 1055 5193 Patris
1101 5137 1168 5192 ⁸³.
1202 5154 1219 5186 ι
1246 5134 1632 5189 Parmmiastes
1662 5132 1792 5187 item
1814 5132 1883 5187 de
1902 5140 2132 5188 conten-

567 5232 725 5286 tiosis
744 5228 1010 5301 ejusmodi
1044 5245 1059 5283 :
1091 5247 1109 5280 ι
1142 5228 1221 5283 Ne
1251 5226 1435 5297 litiges
1467 5240 1595 5280 cum
1621 5224 1845 5280 homine
1870 5224 2132 5294 linguaci,

564 5338 745 5393 neque
765 5331 944 5377 struas
965 5338 1133 5393 super
1162 5322 1345 5392 ignem
1379 5320 1527 5375 illius
1548 5318 1692 5390 ligna
1720 5317 1786 5370 “.
1824 5336 1842 5369 ι
1865 5317 1933 5371 Ει
1962 5334 1976 5370 :
2012 5336 2031 5368 ι
2055 5317 2134 5373 Ne

564 5416 903 5487 respondeas
926 5416 1094 5472 stulto
1121 5414 1424 5471 secundum
1448 5412 1735 5469 stultitiam
1788 5410 1955 5476 illius,
1980 5419 2040 5466 ut
2066 5426 2137 5467 ne

2240 4774 2546 4828 σπεύδουσα
2586 4775 2776 4845 ὲκχὲει
2823 4769 2984 4846 αἷμα.
3019 4794 3038 4828 ι
3087 4776 3199 4830 Kal
3226 4776 3415 4842 πάλιν,
3451 4798 3470 4831 ι
3500 4778 3625 4833 Ἐὰν
3646 4775 3795 4846 φυσή-

2239 4882 2338 4938 σῃς
2379 4868 2459 4929 είς
2506 4865 2804 4935 σπινθῆρα,
2838 4867 3241 4936 ἐκκαυθήσεται
3265 4884 3278 4899 ο
3312 4869 3432 4933 καὶ,
3468 4868 3567 4922 ἐὰν
3613 4868 3797 4938 ἐμπτύ-

2240 4971 2339 5028 σῃς
2375 4957 2454 5018 εἱς
2479 4954 2664 5022 αὑτὸν,
2702 4955 3085 5026 σϐεσθήσεται,
3115 4959 3210 5012 καὶ
3268 4959 3565 5030 ἀμφότερα
3622 4962 3683 5013 ὲκ
3720 4955 3797 5009 τοῦ

2240 5049 2507 5118 στόματος
2550 5048 2930 5119 ἐκπορεύεται.
2961 5068 2979 5101 ι
3029 5051 3193 5118 Λέγει
3241 5051 3297 5104 δὲ
3338 5052 3440 5104 καὶ
3476 5052 3507 5104 ὀ
3552 5051 3797 5116 Ἰάκωὸος,

2245 5159 2263 5191 ι
2283 5140 2458 5192 Ὅπου
2490 5138 2599 5209 γὰρ
2627 5138 2789 5208 ζῆλος
2820 5138 2917 5192 καὶ
2946 5139 3083 5208 ἔρις,
3125 5143 3245 5195 ἐκεῖ
3288 5141 3699 5203 ἀκαταστασία,
3721 5141 3801 5193 καὶ

2239 5234 2350 5286 πᾶν
2396 5231 2603 5301 φαῦλον
2654 5234 2912 5302 πρᾶγμα.
2950 5252 2967 5284 ι
3012 5233 3070 5286 '0
3091 5233 3150 5287 δὲ
3181 5233 3400 5299 Παῦλός
3428 5252 3621 5305 φησιν,
3657 5253 3675 5284 ι
3697 5234 3799 5291 Τοῖς

2239 5324 2296 5377 δὲ
2330 5323 2389 5389 ἐξ
2418 5322 2661 5395 ἐριθείας
2692 5324 2789 5377 καὶ
2837 5322 3159 5379 ἀπειθοῦσιν
3195 5325 3295 5395 μὲν
3320 5328 3392 5396 τῇ
3422 5324 3672 5395 ἀληθεία,
3700 5338 3793 5374 na:-

2242 5412 2492 5484 θομένοις
2519 5412 2577 5466 δὲ
2610 5415 2680 5488 τῇ
2717 5414 2922 5487 ἀδικίᾳ,
2951 5414 3111 5487 ὀργὴ,
3140 5417 3234 5469 καὶ
3267 5415 3441 5487 θυμός
3466 5435 3479 5448 -
3525 5416 3693 5486 θλῖψις
3724 5414 3801 5466 καὶ

636 5580 833 5702 21,933.
862 5618 1041 5702 m,9_.
1116 5619 1161 5652 ιο
1198 5616 1548 5685 Gen.iv,14.
1584 5615 1839 5672 “Matth.
1879 5628 2045 5681 xxvn,
2070 5612 2142 5679 η

2243 5613 2288 5670 Β.
2356 5614 2409 5702 δ³¹
2445 5613 2580 5671 Gen.
2607 5629 2769 5682 xxvii,
2802 5613 2889 5672 46.
2921 5614 2964 5701 ³ξ
2992 5613 3097 5670 lsa.
3132 5614 3329 5681 xutﬂ.
3374 5616 3421 5648 ³³
3448 5615 3607 5672 Joan.
3632 5629 3702 5679 vr,
3724 5610 3801 5665 58.

561 5690 609 5725 ιδ
637 5689 806 5746 Eccli.
850 5706 963 5756 vui,
1000 5690 1051 5743 4.
