4028 6514
290 267 425 331 1605

1423 281 1755 341 ΗΟΜΙῙᾸΛ
1785 280 1964 344 LVII.
1999 283 2185 343 -ΒΕ
2220 281 2423 343 ODlO.

3427 283 3568 351 1606

288 382 626 452 στενοχωρία
667 381 763 437 ἐπὶ
803 384 986 439 πᾶσαν
1017 385 1195 459 ψυχὴν
1230 388 1523 461 ἀνθρώπου
1545 390 1642 443 τοῦ
1678 408 1879 463 κατερ-

1984 392 2235 448 videatur
2264 392 2367 447 sibi
2397 391 2619 461 sapiens
2649 391 2716 445 ³⁵.
2758 408 2777 443 ι
2802 390 2960 448 Alius
2982 392 3209 463 quidam
3239 412 3256 449 :
3297 414 3315 448 ι
3351 396 3443 454 Lis
3481 401 3565 456 fe-

287 473 597 542 γαζομὲνου
647 474 710 528 τὸ
761 478 952 533 κακόν.
979 497 998 529 ι
1035 480 1151 534 Καὶ
1180 484 1237 534 ὲν
1269 481 1475 547 ἄλλοις,
1508 502 1527 535 ι
1555 486 1653 539 Ὃν
1678 487 1882 556 τρόπον

299 565 507 636 Ἰαννὴς
541 567 640 620 καὶ
672 567 935 641 Ἰαμσρὴς
963 571 1304 644 ἀντέστησαν
1334 574 1411 646 τῷ
1438 577 1670 649 Μωῦσῇ,
1706 578 1881 643 οὕτως

289 659 383 712 καὶ
407 652 553 713 οὗτοι
586 660 940 717 ἀνθίστανται
971 668 1037 736 τῇ
1078 665 1326 737 ἀληθεία.
1357 685 1376 719 ι
1446 670 1781 725 Ἐπιστέλλει
1825 673 1882 726 δὲ

289 750 385 801 καὶ
424 747 501 818 τῷ
531 749 698 821 Τίτῳ,
730 750 907 820 λέγων
926 767 942 783 ·
985 772 1003 807 ι
1032 754 1243 827 Μωράς
1269 756 1327 809 δὲ
1354 757 1636 831 ζητήσεις,
1663 763 1758 816 καὶ
1797 779 1877 831 γε·

286 838 596 909 νεαλογίας,
630 843 728 896 καὶ
757 844 924 914 ἔρεις,
955 846 1051 899 καὶ
1076 848 1259 919 μάχας
1284 850 1515 920 νομικὰς
1538 853 1874 925 περιίστασο.

290 931 443 985 Εἰσὶν
501 932 610 1004 γὰρ
668 934 971 1004 ἀνωφελεῖς
1021 938 1117 992 καὶ
1174 940 1418 1010 μάταιοι.
1450 960 1468 994 ι
1517 944 1709 1015 Ἡμεῖς
1761 941 1879 1009 οὖν,

289 1023 591 1094 ἀγαπητοὶ,
620 1024 696 1089 ὡς
721 1029 821 1098 τῆς
854 1029 1108 1101 ὑπακοῆς
1138 1030 1295 1096 ὅντες
1325 1033 1513 1100 τέκνα,
1556 1036 1632 1106 μὴ
1671 1038 1877 1107 ὁμοιω-

290 1112 476 1183 θῶμεν
517 1119 632 1179 τοῖς
677 1118 928 1187 ματαίοις
977 1121 1222 1191 ὲρισταῖς
1252 1123 1356 1176 καὶ
1389 1124 1744 1192 φιλονείκοις,
1779 1145 1881 1198 μα-

291 1207 477 1272 θόντες
522 1209 586 1262 ὲκ
612 1208 715 1277 τῆς
755 1209 910 1274 θείας
962 1211 1193 1284 Γραφῆς
1242 1215 1307 1269 τὸ
1358 1215 1623 1290 βλαϐερὸν
1643 1218 1738 1273 τοῦ
1767 1220 1882 1291 ὲρι-

293 1298 459 1370 σμοῦ,
497 1300 571 1371 μή
603 1317 738 1355 ποτε
768 1302 1207 1377 κατακριθῶμεν
1263 1307 1363 1361 σὺν
1388 1310 1503 1373 τοῖς
1536 1311 1881 1381 παρανόμοις

304 1390 603 1459 Ἰουδαίοις,
635 1392 835 1458 οἵτινες
879 1396 968 1450 ἀεὶ
1012 1396 1335 1452 ἀνθίσταντο
1387 1401 1455 1471 τῇ
1500 1400 1759 1474 ἀληθείᾳο
1786 1404 1881 1457 καὶ

292 1484 483 1554 ελεγον
513 1485 593 1557 τῷ
624 1488 873 1561 Δεσπότῃ
895 1505 910 1521 ο
944 1507 965 1542 ι
988 1490 1062 1543 Σὺ
1095 1491 1228 1564 περὶ
1271 1493 1505 1550 σεαυτοῦ
1541 1500 1876 1570 μαρτυρεῖς-

291 1578 329 1649 ἡ
362 1578 641 1650 μαρτυρία
680 1596 776 1634 σου
804 1580 904 1635 οὑκ
930 1579 1081 1637 ἔστιν
1100 1582 1333 1657 ἀληθής.
1358 1605 1377 1638 ι
1410 1586 1522 1641 Καὶ
1551 1590 1734 1657 πάλιν,
1764 1610 1782 1641 ι
1806 1590 1879 1645 Σὺ

291 1670 377 1734 τίς
403 1665 491 1737 εἷς
513 1690 532 1724 ι
558 1671 702 1743 Πρὸς
717 1672 812 1737 οὒς
837 1674 1174 1746 ἀπεκρίνατο
1192 1678 1221 1731 ό
1246 1677 1472 1748 Κύριος,
1495 1693 1515 1732 t
1541 1679 1652 1753 Τὴν
1679 1681 1877 1754 ἀρχὴν,

1982 487 2189 542 stinata
2224 485 2472 541 incendit
2510 486 2713 556 ignem,
2744 495 2801 541 et
2823 503 3009 558 pugna
3037 487 3309 546 festinans
3331 493 3570 549 effundit

1982 592 2195 648 pugnas
2223 578 2289 632 ⁸⁸.
2328 595 2348 629 ι
2382 577 2625 632 Rursum
2662 594 2707 630 τι
2732 577 2791 633 Si
2819 580 3127 636 suﬁlaveris
3162 581 3215 636 in
3244 584 3575 652 scintillam,

1981 667 2316 723 accendetur
2342 677 2432 735 ;et
2460 668 2505 722 si
2526 670 2853 738 conspueris
2876 670 2931 727 in
2957 671 3128 735 illam,
3155 674 3564 744 exstinguetur,

1979 766 2036 813 et
2063 760 2227 815 ambo
2273 779 2339 817 ex
2373 780 2468 819 ore
2496 765 2805 836 procedunt
2832 766 2898 820 ³’.
2938 783 2957 816 ι
2989 764 3133 820 Dicit
3166 774 3223 821 et
3248 767 3444 823 beatus
3471 769 3565 823 Ja-

1980 851 2183 907 cobus:
2216 872 2233 904 ι
2264 854 2365 911 Ubi
2384 858 2528 914 enim
2555 859 2707 912 zelus
2723 866 2780 911 et
2804 858 3112 921 contentio,
3142 858 3220 914 ibi
3246 860 3569 916 inconstan-

1982 944 2055 999 tia
2095 954 2151 1001 et
2188 962 2351 1003 omne
2407 965 2550 1020 Opus
2576 966 2805 1021 pravum
2833 951 2899 1004 ³⁸.
2933 970 2951 1003 ι
2985 952 3191 1006 Paulus
3245 962 3561 1022 prmterea:

1988 1057 2006 1089 ι
2023 1040 2096 1095 lis
2116 1040 2210 1108 qui
2230 1051 2359 1097 sunt
2381 1058 2447 1097 ex
2471 1043 2847 1109 contentione,
2865 1051 2922 1097 et
2951 1044 3044 1112 qui
3067 1059 3177 1097 non
3202 1044 3568 1113 acquiescunt

1978 1131 2222 1198 veritati,
2246 1134 2483 1189 credunt
2510 1144 2693 1190 autem
2717 1134 3017 1203 iniquitati,
3044 1134 3122 1189 ira
3146 1143 3203 1190 et
3222 1136 3562 1205 indignatio;

1980 1222 2264 1279 tribulatio
2314 1236 2371 1281 et
2409 1226 2659 1297 angustia
2684 1227 2741 1280 in
2783 1241 3004 1281 omnem
3050 1226 3289 1282 animam
3321 1228 3568 1283 hominis

1978 1316 2262 1384 operantis
2292 1318 2495 1373 malum
2519 1318 2585 1372 ³⁸.
2622 1337 2640 1369 ι
2669 1318 2791 1373 Alio
2822 1319 2955 1373 item
3022 1318 3141 1373 loco
3178 1336 3191 1371 :
3236 1337 3254 1369 ι
3290 1317 3569 1385 Quemad-

1980 1402 2205 1461 modum
2233 1405 2455 1463 Jamnes
2484 1416 2541 1463 et
2569 1408 2844 1463 Mambres
2878 1408 3205 1463 restiterunt
3241 1408 3431 1480 Moysi,
3489 1410 3565 1465 ita

1975 1505 2034 1555 et
2063 1497 2119 1551 hi
2165 1497 2432 1553 resistunt
2462 1500 2683 1554 veritati
2709 1500 2778 1553 ⁸⁸.
2819 1516 2837 1550 ι
2871 1499 2977 1554 Sed
3001 1507 3058 1554 et
3090 1500 3158 1553 ad
3223 1499 3406 1555 Titum
3436 1501 3568 1571 Epi-

1980 1592 2121 1647 stola
2142 1608 2156 1645 :
2171 1608 2189 1642 ι
2206 1588 2420 1646 Stultas
2435 1592 2789 1660 quaasﬁones,
2808 1598 2863 1646 et
2884 1590 3253 1662 genealogias,
3271 1599 3328 1646 et
3342 1600 3570 1646 conten-

1982 1685 2161 1741 tiones
2181 1691 2238 1739 et
2269 1698 2483 1754 pugnas
2506 1683 2646 1755 legis
2671 1682 2889 1749 devita;
2912 1692 3042 1738 sunt
3071 1682 3221 1737 enim
3254 1682 3483 1738 inutiles
3510 1692 3567 1738 et

291 1759 374 1813 ὅτι
419 1761 514 1814 καὶ
542 1760 691 1816 λαλῶ
729 1763 881 1835 ὑμῖν.
927 1763 1123 1837 ’Δμὴν,
1150 1766 1299 1838 ἀμὴν
1336 1767 1479 1837 λέγω
1503 1768 1653 1841 ὑμῖν,
1680 1772 1775 1825 ὲάν
1808 1772 1879 1844 μὴ

1987 1793 2139 1833 vana:
2163 1777 2232 1830 “.
2262 1795 2279 1829 ι
2318 1776 2533 1848 1116
2559 1776 2670 1833 Nos
2698 1775 2885 1847 igitur.
2915 1774 3250 1838 charissimi,
3277 1776 3435 1845 quasi
3465 1774 3565 1831 lilii

294 1854 626 1924 πιστεύσητε
654 1854 736 1909 ὅτι
759 1855 871 1924 ἐγώ
905 1857 1044 1927 είμι,
1076 1857 1442 1913 ἀποθανεῖσθε
1469 1862 1528 1914 ὲν
1550 1864 1672 1926 ταῖς
1697 1864 1877 1936 ἀμαρ-

1984 1866 2326 1929 obedientiae,
2359 1881 2450 1932 ne,
2479 1880 2685 1935 quaeso,
2710 1864 3022 1936 vaniloquis
3052 1864 3173 1920 istis
3198 1864 3569 1935 litigatoribus

292 1943 438 2007 τίαις
482 1945 660 2015 ὑμῶν.
682 1965 701 1998 ι
734 1947 893 2018 Αὐτῷ
930 1950 965 2019 ἡ
991 1948 1122 2014 δόξα
1151 1952 1233 2014 είς
1256 1950 1384 2015 τοὺς
1418 1952 1645 2017 αίῶνας.
1682 1954 1876 2028 Ἀμήν.

1984 1967 2032 2014 et
2052 1958 2419 2014 contentiosis
2440 1958 2613 2013 simus
2630 1958 2923 2023 assimiles,
2944 1967 3005 2013 ut
3023 1957 3118 2028 qui
3141 1956 3387 2012 doctrice
3422 1956 3570 2011 Scri-

293 2043 455 2105 ptura
485 2036 801 2103 didicimus,
838 2055 1005 2110 quam
1031 2041 1193 2097 noxia
1218 2042 1291 2098 sit
1333 2051 1391 2098 et
1427 2042 1825 2102 detrimentosa
1874 2049 2126 2121 litigandi
2192 2049 2558 2114 consuetudo,
2590 2048 2885 2119 nequando
2932 2050 3215 2120 contingat
3243 2048 3432 2104 subire
3464 2062 3569 2102 nos

291 2127 661 2187 damnationis
691 2146 979 2186 censuram
1008 2147 1136 2188 cum
1162 2133 1369 2204 iniquis
1392 2144 1447 2189 et
1503 2137 1790 2208 exlegibus
1816 2140 2040 2208 Iudaeis,
2108 2144 2203 2214 qui
2236 2144 2457 2199 veritati
2516 2152 2788 2213 perpetuo
2828 2142 3178 2207 restiterunt,
3216 2157 3281 2196 ac
3305 2139 3568 2196 dicebant

291 2219 528 2275 Domino
563 2237 578 2275 :
622 2239 640 2272 ι
687 2221 769 2277 Tu
839 2223 909 2279 de
978 2225 1153 2295 teipso
1192 2226 1571 2282 testimonium
1622 2231 1885 2299 perhibes
1922 2250 1938 2299 ;
1980 2235 2362 2291 testimonium
2407 2243 2562 2291 tuum
2594 2251 2704 2291 non
2746 2241 2833 2290 est
2884 2248 3077 2289 verum
3117 2233 3184 2285 δ’.
3234 2250 3252 2283 ι
3289 2233 3507 2287 Rursus
3546 2245 3563 2284 :

300 2328 319 2361 ι
350 2309 433 2363 Tu
456 2310 551 2379 qui
581 2311 692 2365 es?
724 2330 741 2363 ι
774 2313 842 2367 ad
864 2329 1004 2383 quos
1030 2316 1297 2372 Dominus
1356 2319 1679 2389 reSpondit:
1750 2341 1767 2374 ι
1792 2323 2133 2396 Principium
2168 2344 2227 2384 se
2262 2343 2407 2392 esse,
2443 2328 2573 2398 quia
2638 2335 2696 2381 ct
2743 2341 2845 2397 ego
2890 2326 3091 2395 loquor
3137 2323 3314 2379 vobis.
3390 2322 3567 2377 Amen

293 2404 422 2459 dico
458 2404 639 2470 vobis,
668 2406 774 2461 nisi
814 2408 1168 2467 credideritis
1201 2412 1331 2483 quia
1360 2428 1462 2485 ego
1504 2429 1649 2481 sum,
1681 2415 1995 2475 moriemini
2029 2421 2087 2477 in
2130 2422 2373 2493 peccatis
2424 2421 2626 2475 vestris
2650 2419 2719 2474 “.
2758 2438 2776 2471 ι
2842 2418 2952 2488 Ipsi
3019 2416 3196 2489 gloria
3258 2416 3314 2469 in
3365 2412 3565 2469 saecula

293 2495 643 2552 saeculorum.
661 2498 856 2553 Amen.

886 2613 1107 2669 ΛΟΓΟΣ
1160 2616 1289 2671 ΝΖ’.

762 2725 903 2795 Περὶ
934 2726 1042 2782 τοῦ
1061 2726 1150 2798 μὴ
1174 2728 1404 2798 μισεῖν.

366 2843 703 2915 Γέγραπται,
733 2842 816 2897 δτι
837 2844 867 2897 ό
890 2842 1121 2914 ἀγαπῶν
1142 2844 1233 2901 τὸν
1257 2845 1412 2912 θεὸν,
1443 2848 1637 2921 ἀγαπᾷ
1669 2848 1763 2903 καὶ
1791 2847 1886 2902 τὸν

2517 2619 2804 2677 HOMILIA
2836 2618 2996 2674 LVII.

2523 2730 2803 2787 Neminem
2830 2730 3025 2786 oderim

2052 2842 2332 2918 Scriptum
2359 2854 2464 2911 est,
2482 2845 2745 2916 quoniam
2767 2846 2861 2915 qui
2882 2844 3062 2916 diligit
3086 2846 3283 2912 Deum,
3305 2846 3487 2918 diligit
3513 2859 3569 2904 et

293 2937 524 3007 ἀδελφὸν
543 2935 739 2991 αὐτοῦ’
763 2954 783 2988 ι
805 2938 833 2990 ὁ
861 2935 918 2990 δὲ
944 2934 1120 3007 μισῶν
1152 2936 1244 2992 τὸν
1274 2938 1504 3008 ἀδελφὸν
1539 2940 1727 3007 αὑτοῦ,
1765 2960 1784 2993 ι
1824 2940 1879 2994 ού

1984 2936 2212 2993 fratrem
2231 2952 2393 2993 suum
2410 2955 2454 3002 ιι
2480 2936 2577 3007 qui
2597 2946 2781 2991 autem
2801 2936 2917 2991 odit
2941 2935 3253 3005 fratrem“,
3279 2957 3299 2989 ι
3319 2954 3428 2993 non
3457 2940 3571 2994 Deo

298 3031 461 3103 μόνον
488 3033 570 3088 ὅτι
595 3031 896 3102 θεοστυγής
924 3032 1094 3097 ἐστιν,
1119 3030 1259 3085 ἀλλὰ
1284 3032 1380 3085 καί⁸
1398 3031 1873 3102 ἀνθρωποκτόνος,

294 3122 535 3194 εἴρηται.
560 3121 781 3177 Φονεύει
837 3121 947 3192 γάρ
983 3121 1146 3175 αὐτὸν
1167 3124 1233 3193 τῇ
1254 3122 1493 3176 διαθέσει
1544 3123 1640 3176 τοῦ
1688 3123 1880 3194 μίσους

1983 3027 2195 3083 invisus
2230 3028 2430 3091 solum,
2463 3026 2559 3082 sed
2603 3034 2659 3082 et
2701 3026 2981 3081 homicida
3025 3036 3110 3082 est
3151 3045 3372 3113 {quem
3420 3030 3570 3084 enim

1986 3120 2124 3182 odit,
2152 3119 2339 3175 arcani
2364 3120 2595 3174 affectus
2620 3119 2952 3190 cogitatione
2979 3118 3234 3189 perimit,
3259 3122 3417 3191 cujus
3447 3123 3571 3191 qui-

295 3215 439 3268 κατά
452 3214 714 3280 διάνοιαν,
743 3207 951 3276 οῦτινος
983 3212 1046 3266 τὸ
1067 3208 1226 3283 αἷμα,
1256 3214 1317 3267 οὐ
1342 3213 1428 3268 διὰ
1454 3214 1637 3283 ξίφους
1660 3214 1879 3285 ἐκχυθὲν

1989 3212 2114 3268 dem
2133 3211 2456 3282 sanguinem
2482 3227 2592 3266 non
2623 3211 2739 3266 acie
2756 3210 2922 3279 gladii
2947 3211 3289 3281 perspiciunt
3318 3212 3574 3267 homines

296 3302 577 3374 ἄνθρωποι
606 3303 925 3374 βλέπουσιν,
952 3302 1087 3356 ἀλλὰ
1136 3305 1203 3375 τῇ
1240 3303 1479 3358 διαθέσει
1534 3303 1630 3358 τοῦ
1691 3305 1883 3375 μίσους

295 3394 585 3465 ἀναιρεθὲν
615 3394 748 3458 Θεὸς
771 3396 967 3466 ἐφορᾷ.
1009 3396 1125 3462 Ὃς,
1149 3395 1210 3448 οὐ
1241 3395 1404 3466 μόνον
1435 3396 1577 3468 ὑπὲρ
1602 3395 1878 3467 πράξεων,

296 3487 439 3542 ἀλλά
468 3487 562 3540 καὶ
590 3486 731 3558 ὑπὲρ
756 3486 1058 3559 λογισμῶν,
1096 3487 1193 3541 καὶ
1217 3488 1594 3559 προαιρέσεων
1624 3486 1879 3553 ἑκάστου,

297 3576 337 3649 ἢ
370 3577 696 3647 στεφάνους,
726 3578 760 3649 ἢ
785 3578 1084 3650 τιμωρίας,
1110 3578 1456 3635 ἀποδίδωσιν.
1488 3577 1689 3641 Καθὼς
1721 3576 1883 3639 αὐτὸς

297 3671 388 3724 διὰ
442 3670 537 3725 τοῦ
590 3670 876 3742 προφήτου
917 3670 1103 3741 φησίν·
1144 3690 1161 3722 ι
1197 3670 1339 3740 Ἐγὼ
1374 3670 1604 3742 ἔρχομαι
1642 3687 1881 3738 συναγα-

298 3766 420 3833 γεῖν
450 3764 517 3817 τά
551 3761 710 3835 ἔργα,
745 3763 842 3817 καὶ
874 3764 1001 3826 τοὺς
1031 3763 1348 3833 λογισμοὺς,
1383 3764 1480 3816 καὶ
1512 3762 1611 3825 τὰς
1640 3762 1881 3832 ἐνθυμή-

1983 3303 2243 3369 effusum,
2275 3304 2421 3359 Deus
2445 3319 2575 3358 vero
2598 3303 2751 3358 illum
2782 3303 2933 3359 videt
2956 3302 3068 3358 odii
3100 3305 3346 3376 maligno
3369 3305 3570 3361 affectu

1984 3404 2328 3466 peremptum
2354 3395 2475 3465 :qui
2496 3395 2725 3450 cuilibet
2754 3405 3006 3450 nostrum
3034 3404 3130 3450 aut
3161 3411 3423 3452 coronam
3448 3399 3573 3452 red-

1983 3487 2086 3552 dit,
2135 3496 2230 3542 aut
2263 3488 2518 3544 ultricem
2552 3503 2775 3558 poenam
2809 3500 2910 3557 pro
2943 3487 3209 3557 qualitate
3237 3504 3350 3544 non
3386 3491 3573 3559 operis

1984 3579 2186 3644 solum,
2214 3579 2311 3636 sed
2357 3587 2413 3634 et
2438 3579 2790 3649 cogitationis
2818 3588 2875 3635 et
2901 3579 3189 3635 destinatae
3227 3580 3566 3637 voluntatis:
3616 3628 3617 3631 η

1982 3670 2445 3741 quemadmodum
2486 3671 2632 3727 idem
2664 3687 2764 3741 per
2814 3672 3141 3742 prophetam
3184 3672 3318 3728 dicit
3357 3692 3370 3727 :
3404 3694 3420 3725 ι
3456 3675 3571 3747 Ego

1982 3759 2147 3814 venio
2177 3768 2239 3814 ut
2267 3774 2593 3831 congregem
2626 3776 2793 3831 opera
2819 3770 2875 3815 et
2904 3762 3268 3832 cogitationes
3296 3771 3351 3818 et
3381 3764 3573 3819 inven-

301 3872 418 3918 σεις
450 3855 654 3911 αὐτῶν.
683 3873 702 3907 ι
748 3853 910 3909 Ἀλλά
940 3856 1035 3908 καὶ
1077 3854 1247 3909 κακία
1301 3856 1360 3907 ὲν
1410 3854 1691 3924 λογισμοῖς
1726 3852 1879 3924 μελε-

1984 3850 2164 3906 tiones
2194 3889 2210 3914 ,
2238 3851 2352 3905 sive
2377 3851 2623 3906 internas
2652 3852 3042 3921 conceptiones
3082 3868 3277 3909 eorum
3308 3853 3375 3907 “.
3407 3874 3425 3907 ι
3462 3856 3569 3914 Sed

296 3950 543 4020 τωμένη,
594 3946 853 4019 θρασύνει
886 3946 1131 4019 καρδίαν,
1166 3945 1538 4016 ἀναιρουμένη
1584 3944 1662 4011 δὲ,
1692 3944 1760 3998 δι’
1790 3947 1879 4013 ὲγ-

1984 3952 2039 3999 et
2060 3943 2269 3999 malitia
2291 3943 2505 3998 diutina
2526 3944 2860 4014 cogitatione
2886 3945 2940 3998 in
2962 3945 3147 4001 animo
3169 3956 3385 4002 versata
3406 3958 3571 4018 atque

300 4038 565 4110 κρατείας
602 4039 698 4093 καὶ
740 4038 954 4101 ἐλπίδος
1014 4037 1291 4110 συντρίϐει
1345 4037 1538 4106 αὑτήν.
1598 4036 1879 4106 Ἀθέμιτον

1986 4035 2252 4100 exercita,
2282 4034 2570 4095 audaciam
2592 4035 2744 4089 abdit
2765 4035 2918 4090 cordi
2945 4053 2960 4101 ;
2984 4052 3107 4106 quze
3150 4046 3331 4091 tamen
3360 4054 3459 4108 per
3483 4039 3574 4094 ah-

300 4127 396 4187 οὖν
425 4133 571 4203 ἔχειν
608 4132 757 4203 ἡμᾶς
812 4132 970 4202 μῖσος
1019 4131 1159 4200 πρὸς
1196 4129 1286 4185 τὸν
1320 4130 1592 4201 ὁμόφυλον
1622 4130 1716 4182 καὶ
1747 4128 1879 4198 ὁμό·

1986 4127 2303 4182 stinentiam
2327 4135 2383 4181 et
2410 4142 2562 4197 spem
2583 4126 2785 4190 ablata,
2808 4126 3159 4182 contritionis
3181 4128 3411 4199 gratiam
3433 4146 3570 4185 con-

301 4241 517 4291 πιστον,
543 4225 640 4280 καὶ
669 4223 1113 4295 συγκληρονόμον
1141 4222 1241 4294 τῆς
1270 4222 1553 4294 βασιλείας
1582 4220 1691 4275 τῶν
1721 4220 1879 4292 οὑραι

1984 4218 2092 4276 fert
2110 4219 2264 4274 cordi
2284 4219 2485 4275 eidem.
2516 4219 2633 4274 Non
2667 4218 2831 4290 igitur
2862 4218 2941 4274 fas
2972 4220 3042 4275 sit
3066 4220 3248 4277 odisse
3277 4237 3377 4277 nos
3398 4239 3568 4278 unum

303 4316 433 4371 νῶν.
480 4318 823 4388 Μισήσωμεν
859 4312 953 4371 οὖν
987 4317 1081 4369 τὸν
1131 4316 1397 4387 μισοῦντα
1427 4314 1877 4387 ἡμᾶςδιάὅολον,

1984 4313 2219 4384 aliquem
2244 4328 2275 4368 e
2298 4312 2737 4377 contribulibus,
2768 4320 2863 4366 aut
2886 4312 2981 4382 qui
3029 4312 3138 4368 ﬁde
3181 4329 3469 4385 compares
3512 4325 3569 4371 et

303 4410 403 4463 καὶ⁵
443 4408 513 4463 τὰ
549 4400 695 4482 ἔργα
736 4408 925 4477 αὑτοῦ,
974 4407 1066 4462 τὸν
1105 4408 1287 4462 κοινὸν
1319 4408 1539 4463 πάντων
1575 4405 1879 4479 ἀνθρώπων

1984 4405 2302 4461 οοιιωτοάοε
2349 4403 2520 4459 futuri
2584 4412 2713 4459 sunt
2742 4406 2897 4475 regni
2947 4405 3214 4461 ccelorum
3243 4422 3257 4458 :
3286 4407 3567 4461 diabolum

303 4499 522 4571 ἐχθρὸν,
550 4500 791 4571 μάλιστα
807 4500 865 4554 δὲ
889 4498 1101 4554 πιστῶν
1122 4516 1137 4533 ο
1162 4499 1341 4564 οὐδεὶς
1369 4500 1477 4571 γὰρ
1498 4498 1681 4553 πίστιν
1710 4500 1878 4566 ἐπαγ-

1984 4512 2153 4568 porro
2180 4497 2310 4554 inde
2336 4497 2539 4554 fessum
2568 4506 2771 4553 nostra:
2797 4498 2989 4553 salutis
3004 4513 3219 4553 osorem
3241 4499 3421 4555 odisse
3439 4501 3569 4555 licet

299 4594 629 4665 γελλόμενος
688 4592 1019 4666 ἁμαρτάνει.
1055 4592 1191 4648 Οὐδὲ
1240 4593 1461 4664 ἀγάπην
1500 4591 1662 4663 ἔχων,
1707 4594 1878 4664 μισεῖ.

1988 4605 2335 4646 communem
2386 4591 2633 4645 omnium
2681 4590 2967 4645 hominum
3032 4590 3281 4657 hostem,
3332 4593 3567 4648 maxime

299 4682 542 4755 Φανερδν
591 4684 703 4757 γὰρ
759 4685 822 4739 τὸ
860 4684 1077 4756 δένδρον
1137 4684 1245 4739 ἀπὸ
1276 4683 1372 4738 τοῦ
1405 4682 1620 4756 καρποῦ
1648 4684 1879 4753 γίνεται.

1987 4683 2236 4739 fidelium
2262 4702 2276 4738 :
2298 4684 2475 4749 illum,
2510 4683 2758 4752 inquam,
2782 4698 2907 4737 cum
2936 4684 3203 4753 operibus
3228 4683 3402 4754 ipsius
3446 4701 3565 4739 ma-

314 4775 375 4829 Ὀ
409 4771 503 4830 οὖν
531 4778 1007 4850 ἐπαγγελλόμενος
1032 4776 1270 4849 Χριστοῦ
1304 4772 1467 4845 εἶναι,
1496 4778 1564 4831 δι’
1594 4771 1669 4833 ὧν
1706 4776 1879 4849 πράσ-

1986 4777 2149 4849 lignis
2177 4777 2478 4832 oderimus.
2514 4776 2688 4832 Nemo
2717 4778 2811 4848 qui
2841 4778 3052 4849 integra
3081 4776 3187 4832 fide
3219 4793 3284 4831 ex
3316 4778 3566 4846 professo

304 4884 411 4933 σει,
449 4868 769 4941 ὀφθήσεται.
832 4870 1034 4935 Καθὼς
1064 4872 1121 4924 ὲν
1153 4873 1273 4935 ταῖς
1316 4869 1879 4942 Παροιμίαιςιγέγρα-

1986 4871 2058 4925 sit
2086 4869 2458 4935 Christianus,
2491 4878 2682 4939 peccat
2718 4870 2825 4925 hoc
2861 4885 3059 4941 genere
3094 4868 3230 4935 odii,
3263 4884 3441 4938 neque
3469 4868 3565 4938 qui

302 4974 471 5023 πται,
515 4959 597 5012 ὅτι
632 4977 651 5010 ι
687 4962 802 5020 Πᾶς
838 4960 900 5024 ὃς
952 4962 1104 5032 μισεῖ
1154 4959 1386 5029 ἀδελφὸν
1432 4961 1670 5031 πτωχὸν,
1720 4953 1878 5025 οὗτος

1987 4961 2155 5016 habet
2206 4961 2563 5027 charitatem,
2611 4960 2731 5015 odit
2777 4962 2949 5016 ullum
2990 4961 3295 5015 hominum.
3338 4961 3567 5016 Arboris

302 5052 400 5105 καὶ
438 5050 627 5119 φιλίας
654 5051 877 5123 μακρὰν
911 5052 1103 5107 ἔσται·
1143 5053 1286 5125 ἀνὴρ
1323 5052 1381 5106 δὲ
1409 5051 1675 5123 φρόνιμος
1708 5053 1878 5124 εὑρή-

1984 5052 2221 5125 qualitas
2252 5069 2321 5109 ex
2348 5052 2531 5107 fructu
2557 5068 2721 5123 quem
2768 5052 2996 5123 profert,
3030 5052 3239 5123 liquido
3284 5052 3567 5121 cognosci-

305 5160 391 5197 σει
450 5144 647 5214 αὐτήν.
673 5162 692 5195 ι
731 5145 791 5199 '0
841 5144 901 5199 δὲ
943 5145 1225 5215 Ἰωάννης,
1268 5164 1287 5197 ι
1320 5145 1381 5199 '0
1439 5145 1633 5214 λέγων,
1690 5146 1878 5217 φησὶν,

1988 5152 2079 5199 tur
2104 5145 2171 5199 ".
2200 5142 2304 5211 Qui
2328 5142 2496 5212 igitur
2528 5157 2587 5198 se
2607 5142 2815 5198 Christi
2849 5143 3141 5213 profitetur
3177 5158 3297 5197 esse
3325 5142 3566 5212 discipu-

302 5239 362 5292 ἐν
401 5237 480 5309 τῷ
510 5241 653 5309 φωτὶ
682 5235 847 5303 εἶναι,
872 5240 968 5293 καὶ
994 5240 1089 5293 τδν
1119 5238 1351 5308 ἀδελφὸν
1376 5236 1543 5293 αὑτοῦ
1571 5238 1772 5310 μισῶν,
1824 5241 1879 5292 ὲν

1987 5238 2124 5303 lum,
2155 5252 2254 5307 per
2280 5251 2345 5291 ea
2378 5250 2502 5305 quae
2532 5234 2684 5300 facit,
2723 5242 2831 5291 stet
2876 5250 2947 5291 ne
2970 5234 3242 5291 aChristo
3294 5234 3567 5305 intellige-

300 5334 369 5405 τῇ
408 5334 601 5404 σκοτίᾳ
657 5334 807 5387 ἐστὶν
844 5334 951 5399 ἕως
999 5336 1146 5404 ἄρτι.
1202 5334 1312 5387 Καὶ
1369 5333 1465 5387 ὲάν
1506 5349 1589 5395 τις
1622 5332 1751 5403 εἴπῃ
1799 5333 1879 5386 ὅτι

1984 5337 2091 5393 tur,
2137 5326 2599 5398 quemadmodum
2639 5327 2696 5381 in
2751 5326 3073 5382 Proverbiis
3136 5326 3403 5397 scriptum
3456 5334 3561 5391 est,

300 5422 494 5493 ἀγαπᾷ
536 5423 627 5478 τὸν
660 5424 817 5492 Θεὸν,
854 5427 951 5478 καὶ⁵
1004 5424 1098 5478 τὸν
1140 5423 1372 5493 ἀδελφὸν
1427 5424 1599 5495 μισεῖ,
1638 5422 1879 5495 ψεύστης

1984 5421 2105 5491 quia
2146 5439 2163 5472 ι
2193 5419 2385 5476 Omnis
2417 5419 2511 5490 qui
2532 5418 2648 5475 odit
2670 5419 2893 5475 fratrem
2925 5434 3243 5491 pauperem,
3290 5419 3381 5474 hic
3404 5418 3564 5488 longe

376 5559 426 5630 ³]
439 5560 619 5630 Prov.
650 5578 795 5630 xxvi,
829 5563 882 5618 Il.
953 5562 996 5594 ³⁸
1037 5562 1207 5619 Eccli.
1238 5578 1425 5630 xxvm,
1458 5562 1547 5616 15.
1623 5560 1666 5591 ³⁷
1693 5559 1878 5614 ibid.l

2022 5558 2066 5591 ³⁸
2092 5558 2315 5630 lacum,
2348 5556 2432 5613 16.
2512 5556 2561 5630 ῗθ-
2582 5557 2825 5630 Romqt,
2848 5556 2963 5623 8,9.
3062 5556 3183 5630 "°_I_I
3207 5555 3349 5630 Tim.
3370 5571 3461 5630 _t_n,

301 5627 617 5754 :ng31",
680 5636 733 5690 9.
785 5623 795 5630 ’
845 5632 1072 5690 “Joan.
1113 5648 1229 5701 vm,
1282 5633 1368 5689 15.
1414 5623 1423 5630 ’
1493 5633 1539 5665 ⁸³
1580 5630 1712 5687 ibid.
1761 5630 1831 5686 Ἡ

2097 5628 2370 5685 “Hoan.
2397 5644 2454 5694 ιι,
2508 5628 2595 5683 ll.
2707 5629 2881 5685 “lsa.
2933 5626 3189 5695 vat,l8.
3294 5627 3341 5659 “
3369 5623 3558 5680 Matth.
