4028 6556
535 284 671 350 ιθοτ
1780 272 2146 335 ANTIOCHI
2185 269 2531 331 MONACHI
3635 274 3749 343 mos

528 399 637 455 erit
657 396 726 451 ab
749 386 1012 457 amicitia,
1031 390 1116 446 vir
1132 399 1312 446 autem
1328 390 1573 460 prudens
1596 387 1841 443 inveniet
1862 401 1984 441 eam
2003 384 2067 437 ⁸⁷.
2085 403 2102 434 ι

2221 382 2384 435 ἐστίν.
2432 381 2493 432 '0
2538 379 2649 451 γὰρ
2682 377 2760 449 μὴ
2810 376 3044 446 ἀγαπῶν
3100 375 3193 432 τὸν
3230 377 3453 448 ἀδελφὸν
3504 386 3675 453 αὐτοῦ,
3703 394 3753 445 ὃν

529 490 771 546 Joannes
808 500 982 540 vero:
1025 503 1043 535 ι
1077 482 1180 550 Qui
1224 482 1362 537 dicit
1391 482 1448 539 in
1490 483 1701 536 lumine
1759 496 1819 536 se
1852 495 1995 543 esse,
2053 487 2111 533 et

2221 473 2481 545 ἑώρακεν,
2539 471 2631 525 τὸν
2677 471 2831 537 Θεὸν,
2853 472 2916 525 ὂν
2946 471 3045 541 οὐχ
3073 471 3342 541 ἑώρακεν,
3395 473 3509 539 πῶς
3556 478 3755 536 δύναται

533 581 760 634 fratrem
789 590 951 631 suum
977 573 1116 636 odit,
1152 572 1209 626 in
1242 572 1488 627 tenebris
1514 580 1599 625 est
1634 584 1807 640 usque
1838 568 2020 623 adhuc
2040 567 2107 619 ⁸³.

532 668 591 724 Si
641 666 767 738 quis
818 664 1057 729 dixerit,
1113 664 1243 733 quia
1301 678 1403 733 ego
1451 662 1618 732 diligo
1665 662 1863 725 Deum,
1904 667 1961 713 et
2004 659 2115 712 fra-

533 770 675 817 trem
706 774 867 815 suum
897 756 1034 818 odit,
1064 754 1299 809 mendax
1324 764 1409 810 est
1438 771 1453 821 ;
1484 756 1579 824 qui
1609 754 1757 810 enim
1784 769 1893 808 non
1932 750 2112 821 diligit

532 851 760 907 fratrem
799 864 961 905 suum
1000 863 1161 918 quem
1194 847 1364 912 videt,
1389 847 1560 902 Deum
1594 861 1759 917 quem
1794 861 1906 899 non
1937 843 2109 907 videt,

533 942 809 1013 quomodo
842 947 1021 1011 potest
1048 938 1278 1010 diligere
1307 939 1373 993 ".
1404 958 1423 990 ι
1469 938 1612 993 Dicit
1647 938 1872 1006 insuper
1905 944 1961 990 et
1982 936 2107 989 lex:

542 1056 561 1089 ι
591 1037 710 1091 Νοιι
758 1033 986 1088 habebis
1038 1032 1167 1086 odio
1206 1032 1433 1085 fratrem
1482 1040 1638 1085 tuum
1684 1030 1739 1083 in
1792 1027 1960 1083 corde
1994 1035 2110 1089 tuo,

535 1126 923 1197 redargutione
942 1124 1239 1195 redargues
1264 1140 1412 1189 eum,
1441 1134 1496 1179 et
1516 1140 1624 1177 non
1656 1122 1895 1191 accipies
1940 1135 2112 1191 prOpe

534 1234 661 1274 eum
693 1226 998 1288 peccatum.
1037 1236 1056 1267 ι
1092 1216 1160 1269 Et
1189 1233 1203 1268 :
1237 1234 1255 1267 ι
1294 1210 1865 1271 Noncomminaberis
1910 1214 2113 1284 pepqu

536 1310 703 1365 tuo“.
743 1327 761 1359 ι
788 1307 1156 1363 Conformiter
1180 1308 1419 1362 Paulus:
1449 1326 1467 1357 ι
1503 1305 1933 1361 Consideremus
1970 1304 2113 1358 invi-

536 1418 653 1458 cem
682 1401 738 1455 in
771 1401 1217 1471 provocationem
1250 1400 1535 1456 charitatis
1569 1409 1625 1455 et
1659 1400 1932 1454 bonorum
1980 1413 2114 1467 ope-

538 1496 733 1549 rum“.
768 1513 785 1544 ι
820 1495 923 1549 Et:
963 1513 981 1545 ι
1003 1494 1189 1549 Eslote
1223 1493 1291 1548 ad
1336 1493 1569 1547 invicem
1604 1492 1847 1563 benigni,
1902 1489 2111 1545 miseri-

2212 568 2435 638 ἀγαπᾷν
2459 582 2474 631 ;
2503 584 2521 617 ι
2562 565 2730 634 Λέγει
2769 565 2828 617 δέ
2865 565 2961 618 καὶ
2987 565 3015 618 6
3044 565 3236 635 νόμος,
3271 584 3290 617 ι
3313 566 3386 618 Οὐ
3417 568 3660 639 μισήσεις
3682 576 3758 629 τὸν

2212 658 2445 729 ἀδελφόν
2495 676 2593 712 σου
2627 660 2686 711 ἐν
2737 660 2806 729 τῇ
2840 656 3056 729 διανοίᾳ
3100 674 3218 711 σου.
3260 658 3510 731 Ἐλεγμῷ
3549 662 3760 732 ἐλέγξεις

2212 751 2399 816 αὐτὸν,
2430 752 2527 806 καὶ⁸
2558 751 2621 805 οὐ
2648 750 2813 821 λήψει
2843 749 2911 804 δι’
2932 750 3097 803 αὐτὸν
3131 751 3431 820 ἁμαρτίαν.
3470 771 3488 803 ι
3524 756 3676 818 liam
3699 762 3761 811 υὺ

2217 847 2432 918 μηνιεῖς
2461 845 2577 910 τοῖς
2606 845 2702 899 τοῦ
2728 843 2859 898 λαοῦ
2885 860 3004 901 σου.
3030 862 3051 894 ο
3102 843 3335 915 Ὁμοίως
3377 846 3472 899 καὶ
3498 848 3526 900 6
3543 848 3763 917 Παῦλος,

2221 955 2239 987 ι
2266 934 2645 1005 Κατανοῶμεν
2692 933 2963 1006 ἀλλήλους
3024 936 3104 999 είς
3172 936 3530 1008 παροξυσμὸν
3571 941 3767 1014 ἀγάπης

2217 1029 2317 1082 καὶ
2372 1027 2560 1081 καλῶν
2599 1026 2800 1099 ἔργων.
2829 1047 2847 1080 ι
2897 1027 3034 1095 Καὶ,
3071 1047 3090 1080 ι
3125 1029 3350 1083 Γίνεσθε
3408 1031 3492 1096 είς
3535 1032 3767 1104 ἀλλήλους

2214 1121 2467 1191 χρηστοὶ,
2502 1119 2894 1191 εὔσπλαγχνοι,
2937 1119 3291 1191 χαριζόμενοι
3335 1122 3572 1187 ἑαυτοῖς,
3608 1124 3769 1190 καθὼς

2213 1217 2243 1267 ὁ
2264 1214 2502 1286 Χριστὸς
2518 1215 2825 1283 ἐχαρίσατο
2855 1214 3042 1283 ὑμῖν.»
3066 1214 3175 1269 Καὶ
3193 1214 3469 1286 ἐπιφέρει,
3484 1233 3502 1267 ι
3532 1216 3649 1269 Ἐὰν
3671 1221 3769 1281 ταῖς

2214 1306 2489 1375 γλώσσαις
2521 1306 2631 1360 τῶν
2681 1305 2992 1379 ἀνθρώπων
3044 1305 3193 1359 λαλῶ
3240 1308 3484 1362 καὶτῶν
3529 1310 3767 1377 ἀγγέλων,

2216 1400 2438 1471 ἀγάπην
2463 1399 2521 1457 δὲ
2554 1398 2629 1470 μὴ
2651 1398 2781 1469 ἔχω,
2800 1399 3003 1467 γέγονα
3033 1399 3234 1469 χαλκὸς
3264 1400 3439 1470 ἠχῶν,
3464 1401 3498 1470 ἢ
3525 1401 3771 1471 κύμϐαλον

2215 1487 2506 1550 ἀλαλάζον.
2533 1506 2552 1539 ι
2628 1487 2825 1558 Ἡμεῖς
2884 1483 2980 1541 οὖν
3039 1490 3092 1542 oi
3144 1490 3386 1559 Χριστὸν
3436 1490 3769 1561 ἐνδεδυμένοι,

538 1585 753 1650 cordes,
779 1585 1049 1639 donantes
1071 1586 1331 1649 invicem,
1353 1584 1579 1640 sicut'et
1608 1586 1861 1641 Christus
1890 1582 2117 1639 donavit

2221 1580 2622 1652 ἀπαιτούμεθα,
2654 1582 2716 1635 οὐ
2751 1582 2917 1651 μόνον
2950 1582 3011 1635 τὸ
3044 1582 3118 1653 μὴ
3152 1587 3332 1653 μισεῖν
3365 1602 3512 1648 τινα,
3544 1585 3671 1640 ἀλλὰ
3695 1590 3773 1640 καὶ

537 1678 697 1733 vobis
711 1678 1000 1746 ".1117
1030 1700 1046 1729 ι
1078 1677 1246 1731 infert
1268 1678 1445 1732 idem:
1476 1697 1493 1728 ι
1523 1678 1579 1733 Si
1603 1679 1804 1749 linguis
1828 1677 2115 1731 hominum

2221 1675 2278 1727 τὸ
2304 1675 2551 1744 ἀγαπᾷν,
2580 1674 2643 1727 οὐ
2675 1674 2839 1745 μόνον
2865 1675 2993 1737 τοὺς
3026 1676 3290 1744 ἀδελφοὺς
3310 1676 3406 1730 καὶ
3436 1677 3636 1746 φίλους,
3660 1679 3774 1734 ἀλλὰ

537 1769 735 1838 loquar
748 1778 804 1822 et
826 1769 1166 1838 angelorum,
1186 1769 1509 1823 charitatem
1523 1776 1704 1823 autem
1728 1784 1835 1824 non
1866 1766 2117 1829 habeam,

2226 1770 2322 1818 καὶ
2373 1767 2501 1828 τοὺς
2540 1764 2839 1835 μισοῦντας
2885 1766 3035 1836 ἡμᾶς
3078 1768 3174 1821 καὶ
3214 1767 3619 1840 ἐχθραίνοντας.
3675 1772 3775 1825 Κᾶν

538 1861 716 1914 factus
744 1875 865 1913 sum
903 1868 1157 1928 tanquam
1177 1875 1251 1913 ms
1287 1875 1491 1915 sonans
1525 1868 1620 1914 aut
1644 1860 1954 1930 cymbalum
2011 1858 2118 1912 tin-

2226 1855 2335 1927 γάρ
2384 1872 2436 1908 τι
2485 1855 2609 1909 καθ’
2640 1855 2800 1927 ήμῶν
2847 1856 3106 1911 λαλοῦσιν
3159 1858 3192 1928 ἢ
3228 1861 3588 1930 πράττουσιν,
3622 1862 3773 1917 πάγια

537 1950 699 2006 niens
726 1952 792 2005 ⁸³.
834 1970 854 2002 ι
890 1951 1001 2006 Nos
1054 1949 1223 2019 igitur
1272 1952 1369 2022 qui
1432 1952 1709 2007 Christum
1764 1950 2118 2013 induimus,a

2226 1947 2567 2018 εὐχαρίστως
2589 1945 3044 2018 καταδεξώμεθα,
3080 1946 3171 2002 διὰ
3199 1945 3300 2019 τὴν
3337 1947 3638 2018 μέλλουσαν
3665 1952 3773 2004 άντ-

538 2045 771 2099 Domino
814 2044 1157 2113 postulemus
1199 2059 1269 2098 ne
1320 2059 1424 2099 nos
1469 2044 1615 2098 sinat
1635 2059 1966 2114 quemquam
2012 2057 2118 2096 non

2225 2040 2507 2094 απόδοσιν.
2543 2037 2815 2092 Είώθασιν
2870 2038 2979 2110 γὰρ
3011 2039 3061 2091 οἱ
3091 2040 3157 2091 ἐκ
3187 2037 3284 2091 τοῦ
3313 2038 3547 2109 κόσμου,
3574 2039 3688 2103 τοὺς
3704 2041 3775 2094 ἐκ·

538 2136 717 2191 solum
740 2150 851 2188 non
872 2134 1078 2199 odisse,
1102 2134 1199 2188 sed
1221 2144 1283 2188 ut
1306 2134 1598 2205 diligamus
1622 2151 1689 2189 ex
1709 2134 1974 2189 charitate
2012 2147 2118 2187 non

2224 2134 2316 2196 τὸς
2344 2132 2439 2187 τοῦ
2470 2133 2682 2203 κόσμου
2716 2130 2936 2186 διώκειν
2968 2132 3064 2186 καὶ
3094 2128 3302 2183 θλίὸειν
3330 2132 3429 2184 καὶ
3462 2131 3772 2187 καταλαλεῖν.

536 2223 732 2278 fratres
757 2222 920 2277 modo
941 2230 1038 2276 aut
1079 2224 1307 2288 amicos,
1342 2224 1437 2278 sed
1460 2234 1516 2279 et
1546 2224 1916 2295 incommune
1937 2238 2118 2279 osores

2231 2245 2249 2278 ι
2285 2227 2590 2297 Ἐλάλησαν
2632 2224 2763 2297 γὰρ,
2810 2225 2998 2296 φησὶν,
3039 2224 3162 2277 κατ’
3195 2222 3334 2295 ἐμοῦ
3370 2223 3589 2297 γλώσσῃ
3631 2224 3773 2296 δολία,

537 2326 702 2386 atque
730 2316 983 2371 inimicos
1002 2324 1249 2370 nostros.
1277 2316 1522 2371 Tametsi
1549 2316 1838 2371 adversum
1857 2334 1955 2373 nos
1982 2333 2118 2372 non-

2224 2319 2322 2373 καὶ
2353 2318 2536 2387 λόγοις
2588 2317 2787 2389 μίσους
2845 2316 3167 2370 ἐκύκλωσαν
3223 2333 3313 2387 με.
3346 2336 3366 2370 ι
3406 2316 3603 2380 Καθὼς
3641 2319 3776 2371 καὶό

537 2409 678 2462 nihil
714 2409 1010 2479 loquantur
1039 2416 1136 2462 aut
1179 2407 1406 2474 faciant,
1460 2416 1661 2464 cuncta
1697 2417 1876 2465 tamen
1920 2410 1976 2463 in
1999 2425 2118 2481 gra-

2227 2410 2433 2482 Κύριος
2488 2411 2601 2471 τοῖς
2648 2408 2842 2463 ἐαυτοῦ
2904 2406 3179 2480 μαθηταῖς
3227 2426 3412 2479 φησιν,
3461 2427 3481 2461 ι
3512 2410 3571 2463 Ei
3604 2411 3661 2463 ἐκ
3700 2411 3775 2465 τοῦ

541 2502 671 2556 tiam
705 2501 903 2556 futurae
951 2501 1370 2568 retributionis,
1416 2517 1540 2556 cum
1569 2502 1787 2557 actione
1827 2492 2118 2574 gratiarum

2225 2502 2437 2572 κόσμου
2489 2497 2611 2571 ἦτε,
2644 2503 2673 2553 6
2702 2500 2907 2570 κόσμος
2937 2500 3005 2553 ἂν
3041 2500 3105 2553 τὸ
3136 2499 3268 2553 ἴδιον
3315 2502 3531 2569 ἐφίισι*
3557 2502 3634 2556 ὃτι
3655 2502 3703 2555 δὲ
3726 2505 3777 2557 ἐκ

539 2592 863 2662 excipienda
902 2602 1052 2658 sunt,
1085 2601 1141 2646 et
1170 2609 1331 2663 aaquo
1375 2593 1559 2648 animo
1593 2595 1917 2661 toleranda;
1944 2596 2118 2650 homi-

2224 2588 2319 2641 τοῦ
2354 2588 2561 2657 κόσμου
2588 2588 2688 2640 οὐκ
2718 2588 2867 2653 ἐστὲ,
2904 2587 3020 2641 ἀλλ’
3057 2588 3172 2657 ἐγὼ
3204 2588 3549 2661 ἐξελεξάμην
3570 2593 3701 2661 ὑμᾶς
3725 2594 3777 2645 ἐκ

540 2700 672 2738 num
701 2686 849 2740 enim
870 2687 1064 2741 mundi
1092 2686 1252 2768 istius
1304 2694 1613 2741 amatorum
1642 2702 1707 2741 ea
1728 2701 1814 2743 est
1848 2696 1905 2741 et
1928 2688 2118 2742 solem-

2223 2680 2320 2734 τοῦ
2348 2681 2580 2748 κόσμου,
2621 2679 2710 2732 διὰ
2752 2679 2911 2733 τοῦτο
2953 2682 3104 2749 μισεῖ
3148 2681 3296 2751 ὑμᾶς
3322 2683 3354 2736 6
3378 2682 3601 2752 κόσμος.
3627 2704 3643 2737 ι
3669 2687 3774 2746 Καὶ,

540 2776 629 2829 nis
676 2778 1043 2843 consuetudo,
1075 2788 1136 2831 ut
1192 2778 1329 2831 alios
1378 2788 1804 2847 persequantur,
1840 2779 2118 2843 aﬂlictent,

2232 2790 2251 2823 ι
2278 2772 2342 2824 Εἰ
2375 2771 2404 2823 6
2435 2771 2640 2840 κόσμος
2668 2770 2814 2840 ὑμᾶς
2856 2773 3028 2840 μισεῖ,
3057 2771 3365 2840 γινώσκετε
3406 2774 3491 2826 ὅτι
3523 2774 3617 2843 ἐμὲ
3653 2775 3775 2846 πρῶ-

541 2867 933 2939 obloquantur.
994 2869 1167 2923 David
1219 2869 1419 2923 testis:
1470 2887 1489 2920 ι
1556 2869 1751 2923 Locuti
1816 2878 1965 2934 sunt,
2019 2870 2118 2935 ait,

2224 2884 2316 2919 τον
2366 2864 2528 2937 ὑμῶν
2576 2866 2950 2935 μεμίσηκεν.»
3004 2866 3116 2919 Καὶ
3158 2868 3447 2937 ἐπιφέρει,
3493 2870 3777 2938 «Μακάριοί

540 2960 836 3015 adversum
877 2975 965 3015 me
1000 2960 1188 3031 lingua
1242 2960 1455 3025 dolosa,
1488 2968 1543 3014 et
1592 2961 1947 3015 sermonibus
2005 2963 2118 3016 odii

2226 2958 2349 3011 ἐστε
2386 2958 2517 3011 ὅταν
2563 2959 2871 3027 μισήσωσιν
2906 2958 3053 3028 ὑμᾶς
3074 2960 3125 3011 οἱ
3155 2958 3469 3029 ἄνθρωποι,
3503 2962 3597 3014 καί⁵
3620 2963 3777 3030 ἀφορί-

547 3051 1009 3107 cicumdederunt
1062 3066 1189 3119 me,
1248 3062 1306 3107 et
1359 3064 1813 3124 expugnaverunt
1845 3068 1932 3115 me
2000 3069 2118 3125 gra-

2230 3065 2418 3115 σωσιν,
2463 3049 2561 3101 καὶ
2602 3047 2961 3114 ὀνειδίσωσιν,
3008 3049 3105 3105 καὶ
3166 3050 3482 3105 ἐκϐάλωσιν
3540 3050 3600 3107 τὸ
3637 3052 3778 3123 ὄνομα

548 3142 706 3199 tis".
735 3162 753 3193 ι
777 3141 1254 3209 Quemadmodum
1275 3154 1330 3199 et
1356 3145 1627 3200 Dominus
1656 3146 1772 3201 suis
1796 3146 1935 3200 dixit
1954 3147 2118 3201 disci-

2229 3141 2385 3214 ὑμῶν
2415 3142 2492 3205 ὡς
2527 3142 2787 3212 πονηρὸν,
2822 3142 3010 3196 ἐνεκεν
3051 3142 3148 3196 τοῦ
3183 3144 3319 3199 Υίοῦ
3347 3145 3447 3199 τοῦ
3481 3145 3743 3217 ἀνθρώπου
3765 3161 3777 3173 ·

545 3232 693 3304 pulis
725 3250 739 3286 :
767 3252 785 3284 ι
812 3234 868 3288 Si
901 3232 969 3287 de
1007 3234 1211 3288 mundo
1246 3235 1463 3298 essetis,
1506 3235 1745 3290 mundus
1773 3235 1919 3306 quod
1959 3252 2118 3290 suum

2228 3235 2451 3305 χαίρετε
2478 3236 2575 3289 καὶ
2604 3234 2944 3303 ἀγαλλιᾶσθε
2973 3237 3058 3290 ὅτι
3089 3238 3118 3290 6
3146 3237 3341 3307 μισθὸς
3371 3240 3532 3311 ὑμῶν
3557 3239 3706 3303 πολὺς
3732 3241 3779 3292 ἐν

545 3332 714 3388 esset,
754 3324 1009 3394 diligeret
1037 3342 1051 3390 ;
1078 3326 1206 3394 quia
1240 3334 1423 3380 autem
1471 3326 1538 3380 de
1567 3326 1773 3381 mundo
1821 3343 1933 3382 non
1965 3329 2118 3393 estis,

2227 3328 2342 3390 τοῖς
2376 3326 2646 3399 οὐρανοῖς.
2673 3345 2693 3380 ι
2726 3326 2838 3381 Καὶ
2858 3327 3045 3395 πάλιν,
3076 3347 3096 3381 ι
3132 3329 3420 3398 Ἀγαπᾶτε
3439 3333 3567 3394 τοὺς
3588 3329 3779 3401 ἐχθροὺς

546 3425 840 3486 propterea
855 3415 971 3470 odit
992 3432 1090 3471 vos
1106 3417 1341 3471 mundus
1361 3417 1427 3472 ⁵⁸.
1460 3436 1477 3468 ι
1501 3418 1569 3472 Et
1595 3434 1607 3471 :
1639 3437 1658 3469 ι
1687 3419 1741 3473 Si
1768 3421 2007 3477 mundus
2025 3438 2118 3477 vos

2231 3417 2409 3488 ὑμῶν,
2443 3417 2625 3482 καλῶς
2648 3421 2852 3473 ποιεῖτε
2880 3422 2994 3485 τοῖς
3035 3421 3289 3492 μισοῦσιν
3322 3424 3496 3493 ὑμᾶς,
3519 3422 3610 3476 καὶ
3640 3437 3780 3494 προσ-

546 3507 683 3572 odit,
709 3508 902 3562 scitote
936 3507 1063 3577 quia
1087 3523 1173 3562 me
1189 3493 1430 3577 priorem
1466 3507 1623 3563 vobis
1654 3509 1784 3563 odio
1811 3510 2071 3565 habuit“.
2100 3531 2117 3563 ι

2228 3510 2457 3581 εὐχεσθε
2523 3510 2667 3583 ὑπὲρ
2716 3510 2826 3566 τῶν
2875 3512 3293 3585 ἐπηρεαζόντων
3340 3514 3495 3587 ὑμᾶς
3547 3514 3635 3567 καὶ
3677 3513 3779 3566 διω-

545 3595 718 3651 Infert
790 3614 803 3650 :
865 3613 885 3646 ι
930 3595 1082 3650 Beati
1131 3595 1291 3650 eritis
1339 3610 1465 3650 cum
1523 3610 1622 3650 vos
1673 3594 1894 3649 oderint
1943 3597 2118 3651 homi-

2225 3604 2455 3669 κόντων,
2481 3606 2631 3671 ὅπως
2650 3606 2889 3679 γένησθε
2916 3608 3022 3661 υἱοὶ
3049 3607 3146 3661 τοῦ
3186 3606 3409 3677 Πατρὸς
3442 3605 3595 3676 ὑμῶν
3628 3603 3711 3658 τοῦ
3736 3605 3779 3657 ἐν

546 3704 667 3750 nes,
688 3698 744 3743 et
759 3687 1161 3757 separaverint,
1187 3697 1243 3742 et
1274 3687 1754 3759 exprobraverint,
1785 3698 1841 3743 et
1864 3690 2118 3759 eiecerint

2225 3699 2341 3761 τοῖς
2388 3698 2661 3770 οὐρανοῖς.
2692 3717 2712 3753 ι
2738 3698 2926 3772 ιλύτῷ
2979 3700 3016 3772 ἡ
3074 3699 3204 3771 δόξα
3266 3700 3350 3764 είς
3402 3697 3534 3761 τοὺς
3588 3696 3777 3759 αἰῶνας.

547 3796 747 3833 nomen
796 3788 1039 3834 vestrum
1097 3788 1356 3853 tauquam
1409 3782 1635 3845 malum,
1669 3789 1895 3850 propter
1926 3782 2127 3837 Filium
2239 3788 2437 3859 Ἀμήν,

546 3871 789 3926 hominis
832 3889 846 3925 ε
882 3872 1117 3942 gaudete
1162 3882 1218 3926 et
1249 3871 1542 3938 exsultate,
1594 3874 1854 3943 quoniam
1908 3890 2123 3933 merces
2162 3889 2345 3935 vestra
2393 3883 2564 3939 multa
2628 3891 2715 3938 est
2756 3884 2810 3939 in
2874 3882 3029 3940 ccelis
3090 3883 3158 3940 ⁸⁷.
3197 3902 3217 3935 ι
3253 3883 3465 3939 Iterum
3498 3899 3510 3935 :
3546 3899 3564 3932 ι
3592 3878 3778 3949 Diligite

546 3957 801 4015 inimicos
853 3969 1086 4024 vestros,
1155 3960 1462 4017 benefacite
1491 3962 1559 4017 iis
1609 3964 1703 4033 qui
1762 3964 2004 4019 oderunt
2074 3983 2186 4035 vos,
2231 3980 2288 4025 et
2314 3981 2468 4028 orate
2498 3988 2599 4044 pro
2629 3974 3098 4031 calumniantibus
3126 3982 3183 4031 et
3205 3973 3666 4047 persequentibus
3683 3985 3775 4037 vos,

544 4065 608 4111 ut
640 4056 761 4112 sitis
792 4054 890 4110 filii
939 4055 1121 4115 Patris
1167 4057 1341 4113 vestri
1371 4058 1466 4128 qui
1490 4057 1548 4112 in
1598 4060 1754 4114 caelis
1791 4068 1877 4114 est
1898 4059 1963 4114 ⁵⁸.
2000 4080 2020 4113 ›
2054 4061 2164 4118 lnsi
2202 4065 2379 4135 gloria
2407 4067 2462 4122 in
2494 4069 2697 4123 saecula
2728 4069 3078 4124 saeculorum.
3104 4068 3303 4125 Amen.

1106 4197 1396 4255 HOMILIA
1427 4199 1611 4257 LVIII.

540 4310 751 4367 Nemini
800 4308 1165 4365 insultantium
1207 4313 1263 4365 in
1293 4313 1576 4395 qfﬂictt’oue
1611 4323 1703 4368 aut
1743 4331 1943 4386 angore
1964 4317 2132 4371 animi

1152 4391 1458 4437 constituto.

601 4496 874 4551 Insultare
896 4495 1280 4567 cujuscunque
1303 4495 1525 4551 tandem
1546 4498 1885 4554 conditionis
1907 4498 2121 4554 homini

541 4588 904 4643 tribulatione
928 4586 1188 4659 quapiam
1216 4596 1316 4644 aut
1348 4588 1430 4645 rei
1458 4590 1758 4660 peculiaris
1781 4591 1998 4662 jactura
2018 4591 2123 4645 mi-

539 4696 662 4736 sere
704 4680 934 4747 amicto,
970 4680 1077 4736 viri
1123 4689 1274 4737 certe
1328 4690 1416 4738 est
1458 4692 1665 4739 temere
1716 4682 2121 4748 insolescentis,

538 4791 649 4829 non
704 4774 912 4830 mentis
960 4774 1097 4830 satis
1152 4773 1405 4833 sincerae.
1441 4775 1620 4832 Verus
1662 4775 1753 4830 hic
1787 4791 1847 4831 se
1899 4775 2121 4829 illorum

539 4866 740 4935 probat
792 4880 855 4920 re
908 4864 1029 4937 ipsa
1089 4874 1405 4921 consortem
1469 4865 1567 4937 qui
1624 4865 1775 4921 cruci
1831 4863 2126 4919 Dominum

538 4956 795 5024 ﬁxerunt,
832 4958 923 5013 cui
954 4965 1011 5014 et
1038 4973 1069 5013 a
1095 4973 1262 5014 cruce
1292 4957 1558 5029 pendenti
1585 4957 1844 5013 dicebant
1896 4974 1910 5010 :
1945 4974 1963 5008 ι
1987 4954 2127 5020 Vah,

537 5049 630 5118 qui
648 5048 907 5106 'destruis
933 5052 1200 5122 templum
1230 5051 1352 5117 Dei,
1387 5060 1445 5107 et
1470 5050 1528 5106 in
1553 5050 1733 5105 tribus
1760 5049 1961 5105 diebus
1982 5046 2134 5102 exci-

542 5150 623 5193 tas
656 5138 832 5207 illud,
863 5140 1014 5195 salva
1062 5142 1415 5211 temetipsum
1458 5141 1525 5194 ".
1557 5159 1576 5192 ι
1618 5139 1734 5195 lloc
1762 5139 1924 5209 plane
1964 5136 2123 5208 ﬂagi-

535 5230 665 5286 tiosi
695 5239 781 5285 est
807 5231 1053 5288 hominis
1073 5242 1130 5287 et
1159 5234 1379 5289 nefarii.
1412 5233 1629 5289 Etenim
1662 5246 1762 5302 pes
1787 5232 1834 5287 si
1860 5229 1976 5286 fors
2014 5228 2123 5284 illi-

535 5322 692 5388 serit,
731 5330 829 5376 aut
876 5323 1112 5389 labatur,
1166 5341 1300 5379 num
1354 5324 1641 5380 insultabit
1690 5339 1885 5379 manus
1922 5322 2120 5378 ?Sane

538 5430 627 5469 res
666 5415 785 5471 haec
810 5416 865 5471 in
895 5416 1178 5473 diversum
1224 5418 1379 5485 abit;
1408 5434 1535 5473 nam
1562 5418 1671 5474 olei
1699 5415 1979 5473 infusione
2021 5424 2120 5471 aut

598 5573 640 5605 ³⁷
672 5573 694 5628 ῐ
723 5572 881 5629 Joan.
918 5591 1001 5642 ιιι,
1026 5575 1109 5629 l5.
1187 5575 1232 5607 δ’
1259 5576 1533 5641 lJoan.n,
1558 5577 1642 5631 ll.

537 5644 581 5715 η
610 5646 628 5698 1
661 5645 786 5700 Cor.
826 5662 938 5707 xm,
968 5646 1017 5698 l.
1112 5647 1159 5677 ⁸⁸
1186 5647 1328 5702 l’sal.
1353 5664 1499 5715 cvm,
1530 5648 1583 5702 5.

541 5714 585 5747 ³⁸
620 5718 811 5772 Matth.
861 5734 1031 5782 xxv",
1086 5718 1177 5775 40.

2820 4210 3041 4265 ΛΟΓΟΣ
3073 4211 3208 4267 ΝΗ’.

2604 4321 2766 4401 Περὶ
2810 4321 2918 4378 τοῦ
2944 4321 3030 4394 μὴ
3064 4322 3403 4393 ἐπιχαίρειν

2296 4498 2370 4551 Τὸ
2400 4497 2710 4572 ἐπιχαίρειν
2744 4500 3045 4573 οίῳδήποτε
3102 4502 3383 4575 ἀνθρώπῳ
3430 4505 3491 4557 ἐν
3525 4498 3770 4571 θλίψει,ἢ

2227 4593 2286 4646 ἐν
2314 4590 2509 4663 ζημία,
2543 4593 2577 4663 ἢ
2619 4594 2678 4647 ἐν
2708 4593 2935 4661 πτώσει,
2963 4595 3256 4665 ἀνθρώπου
3286 4598 3439 4650 ἐστὶν
3469 4609 3769 4665 περπερευο·

2231 4681 2395 4754 μένου
2451 4682 2546 4737 καὶ
2580 4684 2851 4755 ἐξιτήλου·
2887 4686 3094 4757 μᾶλλον
3116 4686 3174 4740 δὲ
3202 4686 3465 4742 κοινωνοῦ
3497 4686 3605 4740 τῶν
3633 4700 3769 4737 σταυ-

2232 4775 2525 4845 ρωσάντων
2555 4775 2649 4829 τὸν
2698 4776 2926 4849 Κύριον.
2969 4778 3137 4832 Αὐτοὶ
3167 4779 3275 4849 γὰρ
3319 4778 3529 4847 ἔλεγον,
3559 4798 3576 4830 ι
3608 4773 3770 4829 Οὺσὶό

2229 4865 2517 4920 καταλύων
2544 4867 2637 4922 τὸν
2665 4869 2813 4933 ναὸν,
2852 4872 2946 4922 καὶ
2975 4871 3033 4923 ἐν
3062 4870 3244 4938 τρισὶν
3290 4870 3532 4942 ἡμέραις
3573 4866 3769 4936 ἐγείρων

2231 4958 2418 5028 αὑτὸν,
2447 4960 2623 5016 σῶσον
2665 4961 2915 5016 σεαυτόν.
2954 4979 2974 5013 ι
3009 4960 3183 5015 Τοῦτο
3225 4961 3283 5015 δέ
3330 4960 3589 5031 ἀθέμιτόν
3625 4960 3765 5012 ἐστιν.

2234 5050 2308 5104 Οὐ
2329 5050 2438 5123 γὰρ
2467 5050 2565 5107 ἐὰν
2596 5052 2885 5125 προσκόψη
2925 5055 2956 5107 6
2997 5052 3154 5119 ποῦς,
3206 5056 3555 5125 ἐπιχαίρεται
3594 5050 3763 5123 ἠχείρ.

2230 5141 2561 5197 Τουναντίον
2590 5144 2691 5214 μὲν
2734 5138 2831 5197 οῦν
2872 5144 2969 5200 καὶ
3019 5144 3402 5215 ἐπιμελεῖται,
3436 5145 3471 5217 ἢ
3502 5143 3566 5197 δι’
3592 5141 3763 5199 ἐλαίου,

2227 5232 2259 5303 ἢ
2304 5232 2370 5286 δι’
2390 5234 2780 5307 ,ἐμπλάστρου.
2811 5234 2984 5309 Εἴπερ
3032 5237 3090 5289 ἓν
3138 5236 3301 5307 σῶμα
3350 5238 3538 5307 ἐσμεν,
3582 5235 3639 5288 οὗ
3678 5220 3764 5301 χρὴ

2224 5320 2318 5378 οὖν
2341 5327 2654 5399 καταγελᾷν
2682 5329 2777 5383 καὶ
2798 5329 3104 5401 ἐπιχαίρειν
3132 5331 3230 5383 τοῦ
3257 5329 3390 5383 ἰδίου
3413 5328 3621 5399 μέλους,
3650 5321 3760 5377 ἀλλά

2228 5414 2540 5484 συναλγεῖν,
2580 5420 2676 5471 καὶ
2712 5422 3085 5491 συμπάσχειν,
3119 5418 3261 5473 κατὰ
3306 5419 3465 5488 λόγον
3504 5415 3592 5471 τοῦ
3634 5417 3762 5467 Ἀπο-

1719 5575 1796 5630 ⁸⁹Ι
1818 5574 1976 5630 Joan.
2002 5574 2065 5638 ,4,
2089 5572 2118 5626 Ξ

2257 5574 2305 5605 ⁸ο
2331 5574 2506 5631 Levit.
2528 5593 2640 5643 χιχ,
2670 5578 2756 5632 l7.
2812 5579 2856 5612 “
2882 5577 3052 5633 Hebr.
3080 5578 3242 5643 :36.
3319 5574 3661 5645 “Ephesii”,
3682 5569 3755 5645 52.

1684 5650 1730 5682 ⁵³
1759 5648 1919 5702 Joan.
1949 5662 2037 5710 xv,
2067 5647 2153 5700 19.

2248 5645 2453 5729 “‘ibid.
2486 5649 2572 5702 18.
2630 5641 2635 5643 ’
2668 5650 2713 5681 ⁸⁷
2734 5649 2869 5707 Luc.
2896 5666 2969 5716 γι,
3002 5650 3093 5717 22,
3121 5641 3211 5704 25.
3311 5647 3356 5679 ⁵⁸
3378 5641 3562 5702 Matth.
3600 5659 3647 5709 ν,
3679 5641 3751 5694 Μ.
