  <div class='ocr_page' id='page_1' title='image "/cluster/home/n/w/nwhite01/storage/ocr_20150623/89/hvd.32044010610574/812.png"; bbox 0 0 4028 6542; ppageno 0'>
   <div class='ocr_carea' id='block_1_1' title="bbox 262 416 396 481">
    <p class='ocr_par' dir='ltr' id='par_1_1' title="bbox 262 416 396 481">
     <span class='ocr_line' id='line_1_1' title="bbox 262 416 396 481; baseline 0.022 -3"><span class='ocrx_word' id='word_1_1' title='bbox 262 416 396 481; x_wconf 80' lang='grc'><strong>1609</strong></span> 
     </span>
    </p>
   </div>
   <div class='ocr_carea' id='block_1_2' title="bbox 923 416 2818 481">
    <p class='ocr_par' dir='ltr' id='par_1_2' title="bbox 923 416 2818 481">
     <span class='ocr_line' id='line_1_2' title="bbox 923 416 2818 481; baseline -0.001 -2"><span class='ocrx_word' id='word_1_2' title='bbox 923 419 1250 480; x_wconf 80' lang='lat' dir='ltr'><strong>HOMILIA</strong></span> <span class='ocrx_word' id='word_1_3' title='bbox 1289 421 1502 481; x_wconf 84' lang='lat' dir='ltr'><strong>LVIII.</strong></span> <span class='ocrx_word' id='word_1_4' title='bbox 1541 444 1607 454; x_wconf 89' lang='lat'><strong><em>—</em></strong></span> <span class='ocrx_word' id='word_1_5' title='bbox 1647 416 2010 477; x_wconf 83' lang='lat' dir='ltr'><strong>AFFLICTO</strong></span> <span class='ocrx_word' id='word_1_6' title='bbox 2049 418 2202 477; x_wconf 87' lang='lat' dir='ltr'><strong>NON</strong></span> <span class='ocrx_word' id='word_1_7' title='bbox 2246 419 2818 479; x_wconf 75' lang='lat' dir='ltr'><strong>INSULTANDUM.</strong></span> 
     </span>
    </p>
   </div>
   <div class='ocr_carea' id='block_1_3' title="bbox 3351 418 3486 486">
    <p class='ocr_par' dir='ltr' id='par_1_3' title="bbox 3351 418 3486 486">
     <span class='ocr_line' id='line_1_3' title="bbox 3351 418 3486 486; baseline 0.03 -4"><span class='ocrx_word' id='word_1_8' title='bbox 3351 418 3486 486; x_wconf 77' lang='grc'><strong>1610</strong></span> 
     </span>
    </p>
   </div>
   <div class='ocr_carea' id='block_1_4' title="bbox 255 531 1821 604">
    <p class='ocr_par' dir='ltr' id='par_1_4' title="bbox 255 531 1810 604">
     <span class='ocr_line' id='line_1_4' title="bbox 255 531 1810 604; baseline -0.003 -18"><span class='ocrx_word' id='word_1_9' title='bbox 255 532 466 596; x_wconf 79' lang='grc' dir='ltr'>στόλου,</span> <span class='ocrx_word' id='word_1_10' title='bbox 511 532 574 584; x_wconf 74' lang='grc' dir='ltr'>οὓ</span> <span class='ocrx_word' id='word_1_11' title='bbox 613 533 772 602; x_wconf 89' lang='grc' dir='ltr'>μόνον</span> <span class='ocrx_word' id='word_1_12' title='bbox 815 531 871 585; x_wconf 86' lang='grc' dir='ltr'>δὲ</span> <span class='ocrx_word' id='word_1_13' title='bbox 921 533 984 585; x_wconf 81' lang='grc' dir='ltr'>τὸ</span> <span class='ocrx_word' id='word_1_14' title='bbox 1016 534 1346 604; x_wconf 78' lang='grc' dir='ltr'><strong>ἐπιχαίρειν,</strong></span> <span class='ocrx_word' id='word_1_15' title='bbox 1381 535 1492 586; x_wconf 84' lang='grc' dir='ltr'>ἀλλ’</span> <span class='ocrx_word' id='word_1_16' title='bbox 1524 532 1646 586; x_wconf 76' lang='grc' dir='ltr'>οὐδὲ</span> <span class='ocrx_word' id='word_1_17' title='bbox 1675 532 1810 592; x_wconf 80' lang='grc' dir='ltr'>ὅλως</span> 
     </span>
    </p>
   </div>
   <div class='ocr_carea' id='block_1_5' title="bbox 1923 531 3491 604">
    <p class='ocr_par' dir='ltr' id='par_1_5' title="bbox 1923 532 3491 604">
     <span class='ocr_line' id='line_1_5' title="bbox 1923 532 3491 604; baseline 0.003 -20"><span class='ocrx_word' id='word_1_18' title='bbox 1923 532 2234 599; x_wconf 77' lang='lat' dir='ltr'><strong>emplastro,</strong></span> <span class='ocrx_word' id='word_1_19' title='bbox 2275 533 2402 601; x_wconf 90' lang='lat' dir='ltr'><strong>pedi</strong></span> <span class='ocrx_word' id='word_1_20' title='bbox 2427 532 2697 587; x_wconf 91' lang='lat' dir='ltr'><strong>medetur.</strong></span> <span class='ocrx_word' id='word_1_21' title='bbox 2731 533 3015 602; x_wconf 86' lang='lat' dir='ltr'><strong>Siquidem</strong></span> <span class='ocrx_word' id='word_1_22' title='bbox 3061 545 3232 587; x_wconf 87' lang='lat' dir='ltr'><strong>unum</strong></span> <span class='ocrx_word' id='word_1_23' title='bbox 3287 549 3491 604; x_wconf 82' lang='lat' dir='ltr'><strong>corpus</strong></span> 
     </span>
    </p>
   </div>
   <div class='ocr_carea' id='block_1_6' title="bbox 254 622 1816 695">
    <p class='ocr_par' dir='ltr' id='par_1_6' title="bbox 254 622 1816 695">
     <span class='ocr_line' id='line_1_6' title="bbox 254 622 1816 695; baseline -0.001 -19"><span class='ocrx_word' id='word_1_24' title='bbox 254 622 478 676; x_wconf 82' lang='grc' dir='ltr'>ἀκούειν</span> <span class='ocrx_word' id='word_1_25' title='bbox 525 623 816 693; x_wconf 76' lang='grc' dir='ltr'><strong>δυστυχίαν</strong></span> <span class='ocrx_word' id='word_1_26' title='bbox 862 623 1173 695; x_wconf 81' lang='grc' dir='ltr'>ἀνθρώπου.</span> <span class='ocrx_word' id='word_1_27' title='bbox 1229 628 1291 678; x_wconf 81' lang='grc' dir='ltr'><strong>Οἱ</strong></span> <span class='ocrx_word' id='word_1_28' title='bbox 1343 627 1451 695; x_wconf 75' lang='grc' dir='ltr'>γὰρ</span> <span class='ocrx_word' id='word_1_29' title='bbox 1489 625 1660 685; x_wconf 77' lang='grc' dir='ltr'>οὓτως</span> <span class='ocrx_word' id='word_1_30' title='bbox 1705 623 1816 675; x_wconf 84' lang='grc' dir='ltr'>τῶν</span> 
     </span>
    </p>
   </div>
   <div class='ocr_carea' id='block_1_7' title="bbox 251 713 1819 788">
    <p class='ocr_par' dir='ltr' id='par_1_7' title="bbox 251 713 1819 788">
     <span class='ocr_line' id='line_1_7' title="bbox 251 713 1819 788; baseline 0 -22"><span class='ocrx_word' id='word_1_31' title='bbox 251 714 512 768; x_wconf 82' lang='grc' dir='ltr'><strong>τοιούτων</strong></span> <span class='ocrx_word' id='word_1_32' title='bbox 541 716 806 788; x_wconf 76' lang='grc' dir='ltr'>ῥημάτων</span> <span class='ocrx_word' id='word_1_33' title='bbox 826 716 1141 781; x_wconf 87' lang='grc' dir='ltr'>ἀκούοντες,</span> <span class='ocrx_word' id='word_1_34' title='bbox 1161 716 1260 785; x_wconf 81' lang='grc' dir='ltr'>τῆς</span> <span class='ocrx_word' id='word_1_35' title='bbox 1283 715 1492 779; x_wconf 81' lang='grc' dir='ltr'>οἰκείας</span> <span class='ocrx_word' id='word_1_36' title='bbox 1510 713 1819 784; x_wconf 78' lang='grc' dir='ltr'><strong>προθέσεως</strong></span> 
     </span>
    </p>
   </div>
   <div class='ocr_carea' id='block_1_8' title="bbox 253 805 1818 880">
    <p class='ocr_par' dir='ltr' id='par_1_8' title="bbox 253 805 1818 880">
     <span class='ocr_line' id='line_1_8' title="bbox 253 805 1818 880; baseline -0.002 -19"><span class='ocrx_word' id='word_1_37' title='bbox 253 809 380 872; x_wconf 83' lang='grc' dir='ltr'>τοὺς</span> <span class='ocrx_word' id='word_1_38' title='bbox 405 810 657 880; x_wconf 82' lang='grc' dir='ltr'>καρποὺς</span> <span class='ocrx_word' id='word_1_39' title='bbox 693 811 990 880; x_wconf 83' lang='grc' dir='ltr'>τρυγῶσιν.</span> <span class='ocrx_word' id='word_1_40' title='bbox 1014 811 1126 864; x_wconf 70' lang='grc' dir='ltr'><strong>Καὶ</strong></span> <span class='ocrx_word' id='word_1_41' title='bbox 1172 810 1248 880; x_wconf 84' lang='grc' dir='ltr'>μὴ</span> <span class='ocrx_word' id='word_1_42' title='bbox 1273 809 1461 879; x_wconf 79' lang='grc' dir='ltr'>νόμιζε</span> <span class='ocrx_word' id='word_1_43' title='bbox 1495 809 1678 862; x_wconf 82' lang='grc' dir='ltr'>πᾶσαν</span> <span class='ocrx_word' id='word_1_44' title='bbox 1707 805 1818 859; x_wconf 87' lang='grc' dir='ltr'>θλί-</span> 
     </span>
    </p>
   </div>
   <div class='ocr_carea' id='block_1_9' title="bbox 250 898 1818 972">
    <p class='ocr_par' dir='ltr' id='par_1_9' title="bbox 250 898 1818 972">
     <span class='ocr_line' id='line_1_9' title="bbox 250 898 1818 972; baseline -0.004 -17"><span class='ocrx_word' id='word_1_45' title='bbox 250 900 343 970; x_wconf 78' lang='grc' dir='ltr'><strong>ψιν</strong></span> <span class='ocrx_word' id='word_1_46' title='bbox 388 901 457 953; x_wconf 85' lang='grc' dir='ltr'>δι’</span> <span class='ocrx_word' id='word_1_47' title='bbox 493 900 774 969; x_wconf 81' lang='grc' dir='ltr'><strong>ἁμαρτίαν</strong></span> <span class='ocrx_word' id='word_1_48' title='bbox 807 901 1134 972; x_wconf 77' lang='grc' dir='ltr'><strong>ἐπέρχεσθαι</strong></span> <span class='ocrx_word' id='word_1_49' title='bbox 1165 904 1278 963; x_wconf 84' lang='grc' dir='ltr'>τοῖς</span> <span class='ocrx_word' id='word_1_50' title='bbox 1312 899 1620 971; x_wconf 81' lang='grc' dir='ltr'>ἀνθρώποις</span> <span class='ocrx_word' id='word_1_51' title='bbox 1644 915 1656 928; x_wconf 69' lang='grc' dir='ltr'>α</span> <span class='ocrx_word' id='word_1_52' title='bbox 1683 898 1818 949; x_wconf 73' lang='grc' dir='ltr'>εἰσὶν</span> 
     </span>
    </p>
   </div>
   <div class='ocr_carea' id='block_1_10' title="bbox 251 986 1821 1060">
    <p class='ocr_par' dir='ltr' id='par_1_10' title="bbox 251 986 1821 1060">
     <span class='ocr_line' id='line_1_10' title="bbox 251 986 1821 1060; baseline -0.001 -20"><span class='ocrx_word' id='word_1_53' title='bbox 251 989 361 1059; x_wconf 87' lang='grc' dir='ltr'><strong>γάρ</strong></span> <span class='ocrx_word' id='word_1_54' title='bbox 393 1006 536 1051; x_wconf 90' lang='grc' dir='ltr'>τινες</span> <span class='ocrx_word' id='word_1_55' title='bbox 583 989 1010 1059; x_wconf 82' lang='grc' dir='ltr'>εὐαρεστοῦντες</span> <span class='ocrx_word' id='word_1_56' title='bbox 1041 991 1135 1043; x_wconf 73' lang='grc' dir='ltr'><strong>καὶ</strong></span> <span class='ocrx_word' id='word_1_57' title='bbox 1162 989 1574 1060; x_wconf 76' lang='grc' dir='ltr'>πειραζόμενοι·</span> <span class='ocrx_word' id='word_1_58' title='bbox 1603 986 1821 1048; x_wconf 89' lang='grc' dir='ltr'>ἀσεϐεῖς</span> 
     </span>
    </p>
   </div>
   <div class='ocr_carea' id='block_1_11' title="bbox 251 1080 1814 1154">
    <p class='ocr_par' dir='ltr' id='par_1_11' title="bbox 251 1080 1814 1154">
     <span class='ocr_line' id='line_1_11' title="bbox 251 1080 1814 1154; baseline -0.002 -19"><span class='ocrx_word' id='word_1_59' title='bbox 251 1083 361 1152; x_wconf 82' lang='grc' dir='ltr'>γὰρ</span> <span class='ocrx_word' id='word_1_60' title='bbox 386 1083 482 1134; x_wconf 71' lang='grc' dir='ltr'>καὶ</span> <span class='ocrx_word' id='word_1_61' title='bbox 503 1083 695 1151; x_wconf 81' lang='grc' dir='ltr'>ἄνομοι</span> <span class='ocrx_word' id='word_1_62' title='bbox 733 1082 1222 1154; x_wconf 82' lang='grc' dir='ltr'>ἐκδιωχθήσονται.</span> <span class='ocrx_word' id='word_1_63' title='bbox 1265 1082 1537 1144; x_wconf 85' lang='grc' dir='ltr'><strong>Ὡσαύτως</strong></span> <span class='ocrx_word' id='word_1_64' title='bbox 1559 1081 1656 1134; x_wconf 72' lang='grc' dir='ltr'>καὶ</span> <span class='ocrx_word' id='word_1_65' title='bbox 1691 1098 1708 1130; x_wconf 75' lang='grc' dir='ltr'>ι</span> <span class='ocrx_word' id='word_1_66' title='bbox 1750 1080 1814 1132; x_wconf 79' lang='grc' dir='ltr'>Οἱ</span> 
     </span>
    </p>
   </div>
   <div class='ocr_carea' id='block_1_12' title="bbox 253 1172 1814 1244">
    <p class='ocr_par' dir='ltr' id='par_1_12' title="bbox 253 1172 1814 1244">
     <span class='ocr_line' id='line_1_12' title="bbox 253 1172 1814 1244; baseline -0.003 -18"><span class='ocrx_word' id='word_1_67' title='bbox 253 1174 499 1237; x_wconf 81' lang='grc' dir='ltr'>εὐσεϐῶς</span> <span class='ocrx_word' id='word_1_68' title='bbox 536 1174 785 1237; x_wconf 86' lang='grc' dir='ltr'>Θέλοντες</span> <span class='ocrx_word' id='word_1_69' title='bbox 814 1175 916 1244; x_wconf 79' lang='grc' dir='ltr'><strong>ζῇν</strong></span> <span class='ocrx_word' id='word_1_70' title='bbox 957 1177 1013 1226; x_wconf 88' lang='grc' dir='ltr'><strong>ὲν</strong></span> <span class='ocrx_word' id='word_1_71' title='bbox 1059 1173 1302 1243; x_wconf 77' lang='grc' dir='ltr'>Χριστῷ,</span> <span class='ocrx_word' id='word_1_72' title='bbox 1339 1172 1756 1242; x_wconf 80' lang='grc' dir='ltr'><strong>διωχθήσονται,</strong></span> <span class='ocrx_word' id='word_1_73' title='bbox 1796 1189 1814 1222; x_wconf 78' lang='grc' dir='ltr'>ι</span> 
     </span>
    </p>
   </div>
   <div class='ocr_carea' id='block_1_13' title="bbox 251 1261 1817 1334">
    <p class='ocr_par' dir='ltr' id='par_1_13' title="bbox 251 1261 1817 1334">
     <span class='ocr_line' id='line_1_13' title="bbox 251 1261 1817 1334; baseline -0.001 -19"><span class='ocrx_word' id='word_1_74' title='bbox 251 1263 436 1326; x_wconf 79' lang='grc' dir='ltr'>καθὼς</span> <span class='ocrx_word' id='word_1_75' title='bbox 486 1264 584 1317; x_wconf 74' lang='grc' dir='ltr'><strong>καὶ</strong></span> <span class='ocrx_word' id='word_1_76' title='bbox 635 1265 742 1317; x_wconf 81' lang='grc' dir='ltr'><strong>ὑπὸ</strong></span> <span class='ocrx_word' id='word_1_77' title='bbox 795 1265 891 1318; x_wconf 81' lang='grc' dir='ltr'><strong>τοῦ</strong></span> <span class='ocrx_word' id='word_1_78' title='bbox 945 1263 1355 1334; x_wconf 85' lang='grc' dir='ltr'>Παροιμιαστοῦ</span> <span class='ocrx_word' id='word_1_79' title='bbox 1413 1261 1817 1330; x_wconf 84' lang='grc' dir='ltr'>παιδευόμεθα’</span> 
     </span>
    </p>
   </div>
   <div class='ocr_carea' id='block_1_14' title="bbox 252 1352 1820 1426">
    <p class='ocr_par' dir='ltr' id='par_1_14' title="bbox 252 1352 1820 1426">
     <span class='ocr_line' id='line_1_14' title="bbox 252 1352 1820 1426; baseline 0.004 -20"><span class='ocrx_word' id='word_1_80' title='bbox 252 1355 389 1423; x_wconf 69' lang='grc' dir='ltr'>φησὶ</span> <span class='ocrx_word' id='word_1_81' title='bbox 421 1354 549 1424; x_wconf 81' lang='grc' dir='ltr'>γὰρ,</span> <span class='ocrx_word' id='word_1_82' title='bbox 592 1373 611 1405; x_wconf 72' lang='grc' dir='ltr'>ι</span> <span class='ocrx_word' id='word_1_83' title='bbox 655 1355 780 1407; x_wconf 81' lang='grc' dir='ltr'><strong>Ἐὰν</strong></span> <span class='ocrx_word' id='word_1_84' title='bbox 818 1357 961 1426; x_wconf 79' lang='grc' dir='ltr'>πέσῃ</span> <span class='ocrx_word' id='word_1_85' title='bbox 999 1357 1026 1407; x_wconf 98' lang='lat'><strong>6</strong></span> <span class='ocrx_word' id='word_1_86' title='bbox 1066 1356 1257 1425; x_wconf 84' lang='grc' dir='ltr'>ἐχθρός</span> <span class='ocrx_word' id='word_1_87' title='bbox 1290 1371 1405 1415; x_wconf 88' lang='grc' dir='ltr'>σου,</span> <span class='ocrx_word' id='word_1_88' title='bbox 1443 1353 1518 1422; x_wconf 86' lang='grc' dir='ltr'>μὴ</span> <span class='ocrx_word' id='word_1_89' title='bbox 1552 1352 1820 1420; x_wconf 70' lang='grc' dir='ltr'>ἐπιχειρῇς</span> 
     </span>
    </p>
   </div>
   <div class='ocr_carea' id='block_1_15' title="bbox 251 1440 1818 1512">
    <p class='ocr_par' dir='ltr' id='par_1_15' title="bbox 251 1440 1818 1512">
     <span class='ocr_line' id='line_1_15' title="bbox 251 1440 1818 1512; baseline 0.003 -18"><span class='ocrx_word' id='word_1_90' title='bbox 251 1444 421 1512; x_wconf 78' lang='grc' dir='ltr'>αὐτῷ.</span> <span class='ocrx_word' id='word_1_91' title='bbox 467 1445 554 1496; x_wconf 84' lang='grc' dir='ltr'>Ἐν</span> <span class='ocrx_word' id='word_1_92' title='bbox 582 1444 640 1496; x_wconf 86' lang='grc' dir='ltr'>δὲ</span> <span class='ocrx_word' id='word_1_93' title='bbox 671 1443 746 1512; x_wconf 81' lang='grc' dir='ltr'>τῷ</span> <span class='ocrx_word' id='word_1_94' title='bbox 777 1445 1209 1511; x_wconf 84' lang='grc' dir='ltr'>ὑποσκελίσματι</span> <span class='ocrx_word' id='word_1_95' title='bbox 1249 1441 1413 1496; x_wconf 81' lang='grc' dir='ltr'>αὐτοῦ</span> <span class='ocrx_word' id='word_1_96' title='bbox 1455 1440 1531 1510; x_wconf 84' lang='grc' dir='ltr'>μὴ</span> <span class='ocrx_word' id='word_1_97' title='bbox 1564 1441 1818 1508; x_wconf 68' lang='grc' dir='ltr'>ἐπαίρου.</span> 
     </span>
    </p>
   </div>
   <div class='ocr_carea' id='block_1_16' title="bbox 254 1528 1821 1604">
    <p class='ocr_par' dir='ltr' id='par_1_16' title="bbox 254 1528 1821 1604">
     <span class='ocr_line' id='line_1_16' title="bbox 254 1528 1821 1604; baseline -0.004 -18"><span class='ocrx_word' id='word_1_98' title='bbox 254 1535 462 1602; x_wconf 83' lang='grc' dir='ltr'>μήποτε</span> <span class='ocrx_word' id='word_1_99' title='bbox 499 1533 662 1604; x_wconf 79' lang='grc' dir='ltr'>ἐπίδῃ</span> <span class='ocrx_word' id='word_1_100' title='bbox 694 1533 928 1604; x_wconf 82' lang='grc' dir='ltr'>Κύριος,</span> <span class='ocrx_word' id='word_1_101' title='bbox 961 1534 1058 1586; x_wconf 57' lang='grc' dir='ltr'><strong>καὶ¹</strong></span> <span class='ocrx_word' id='word_1_102' title='bbox 1095 1534 1194 1585; x_wconf 78' lang='grc' dir='ltr'>οὐκ</span> <span class='ocrx_word' id='word_1_103' title='bbox 1239 1532 1410 1600; x_wconf 83' lang='grc' dir='ltr'>ἀρέσῃ</span> <span class='ocrx_word' id='word_1_104' title='bbox 1443 1529 1611 1598; x_wconf 75' lang='grc' dir='ltr'>αὐτῷ.</span> <span class='ocrx_word' id='word_1_105' title='bbox 1654 1548 1673 1582; x_wconf 81' lang='grc' dir='ltr'><strong>ι</strong></span> <span class='ocrx_word' id='word_1_106' title='bbox 1710 1528 1821 1581; x_wconf 81' lang='lat' dir='ltr'><strong>Kal</strong></span> 
     </span>
    </p>
   </div>
   <div class='ocr_carea' id='block_1_17' title="bbox 249 1620 1821 1695">
    <p class='ocr_par' dir='ltr' id='par_1_17' title="bbox 249 1620 1821 1695">
     <span class='ocr_line' id='line_1_17' title="bbox 249 1620 1821 1695; baseline -0.004 -17"><span class='ocrx_word' id='word_1_107' title='bbox 249 1624 422 1678; x_wconf 73' lang='grc' dir='ltr'>ταῦτα</span> <span class='ocrx_word' id='word_1_108' title='bbox 458 1625 555 1694; x_wconf 78' lang='grc' dir='ltr'><strong>μὲν</strong></span> <span class='ocrx_word' id='word_1_109' title='bbox 576 1623 706 1694; x_wconf 74' lang='grc' dir='ltr'>περὶ</span> <span class='ocrx_word' id='word_1_110' title='bbox 735 1625 955 1695; x_wconf 81' lang='grc' dir='ltr'>ἐχθροῦ.</span> <span class='ocrx_word' id='word_1_111' title='bbox 989 1624 1120 1686; x_wconf 75' lang='grc' dir='ltr'>Καὶ,</span> <span class='ocrx_word' id='word_1_112' title='bbox 1161 1641 1179 1673; x_wconf 76' lang='grc' dir='ltr'>ί</span> <span class='ocrx_word' id='word_1_113' title='bbox 1233 1623 1290 1675; x_wconf 86' lang='lat'><strong>&#39;0</strong></span> <span class='ocrx_word' id='word_1_114' title='bbox 1320 1623 1622 1691; x_wconf 78' lang='grc' dir='ltr'>ἐπικαίρων</span> <span class='ocrx_word' id='word_1_115' title='bbox 1650 1620 1821 1674; x_wconf 85' lang='grc' dir='ltr'>ἀπολ-</span> 
     </span>
    </p>
   </div>
   <div class='ocr_carea' id='block_1_18' title="bbox 248 1703 1819 1787">
    <p class='ocr_par' dir='ltr' id='par_1_18' title="bbox 248 1703 1819 1787">
     <span class='ocr_line' id='line_1_18' title="bbox 248 1703 1819 1787; baseline -0.004 -18"><span class='ocrx_word' id='word_1_116' title='bbox 248 1717 469 1787; x_wconf 80' lang='grc' dir='ltr'>λυμένῳ</span> <span class='ocrx_word' id='word_1_117' title='bbox 517 1717 619 1769; x_wconf 82' lang='grc' dir='ltr'>οὐκ</span> <span class='ocrx_word' id='word_1_118' title='bbox 666 1715 1082 1786; x_wconf 84' lang='grc' dir='ltr'>ἀθωωθήσεται.</span> <span class='ocrx_word' id='word_1_119' title='bbox 1132 1733 1150 1764; x_wconf 80' lang='grc' dir='ltr'><strong>ι</strong></span> <span class='ocrx_word' id='word_1_120' title='bbox 1187 1714 1297 1766; x_wconf 73' lang='grc' dir='ltr'><strong>Καὶ</strong></span> <span class='ocrx_word' id='word_1_121' title='bbox 1327 1703 1523 1777; x_wconf 74' lang='grc' dir='ltr'>πάλιν,</span> <span class='ocrx_word' id='word_1_122' title='bbox 1546 1730 1564 1762; x_wconf 87' lang='grc'><strong>‹</strong></span> <span class='ocrx_word' id='word_1_123' title='bbox 1595 1711 1732 1764; x_wconf 62' lang='lat' dir='ltr'><strong>om</strong></span> <span class='ocrx_word' id='word_1_124' title='bbox 1769 1711 1819 1763; x_wconf 88' lang='grc' dir='ltr'><strong>οί</strong></span> 
     </span>
    </p>
   </div>
   <div class='ocr_carea' id='block_1_19' title="bbox 247 1804 1812 1878">
    <p class='ocr_par' dir='ltr' id='par_1_19' title="bbox 247 1804 1812 1878">
     <span class='ocr_line' id='line_1_19' title="bbox 247 1804 1812 1878; baseline -0.004 -16"><span class='ocrx_word' id='word_1_125' title='bbox 247 1809 667 1878; x_wconf 64' lang='grc' dir='ltr'>εὐφραινόμενοι</span> <span class='ocrx_word' id='word_1_126' title='bbox 717 1807 816 1860; x_wconf 72' lang='grc' dir='ltr'>ἐπὶ</span> <span class='ocrx_word' id='word_1_127' title='bbox 847 1809 1074 1870; x_wconf 79' lang='grc' dir='ltr'><strong>κακοῖς,</strong></span> <span class='ocrx_word' id='word_1_128' title='bbox 1123 1806 1220 1858; x_wconf 71' lang='grc' dir='ltr'>καὶ</span> <span class='ocrx_word' id='word_1_129' title='bbox 1259 1805 1542 1876; x_wconf 88' lang='grc' dir='ltr'>χαίροντες</span> <span class='ocrx_word' id='word_1_130' title='bbox 1569 1805 1663 1856; x_wconf 71' lang='grc' dir='ltr'>ἐπὶ</span> <span class='ocrx_word' id='word_1_131' title='bbox 1693 1804 1812 1857; x_wconf 86' lang='grc' dir='ltr'>δια-</span> 
     </span>
    </p>
   </div>
   <div class='ocr_carea' id='block_1_20' title="bbox 1919 623 3487 696">
    <p class='ocr_par' dir='ltr' id='par_1_20' title="bbox 1919 623 3487 696">
     <span class='ocr_line' id='line_1_20' title="bbox 1919 623 3487 696; baseline 0.003 -21"><span class='ocrx_word' id='word_1_132' title='bbox 1919 638 2130 690; x_wconf 88' lang='lat' dir='ltr'><strong>sumus,</strong></span> <span class='ocrx_word' id='word_1_133' title='bbox 2163 623 2301 677; x_wconf 85' lang='lat' dir='ltr'><strong>nihil</strong></span> <span class='ocrx_word' id='word_1_134' title='bbox 2321 625 2502 680; x_wconf 88' lang='lat' dir='ltr'><strong>minus</strong></span> <span class='ocrx_word' id='word_1_135' title='bbox 2525 635 2954 680; x_wconf 88' lang='lat' dir='ltr'><strong>consentaneum</strong></span> <span class='ocrx_word' id='word_1_136' title='bbox 2987 626 3184 680; x_wconf 87' lang='lat' dir='ltr'><strong>rationi</strong></span> <span class='ocrx_word' id='word_1_137' title='bbox 3207 626 3300 689; x_wconf 87' lang='lat' dir='ltr'><strong>sit,</strong></span> <span class='ocrx_word' id='word_1_138' title='bbox 3324 641 3487 696; x_wconf 89' lang='lat' dir='ltr'><strong>quam</strong></span> 
     </span>
    </p>
   </div>
   <div class='ocr_carea' id='block_1_21' title="bbox 1921 715 3488 787">
    <p class='ocr_par' dir='ltr' id='par_1_21' title="bbox 1921 715 3488 787">
     <span class='ocr_line' id='line_1_21' title="bbox 1921 715 3488 787; baseline 0.003 -19"><span class='ocrx_word' id='word_1_139' title='bbox 1921 730 2090 768; x_wconf 89' lang='lat' dir='ltr'><strong>unum</strong></span> <span class='ocrx_word' id='word_1_140' title='bbox 2142 715 2365 785; x_wconf 85' lang='lat' dir='ltr'><strong>aliquod</strong></span> <span class='ocrx_word' id='word_1_141' title='bbox 2385 717 2636 786; x_wconf 88' lang='lat' dir='ltr'><strong>corporis</strong></span> <span class='ocrx_word' id='word_1_142' title='bbox 2678 717 2983 771; x_wconf 86' lang='lat' dir='ltr'><strong>membrum</strong></span> <span class='ocrx_word' id='word_1_143' title='bbox 3043 717 3191 787; x_wconf 89' lang='lat' dir='ltr'><strong>quod</strong></span> <span class='ocrx_word' id='word_1_144' title='bbox 3238 717 3488 773; x_wconf 84' lang='lat' dir='ltr'><strong>nonnihil</strong></span> 
     </span>
    </p>
   </div>
   <div class='ocr_carea' id='block_1_22' title="bbox 1920 805 3492 878">
    <p class='ocr_par' dir='ltr' id='par_1_22' title="bbox 1920 805 3492 878">
     <span class='ocr_line' id='line_1_22' title="bbox 1920 805 3492 878; baseline 0.002 -19"><span class='ocrx_word' id='word_1_145' title='bbox 1920 805 2236 872; x_wconf 82' lang='lat' dir='ltr'><strong>afflictetur,</strong></span> <span class='ocrx_word' id='word_1_146' title='bbox 2259 807 2463 863; x_wconf 90' lang='lat' dir='ltr'><strong>habere</strong></span> <span class='ocrx_word' id='word_1_147' title='bbox 2498 809 2727 872; x_wconf 88' lang='lat' dir='ltr'><strong>derisui,</strong></span> <span class='ocrx_word' id='word_1_148' title='bbox 2753 824 2818 864; x_wconf 88' lang='lat' dir='ltr'><strong>ac</strong></span> <span class='ocrx_word' id='word_1_149' title='bbox 2843 808 3078 878; x_wconf 86' lang='lat' dir='ltr'><strong>proinde</strong></span> <span class='ocrx_word' id='word_1_150' title='bbox 3113 808 3293 863; x_wconf 89' lang='lat' dir='ltr'><strong>eidem</strong></span> <span class='ocrx_word' id='word_1_151' title='bbox 3318 809 3492 862; x_wconf 79' lang='lat' dir='ltr'><strong>insul-</strong></span> 
     </span>
    </p>
   </div>
   <div class='ocr_carea' id='block_1_23' title="bbox 1921 899 3490 956">
    <p class='ocr_par' dir='ltr' id='par_1_23' title="bbox 1921 899 3490 956">
     <span class='ocr_line' id='line_1_23' title="bbox 1921 899 3490 956; baseline 0.001 -4"><span class='ocrx_word' id='word_1_152' title='bbox 1921 906 2056 952; x_wconf 83' lang='lat' dir='ltr'><strong>tare.</strong></span> <span class='ocrx_word' id='word_1_153' title='bbox 2106 899 2296 954; x_wconf 87' lang='lat' dir='ltr'><strong>Potius</strong></span> <span class='ocrx_word' id='word_1_154' title='bbox 2336 901 2492 955; x_wconf 90' lang='lat' dir='ltr'><strong>enim</strong></span> <span class='ocrx_word' id='word_1_155' title='bbox 2531 901 2901 956; x_wconf 80' lang='lat' dir='ltr'><strong>conveniebat</strong></span> <span class='ocrx_word' id='word_1_156' title='bbox 2932 901 3012 955; x_wconf 88' lang='lat' dir='ltr'><strong>sic</strong></span> <span class='ocrx_word' id='word_1_157' title='bbox 3053 900 3252 954; x_wconf 88' lang='lat' dir='ltr'><strong>misere</strong></span> <span class='ocrx_word' id='word_1_158' title='bbox 3286 900 3490 954; x_wconf 78' lang='lat' dir='ltr'><strong>afflicto</strong></span> 
     </span>
    </p>
   </div>
   <div class='ocr_carea' id='block_1_24' title="bbox 1919 988 3489 1060">
    <p class='ocr_par' dir='ltr' id='par_1_24' title="bbox 1919 988 3489 1060">
     <span class='ocr_line' id='line_1_24' title="bbox 1919 988 3489 1060; baseline 0.003 -20"><span class='ocrx_word' id='word_1_159' title='bbox 1919 988 2011 1056; x_wconf 90' lang='lat' dir='ltr'><strong>pio</strong></span> <span class='ocrx_word' id='word_1_160' title='bbox 2040 989 2439 1059; x_wconf 88' lang='lat' dir='ltr'><strong>compassionis</strong></span> <span class='ocrx_word' id='word_1_161' title='bbox 2459 989 2661 1044; x_wconf 80' lang='lat' dir='ltr'><strong>aﬂ‘ectu</strong></span> <span class='ocrx_word' id='word_1_162' title='bbox 2691 990 3033 1046; x_wconf 86' lang='lat' dir='ltr'><strong>indolescere</strong></span> <span class='ocrx_word' id='word_1_163' title='bbox 3086 999 3144 1045; x_wconf 87' lang='lat' dir='ltr'><strong>et</strong></span> <span class='ocrx_word' id='word_1_164' title='bbox 3179 992 3489 1060; x_wconf 55' lang='lat' dir='ltr'><strong>congemis»</strong></span> 
     </span>
    </p>
   </div>
   <div class='ocr_carea' id='block_1_25' title="bbox 1918 1081 3492 1151">
    <p class='ocr_par' dir='ltr' id='par_1_25' title="bbox 1918 1081 3492 1151">
     <span class='ocr_line' id='line_1_25' title="bbox 1918 1081 3492 1151; baseline 0.002 -18"><span class='ocrx_word' id='word_1_165' title='bbox 1918 1094 2067 1146; x_wconf 87' lang='lat' dir='ltr'><strong>cere,</strong></span> <span class='ocrx_word' id='word_1_166' title='bbox 2119 1082 2277 1151; x_wconf 78' lang='lat' dir='ltr'><strong>juxta</strong></span> <span class='ocrx_word' id='word_1_167' title='bbox 2345 1081 2593 1151; x_wconf 81' lang='lat' dir='ltr'><strong>Apostoli</strong></span> <span class='ocrx_word' id='word_1_168' title='bbox 2636 1082 2887 1136; x_wconf 84' lang='lat' dir='ltr'><strong>verbum.</strong></span> <span class='ocrx_word' id='word_1_169' title='bbox 2931 1083 3046 1138; x_wconf 66' lang='lat' dir='ltr'><strong>hec</strong></span> <span class='ocrx_word' id='word_1_170' title='bbox 3083 1083 3262 1136; x_wconf 88' lang='lat' dir='ltr'><strong>solum</strong></span> <span class='ocrx_word' id='word_1_171' title='bbox 3298 1083 3492 1136; x_wconf 74' lang='lat' dir='ltr'><strong>aliena:</strong></span> 
     </span>
    </p>
   </div>
   <div class='ocr_carea' id='block_1_26' title="bbox 1917 1171 3490 1242">
    <p class='ocr_par' dir='ltr' id='par_1_26' title="bbox 1917 1171 3490 1242">
     <span class='ocr_line' id='line_1_26' title="bbox 1917 1171 3490 1242; baseline 0.001 -18"><span class='ocrx_word' id='word_1_172' title='bbox 1917 1171 2224 1227; x_wconf 89' lang='lat' dir='ltr'><strong>infelicitati</strong></span> <span class='ocrx_word' id='word_1_173' title='bbox 2249 1173 2623 1228; x_wconf 87' lang='lat' dir='ltr'><strong>insultandum</strong></span> <span class='ocrx_word' id='word_1_174' title='bbox 2651 1188 2760 1228; x_wconf 91' lang='lat' dir='ltr'><strong>non</strong></span> <span class='ocrx_word' id='word_1_175' title='bbox 2791 1183 2898 1238; x_wconf 89' lang='lat' dir='ltr'><strong>est,</strong></span> <span class='ocrx_word' id='word_1_176' title='bbox 2916 1174 3011 1228; x_wconf 87' lang='lat' dir='ltr'><strong>sed</strong></span> <span class='ocrx_word' id='word_1_177' title='bbox 3034 1189 3105 1229; x_wconf 92' lang='lat' dir='ltr'><strong>ne</strong></span> <span class='ocrx_word' id='word_1_178' title='bbox 3126 1175 3239 1228; x_wconf 88' lang='lat' dir='ltr'><strong>ullo</strong></span> <span class='ocrx_word' id='word_1_179' title='bbox 3269 1174 3490 1242; x_wconf 80' lang='lat' dir='ltr'><strong>quidem</strong></span> 
     </span>
    </p>
   </div>
   <div class='ocr_carea' id='block_1_27' title="bbox 1917 1263 3493 1332">
    <p class='ocr_par' dir='ltr' id='par_1_27' title="bbox 1917 1263 3493 1332">
     <span class='ocr_line' id='line_1_27' title="bbox 1917 1263 3493 1332; baseline 0 -15"><span class='ocrx_word' id='word_1_180' title='bbox 1917 1271 2078 1332; x_wconf 87' lang='lat' dir='ltr'><strong>pacto</strong></span> <span class='ocrx_word' id='word_1_181' title='bbox 2125 1264 2418 1320; x_wconf 85' lang='lat' dir='ltr'><strong>calamitati</strong></span> <span class='ocrx_word' id='word_1_182' title='bbox 2479 1265 2674 1320; x_wconf 73' lang='lat' dir='ltr'><strong>alienae</strong></span> <span class='ocrx_word' id='word_1_183' title='bbox 2721 1265 3006 1320; x_wconf 86' lang='lat' dir='ltr'><strong>insultanti</strong></span> <span class='ocrx_word' id='word_1_184' title='bbox 3083 1263 3493 1318; x_wconf 66' lang='lat' dir='ltr'><strong>commodandae</strong></span> 
     </span>
    </p>
   </div>
   <div class='ocr_carea' id='block_1_28' title="bbox 1918 1353 3492 1426">
    <p class='ocr_par' dir='ltr' id='par_1_28' title="bbox 1918 1353 3492 1426">
     <span class='ocr_line' id='line_1_28' title="bbox 1918 1353 3492 1426; baseline 0 -18"><span class='ocrx_word' id='word_1_185' title='bbox 1918 1369 2082 1408; x_wconf 87' lang='lat' dir='ltr'><strong>aures</strong></span> <span class='ocrx_word' id='word_1_186' title='bbox 2149 1365 2298 1410; x_wconf 90' lang='lat' dir='ltr'><strong>sunt.</strong></span> <span class='ocrx_word' id='word_1_187' title='bbox 2359 1356 2463 1422; x_wconf 85' lang='lat' dir='ltr'><strong>Qul</strong></span> <span class='ocrx_word' id='word_1_188' title='bbox 2532 1357 2681 1410; x_wconf 90' lang='lat' dir='ltr'><strong>enim</strong></span> <span class='ocrx_word' id='word_1_189' title='bbox 2727 1364 2834 1410; x_wconf 89' lang='lat' dir='ltr'><strong>tam</strong></span> <span class='ocrx_word' id='word_1_190' title='bbox 2881 1357 2981 1410; x_wconf 91' lang='lat' dir='ltr'><strong>toti</strong></span> <span class='ocrx_word' id='word_1_191' title='bbox 3030 1356 3374 1426; x_wconf 86' lang='lat' dir='ltr'><strong>propendent</strong></span> <span class='ocrx_word' id='word_1_192' title='bbox 3423 1353 3492 1408; x_wconf 88' lang='lat' dir='ltr'><strong>ad</strong></span> 
     </span>
    </p>
   </div>
   <div class='ocr_carea' id='block_1_29' title="bbox 1909 1445 3502 1517">
    <p class='ocr_par' dir='ltr' id='par_1_29' title="bbox 1909 1445 3502 1517">
     <span class='ocr_line' id='line_1_29' title="bbox 1909 1445 3502 1517; baseline 0.003 -19"><span class='ocrx_word' id='word_1_193' title='bbox 1909 1445 2292 1500; x_wconf 83' lang='lat' dir='ltr'><strong>&#39;exaudiendas</strong></span> <span class='ocrx_word' id='word_1_194' title='bbox 2329 1447 2634 1501; x_wconf 89' lang='lat' dir='ltr'><strong>delationes</strong></span> <span class='ocrx_word' id='word_1_195' title='bbox 2657 1448 2951 1512; x_wconf 87' lang='lat' dir='ltr'><strong>ejusmodi,</strong></span> <span class='ocrx_word' id='word_1_196' title='bbox 2985 1449 3070 1501; x_wconf 90' lang='lat' dir='ltr'><strong>sui</strong></span> <span class='ocrx_word' id='word_1_197' title='bbox 3090 1449 3199 1517; x_wconf 89' lang='lat' dir='ltr'><strong>jam</strong></span> <span class='ocrx_word' id='word_1_198' title='bbox 3221 1445 3502 1517; x_wconf 32' lang='lat' dir='ltr'><strong>propositi.</strong></span> 
     </span>
    </p>
   </div>
   <div class='ocr_carea' id='block_1_30' title="bbox 1917 1534 3491 1606">
    <p class='ocr_par' dir='ltr' id='par_1_30' title="bbox 1917 1534 3491 1606">
     <span class='ocr_line' id='line_1_30' title="bbox 1917 1534 3491 1606; baseline 0.001 -19"><span class='ocrx_word' id='word_1_199' title='bbox 1917 1534 2252 1589; x_wconf 82' lang='lat' dir='ltr'><strong>vindemiant</strong></span> <span class='ocrx_word' id='word_1_200' title='bbox 2294 1535 2531 1591; x_wconf 86' lang='lat' dir='ltr'><strong>fructus.</strong></span> <span class='ocrx_word' id='word_1_201' title='bbox 2575 1537 2738 1606; x_wconf 83' lang='lat' dir='ltr'><strong>Atqui</strong></span> <span class='ocrx_word' id='word_1_202' title='bbox 2783 1538 2950 1591; x_wconf 88' lang='lat' dir='ltr'><strong>nolim</strong></span> <span class='ocrx_word' id='word_1_203' title='bbox 2993 1546 3171 1606; x_wconf 90' lang='lat' dir='ltr'><strong>putes,</strong></span> <span class='ocrx_word' id='word_1_204' title='bbox 3221 1535 3491 1606; x_wconf 89' lang='lat' dir='ltr'><strong>quidquid</strong></span> 
     </span>
    </p>
   </div>
   <div class='ocr_carea' id='block_1_31' title="bbox 1917 1627 3492 1699">
    <p class='ocr_par' dir='ltr' id='par_1_31' title="bbox 1917 1627 3492 1699">
     <span class='ocr_line' id='line_1_31' title="bbox 1917 1627 3492 1699; baseline 0.001 -21"><span class='ocrx_word' id='word_1_205' title='bbox 1917 1629 2158 1681; x_wconf 67' lang='lat' dir='ltr'><strong>adversae</strong></span> <span class='ocrx_word' id='word_1_206' title='bbox 2181 1637 2236 1681; x_wconf 92' lang='lat' dir='ltr'><strong>et</strong></span> <span class='ocrx_word' id='word_1_207' title='bbox 2255 1627 2530 1682; x_wconf 67' lang='lat' dir='ltr'><strong>afﬂictivae</strong></span> <span class='ocrx_word' id='word_1_208' title='bbox 2556 1629 2638 1682; x_wconf 88' lang='lat' dir='ltr'><strong>rei</strong></span> <span class='ocrx_word' id='word_1_209' title='bbox 2659 1628 2931 1699; x_wconf 89' lang='lat' dir='ltr'><strong>contingit</strong></span> <span class='ocrx_word' id='word_1_210' title='bbox 2951 1629 3273 1682; x_wconf 88' lang='lat' dir='ltr'><strong>hominibus</strong></span> <span class='ocrx_word' id='word_1_211' title='bbox 3293 1627 3492 1682; x_wconf 88' lang='lat' dir='ltr'><strong>ascribi</strong></span> 
     </span>
    </p>
   </div>
   <div class='ocr_carea' id='block_1_32' title="bbox 1919 1715 3492 1788">
    <p class='ocr_par' dir='ltr' id='par_1_32' title="bbox 1919 1715 3492 1788">
     <span class='ocr_line' id='line_1_32' title="bbox 1919 1715 3492 1788; baseline 0 -19"><span class='ocrx_word' id='word_1_212' title='bbox 1919 1715 2120 1769; x_wconf 88' lang='lat' dir='ltr'><strong>debere</strong></span> <span class='ocrx_word' id='word_1_213' title='bbox 2172 1730 2390 1786; x_wconf 88' lang='lat' dir='ltr'><strong>semper</strong></span> <span class='ocrx_word' id='word_1_214' title='bbox 2420 1716 2664 1786; x_wconf 88' lang='lat' dir='ltr'><strong>ipsorum</strong></span> <span class='ocrx_word' id='word_1_215' title='bbox 2691 1719 2932 1787; x_wconf 86' lang='lat' dir='ltr'><strong>peccatis</strong></span> <span class='ocrx_word' id='word_1_216' title='bbox 2971 1735 2988 1783; x_wconf 87' lang='lat'><strong>;</strong></span> <span class='ocrx_word' id='word_1_217' title='bbox 3019 1717 3286 1788; x_wconf 86' lang='lat' dir='ltr'><strong>quosdam</strong></span> <span class='ocrx_word' id='word_1_218' title='bbox 3341 1718 3492 1772; x_wconf 90' lang='lat' dir='ltr'><strong>enim</strong></span> 
     </span>
    </p>
   </div>
   <div class='ocr_carea' id='block_1_33' title="bbox 1917 1804 3494 1878">
    <p class='ocr_par' dir='ltr' id='par_1_33' title="bbox 1917 1804 3494 1878">
     <span class='ocr_line' id='line_1_33' title="bbox 1917 1804 3494 1878; baseline 0.003 -22"><span class='ocrx_word' id='word_1_219' title='bbox 1917 1804 2190 1878; x_wconf 59' lang='lat' dir='ltr'><strong>invenias,</strong></span> <span class='ocrx_word' id='word_1_220' title='bbox 2235 1804 2340 1874; x_wconf 92' lang='lat' dir='ltr'><strong>qui</strong></span> <span class='ocrx_word' id='word_1_221' title='bbox 2372 1805 2477 1859; x_wconf 88' lang='lat' dir='ltr'><strong>etsi</strong></span> <span class='ocrx_word' id='word_1_222' title='bbox 2510 1807 2623 1861; x_wconf 91' lang='lat' dir='ltr'><strong>Deo</strong></span> <span class='ocrx_word' id='word_1_223' title='bbox 2653 1806 2873 1877; x_wconf 78' lang='lat' dir='ltr'><strong>gratiosi</strong></span> <span class='ocrx_word' id='word_1_224' title='bbox 2911 1807 3043 1872; x_wconf 89' lang='lat' dir='ltr'><strong>sint,</strong></span> <span class='ocrx_word' id='word_1_225' title='bbox 3073 1815 3358 1861; x_wconf 85' lang='lat' dir='ltr'><strong>tentantur</strong></span> <span class='ocrx_word' id='word_1_226' title='bbox 3411 1815 3494 1860; x_wconf 89' lang='lat' dir='ltr'><strong>ta-</strong></span> 
     </span>
    </p>
   </div>
   <div class='ocr_carea' id='block_1_34' title="bbox 250 1874 1821 1970">
    <p class='ocr_par' dir='ltr' id='par_1_34' title="bbox 250 1874 1811 1970">
     <span class='ocr_line' id='line_1_34' title="bbox 250 1874 1811 1970; baseline -0.002 -19"><span class='ocrx_word' id='word_1_227' title='bbox 250 1874 458 1970; x_wconf 76' lang='grc' dir='ltr'>στροφῇ</span> <span class='ocrx_word' id='word_1_228' title='bbox 503 1874 670 1970; x_wconf 78' lang='grc' dir='ltr'>κακῇ.</span> <span class='ocrx_word' id='word_1_229' title='bbox 715 1917 732 1949; x_wconf 84' lang='grc' dir='ltr'><strong>ι</strong></span> <span class='ocrx_word' id='word_1_230' title='bbox 781 1899 893 1952; x_wconf 81' lang='lat' dir='ltr'><strong>Kal</strong></span> <span class='ocrx_word' id='word_1_231' title='bbox 928 1897 1107 1962; x_wconf 76' lang='grc' dir='ltr'>αὖθις,</span> <span class='ocrx_word' id='word_1_232' title='bbox 1150 1917 1167 1948; x_wconf 86' lang='grc' dir='ltr'>ι</span> <span class='ocrx_word' id='word_1_233' title='bbox 1210 1874 1402 1965; x_wconf 81' lang='grc' dir='ltr'>Παγίδι</span> <span class='ocrx_word' id='word_1_234' title='bbox 1439 1897 1811 1966; x_wconf 85' lang='grc' dir='ltr'>ἀλωθήσονται</span> 
     </span>
    </p>
   </div>
   <div class='ocr_carea' id='block_1_35' title="bbox 1923 1874 3493 1970">
    <p class='ocr_par' dir='ltr' id='par_1_35' title="bbox 1923 1874 3493 1968">
     <span class='ocr_line' id='line_1_35' title="bbox 1923 1874 3493 1968; baseline 0.001 -20"><span class='ocrx_word' id='word_1_235' title='bbox 1923 1874 2061 1949; x_wconf 76' lang='lat' dir='ltr'><strong>men.</strong></span> <span class='ocrx_word' id='word_1_236' title='bbox 2124 1895 2412 1951; x_wconf 86' lang='lat' dir='ltr'><strong>Diversum</strong></span> <span class='ocrx_word' id='word_1_237' title='bbox 2451 1874 2722 1968; x_wconf 76' lang='lat' dir='ltr'><strong>contingit</strong></span> <span class='ocrx_word' id='word_1_238' title='bbox 2774 1897 2896 1952; x_wconf 83' lang='lat' dir='ltr'><strong>istis</strong></span> <span class='ocrx_word' id='word_1_239' title='bbox 2933 1913 2964 1952; x_wconf 91' lang='lat' dir='ltr'><strong>a</strong></span> <span class='ocrx_word' id='word_1_240' title='bbox 3028 1899 3232 1967; x_wconf 90' lang='lat' dir='ltr'><strong>pietate</strong></span> <span class='ocrx_word' id='word_1_241' title='bbox 3266 1912 3332 1951; x_wconf 91' lang='lat' dir='ltr'><strong>ac</strong></span> <span class='ocrx_word' id='word_1_242' title='bbox 3375 1897 3493 1967; x_wconf 88' lang='lat' dir='ltr'><strong>lege</strong></span> 
     </span>
    </p>
   </div>
   <div class='ocr_carea' id='block_1_36' title="bbox 246 1986 1812 2060">
    <p class='ocr_par' dir='ltr' id='par_1_36' title="bbox 246 1986 1812 2060">
     <span class='ocr_line' id='line_1_36' title="bbox 246 1986 1812 2060; baseline -0.003 -16"><span class='ocrx_word' id='word_1_243' title='bbox 246 1992 296 2044; x_wconf 88' lang='grc' dir='ltr'>οἱ</span> <span class='ocrx_word' id='word_1_244' title='bbox 325 1991 744 2060; x_wconf 75' lang='grc' dir='ltr'>εὐφραινόμενοι</span> <span class='ocrx_word' id='word_1_245' title='bbox 803 1990 898 2043; x_wconf 77' lang='grc' dir='ltr'><strong>ἐπὶ</strong></span> <span class='ocrx_word' id='word_1_246' title='bbox 952 1990 1158 2042; x_wconf 81' lang='grc' dir='ltr'>πτώσει</span> <span class='ocrx_word' id='word_1_247' title='bbox 1205 1989 1468 2047; x_wconf 74' lang='grc' dir='ltr'>εὐσεϐῶν,</span> <span class='ocrx_word' id='word_1_248' title='bbox 1515 1987 1610 2041; x_wconf 72' lang='grc' dir='ltr'>καὶ</span> <span class='ocrx_word' id='word_1_249' title='bbox 1647 1986 1812 2056; x_wconf 79' lang='grc' dir='ltr'>ὀδύνη</span> 
     </span>
    </p>
   </div>
   <div class='ocr_carea' id='block_1_37' title="bbox 245 2078 1811 2150">
    <p class='ocr_par' dir='ltr' id='par_1_37' title="bbox 245 2078 1811 2150">
     <span class='ocr_line' id='line_1_37' title="bbox 245 2078 1811 2150; baseline -0.002 -17"><span class='ocrx_word' id='word_1_250' title='bbox 245 2080 614 2134; x_wconf 79' lang='grc' dir='ltr'>ἀνταναλώσει</span> <span class='ocrx_word' id='word_1_251' title='bbox 637 2081 836 2143; x_wconf 81' lang='grc' dir='ltr'>αὐτοὺς</span> <span class='ocrx_word' id='word_1_252' title='bbox 870 2080 979 2150; x_wconf 82' lang='grc' dir='ltr'>πρὸ</span> <span class='ocrx_word' id='word_1_253' title='bbox 1006 2080 1098 2132; x_wconf 75' lang='grc' dir='ltr'>τοῦ</span> <span class='ocrx_word' id='word_1_254' title='bbox 1131 2079 1360 2132; x_wconf 82' lang='grc' dir='ltr'><strong>Θανάτου</strong></span> <span class='ocrx_word' id='word_1_255' title='bbox 1388 2078 1588 2132; x_wconf 80' lang='grc' dir='ltr'>αὐτῶν.</span> <span class='ocrx_word' id='word_1_256' title='bbox 1625 2096 1643 2129; x_wconf 80' lang='grc' dir='ltr'><strong>ι</strong></span> <span class='ocrx_word' id='word_1_257' title='bbox 1677 2079 1811 2142; x_wconf 77' lang='lat' dir='ltr'><strong>Kal,</strong></span> 
     </span>
    </p>
   </div>
   <div class='ocr_carea' id='block_1_38' title="bbox 253 2163 1814 2240">
    <p class='ocr_par' dir='ltr' id='par_1_38' title="bbox 253 2163 1814 2240">
     <span class='ocr_line' id='line_1_38' title="bbox 253 2163 1814 2240; baseline -0.003 -21"><span class='ocrx_word' id='word_1_258' title='bbox 253 2190 272 2219; x_wconf 70' lang='grc' dir='ltr'><strong>ι</strong></span> <span class='ocrx_word' id='word_1_259' title='bbox 297 2169 584 2240; x_wconf 80' lang='grc' dir='ltr'>Μνήσθητε</span> <span class='ocrx_word' id='word_1_260' title='bbox 601 2167 700 2231; x_wconf 86' lang='grc' dir='ltr'><strong>τὰς</strong></span> <span class='ocrx_word' id='word_1_261' title='bbox 727 2168 938 2238; x_wconf 79' lang='grc' dir='ltr'>ἡμέρας</span> <span class='ocrx_word' id='word_1_262' title='bbox 955 2167 1048 2218; x_wconf 79' lang='grc' dir='ltr'>τοῦ</span> <span class='ocrx_word' id='word_1_263' title='bbox 1079 2166 1421 2229; x_wconf 84' lang='grc' dir='ltr'>σκότους,ὂτι</span> <span class='ocrx_word' id='word_1_264' title='bbox 1451 2163 1640 2216; x_wconf 68' lang='grc' dir='ltr'>πολλαὶ</span> <span class='ocrx_word' id='word_1_265' title='bbox 1661 2163 1814 2215; x_wconf 78' lang='grc' dir='ltr'>ἔσον-</span> 
     </span>
    </p>
   </div>
   <div class='ocr_carea' id='block_1_39' title="bbox 245 2255 1814 2330">
    <p class='ocr_par' dir='ltr' id='par_1_39' title="bbox 245 2255 1814 2330">
     <span class='ocr_line' id='line_1_39' title="bbox 245 2255 1814 2330; baseline -0.004 -16"><span class='ocrx_word' id='word_1_266' title='bbox 245 2279 358 2317; x_wconf 85' lang='grc' dir='ltr'>ται.</span> <span class='ocrx_word' id='word_1_267' title='bbox 391 2281 411 2312; x_wconf 84' lang='grc'><strong><em>›</em></strong></span> <span class='ocrx_word' id='word_1_268' title='bbox 454 2263 513 2314; x_wconf 84' lang='grc' dir='ltr'>Ὀ</span> <span class='ocrx_word' id='word_1_269' title='bbox 555 2261 610 2314; x_wconf 83' lang='grc' dir='ltr'>δὲ</span> <span class='ocrx_word' id='word_1_270' title='bbox 648 2260 941 2330; x_wconf 74' lang='grc' dir='ltr'>ἄμεμπτος</span> <span class='ocrx_word' id='word_1_271' title='bbox 982 2257 1122 2316; x_wconf 79' lang='grc' dir='ltr'>Ἰὼϐ,</span> <span class='ocrx_word' id='word_1_272' title='bbox 1161 2275 1179 2307; x_wconf 74' lang='grc' dir='ltr'>ι</span> <span class='ocrx_word' id='word_1_273' title='bbox 1224 2258 1282 2309; x_wconf 80' lang='lat' dir='ltr'><strong>El</strong></span> <span class='ocrx_word' id='word_1_274' title='bbox 1327 2257 1509 2308; x_wconf 79' lang='grc' dir='ltr'>δὲκαὶ</span> <span class='ocrx_word' id='word_1_275' title='bbox 1546 2255 1814 2324; x_wconf 71' lang='grc' dir='ltr'>ἐπιχαρὴς</span> 
     </span>
    </p>
   </div>
   <div class='ocr_carea' id='block_1_40' title="bbox 247 2347 1818 2423">
    <p class='ocr_par' dir='ltr' id='par_1_40' title="bbox 247 2347 1818 2423">
     <span class='ocr_line' id='line_1_40' title="bbox 247 2347 1818 2423; baseline -0.006 -16"><span class='ocrx_word' id='word_1_276' title='bbox 247 2355 552 2423; x_wconf 86' lang='grc' dir='ltr'>ἐγενόμην,</span> <span class='ocrx_word' id='word_1_277' title='bbox 598 2354 784 2423; x_wconf 68' lang='grc' dir='ltr'>φησιν,</span> <span class='ocrx_word' id='word_1_278' title='bbox 839 2351 933 2405; x_wconf 70' lang='grc' dir='ltr'>ἐπὶ</span> <span class='ocrx_word' id='word_1_279' title='bbox 978 2349 1238 2420; x_wconf 83' lang='grc' dir='ltr'>πτώματι</span> <span class='ocrx_word' id='word_1_280' title='bbox 1294 2348 1501 2420; x_wconf 84' lang='grc' dir='ltr'>ἐχθρῶν</span> <span class='ocrx_word' id='word_1_281' title='bbox 1554 2366 1687 2417; x_wconf 90' lang='grc' dir='ltr'>μου,</span> <span class='ocrx_word' id='word_1_282' title='bbox 1720 2347 1818 2400; x_wconf 76' lang='grc' dir='ltr'>καὶ</span> 
     </span>
    </p>
   </div>
   <div class='ocr_carea' id='block_1_41' title="bbox 248 2439 1820 2516">
    <p class='ocr_par' dir='ltr' id='par_1_41' title="bbox 248 2439 1820 2516">
     <span class='ocr_line' id='line_1_41' title="bbox 248 2439 1820 2516; baseline -0.004 -18"><span class='ocrx_word' id='word_1_283' title='bbox 248 2443 403 2500; x_wconf 73' lang='grc' dir='ltr'>εἶπεν</span> <span class='ocrx_word' id='word_1_284' title='bbox 426 2447 459 2516; x_wconf 84' lang='grc' dir='ltr'>ή</span> <span class='ocrx_word' id='word_1_285' title='bbox 484 2445 680 2516; x_wconf 83' lang='grc' dir='ltr'>καρδία</span> <span class='ocrx_word' id='word_1_286' title='bbox 707 2461 830 2514; x_wconf 86' lang='grc' dir='ltr'>μου,</span> <span class='ocrx_word' id='word_1_287' title='bbox 885 2439 1044 2511; x_wconf 77' lang='grc' dir='ltr'>Εὖγε.</span> <span class='ocrx_word' id='word_1_288' title='bbox 1091 2461 1109 2492; x_wconf 80' lang='grc' dir='ltr'><strong>ι</strong></span> <span class='ocrx_word' id='word_1_289' title='bbox 1165 2441 1273 2494; x_wconf 74' lang='grc' dir='ltr'><strong>Καὶ</strong></span> <span class='ocrx_word' id='word_1_290' title='bbox 1300 2443 1328 2494; x_wconf 90' lang='lat'><strong>6</strong></span> <span class='ocrx_word' id='word_1_291' title='bbox 1357 2441 1625 2511; x_wconf 86' lang='grc' dir='ltr'>μακάριος</span> <span class='ocrx_word' id='word_1_292' title='bbox 1672 2439 1820 2492; x_wconf 83' lang='grc' dir='ltr'>Παῦ-</span> 
     </span>
    </p>
   </div>
   <div class='ocr_carea' id='block_1_42' title="bbox 247 2534 1819 2607">
    <p class='ocr_par' dir='ltr' id='par_1_42' title="bbox 247 2534 1819 2607">
     <span class='ocr_line' id='line_1_42' title="bbox 247 2534 1819 2607; baseline -0.008 -12"><span class='ocrx_word' id='word_1_293' title='bbox 247 2543 350 2606; x_wconf 88' lang='grc' dir='ltr'><strong>λος</strong></span> <span class='ocrx_word' id='word_1_294' title='bbox 378 2583 394 2607; x_wconf 94' lang='grc'><strong>,</strong></span> <span class='ocrx_word' id='word_1_295' title='bbox 445 2540 776 2594; x_wconf 78' lang='grc' dir='ltr'>ἐπιστέλλων</span> <span class='ocrx_word' id='word_1_296' title='bbox 815 2538 1108 2606; x_wconf 80' lang='grc' dir='ltr'>Ῥωμαίοις</span> <span class='ocrx_word' id='word_1_297' title='bbox 1156 2537 1362 2604; x_wconf 70' lang='grc' dir='ltr'>ἔλεγεν,</span> <span class='ocrx_word' id='word_1_298' title='bbox 1410 2553 1429 2585; x_wconf 77' lang='grc' dir='ltr'>ι</span> <span class='ocrx_word' id='word_1_299' title='bbox 1469 2535 1532 2587; x_wconf 82' lang='lat' dir='ltr'><strong>El</strong></span> <span class='ocrx_word' id='word_1_300' title='bbox 1577 2534 1634 2586; x_wconf 85' lang='grc' dir='ltr'><strong>δέ</strong></span> <span class='ocrx_word' id='word_1_301' title='bbox 1673 2549 1819 2592; x_wconf 86' lang='grc' dir='ltr'>τινες</span> 
     </span>
    </p>
   </div>
   <div class='ocr_carea' id='block_1_43' title="bbox 246 2620 1816 2700">
    <p class='ocr_par' dir='ltr' id='par_1_43' title="bbox 246 2620 1816 2700">
     <span class='ocr_line' id='line_1_43' title="bbox 246 2620 1816 2700; baseline -0.007 -16"><span class='ocrx_word' id='word_1_302' title='bbox 246 2632 361 2684; x_wconf 83' lang='grc' dir='ltr'>τῶν</span> <span class='ocrx_word' id='word_1_303' title='bbox 409 2629 617 2683; x_wconf 79' lang='grc' dir='ltr'>κλάδων</span> <span class='ocrx_word' id='word_1_304' title='bbox 647 2627 1080 2697; x_wconf 83' lang='grc' dir='ltr'>ἐξεκλάσθησαν,</span> <span class='ocrx_word' id='word_1_305' title='bbox 1132 2627 1196 2678; x_wconf 83' lang='grc' dir='ltr'>σὺ</span> <span class='ocrx_word' id='word_1_306' title='bbox 1247 2625 1311 2700; x_wconf 70' lang='grc' dir='ltr'><strong>δέ</strong></span> <span class='ocrx_word' id='word_1_307' title='bbox 1350 2625 1665 2694; x_wconf 84' lang='grc' dir='ltr'>ἀγριέλαιος</span> <span class='ocrx_word' id='word_1_308' title='bbox 1719 2620 1816 2686; x_wconf 86' lang='grc' dir='ltr'>ὣν,</span> 
     </span>
    </p>
   </div>
   <div class='ocr_carea' id='block_1_44' title="bbox 253 2716 1821 2792">
    <p class='ocr_par' dir='ltr' id='par_1_44' title="bbox 253 2716 1821 2792">
     <span class='ocr_line' id='line_1_44' title="bbox 253 2716 1821 2792; baseline -0.007 -16"><span class='ocrx_word' id='word_1_309' title='bbox 253 2719 671 2792; x_wconf 80' lang='grc' dir='ltr'>ἐνεκεντρίσθης</span> <span class='ocrx_word' id='word_1_310' title='bbox 711 2722 768 2774; x_wconf 92' lang='grc' dir='ltr'>ἐν</span> <span class='ocrx_word' id='word_1_311' title='bbox 801 2721 1003 2782; x_wconf 87' lang='grc' dir='ltr'>αὐτοῖς,</span> <span class='ocrx_word' id='word_1_312' title='bbox 1030 2719 1122 2772; x_wconf 73' lang='grc' dir='ltr'>καὶ</span> <span class='ocrx_word' id='word_1_313' title='bbox 1153 2719 1510 2786; x_wconf 76' lang='grc' dir='ltr'>συγκοινωνὸς</span> <span class='ocrx_word' id='word_1_314' title='bbox 1541 2718 1637 2787; x_wconf 85' lang='grc' dir='ltr'>τῆς</span> <span class='ocrx_word' id='word_1_315' title='bbox 1667 2716 1821 2788; x_wconf 74' lang='grc' dir='ltr'>ῥίζης</span> 
     </span>
    </p>
   </div>
   <div class='ocr_carea' id='block_1_45' title="bbox 251 2809 1822 2884">
    <p class='ocr_par' dir='ltr' id='par_1_45' title="bbox 251 2809 1822 2884">
     <span class='ocr_line' id='line_1_45' title="bbox 251 2809 1822 2884; baseline -0.005 -15"><span class='ocrx_word' id='word_1_316' title='bbox 251 2816 350 2869; x_wconf 70' lang='grc' dir='ltr'>καὶ</span> <span class='ocrx_word' id='word_1_317' title='bbox 381 2815 481 2884; x_wconf 83' lang='grc' dir='ltr'>τῆς</span> <span class='ocrx_word' id='word_1_318' title='bbox 506 2815 765 2884; x_wconf 82' lang='grc' dir='ltr'>πιότητος</span> <span class='ocrx_word' id='word_1_319' title='bbox 789 2813 894 2881; x_wconf 74' lang='grc' dir='ltr'>τῆς</span> <span class='ocrx_word' id='word_1_320' title='bbox 920 2814 1104 2874; x_wconf 77' lang='grc' dir='ltr'>ἐλαίας</span> <span class='ocrx_word' id='word_1_321' title='bbox 1129 2813 1338 2880; x_wconf 79' lang='grc' dir='ltr'>ἐγένου,</span> <span class='ocrx_word' id='word_1_322' title='bbox 1382 2811 1457 2882; x_wconf 79' lang='grc' dir='ltr'>μὴ</span> <span class='ocrx_word' id='word_1_323' title='bbox 1488 2809 1822 2880; x_wconf 85' lang='grc' dir='ltr'>κατακαυχῶ</span> 
     </span>
    </p>
   </div>
   <div class='ocr_carea' id='block_1_46' title="bbox 249 2903 1821 2976">
    <p class='ocr_par' dir='ltr' id='par_1_46' title="bbox 249 2903 1821 2976">
     <span class='ocr_line' id='line_1_46' title="bbox 249 2903 1821 2976; baseline -0.003 -16"><span class='ocrx_word' id='word_1_324' title='bbox 249 2909 364 2960; x_wconf 80' lang='grc' dir='ltr'>τῶν</span> <span class='ocrx_word' id='word_1_325' title='bbox 393 2908 632 2960; x_wconf 80' lang='grc' dir='ltr'>κλάδων·</span> <span class='ocrx_word' id='word_1_326' title='bbox 664 2908 712 2959; x_wconf 86' lang='grc' dir='ltr'><strong>εί</strong></span> <span class='ocrx_word' id='word_1_327' title='bbox 760 2906 816 2960; x_wconf 86' lang='grc' dir='ltr'><strong>δέ</strong></span> <span class='ocrx_word' id='word_1_328' title='bbox 865 2908 1306 2976; x_wconf 80' lang='grc' dir='ltr'>κατακαυχᾶσαι,</span> <span class='ocrx_word' id='word_1_329' title='bbox 1337 2905 1396 2957; x_wconf 84' lang='grc' dir='ltr'>οὐ</span> <span class='ocrx_word' id='word_1_330' title='bbox 1441 2905 1505 2956; x_wconf 83' lang='grc' dir='ltr'>σὺ</span> <span class='ocrx_word' id='word_1_331' title='bbox 1536 2903 1633 2973; x_wconf 81' lang='grc' dir='ltr'>τὴν</span> <span class='ocrx_word' id='word_1_332' title='bbox 1666 2905 1821 2972; x_wconf 74' lang='grc' dir='ltr'>ῥίζαν</span> 
     </span>
    </p>
   </div>
   <div class='ocr_carea' id='block_1_47' title="bbox 251 2992 1821 3069">
    <p class='ocr_par' dir='ltr' id='par_1_47' title="bbox 251 2992 1821 3069">
     <span class='ocr_line' id='line_1_47' title="bbox 251 2992 1821 3069; baseline -0.003 -17"><span class='ocrx_word' id='word_1_333' title='bbox 251 2999 568 3068; x_wconf 71' lang='grc' dir='ltr'>βαστάζεις,</span> <span class='ocrx_word' id='word_1_334' title='bbox 598 2997 714 3052; x_wconf 85' lang='grc' dir='ltr'>ἀλλ’</span> <span class='ocrx_word' id='word_1_335' title='bbox 751 3001 784 3069; x_wconf 83' lang='grc' dir='ltr'>ἠ</span> <span class='ocrx_word' id='word_1_336' title='bbox 816 2999 942 3066; x_wconf 76' lang='grc' dir='ltr'>ῥίζα</span> <span class='ocrx_word' id='word_1_337' title='bbox 974 2998 1052 3051; x_wconf 84' lang='grc' dir='ltr'>σέ.</span> <span class='ocrx_word' id='word_1_338' title='bbox 1100 2999 1274 3067; x_wconf 83' lang='grc' dir='ltr'>Ἐρεῖς</span> <span class='ocrx_word' id='word_1_339' title='bbox 1297 2992 1411 3062; x_wconf 78' lang='grc' dir='ltr'>οὖν,</span> <span class='ocrx_word' id='word_1_340' title='bbox 1450 2997 1821 3064; x_wconf 79' lang='grc' dir='ltr'>Ἐξεκλάσθη-</span> 
     </span>
    </p>
   </div>
   <div class='ocr_carea' id='block_1_48' title="bbox 249 3087 1823 3158">
    <p class='ocr_par' dir='ltr' id='par_1_48' title="bbox 249 3087 1823 3158">
     <span class='ocr_line' id='line_1_48' title="bbox 249 3087 1823 3158; baseline -0.001 -19"><span class='ocrx_word' id='word_1_341' title='bbox 249 3105 354 3141; x_wconf 87' lang='grc' dir='ltr'><strong>σαν</strong></span> <span class='ocrx_word' id='word_1_342' title='bbox 381 3090 430 3140; x_wconf 83' lang='grc' dir='ltr'><strong>οί</strong></span> <span class='ocrx_word' id='word_1_343' title='bbox 459 3087 666 3150; x_wconf 87' lang='grc' dir='ltr'>κλάδοι,</span> <span class='ocrx_word' id='word_1_344' title='bbox 699 3087 784 3140; x_wconf 87' lang='grc' dir='ltr'>’ίνα</span> <span class='ocrx_word' id='word_1_345' title='bbox 814 3087 925 3157; x_wconf 88' lang='grc' dir='ltr'>ἐγὼ</span> <span class='ocrx_word' id='word_1_346' title='bbox 956 3088 1353 3158; x_wconf 84' lang='grc' dir='ltr'>ἐγκεντρισθῶ,</span> <span class='ocrx_word' id='word_1_347' title='bbox 1390 3088 1571 3150; x_wconf 84' lang='grc' dir='ltr'>καλῶς</span> <span class='ocrx_word' id='word_1_348' title='bbox 1598 3090 1662 3157; x_wconf 83' lang='grc' dir='ltr'><strong>τῇ</strong></span> <span class='ocrx_word' id='word_1_349' title='bbox 1694 3089 1823 3140; x_wconf 85' lang='grc' dir='ltr'>άπι-</span> 
     </span>
    </p>
   </div>
   <div class='ocr_carea' id='block_1_49' title="bbox 249 3175 1821 3326">
    <p class='ocr_par' dir='ltr' id='par_1_49' title="bbox 249 3175 1819 3326">
     <span class='ocr_line' id='line_1_49' title="bbox 249 3175 1819 3246; baseline 0.001 -19"><span class='ocrx_word' id='word_1_350' title='bbox 249 3177 380 3246; x_wconf 78' lang='grc' dir='ltr'>στίᾳ</span> <span class='ocrx_word' id='word_1_351' title='bbox 426 3175 862 3244; x_wconf 76' lang='grc' dir='ltr'>ἐξεκλάσθησανο</span> <span class='ocrx_word' id='word_1_352' title='bbox 897 3177 960 3228; x_wconf 81' lang='grc' dir='ltr'>σὺ</span> <span class='ocrx_word' id='word_1_353' title='bbox 1006 3177 1062 3229; x_wconf 86' lang='grc' dir='ltr'>δὲ</span> <span class='ocrx_word' id='word_1_354' title='bbox 1106 3179 1171 3246; x_wconf 82' lang='grc' dir='ltr'><strong>τῇ</strong></span> <span class='ocrx_word' id='word_1_355' title='bbox 1217 3177 1398 3228; x_wconf 85' lang='grc' dir='ltr'>πίστει</span> <span class='ocrx_word' id='word_1_356' title='bbox 1449 3176 1711 3246; x_wconf 75' lang='grc' dir='ltr'>ἕστηκας,</span> <span class='ocrx_word' id='word_1_357' title='bbox 1745 3175 1819 3245; x_wconf 81' lang='grc' dir='ltr'>μὴ</span> 
     </span>
     <span class='ocr_line' id='line_1_50' title="bbox 249 3263 1819 3326; baseline 0.001 -11"><span class='ocrx_word' id='word_1_358' title='bbox 249 3265 638 3326; x_wconf 65' lang='grc' dir='ltr'>ὑψηλοφρόνει,</span> <span class='ocrx_word' id='word_1_359' title='bbox 681 3263 820 3316; x_wconf 85' lang='grc' dir='ltr'>ἀλλὰ</span> <span class='ocrx_word' id='word_1_360' title='bbox 856 3263 1048 3326; x_wconf 82' lang='grc' dir='ltr'>φοϐοῦ.</span> <span class='ocrx_word' id='word_1_361' title='bbox 1084 3265 1145 3318; x_wconf 83' lang='grc' dir='ltr'><strong>Εἰ</strong></span> <span class='ocrx_word' id='word_1_362' title='bbox 1172 3263 1280 3326; x_wconf 78' lang='grc' dir='ltr'><strong>γὰρ</strong></span> <span class='ocrx_word' id='word_1_363' title='bbox 1310 3265 1337 3316; x_wconf 89' lang='lat'><strong>6</strong></span> <span class='ocrx_word' id='word_1_364' title='bbox 1378 3263 1508 3326; x_wconf 76' lang='grc' dir='ltr'>Θεὸς</span> <span class='ocrx_word' id='word_1_365' title='bbox 1535 3265 1643 3316; x_wconf 86' lang='grc' dir='ltr'>τῶν</span> <span class='ocrx_word' id='word_1_366' title='bbox 1676 3263 1819 3318; x_wconf 85' lang='grc' dir='ltr'><strong>κατά</strong></span> 
     </span>
    </p>
   </div>
   <div class='ocr_carea' id='block_1_50' title="bbox 1923 3175 3497 3326">
    <p class='ocr_par' dir='ltr' id='par_1_50' title="bbox 1924 3175 3497 3326">
     <span class='ocr_line' id='line_1_51' title="bbox 1932 3175 3493 3232; baseline 0.005 -20"><span class='ocrx_word' id='word_1_367' title='bbox 1932 3181 1950 3212; x_wconf 77' lang='grc' dir='ltr'><strong>ι</strong></span> <span class='ocrx_word' id='word_1_368' title='bbox 1979 3175 2276 3216; x_wconf 79' lang='lat' dir='ltr'><strong>memorare</strong></span> <span class='ocrx_word' id='word_1_369' title='bbox 2291 3175 2410 3216; x_wconf 77' lang='lat' dir='ltr'><strong>(nes</strong></span> <span class='ocrx_word' id='word_1_370' title='bbox 2425 3175 2798 3226; x_wconf 80' lang='lat' dir='ltr'><strong>tenebrarum,</strong></span> <span class='ocrx_word' id='word_1_371' title='bbox 2826 3178 2955 3232; x_wconf 81' lang='lat' dir='ltr'><strong>quia</strong></span> <span class='ocrx_word' id='word_1_372' title='bbox 2998 3175 3154 3220; x_wconf 86' lang='lat' dir='ltr'><strong>multi</strong></span> <span class='ocrx_word' id='word_1_373' title='bbox 3182 3177 3352 3222; x_wconf 88' lang='lat' dir='ltr'><strong>erunt</strong></span> <span class='ocrx_word' id='word_1_374' title='bbox 3381 3175 3446 3224; x_wconf 83' lang='lat'><strong>&quot;.</strong></span> <span class='ocrx_word' id='word_1_375' title='bbox 3472 3190 3493 3220; x_wconf 74' lang='grc' dir='ltr'><strong>ο</strong></span> 
     </span>
     <span class='ocr_line' id='line_1_52' title="bbox 1924 3256 3497 3326; baseline 0.003 -14"><span class='ocrx_word' id='word_1_376' title='bbox 1924 3257 2030 3312; x_wconf 88' lang='lat' dir='ltr'><strong>Sed</strong></span> <span class='ocrx_word' id='word_1_377' title='bbox 2087 3265 2145 3311; x_wconf 90' lang='lat' dir='ltr'><strong>et</strong></span> <span class='ocrx_word' id='word_1_378' title='bbox 2195 3257 2507 3326; x_wconf 87' lang='lat' dir='ltr'><strong>inculpatus</strong></span> <span class='ocrx_word' id='word_1_379' title='bbox 2554 3256 2698 3311; x_wconf 82' lang='lat' dir='ltr'><strong>Job:</strong></span> <span class='ocrx_word' id='word_1_380' title='bbox 2733 3275 2750 3307; x_wconf 82' lang='grc' dir='ltr'>ι</span> <span class='ocrx_word' id='word_1_381' title='bbox 2785 3256 2840 3311; x_wconf 90' lang='lat' dir='ltr'><strong>Si</strong></span> <span class='ocrx_word' id='word_1_382' title='bbox 2877 3258 3040 3313; x_wconf 92' lang='lat' dir='ltr'><strong>etiam</strong></span> <span class='ocrx_word' id='word_1_383' title='bbox 3103 3259 3317 3317; x_wconf 63' lang='lat' dir='ltr'><strong>laetatus</strong></span> <span class='ocrx_word' id='word_1_384' title='bbox 3376 3279 3497 3318; x_wconf 85' lang='lat' dir='ltr'><strong>sum</strong></span> 
     </span>
    </p>
   </div>
   <div class='ocr_carea' id='block_1_51' title="bbox 248 3263 1819 3334">
    <p class='ocr_par' dir='ltr' id='par_1_51' title="bbox 248 3263 1819 3334">
     <span class='ocr_line' id='line_1_53' title="bbox 248 3263 1819 3334; baseline 0.001 -19"><span class='ocrx_word' id='word_1_385' title='bbox 248 3265 638 3334; x_wconf 64' lang='grc' dir='ltr'>ὑψηλοφρόνει,</span> <span class='ocrx_word' id='word_1_386' title='bbox 681 3263 820 3316; x_wconf 85' lang='grc' dir='ltr'>ἀλλὰ</span> <span class='ocrx_word' id='word_1_387' title='bbox 856 3263 1048 3332; x_wconf 82' lang='grc' dir='ltr'>φοϐοῦ.</span> <span class='ocrx_word' id='word_1_388' title='bbox 1084 3265 1145 3318; x_wconf 83' lang='grc' dir='ltr'><strong>Εἰ</strong></span> <span class='ocrx_word' id='word_1_389' title='bbox 1172 3263 1280 3334; x_wconf 78' lang='grc' dir='ltr'><strong>γὰρ</strong></span> <span class='ocrx_word' id='word_1_390' title='bbox 1310 3265 1337 3316; x_wconf 89' lang='lat'><strong>6</strong></span> <span class='ocrx_word' id='word_1_391' title='bbox 1378 3263 1508 3327; x_wconf 76' lang='grc' dir='ltr'>Θεὸς</span> <span class='ocrx_word' id='word_1_392' title='bbox 1535 3265 1643 3316; x_wconf 86' lang='grc' dir='ltr'>τῶν</span> <span class='ocrx_word' id='word_1_393' title='bbox 1676 3263 1819 3318; x_wconf 85' lang='grc' dir='ltr'><strong>κατά</strong></span> 
     </span>
    </p>
   </div>
   <div class='ocr_carea' id='block_1_52' title="bbox 245 3349 1814 3420">
    <p class='ocr_par' dir='ltr' id='par_1_52' title="bbox 245 3349 1814 3420">
     <span class='ocr_line' id='line_1_54' title="bbox 245 3349 1814 3420; baseline -0.003 -16"><span class='ocrx_word' id='word_1_394' title='bbox 245 3353 414 3420; x_wconf 79' lang='grc' dir='ltr'>φύσιν</span> <span class='ocrx_word' id='word_1_395' title='bbox 455 3352 667 3404; x_wconf 87' lang='grc' dir='ltr'>κλάδων</span> <span class='ocrx_word' id='word_1_396' title='bbox 713 3352 812 3405; x_wconf 88' lang='grc' dir='ltr'>οὐκ</span> <span class='ocrx_word' id='word_1_397' title='bbox 850 3352 1126 3420; x_wconf 80' lang='grc' dir='ltr'>ἐφείσατο,</span> <span class='ocrx_word' id='word_1_398' title='bbox 1175 3351 1298 3403; x_wconf 77' lang='grc' dir='ltr'>οὑδέ</span> <span class='ocrx_word' id='word_1_399' title='bbox 1340 3349 1434 3402; x_wconf 75' lang='grc' dir='ltr'><strong>σοῦ</strong></span> <span class='ocrx_word' id='word_1_400' title='bbox 1481 3353 1744 3417; x_wconf 74' lang='grc' dir='ltr'>φείσεται.</span> <span class='ocrx_word' id='word_1_401' title='bbox 1796 3368 1814 3400; x_wconf 81' lang='grc' dir='ltr'><strong>ι</strong></span> 
     </span>
    </p>
   </div>
   <div class='ocr_carea' id='block_1_53' title="bbox 247 3440 1818 3512">
    <p class='ocr_par' dir='ltr' id='par_1_53' title="bbox 247 3440 1818 3512">
     <span class='ocr_line' id='line_1_55' title="bbox 247 3440 1818 3512; baseline -0.003 -15"><span class='ocrx_word' id='word_1_402' title='bbox 247 3444 364 3497; x_wconf 73' lang='grc' dir='ltr'><strong>Καὶ</strong></span> <span class='ocrx_word' id='word_1_403' title='bbox 401 3443 675 3511; x_wconf 82' lang='grc' dir='ltr'>ἐπιφέρει,</span> <span class='ocrx_word' id='word_1_404' title='bbox 712 3462 730 3493; x_wconf 78' lang='grc' dir='ltr'>ι</span> <span class='ocrx_word' id='word_1_405' title='bbox 778 3443 844 3494; x_wconf 83' lang='grc' dir='ltr'>Ἢ</span> <span class='ocrx_word' id='word_1_406' title='bbox 875 3443 1066 3512; x_wconf 87' lang='grc' dir='ltr'>ἀγάπη</span> <span class='ocrx_word' id='word_1_407' title='bbox 1095 3443 1155 3494; x_wconf 84' lang='grc' dir='ltr'>οὐ</span> <span class='ocrx_word' id='word_1_408' title='bbox 1186 3441 1362 3510; x_wconf 85' lang='grc' dir='ltr'>χαίρει</span> <span class='ocrx_word' id='word_1_409' title='bbox 1394 3441 1488 3492; x_wconf 67' lang='grc' dir='ltr'><strong>ἐπὶ</strong></span> <span class='ocrx_word' id='word_1_410' title='bbox 1513 3444 1577 3511; x_wconf 83' lang='grc' dir='ltr'>τῇ</span> <span class='ocrx_word' id='word_1_411' title='bbox 1615 3440 1818 3512; x_wconf 78' lang='grc' dir='ltr'>ἀδικίᾳ,</span> 
     </span>
    </p>
   </div>
   <div class='ocr_carea' id='block_1_54' title="bbox 248 3528 1818 3603">
    <p class='ocr_par' dir='ltr' id='par_1_54' title="bbox 248 3528 1818 3603">
     <span class='ocr_line' id='line_1_56' title="bbox 248 3528 1818 3603; baseline -0.003 -18"><span class='ocrx_word' id='word_1_412' title='bbox 248 3535 541 3603; x_wconf 82' lang='grc' dir='ltr'>συγχαίρει</span> <span class='ocrx_word' id='word_1_413' title='bbox 570 3531 626 3584; x_wconf 85' lang='grc' dir='ltr'>δὲ</span> <span class='ocrx_word' id='word_1_414' title='bbox 667 3533 733 3601; x_wconf 78' lang='grc' dir='ltr'><strong>τῇ</strong></span> <span class='ocrx_word' id='word_1_415' title='bbox 778 3531 1026 3601; x_wconf 72' lang='grc' dir='ltr'>ἀληθείᾳ.</span> <span class='ocrx_word' id='word_1_416' title='bbox 1090 3549 1107 3580; x_wconf 86' lang='grc' dir='ltr'><strong>ι</strong></span> <span class='ocrx_word' id='word_1_417' title='bbox 1163 3530 1254 3599; x_wconf 79' lang='grc' dir='ltr'><strong>Μὴ</strong></span> <span class='ocrx_word' id='word_1_418' title='bbox 1295 3529 1388 3582; x_wconf 81' lang='grc' dir='ltr'><strong>οὖν</strong></span> <span class='ocrx_word' id='word_1_419' title='bbox 1433 3528 1818 3598; x_wconf 86' lang='grc' dir='ltr'>ἁνασχὼμεθα,</span> 
     </span>
    </p>
   </div>
   <div class='ocr_carea' id='block_1_55' title="bbox 248 3619 1823 3694">
    <p class='ocr_par' dir='ltr' id='par_1_55' title="bbox 248 3619 1823 3694">
     <span class='ocr_line' id='line_1_57' title="bbox 248 3619 1823 3694; baseline -0.003 -17"><span class='ocrx_word' id='word_1_420' title='bbox 248 3624 554 3694; x_wconf 77' lang='grc' dir='ltr'>ἀγαπητοὶ,</span> <span class='ocrx_word' id='word_1_421' title='bbox 583 3622 674 3675; x_wconf 74' lang='grc' dir='ltr'>τοῦ</span> <span class='ocrx_word' id='word_1_422' title='bbox 704 3621 1103 3682; x_wconf 81' lang='grc' dir='ltr'>ὑποϐάλλοντος</span> <span class='ocrx_word' id='word_1_423' title='bbox 1131 3623 1262 3690; x_wconf 83' lang='grc' dir='ltr'>ἡμῖν</span> <span class='ocrx_word' id='word_1_424' title='bbox 1289 3619 1485 3690; x_wconf 73' lang='grc' dir='ltr'>ἐχθροῦ</span> <span class='ocrx_word' id='word_1_425' title='bbox 1514 3622 1823 3691; x_wconf 77' lang='grc' dir='ltr'>ἐπιχαίρειν</span> 
     </span>
    </p>
   </div>
   <div class='ocr_carea' id='block_1_56' title="bbox 247 3712 1824 3786">
    <p class='ocr_par' dir='ltr' id='par_1_56' title="bbox 247 3712 1824 3786">
     <span class='ocr_line' id='line_1_58' title="bbox 247 3712 1824 3786; baseline -0.004 -16"><span class='ocrx_word' id='word_1_426' title='bbox 247 3720 368 3779; x_wconf 84' lang='grc' dir='ltr'>τοῖς</span> <span class='ocrx_word' id='word_1_427' title='bbox 405 3716 499 3768; x_wconf 80' lang='grc' dir='ltr'>τοῦ</span> <span class='ocrx_word' id='word_1_428' title='bbox 533 3714 760 3786; x_wconf 82' lang='grc' dir='ltr'>πλησίον</span> <span class='ocrx_word' id='word_1_429' title='bbox 791 3715 1005 3778; x_wconf 83' lang='grc' dir='ltr'>κακοῖς,</span> <span class='ocrx_word' id='word_1_430' title='bbox 1036 3713 1122 3766; x_wconf 83' lang='grc' dir='ltr'>ἵνα</span> <span class='ocrx_word' id='word_1_431' title='bbox 1153 3713 1229 3782; x_wconf 76' lang='grc' dir='ltr'>μὴ</span> <span class='ocrx_word' id='word_1_432' title='bbox 1261 3712 1355 3764; x_wconf 73' lang='grc' dir='ltr'>καὶ</span> <span class='ocrx_word' id='word_1_433' title='bbox 1388 3714 1547 3782; x_wconf 75' lang='grc' dir='ltr'>ἡμεῖς</span> <span class='ocrx_word' id='word_1_434' title='bbox 1587 3715 1697 3775; x_wconf 86' lang='grc' dir='ltr'>τοῖς</span> <span class='ocrx_word' id='word_1_435' title='bbox 1724 3712 1824 3765; x_wconf 84' lang='grc' dir='ltr'><strong>αὐ-</strong></span> 
     </span>
    </p>
   </div>
   <div class='ocr_carea' id='block_1_57' title="bbox 247 3800 1822 3877">
    <p class='ocr_par' dir='ltr' id='par_1_57' title="bbox 247 3800 1822 3877">
     <span class='ocr_line' id='line_1_59' title="bbox 247 3800 1822 3877; baseline -0.004 -16"><span class='ocrx_word' id='word_1_436' title='bbox 247 3812 368 3870; x_wconf 82' lang='grc' dir='ltr'>τοῖς</span> <span class='ocrx_word' id='word_1_437' title='bbox 407 3809 820 3877; x_wconf 80' lang='grc' dir='ltr'>περιπέσωμεν.</span> <span class='ocrx_word' id='word_1_438' title='bbox 863 3804 1030 3872; x_wconf 73' lang='grc' dir='ltr'>Ἀτάρ</span> <span class='ocrx_word' id='word_1_439' title='bbox 1073 3806 1184 3873; x_wconf 88' lang='grc' dir='ltr'><strong>γάρ</strong></span> <span class='ocrx_word' id='word_1_440' title='bbox 1214 3819 1378 3871; x_wconf 85' lang='grc' dir='ltr'>φησιν</span> <span class='ocrx_word' id='word_1_441' title='bbox 1414 3804 1444 3854; x_wconf 85' lang='grc' dir='ltr'>ὁ</span> <span class='ocrx_word' id='word_1_442' title='bbox 1481 3801 1620 3854; x_wconf 80' lang='grc' dir='ltr'><strong>Ἰώϐ-</strong></span> <span class='ocrx_word' id='word_1_443' title='bbox 1654 3821 1672 3853; x_wconf 76' lang='grc' dir='ltr'>ι</span> <span class='ocrx_word' id='word_1_444' title='bbox 1713 3800 1822 3855; x_wconf 81' lang='lat' dir='ltr'><strong>Kal</strong></span> 
     </span>
    </p>
   </div>
   <div class='ocr_carea' id='block_1_58' title="bbox 252 3892 1822 3968">
    <p class='ocr_par' dir='ltr' id='par_1_58' title="bbox 252 3892 1822 3968">
     <span class='ocr_line' id='line_1_60' title="bbox 252 3892 1822 3968; baseline -0.004 -17"><span class='ocrx_word' id='word_1_445' title='bbox 252 3901 417 3968; x_wconf 77' lang='grc' dir='ltr'>ὑμεῖς</span> <span class='ocrx_word' id='word_1_446' title='bbox 465 3896 698 3966; x_wconf 87' lang='grc' dir='ltr'>ἐπέϐητέ</span> <span class='ocrx_word' id='word_1_447' title='bbox 747 3913 836 3964; x_wconf 89' lang='grc' dir='ltr'>μοι</span> <span class='ocrx_word' id='word_1_448' title='bbox 889 3895 1305 3965; x_wconf 84' lang='grc' dir='ltr'>ἀνελεημόνως,</span> <span class='ocrx_word' id='word_1_449' title='bbox 1342 3892 1480 3945; x_wconf 86' lang='grc' dir='ltr'>ὥστε</span> <span class='ocrx_word' id='word_1_450' title='bbox 1515 3893 1716 3953; x_wconf 78' lang='grc' dir='ltr'>ἰδόντες</span> <span class='ocrx_word' id='word_1_451' title='bbox 1761 3892 1822 3945; x_wconf 82' lang='grc' dir='ltr'>τὸ</span> 
     </span>
    </p>
   </div>
   <div class='ocr_carea' id='block_1_59' title="bbox 252 3981 1821 4060">
    <p class='ocr_par' dir='ltr' id='par_1_59' title="bbox 252 3981 1821 4060">
     <span class='ocr_line' id='line_1_61' title="bbox 252 3981 1821 4060; baseline -0.006 -17"><span class='ocrx_word' id='word_1_452' title='bbox 252 3992 395 4060; x_wconf 75' lang='grc' dir='ltr'>ἐμὸν</span> <span class='ocrx_word' id='word_1_453' title='bbox 425 3989 673 4060; x_wconf 85' lang='grc' dir='ltr'>τραῦμα,</span> <span class='ocrx_word' id='word_1_454' title='bbox 708 3984 1038 4056; x_wconf 81' lang='grc' dir='ltr'>ἐφοϐήθητε.</span> <span class='ocrx_word' id='word_1_455' title='bbox 1092 4003 1110 4034; x_wconf 74' lang='grc' dir='ltr'><strong>ι</strong></span> <span class='ocrx_word' id='word_1_456' title='bbox 1155 3985 1349 4054; x_wconf 79' lang='grc' dir='ltr'>Ἡμεῖς</span> <span class='ocrx_word' id='word_1_457' title='bbox 1395 3981 1486 4036; x_wconf 80' lang='grc' dir='ltr'>οὖν</span> <span class='ocrx_word' id='word_1_458' title='bbox 1515 3982 1821 4053; x_wconf 79' lang='grc' dir='ltr'>εὐξώμεθα,</span> 
     </span>
    </p>
   </div>
   <div class='ocr_carea' id='block_1_60' title="bbox 254 4073 1827 4152">
    <p class='ocr_par' dir='ltr' id='par_1_60' title="bbox 254 4073 1827 4152">
     <span class='ocr_line' id='line_1_62' title="bbox 254 4073 1827 4152; baseline -0.004 -19"><span class='ocrx_word' id='word_1_459' title='bbox 254 4082 400 4152; x_wconf 79' lang='grc' dir='ltr'>μετὰ</span> <span class='ocrx_word' id='word_1_460' title='bbox 439 4079 532 4132; x_wconf 81' lang='grc' dir='ltr'><strong>τοῦ</strong></span> <span class='ocrx_word' id='word_1_461' title='bbox 569 4078 732 4132; x_wconf 80' lang='grc' dir='ltr'>Δαυῒδ</span> <span class='ocrx_word' id='word_1_462' title='bbox 771 4078 1041 4146; x_wconf 85' lang='grc' dir='ltr'>λέγοντες,</span> <span class='ocrx_word' id='word_1_463' title='bbox 1093 4094 1112 4126; x_wconf 73' lang='grc' dir='ltr'>ι</span> <span class='ocrx_word' id='word_1_464' title='bbox 1158 4075 1249 4144; x_wconf 84' lang='grc' dir='ltr'><strong>Μὴ</strong></span> <span class='ocrx_word' id='word_1_465' title='bbox 1297 4073 1606 4145; x_wconf 66' lang='grc' dir='ltr'>ἀπορρίψῃς</span> <span class='ocrx_word' id='word_1_466' title='bbox 1653 4091 1719 4142; x_wconf 89' lang='grc' dir='ltr'><strong>με</strong></span> <span class='ocrx_word' id='word_1_467' title='bbox 1747 4076 1827 4133; x_wconf 84' lang='grc' dir='ltr'><strong>είς</strong></span> 
     </span>
    </p>
   </div>
   <div class='ocr_carea' id='block_1_61' title="bbox 247 4163 1828 4241">
    <p class='ocr_par' dir='ltr' id='par_1_61' title="bbox 247 4163 1828 4241">
     <span class='ocr_line' id='line_1_63' title="bbox 247 4163 1828 4241; baseline -0.006 -16"><span class='ocrx_word' id='word_1_468' title='bbox 247 4171 450 4241; x_wconf 73' lang='grc' dir='ltr'>καιρὸν</span> <span class='ocrx_word' id='word_1_469' title='bbox 483 4171 686 4240; x_wconf 81' lang='grc' dir='ltr'>γήρους</span> <span class='ocrx_word' id='word_1_470' title='bbox 739 4171 796 4222; x_wconf 85' lang='grc' dir='ltr'>ἐν</span> <span class='ocrx_word' id='word_1_471' title='bbox 834 4167 913 4238; x_wconf 78' lang='grc' dir='ltr'>τῷ</span> <span class='ocrx_word' id='word_1_472' title='bbox 952 4166 1225 4220; x_wconf 86' lang='grc' dir='ltr'>ἐκλείπειν</span> <span class='ocrx_word' id='word_1_473' title='bbox 1251 4168 1351 4235; x_wconf 80' lang='grc' dir='ltr'><strong>τὴν</strong></span> <span class='ocrx_word' id='word_1_474' title='bbox 1387 4165 1541 4234; x_wconf 75' lang='grc' dir='ltr'>ἰσχύν</span> <span class='ocrx_word' id='word_1_475' title='bbox 1587 4182 1719 4234; x_wconf 70' lang='grc' dir='ltr'>μου*</span> <span class='ocrx_word' id='word_1_476' title='bbox 1754 4163 1828 4235; x_wconf 85' lang='grc' dir='ltr'>μὴ</span> 
     </span>
    </p>
   </div>
   <div class='ocr_carea' id='block_1_62' title="bbox 248 4253 1827 4330">
    <p class='ocr_par' dir='ltr' id='par_1_62' title="bbox 248 4253 1827 4330">
     <span class='ocr_line' id='line_1_64' title="bbox 248 4253 1827 4330; baseline -0.003 -17"><span class='ocrx_word' id='word_1_477' title='bbox 248 4259 659 4330; x_wconf 76' lang='grc' dir='ltr'>ἐγκαταλείπῃς</span> <span class='ocrx_word' id='word_1_478' title='bbox 693 4276 780 4329; x_wconf 89' lang='grc' dir='ltr'><strong>με,</strong></span> <span class='ocrx_word' id='word_1_479' title='bbox 810 4259 890 4311; x_wconf 84' lang='grc' dir='ltr'><strong>ὅτι</strong></span> <span class='ocrx_word' id='word_1_480' title='bbox 934 4253 1094 4309; x_wconf 72' lang='grc' dir='ltr'>εἶπαν</span> <span class='ocrx_word' id='word_1_481' title='bbox 1119 4258 1166 4308; x_wconf 80' lang='grc' dir='ltr'>οἱ</span> <span class='ocrx_word' id='word_1_482' title='bbox 1204 4255 1393 4325; x_wconf 84' lang='grc' dir='ltr'>ἐχθροί</span> <span class='ocrx_word' id='word_1_483' title='bbox 1425 4274 1526 4324; x_wconf 85' lang='grc' dir='ltr'><strong>μου</strong></span> <span class='ocrx_word' id='word_1_484' title='bbox 1554 4257 1701 4324; x_wconf 72' lang='grc' dir='ltr'>ἐμοὶ,</span> <span class='ocrx_word' id='word_1_485' title='bbox 1731 4255 1827 4308; x_wconf 77' lang='grc' dir='ltr'>καὶ</span> 
     </span>
    </p>
   </div>
   <div class='ocr_carea' id='block_1_63' title="bbox 245 4346 1829 4420">
    <p class='ocr_par' dir='ltr' id='par_1_63' title="bbox 245 4346 1829 4420">
     <span class='ocr_line' id='line_1_65' title="bbox 245 4346 1829 4420; baseline -0.004 -15"><span class='ocrx_word' id='word_1_486' title='bbox 245 4355 304 4405; x_wconf 85' lang='grc' dir='ltr'><strong>οἱ</strong></span> <span class='ocrx_word' id='word_1_487' title='bbox 329 4352 695 4420; x_wconf 85' lang='grc' dir='ltr'>φυλάσσοντες</span> <span class='ocrx_word' id='word_1_488' title='bbox 723 4351 823 4418; x_wconf 85' lang='grc' dir='ltr'><strong>τὴν</strong></span> <span class='ocrx_word' id='word_1_489' title='bbox 857 4349 1038 4420; x_wconf 80' lang='grc' dir='ltr'>ψυχήν</span> <span class='ocrx_word' id='word_1_490' title='bbox 1069 4364 1170 4417; x_wconf 89' lang='grc' dir='ltr'><strong>μου</strong></span> <span class='ocrx_word' id='word_1_491' title='bbox 1201 4346 1599 4399; x_wconf 84' lang='grc' dir='ltr'>ἐϐουλεύσαντο</span> <span class='ocrx_word' id='word_1_492' title='bbox 1642 4348 1735 4399; x_wconf 76' lang='grc' dir='ltr'>ἐπὶ</span> <span class='ocrx_word' id='word_1_493' title='bbox 1767 4348 1829 4400; x_wconf 84' lang='grc' dir='ltr'>τὸ</span> 
     </span>
    </p>
   </div>
   <div class='ocr_carea' id='block_1_64' title="bbox 255 4439 1831 4510">
    <p class='ocr_par' dir='ltr' id='par_1_64' title="bbox 255 4439 1831 4510">
     <span class='ocr_line' id='line_1_66' title="bbox 255 4439 1831 4510; baseline -0.003 -13"><span class='ocrx_word' id='word_1_494' title='bbox 255 4444 419 4505; x_wconf 74' lang='grc' dir='ltr'>αὐτὸ,</span> <span class='ocrx_word' id='word_1_495' title='bbox 458 4443 730 4510; x_wconf 86' lang='grc' dir='ltr'>λέγοντες·</span> <span class='ocrx_word' id='word_1_496' title='bbox 779 4442 836 4493; x_wconf 83' lang='grc' dir='ltr'><strong>Ὀ</strong></span> <span class='ocrx_word' id='word_1_497' title='bbox 879 4441 1010 4503; x_wconf 80' lang='grc' dir='ltr'>Θεὸς</span> <span class='ocrx_word' id='word_1_498' title='bbox 1053 4439 1409 4508; x_wconf 84' lang='grc' dir='ltr'>ἐγκατέλιπεν</span> <span class='ocrx_word' id='word_1_499' title='bbox 1442 4440 1625 4506; x_wconf 73' lang='grc' dir='ltr'>αὑτὸν,</span> <span class='ocrx_word' id='word_1_500' title='bbox 1659 4456 1831 4493; x_wconf 84' lang='grc' dir='ltr'>κατα-</span> 
     </span>
    </p>
   </div>
   <div class='ocr_carea' id='block_1_65' title="bbox 1910 1987 3496 2058">
    <p class='ocr_par' dir='ltr' id='par_1_65' title="bbox 1910 1987 3496 2058">
     <span class='ocr_line' id='line_1_67' title="bbox 1910 1987 3496 2058; baseline -0.002 -15"><span class='ocrx_word' id='word_1_501' title='bbox 1910 1987 2224 2043; x_wconf 87' lang='lat' dir='ltr'><strong>Christiana</strong></span> <span class='ocrx_word' id='word_1_502' title='bbox 2241 1988 2456 2056; x_wconf 88' lang='lat' dir='ltr'><strong>alienis,</strong></span> <span class='ocrx_word' id='word_1_503' title='bbox 2469 2004 2608 2058; x_wconf 90' lang='lat' dir='ltr'><strong>quos</strong></span> <span class='ocrx_word' id='word_1_504' title='bbox 2627 1989 2906 2044; x_wconf 90' lang='lat' dir='ltr'><strong>credimus</strong></span> <span class='ocrx_word' id='word_1_505' title='bbox 2928 1991 3224 2057; x_wconf 85' lang='lat' dir='ltr'><strong>relegatum</strong></span> <span class='ocrx_word' id='word_1_506' title='bbox 3247 1989 3311 2042; x_wconf 93' lang='lat' dir='ltr'><strong>iri</strong></span> <span class='ocrx_word' id='word_1_507' title='bbox 3331 2003 3360 2041; x_wconf 84' lang='lat' dir='ltr'><strong>a</strong></span> <span class='ocrx_word' id='word_1_508' title='bbox 3381 2003 3496 2055; x_wconf 79' lang='lat' dir='ltr'><strong>reg-</strong></span> 
     </span>
    </p>
   </div>
   <div class='ocr_carea' id='block_1_66' title="bbox 1912 2075 3493 2148">
    <p class='ocr_par' dir='ltr' id='par_1_66' title="bbox 1912 2075 3493 2148">
     <span class='ocr_line' id='line_1_68' title="bbox 1912 2075 3493 2148; baseline -0.001 -19"><span class='ocrx_word' id='word_1_509' title='bbox 1912 2091 2006 2140; x_wconf 93' lang='lat' dir='ltr'><strong>no,</strong></span> <span class='ocrx_word' id='word_1_510' title='bbox 2035 2084 2091 2130; x_wconf 88' lang='lat' dir='ltr'><strong>et</strong></span> <span class='ocrx_word' id='word_1_511' title='bbox 2104 2077 2338 2146; x_wconf 89' lang='lat' dir='ltr'><strong>proinde</strong></span> <span class='ocrx_word' id='word_1_512' title='bbox 2357 2077 2666 2146; x_wconf 90' lang='lat' dir='ltr'><strong>puniendos</strong></span> <span class='ocrx_word' id='word_1_513' title='bbox 2684 2079 2925 2148; x_wconf 78' lang='lat'><strong>.1118</strong></span> <span class='ocrx_word' id='word_1_514' title='bbox 2944 2077 3025 2131; x_wconf 85' lang='lat' dir='ltr'><strong>Ad</strong></span> <span class='ocrx_word' id='word_1_515' title='bbox 3050 2077 3198 2130; x_wconf 84' lang='lat' dir='ltr'><strong>hunc</strong></span> <span class='ocrx_word' id='word_1_516' title='bbox 3231 2075 3453 2130; x_wconf 89' lang='lat' dir='ltr'><strong>modum</strong></span> <span class='ocrx_word' id='word_1_517' title='bbox 3477 2131 3493 2147; x_wconf 58' lang='grc'><em>,</em></span> 
     </span>
    </p>
   </div>
   <div class='ocr_carea' id='block_1_67' title="bbox 1921 2165 3494 2237">
    <p class='ocr_par' dir='ltr' id='par_1_67' title="bbox 1921 2165 3494 2237">
     <span class='ocr_line' id='line_1_69' title="bbox 1921 2165 3494 2237; baseline -0.001 -19"><span class='ocrx_word' id='word_1_518' title='bbox 1921 2186 1941 2218; x_wconf 86' lang='grc'><em>‹</em></span> <span class='ocrx_word' id='word_1_519' title='bbox 1968 2167 2073 2233; x_wconf 90' lang='lat' dir='ltr'><strong>Qui</strong></span> <span class='ocrx_word' id='word_1_520' title='bbox 2107 2167 2196 2237; x_wconf 89' lang='lat' dir='ltr'><strong>pie</strong></span> <span class='ocrx_word' id='word_1_521' title='bbox 2229 2168 2424 2222; x_wconf 88' lang='lat' dir='ltr'><strong>volunt</strong></span> <span class='ocrx_word' id='word_1_522' title='bbox 2471 2167 2657 2222; x_wconf 89' lang='lat' dir='ltr'><strong>vivere</strong></span> <span class='ocrx_word' id='word_1_523' title='bbox 2695 2168 2748 2222; x_wconf 90' lang='lat' dir='ltr'><strong>in</strong></span> <span class='ocrx_word' id='word_1_524' title='bbox 2787 2167 3027 2229; x_wconf 89' lang='lat' dir='ltr'><strong>Christo,</strong></span> <span class='ocrx_word' id='word_1_525' title='bbox 3055 2165 3494 2235; x_wconf 86' lang='lat' dir='ltr'><strong>persecutionem</strong></span> 
     </span>
    </p>
   </div>
   <div class='ocr_carea' id='block_1_68' title="bbox 1913 2255 3496 2326">
    <p class='ocr_par' dir='ltr' id='par_1_68' title="bbox 1913 2255 3496 2326">
     <span class='ocr_line' id='line_1_70' title="bbox 1913 2255 3496 2326; baseline -0.001 -16"><span class='ocrx_word' id='word_1_526' title='bbox 1913 2255 2195 2324; x_wconf 87' lang='lat' dir='ltr'><strong>patientur</strong></span> <span class='ocrx_word' id='word_1_527' title='bbox 2225 2257 2291 2320; x_wconf 80' lang='lat'><strong>‘°,</strong></span> <span class='ocrx_word' id='word_1_528' title='bbox 2328 2275 2348 2308; x_wconf 81' lang='grc' dir='ltr'>ι</span> <span class='ocrx_word' id='word_1_529' title='bbox 2389 2256 2854 2326; x_wconf 88' lang='lat' dir='ltr'><strong>quemadmodum</strong></span> <span class='ocrx_word' id='word_1_530' title='bbox 2901 2256 3084 2310; x_wconf 89' lang='lat' dir='ltr'><strong>verbis</strong></span> <span class='ocrx_word' id='word_1_531' title='bbox 3127 2255 3496 2310; x_wconf 77' lang='lat' dir='ltr'><strong>Parcemiasta:</strong></span> 
     </span>
    </p>
   </div>
   <div class='ocr_carea' id='block_1_69' title="bbox 1915 2344 3494 2404">
    <p class='ocr_par' dir='ltr' id='par_1_69' title="bbox 1915 2344 3494 2404">
     <span class='ocr_line' id='line_1_71' title="bbox 1915 2344 3494 2404; baseline -0.003 -3"><span class='ocrx_word' id='word_1_532' title='bbox 1915 2346 2220 2401; x_wconf 88' lang='lat' dir='ltr'><strong>erudimur.</strong></span> <span class='ocrx_word' id='word_1_533' title='bbox 2246 2345 2295 2400; x_wconf 92' lang='lat' dir='ltr'><strong>ls</strong></span> <span class='ocrx_word' id='word_1_534' title='bbox 2316 2346 2461 2399; x_wconf 90' lang='lat' dir='ltr'><strong>enim</strong></span> <span class='ocrx_word' id='word_1_535' title='bbox 2484 2347 2564 2400; x_wconf 87' lang='lat' dir='ltr'><strong>ait</strong></span> <span class='ocrx_word' id='word_1_536' title='bbox 2589 2363 2602 2398; x_wconf 89' lang='lat'><strong>:</strong></span> <span class='ocrx_word' id='word_1_537' title='bbox 2635 2365 2652 2397; x_wconf 78' lang='grc' dir='ltr'>ι</span> <span class='ocrx_word' id='word_1_538' title='bbox 2682 2344 2740 2400; x_wconf 90' lang='lat' dir='ltr'><strong>Si</strong></span> <span class='ocrx_word' id='word_1_539' title='bbox 2767 2345 3031 2400; x_wconf 88' lang='lat' dir='ltr'><strong>ceciderit</strong></span> <span class='ocrx_word' id='word_1_540' title='bbox 3055 2345 3313 2400; x_wconf 86' lang='lat' dir='ltr'><strong>inimicus</strong></span> <span class='ocrx_word' id='word_1_541' title='bbox 3342 2352 3494 2404; x_wconf 85' lang='lat' dir='ltr'><strong>tuus,</strong></span> 
     </span>
    </p>
   </div>
   <div class='ocr_carea' id='block_1_70' title="bbox 1915 2434 3494 2504">
    <p class='ocr_par' dir='ltr' id='par_1_70' title="bbox 1915 2434 3494 2504">
     <span class='ocr_line' id='line_1_72' title="bbox 1915 2434 3494 2504; baseline -0.001 -17"><span class='ocrx_word' id='word_1_542' title='bbox 1915 2449 1985 2488; x_wconf 89' lang='lat' dir='ltr'><strong>ne</strong></span> <span class='ocrx_word' id='word_1_543' title='bbox 2013 2434 2250 2504; x_wconf 79' lang='lat' dir='ltr'><strong>gaudeas</strong></span> <span class='ocrx_word' id='word_1_544' title='bbox 2283 2448 2450 2502; x_wconf 90' lang='lat' dir='ltr'><strong>super</strong></span> <span class='ocrx_word' id='word_1_545' title='bbox 2480 2448 2569 2498; x_wconf 88' lang='lat' dir='ltr'><strong>eo,</strong></span> <span class='ocrx_word' id='word_1_546' title='bbox 2595 2442 2652 2488; x_wconf 93' lang='lat' dir='ltr'><strong>et</strong></span> <span class='ocrx_word' id='word_1_547' title='bbox 2687 2434 2742 2488; x_wconf 92' lang='lat' dir='ltr'><strong>in</strong></span> <span class='ocrx_word' id='word_1_548' title='bbox 2795 2435 3241 2504; x_wconf 88' lang='lat' dir='ltr'><strong>supplantatione</strong></span> <span class='ocrx_word' id='word_1_549' title='bbox 3272 2435 3396 2504; x_wconf 88' lang='lat' dir='ltr'><strong>ejus</strong></span> <span class='ocrx_word' id='word_1_550' title='bbox 3425 2449 3494 2487; x_wconf 86' lang='lat' dir='ltr'><strong>ne</strong></span> 
     </span>
    </p>
   </div>
   <div class='ocr_carea' id='block_1_71' title="bbox 1915 2521 3494 2591">
    <p class='ocr_par' dir='ltr' id='par_1_71' title="bbox 1915 2521 3494 2591">
     <span class='ocr_line' id='line_1_73' title="bbox 1915 2521 3494 2591; baseline -0.001 -15"><span class='ocrx_word' id='word_1_551' title='bbox 1915 2523 2147 2577; x_wconf 78' lang='lat' dir='ltr'><strong>extollas</strong></span> <span class='ocrx_word' id='word_1_552' title='bbox 2174 2531 2250 2588; x_wconf 92' lang='lat' dir='ltr'><strong>te,</strong></span> <span class='ocrx_word' id='word_1_553' title='bbox 2285 2538 2356 2576; x_wconf 91' lang='lat' dir='ltr'><strong>ne</strong></span> <span class='ocrx_word' id='word_1_554' title='bbox 2403 2521 2546 2578; x_wconf 91' lang='lat' dir='ltr'><strong>forte</strong></span> <span class='ocrx_word' id='word_1_555' title='bbox 2580 2521 2768 2577; x_wconf 84' lang='lat' dir='ltr'><strong>videat</strong></span> <span class='ocrx_word' id='word_1_556' title='bbox 2807 2523 3094 2587; x_wconf 88' lang='lat' dir='ltr'><strong>Dominus,</strong></span> <span class='ocrx_word' id='word_1_557' title='bbox 3130 2532 3186 2577; x_wconf 89' lang='lat' dir='ltr'><strong>et</strong></span> <span class='ocrx_word' id='word_1_558' title='bbox 3231 2539 3340 2576; x_wconf 85' lang='lat' dir='ltr'><strong>non</strong></span> <span class='ocrx_word' id='word_1_559' title='bbox 3374 2522 3494 2591; x_wconf 80' lang='lat' dir='ltr'><strong>pla-</strong></span> 
     </span>
    </p>
   </div>
   <div class='ocr_carea' id='block_1_72' title="bbox 1918 2612 3492 2685">
    <p class='ocr_par' dir='ltr' id='par_1_72' title="bbox 1918 2612 3492 2685">
     <span class='ocr_line' id='line_1_74' title="bbox 1918 2612 3492 2685; baseline -0.003 -16"><span class='ocrx_word' id='word_1_560' title='bbox 1918 2621 2038 2669; x_wconf 89' lang='lat' dir='ltr'><strong>ceat</strong></span> <span class='ocrx_word' id='word_1_561' title='bbox 2069 2613 2120 2668; x_wconf 92' lang='lat' dir='ltr'><strong>ei</strong></span> <span class='ocrx_word' id='word_1_562' title='bbox 2149 2615 2215 2669; x_wconf 75' lang='lat'><strong>“.</strong></span> <span class='ocrx_word' id='word_1_563' title='bbox 2250 2633 2268 2666; x_wconf 80' lang='grc' dir='ltr'>ι</span> <span class='ocrx_word' id='word_1_564' title='bbox 2306 2615 2374 2669; x_wconf 88' lang='lat' dir='ltr'><strong>Et</strong></span> <span class='ocrx_word' id='word_1_565' title='bbox 2403 2615 2521 2670; x_wconf 60' lang='lat' dir='ltr'><strong>hac</strong></span> <span class='ocrx_word' id='word_1_566' title='bbox 2557 2614 2781 2685; x_wconf 90' lang='lat' dir='ltr'><strong>quidem</strong></span> <span class='ocrx_word' id='word_1_567' title='bbox 2817 2615 2885 2669; x_wconf 92' lang='lat' dir='ltr'><strong>de</strong></span> <span class='ocrx_word' id='word_1_568' title='bbox 2916 2615 3159 2669; x_wconf 82' lang='lat' dir='ltr'><strong>inimico.</strong></span> <span class='ocrx_word' id='word_1_569' title='bbox 3192 2615 3259 2668; x_wconf 88' lang='lat' dir='ltr'><strong>Et</strong></span> <span class='ocrx_word' id='word_1_570' title='bbox 3286 2633 3299 2668; x_wconf 90' lang='lat'><strong>:</strong></span> <span class='ocrx_word' id='word_1_571' title='bbox 3337 2631 3356 2663; x_wconf 73' lang='grc' dir='ltr'><strong>ι</strong></span> <span class='ocrx_word' id='word_1_572' title='bbox 3389 2612 3492 2679; x_wconf 88' lang='lat' dir='ltr'><strong>Qui</strong></span> 
     </span>
    </p>
   </div>
   <div class='ocr_carea' id='block_1_73' title="bbox 1917 2702 3496 2774">
    <p class='ocr_par' dir='ltr' id='par_1_73' title="bbox 1917 2702 3496 2774">
     <span class='ocr_line' id='line_1_75' title="bbox 1917 2702 3496 2774; baseline -0.003 -14"><span class='ocrx_word' id='word_1_573' title='bbox 1917 2705 2143 2760; x_wconf 88' lang='lat' dir='ltr'><strong>insultat</strong></span> <span class='ocrx_word' id='word_1_574' title='bbox 2173 2706 2447 2774; x_wconf 89' lang='lat' dir='ltr'><strong>pereunti,</strong></span> <span class='ocrx_word' id='word_1_575' title='bbox 2499 2720 2610 2760; x_wconf 91' lang='lat' dir='ltr'><strong>non</strong></span> <span class='ocrx_word' id='word_1_576' title='bbox 2657 2705 2766 2760; x_wconf 87' lang='lat' dir='ltr'><strong>erit</strong></span> <span class='ocrx_word' id='word_1_577' title='bbox 2807 2705 3072 2759; x_wconf 88' lang='lat' dir='ltr'><strong>innocens</strong></span> <span class='ocrx_word' id='word_1_578' title='bbox 3103 2705 3166 2758; x_wconf 84' lang='lat'><strong>&quot;.</strong></span> <span class='ocrx_word' id='word_1_579' title='bbox 3195 2720 3215 2754; x_wconf 81' lang='grc' dir='ltr'><strong>ι</strong></span> <span class='ocrx_word' id='word_1_580' title='bbox 3255 2703 3322 2756; x_wconf 84' lang='grc' dir='ltr'><strong>Ει</strong></span> <span class='ocrx_word' id='word_1_581' title='bbox 3384 2702 3496 2756; x_wconf 80' lang='lat' dir='ltr'><strong>ite-</strong></span> 
     </span>
    </p>
   </div>
   <div class='ocr_carea' id='block_1_74' title="bbox 1921 2793 3498 2867">
    <p class='ocr_par' dir='ltr' id='par_1_74' title="bbox 1921 2793 3498 2867">
     <span class='ocr_line' id='line_1_76' title="bbox 1921 2793 3498 2867; baseline -0.002 -18"><span class='ocrx_word' id='word_1_582' title='bbox 1921 2812 2082 2851; x_wconf 88' lang='lat' dir='ltr'><strong>rum:</strong></span> <span class='ocrx_word' id='word_1_583' title='bbox 2125 2815 2144 2848; x_wconf 82' lang='grc' dir='ltr'>ι</span> <span class='ocrx_word' id='word_1_584' title='bbox 2179 2797 2269 2852; x_wconf 74' lang='lat' dir='ltr'><strong>Va:</strong></span> <span class='ocrx_word' id='word_1_585' title='bbox 2301 2797 2460 2852; x_wconf 90' lang='lat' dir='ltr'><strong>vobis</strong></span> <span class='ocrx_word' id='word_1_586' title='bbox 2479 2797 2572 2867; x_wconf 88' lang='lat' dir='ltr'><strong>qui</strong></span> <span class='ocrx_word' id='word_1_587' title='bbox 2605 2796 2864 2852; x_wconf 68' lang='lat' dir='ltr'><strong>laatamini</strong></span> <span class='ocrx_word' id='word_1_588' title='bbox 2891 2810 3055 2866; x_wconf 91' lang='lat' dir='ltr'><strong>super</strong></span> <span class='ocrx_word' id='word_1_589' title='bbox 3077 2793 3255 2856; x_wconf 88' lang='lat' dir='ltr'><strong>malis,</strong></span> <span class='ocrx_word' id='word_1_590' title='bbox 3279 2802 3337 2848; x_wconf 87' lang='lat' dir='ltr'><strong>et</strong></span> <span class='ocrx_word' id='word_1_591' title='bbox 3365 2809 3498 2862; x_wconf 84' lang='lat' dir='ltr'><strong>gau-</strong></span> 
     </span>
    </p>
   </div>
   <div class='ocr_carea' id='block_1_75' title="bbox 1921 2887 3496 2959">
    <p class='ocr_par' dir='ltr' id='par_1_75' title="bbox 1921 2887 3496 2959">
     <span class='ocr_line' id='line_1_77' title="bbox 1921 2887 3496 2959; baseline -0.003 -15"><span class='ocrx_word' id='word_1_592' title='bbox 1921 2889 2062 2944; x_wconf 88' lang='lat' dir='ltr'><strong>detis</strong></span> <span class='ocrx_word' id='word_1_593' title='bbox 2085 2905 2250 2959; x_wconf 90' lang='lat' dir='ltr'><strong>super</strong></span> <span class='ocrx_word' id='word_1_594' title='bbox 2275 2889 2542 2958; x_wconf 88' lang='lat' dir='ltr'><strong>pravitate</strong></span> <span class='ocrx_word' id='word_1_595' title='bbox 2558 2889 2700 2943; x_wconf 89' lang='lat' dir='ltr'><strong>mala</strong></span> <span class='ocrx_word' id='word_1_596' title='bbox 2717 2891 2782 2942; x_wconf 82' lang='grc'><strong>⁶³.</strong></span> <span class='ocrx_word' id='word_1_597' title='bbox 2800 2909 2816 2938; x_wconf 76' lang='grc' dir='ltr'><strong>ι</strong></span> <span class='ocrx_word' id='word_1_598' title='bbox 2833 2889 2938 2943; x_wconf 81' lang='lat' dir='ltr'><strong>Et:</strong></span> <span class='ocrx_word' id='word_1_599' title='bbox 2971 2906 2989 2936; x_wconf 76' lang='grc' dir='ltr'><strong>ι</strong></span> <span class='ocrx_word' id='word_1_600' title='bbox 3018 2887 3239 2956; x_wconf 88' lang='lat' dir='ltr'><strong>Laqueo</strong></span> <span class='ocrx_word' id='word_1_601' title='bbox 3267 2888 3496 2954; x_wconf 87' lang='lat' dir='ltr'><strong>capien-</strong></span> 
     </span>
    </p>
   </div>
   <div class='ocr_carea' id='block_1_76' title="bbox 1921 2976 3496 3049">
    <p class='ocr_par' dir='ltr' id='par_1_76' title="bbox 1921 2976 3496 3049">
     <span class='ocr_line' id='line_1_78' title="bbox 1921 2976 3496 3049; baseline 0 -16"><span class='ocrx_word' id='word_1_602' title='bbox 1921 2989 2034 3043; x_wconf 88' lang='lat' dir='ltr'><strong>tur,</strong></span> <span class='ocrx_word' id='word_1_603' title='bbox 2065 2979 2157 3048; x_wconf 92' lang='lat' dir='ltr'><strong>qui</strong></span> <span class='ocrx_word' id='word_1_604' title='bbox 2185 2979 2438 3033; x_wconf 71' lang='lat' dir='ltr'><strong>laetantur</strong></span> <span class='ocrx_word' id='word_1_605' title='bbox 2461 2995 2628 3049; x_wconf 89' lang='lat' dir='ltr'><strong>super</strong></span> <span class='ocrx_word' id='word_1_606' title='bbox 2646 2979 2803 3033; x_wconf 88' lang='lat' dir='ltr'><strong>ruina</strong></span> <span class='ocrx_word' id='word_1_607' title='bbox 2829 2980 3072 3049; x_wconf 89' lang='lat' dir='ltr'><strong>piorum,</strong></span> <span class='ocrx_word' id='word_1_608' title='bbox 3097 2993 3152 3037; x_wconf 86' lang='lat' dir='ltr'><strong>et</strong></span> <span class='ocrx_word' id='word_1_609' title='bbox 3172 2976 3330 3030; x_wconf 85' lang='lat' dir='ltr'><strong>dolor</strong></span> <span class='ocrx_word' id='word_1_610' title='bbox 3349 2996 3496 3033; x_wconf 63' lang='lat' dir='ltr'><strong>mer-</strong></span> 
     </span>
    </p>
   </div>
   <div class='ocr_carea' id='block_1_77' title="bbox 1924 3071 3488 3141">
    <p class='ocr_par' dir='ltr' id='par_1_77' title="bbox 1924 3071 3488 3141">
     <span class='ocr_line' id='line_1_79' title="bbox 1924 3071 3488 3141; baseline 0.004 -15"><span class='ocrx_word' id='word_1_611' title='bbox 1924 3071 2075 3126; x_wconf 88' lang='lat' dir='ltr'><strong>cedis</strong></span> <span class='ocrx_word' id='word_1_612' title='bbox 2106 3072 2226 3125; x_wconf 91' lang='lat' dir='ltr'><strong>loco</strong></span> <span class='ocrx_word' id='word_1_613' title='bbox 2257 3071 2634 3141; x_wconf 88' lang='lat' dir='ltr'><strong>apprehendet</strong></span> <span class='ocrx_word' id='word_1_614' title='bbox 2661 3087 2758 3125; x_wconf 90' lang='lat' dir='ltr'><strong>eos</strong></span> <span class='ocrx_word' id='word_1_615' title='bbox 2794 3081 2920 3127; x_wconf 88' lang='lat' dir='ltr'><strong>ante</strong></span> <span class='ocrx_word' id='word_1_616' title='bbox 2946 3081 3178 3128; x_wconf 87' lang='lat' dir='ltr'><strong>mortem</strong></span> <span class='ocrx_word' id='word_1_617' title='bbox 3210 3075 3278 3130; x_wconf 77' lang='lat'><strong>“-</strong></span> <span class='ocrx_word' id='word_1_618' title='bbox 3317 3096 3334 3126; x_wconf 81' lang='grc' dir='ltr'><strong>ι</strong></span> <span class='ocrx_word' id='word_1_619' title='bbox 3373 3077 3441 3132; x_wconf 86' lang='lat' dir='ltr'><strong>Et</strong></span> <span class='ocrx_word' id='word_1_620' title='bbox 3476 3096 3488 3131; x_wconf 93' lang='lat'>:</span> 
     </span>
    </p>
   </div>
   <div class='ocr_carea' id='block_1_78' title="bbox 1932 3162 3493 3232">
    <p class='ocr_par' dir='ltr' id='par_1_78' title="bbox 1932 3162 3493 3232">
     <span class='ocr_line' id='line_1_80' title="bbox 1932 3162 3493 3232; baseline 0.005 -20"><span class='ocrx_word' id='word_1_621' title='bbox 1932 3181 1950 3212; x_wconf 77' lang='grc' dir='ltr'><strong>ι</strong></span> <span class='ocrx_word' id='word_1_622' title='bbox 1977 3163 2276 3216; x_wconf 82' lang='lat' dir='ltr'><strong>Memorare</strong></span> <span class='ocrx_word' id='word_1_623' title='bbox 2291 3162 2410 3216; x_wconf 87' lang='lat' dir='ltr'><strong>dies</strong></span> <span class='ocrx_word' id='word_1_624' title='bbox 2425 3163 2798 3226; x_wconf 84' lang='lat' dir='ltr'><strong>tenebrarum,</strong></span> <span class='ocrx_word' id='word_1_625' title='bbox 2826 3163 2955 3232; x_wconf 90' lang='lat' dir='ltr'><strong>quia</strong></span> <span class='ocrx_word' id='word_1_626' title='bbox 2998 3167 3154 3220; x_wconf 86' lang='lat' dir='ltr'><strong>multi</strong></span> <span class='ocrx_word' id='word_1_627' title='bbox 3182 3177 3352 3222; x_wconf 88' lang='lat' dir='ltr'><strong>erunt</strong></span> <span class='ocrx_word' id='word_1_628' title='bbox 3381 3169 3446 3224; x_wconf 79' lang='lat'><strong>°&#39;.</strong></span> <span class='ocrx_word' id='word_1_629' title='bbox 3472 3190 3493 3220; x_wconf 74' lang='grc' dir='ltr'><strong>ο</strong></span> 
     </span>
    </p>
   </div>
   <div class='ocr_carea' id='block_1_79' title="bbox 1922 3348 3500 3418">
    <p class='ocr_par' dir='ltr' id='par_1_79' title="bbox 1922 3348 3500 3418">
     <span class='ocr_line' id='line_1_81' title="bbox 1922 3348 3500 3418; baseline 0.005 -15"><span class='ocrx_word' id='word_1_630' title='bbox 1922 3365 2088 3418; x_wconf 89' lang='lat' dir='ltr'><strong>super</strong></span> <span class='ocrx_word' id='word_1_631' title='bbox 2142 3349 2301 3402; x_wconf 91' lang='lat' dir='ltr'><strong>ruina</strong></span> <span class='ocrx_word' id='word_1_632' title='bbox 2362 3348 2713 3402; x_wconf 86' lang='lat' dir='ltr'><strong>inimicorum</strong></span> <span class='ocrx_word' id='word_1_633' title='bbox 2759 3364 3028 3415; x_wconf 90' lang='lat' dir='ltr'><strong>meorum,</strong></span> <span class='ocrx_word' id='word_1_634' title='bbox 3098 3361 3156 3406; x_wconf 91' lang='lat' dir='ltr'><strong>et</strong></span> <span class='ocrx_word' id='word_1_635' title='bbox 3207 3352 3346 3408; x_wconf 84' lang='lat' dir='ltr'><strong>dixit</strong></span> <span class='ocrx_word' id='word_1_636' title='bbox 3401 3372 3500 3411; x_wconf 87' lang='lat' dir='ltr'><strong>cor</strong></span> 
     </span>
    </p>
   </div>
   <div class='ocr_carea' id='block_1_80' title="bbox 1924 3439 3497 3515">
    <p class='ocr_par' dir='ltr' id='par_1_80' title="bbox 1924 3439 3497 3515">
     <span class='ocr_line' id='line_1_82' title="bbox 1924 3439 3497 3515; baseline 0.006 -22"><span class='ocrx_word' id='word_1_637' title='bbox 1924 3455 2128 3504; x_wconf 89' lang='lat' dir='ltr'><strong>meum,</strong></span> <span class='ocrx_word' id='word_1_638' title='bbox 2159 3439 2310 3509; x_wconf 89' lang='lat' dir='ltr'><strong>Euge</strong></span> <span class='ocrx_word' id='word_1_639' title='bbox 2326 3439 2392 3493; x_wconf 82' lang='lat'><strong>“.</strong></span> <span class='ocrx_word' id='word_1_640' title='bbox 2417 3459 2434 3490; x_wconf 81' lang='grc' dir='ltr'><strong>ι</strong></span> <span class='ocrx_word' id='word_1_641' title='bbox 2474 3439 2674 3494; x_wconf 89' lang='lat' dir='ltr'><strong>Beatus</strong></span> <span class='ocrx_word' id='word_1_642' title='bbox 2709 3440 2836 3494; x_wconf 89' lang='lat' dir='ltr'><strong>item</strong></span> <span class='ocrx_word' id='word_1_643' title='bbox 2867 3442 3070 3498; x_wconf 88' lang='lat' dir='ltr'><strong>Paulus</strong></span> <span class='ocrx_word' id='word_1_644' title='bbox 3093 3459 3188 3513; x_wconf 87' lang='lat' dir='ltr'><strong>per</strong></span> <span class='ocrx_word' id='word_1_645' title='bbox 3210 3446 3497 3515; x_wconf 83' lang='lat' dir='ltr'><strong>epistolam</strong></span> 
     </span>
    </p>
   </div>
   <div class='ocr_carea' id='block_1_81' title="bbox 1923 3527 3496 3604">
    <p class='ocr_par' dir='ltr' id='par_1_81' title="bbox 1923 3527 3496 3604">
     <span class='ocr_line' id='line_1_83' title="bbox 1923 3527 3496 3604; baseline 0.006 -21"><span class='ocrx_word' id='word_1_646' title='bbox 1923 3529 2117 3584; x_wconf 87' lang='lat' dir='ltr'><strong>scribit</strong></span> <span class='ocrx_word' id='word_1_647' title='bbox 2147 3527 2408 3582; x_wconf 83' lang='lat' dir='ltr'><strong>Romanis</strong></span> <span class='ocrx_word' id='word_1_648' title='bbox 2439 3547 2452 3580; x_wconf 92' lang='lat'><strong>:</strong></span> <span class='ocrx_word' id='word_1_649' title='bbox 2485 3549 2502 3579; x_wconf 75' lang='grc' dir='ltr'><strong>ι</strong></span> <span class='ocrx_word' id='word_1_650' title='bbox 2527 3527 2682 3595; x_wconf 88' lang='lat' dir='ltr'><strong>Quod</strong></span> <span class='ocrx_word' id='word_1_651' title='bbox 2701 3529 2746 3583; x_wconf 87' lang='lat' dir='ltr'><strong>si</strong></span> <span class='ocrx_word' id='word_1_652' title='bbox 2773 3531 2867 3599; x_wconf 92' lang='lat' dir='ltr'><strong>qui</strong></span> <span class='ocrx_word' id='word_1_653' title='bbox 2886 3546 2950 3585; x_wconf 87' lang='lat' dir='ltr'><strong>ex</strong></span> <span class='ocrx_word' id='word_1_654' title='bbox 2977 3533 3145 3588; x_wconf 89' lang='lat' dir='ltr'><strong>ramis</strong></span> <span class='ocrx_word' id='word_1_655' title='bbox 3167 3533 3324 3590; x_wconf 83' lang='lat' dir='ltr'><strong>fracti</strong></span> <span class='ocrx_word' id='word_1_656' title='bbox 3346 3550 3496 3604; x_wconf 82' lang='lat' dir='ltr'><strong>sunt,</strong></span> 
     </span>
    </p>
   </div>
   <div class='ocr_carea' id='block_1_82' title="bbox 1927 3621 3498 3697">
    <p class='ocr_par' dir='ltr' id='par_1_82' title="bbox 1927 3621 3498 3697">
     <span class='ocr_line' id='line_1_84' title="bbox 1927 3621 3498 3697; baseline 0.006 -22"><span class='ocrx_word' id='word_1_657' title='bbox 1927 3631 1984 3675; x_wconf 92' lang='lat' dir='ltr'><strong>tu</strong></span> <span class='ocrx_word' id='word_1_658' title='bbox 2023 3631 2207 3676; x_wconf 88' lang='lat' dir='ltr'><strong>autem</strong></span> <span class='ocrx_word' id='word_1_659' title='bbox 2235 3637 2359 3676; x_wconf 90' lang='lat' dir='ltr'><strong>cum</strong></span> <span class='ocrx_word' id='word_1_660' title='bbox 2393 3621 2631 3676; x_wconf 90' lang='lat' dir='ltr'><strong>oleaster</strong></span> <span class='ocrx_word' id='word_1_661' title='bbox 2680 3637 2851 3688; x_wconf 86' lang='lat' dir='ltr'><strong>esses,</strong></span> <span class='ocrx_word' id='word_1_662' title='bbox 2898 3624 3141 3682; x_wconf 88' lang='lat' dir='ltr'><strong>insertus</strong></span> <span class='ocrx_word' id='word_1_663' title='bbox 3174 3644 3235 3683; x_wconf 88' lang='lat' dir='ltr'><strong>es</strong></span> <span class='ocrx_word' id='word_1_664' title='bbox 3272 3629 3326 3684; x_wconf 92' lang='lat' dir='ltr'><strong>in</strong></span> <span class='ocrx_word' id='word_1_665' title='bbox 3370 3632 3498 3697; x_wconf 79' lang='lat' dir='ltr'><strong>illis,</strong></span> 
     </span>
    </p>
   </div>
   <div class='ocr_carea' id='block_1_83' title="bbox 1923 3714 3497 3786">
    <p class='ocr_par' dir='ltr' id='par_1_83' title="bbox 1923 3714 3497 3786">
     <span class='ocr_line' id='line_1_85' title="bbox 1923 3714 3497 3786; baseline 0.006 -16"><span class='ocrx_word' id='word_1_666' title='bbox 1923 3725 1980 3770; x_wconf 92' lang='lat' dir='ltr'><strong>et</strong></span> <span class='ocrx_word' id='word_1_667' title='bbox 2001 3715 2182 3769; x_wconf 89' lang='lat' dir='ltr'><strong>socius</strong></span> <span class='ocrx_word' id='word_1_668' title='bbox 2206 3714 2408 3768; x_wconf 87' lang='lat' dir='ltr'><strong>radicis</strong></span> <span class='ocrx_word' id='word_1_669' title='bbox 2430 3723 2484 3768; x_wconf 88' lang='lat' dir='ltr'><strong>et</strong></span> <span class='ocrx_word' id='word_1_670' title='bbox 2501 3714 2854 3784; x_wconf 84' lang='lat' dir='ltr'><strong>pinguedinis</strong></span> <span class='ocrx_word' id='word_1_671' title='bbox 2883 3716 3041 3773; x_wconf 69' lang='lat' dir='ltr'><strong>olivae</strong></span> <span class='ocrx_word' id='word_1_672' title='bbox 3083 3719 3260 3776; x_wconf 88' lang='lat' dir='ltr'><strong>factus</strong></span> <span class='ocrx_word' id='word_1_673' title='bbox 3283 3737 3366 3786; x_wconf 90' lang='lat' dir='ltr'><strong>es,</strong></span> <span class='ocrx_word' id='word_1_674' title='bbox 3386 3727 3497 3778; x_wconf 78' lang='lat' dir='ltr'><strong>nuli</strong></span> 
     </span>
    </p>
   </div>
   <div class='ocr_carea' id='block_1_84' title="bbox 1925 3805 3497 3880">
    <p class='ocr_par' dir='ltr' id='par_1_84' title="bbox 1925 3805 3497 3880">
     <span class='ocr_line' id='line_1_86' title="bbox 1925 3805 3497 3880; baseline 0.007 -20"><span class='ocrx_word' id='word_1_675' title='bbox 1925 3805 2148 3877; x_wconf 88' lang='lat' dir='ltr'><strong>gloriari</strong></span> <span class='ocrx_word' id='word_1_676' title='bbox 2183 3807 2448 3862; x_wconf 88' lang='lat' dir='ltr'><strong>adversus</strong></span> <span class='ocrx_word' id='word_1_677' title='bbox 2489 3822 2671 3862; x_wconf 86' lang='lat' dir='ltr'><strong>ramos</strong></span> <span class='ocrx_word' id='word_1_678' title='bbox 2709 3808 2891 3877; x_wconf 87' lang='lat' dir='ltr'><strong>:quod</strong></span> <span class='ocrx_word' id='word_1_679' title='bbox 2924 3809 2968 3863; x_wconf 91' lang='lat' dir='ltr'><strong>si</strong></span> <span class='ocrx_word' id='word_1_680' title='bbox 2992 3811 3264 3880; x_wconf 88' lang='lat' dir='ltr'><strong>gloriaris,</strong></span> <span class='ocrx_word' id='word_1_681' title='bbox 3297 3830 3404 3869; x_wconf 91' lang='lat' dir='ltr'><strong>non</strong></span> <span class='ocrx_word' id='word_1_682' title='bbox 3441 3827 3497 3871; x_wconf 91' lang='lat' dir='ltr'><strong>tu</strong></span> 
     </span>
    </p>
   </div>
   <div class='ocr_carea' id='block_1_85' title="bbox 1926 3897 3498 3972">
    <p class='ocr_par' dir='ltr' id='par_1_85' title="bbox 1926 3897 3498 3972">
     <span class='ocr_line' id='line_1_87' title="bbox 1926 3897 3498 3972; baseline 0.007 -21"><span class='ocrx_word' id='word_1_683' title='bbox 1926 3897 2168 3953; x_wconf 88' lang='lat' dir='ltr'><strong>radicem</strong></span> <span class='ocrx_word' id='word_1_684' title='bbox 2213 3906 2421 3967; x_wconf 90' lang='lat' dir='ltr'><strong>portas,</strong></span> <span class='ocrx_word' id='word_1_685' title='bbox 2456 3898 2552 3952; x_wconf 90' lang='lat' dir='ltr'><strong>sed</strong></span> <span class='ocrx_word' id='word_1_686' title='bbox 2601 3899 2754 3952; x_wconf 80' lang='lat' dir='ltr'><strong>radix</strong></span> <span class='ocrx_word' id='word_1_687' title='bbox 2806 3909 2878 3954; x_wconf 90' lang='lat' dir='ltr'><strong>te.</strong></span> <span class='ocrx_word' id='word_1_688' title='bbox 2915 3901 3063 3956; x_wconf 90' lang='lat' dir='ltr'><strong>Dicis</strong></span> <span class='ocrx_word' id='word_1_689' title='bbox 3107 3918 3281 3972; x_wconf 84' lang='lat' dir='ltr'><strong>ergo:</strong></span> <span class='ocrx_word' id='word_1_690' title='bbox 3321 3905 3498 3962; x_wconf 80' lang='lat' dir='ltr'><strong>Fracti</strong></span> 
     </span>
    </p>
   </div>
   <div class='ocr_carea' id='block_1_86' title="bbox 1928 3988 3501 4062">
    <p class='ocr_par' dir='ltr' id='par_1_86' title="bbox 1928 3988 3501 4062">
     <span class='ocr_line' id='line_1_88' title="bbox 1928 3988 3501 4062; baseline 0.006 -20"><span class='ocrx_word' id='word_1_691' title='bbox 1928 3996 2058 4042; x_wconf 89' lang='lat' dir='ltr'><strong>sunt</strong></span> <span class='ocrx_word' id='word_1_692' title='bbox 2081 3988 2212 4042; x_wconf 88' lang='lat' dir='ltr'><strong>rami</strong></span> <span class='ocrx_word' id='word_1_693' title='bbox 2253 3997 2314 4042; x_wconf 92' lang='lat' dir='ltr'><strong>ut</strong></span> <span class='ocrx_word' id='word_1_694' title='bbox 2340 4003 2442 4058; x_wconf 87' lang='lat' dir='ltr'><strong>ego</strong></span> <span class='ocrx_word' id='word_1_695' title='bbox 2465 3988 2696 4044; x_wconf 90' lang='lat' dir='ltr'><strong>inserar.</strong></span> <span class='ocrx_word' id='word_1_696' title='bbox 2729 3990 2875 4045; x_wconf 89' lang='lat' dir='ltr'><strong>Bene</strong></span> <span class='ocrx_word' id='word_1_697' title='bbox 2903 4010 2914 4044; x_wconf 95' lang='lat'>:</span> <span class='ocrx_word' id='word_1_698' title='bbox 2945 4001 3169 4062; x_wconf 75' lang='lat' dir='ltr'><strong>propter</strong></span> <span class='ocrx_word' id='word_1_699' title='bbox 3199 3995 3501 4052; x_wconf 84' lang='lat' dir='ltr'><strong>increduli-</strong></span> 
     </span>
    </p>
   </div>
   <div class='ocr_carea' id='block_1_87' title="bbox 1928 4079 3498 4151">
    <p class='ocr_par' dir='ltr' id='par_1_87' title="bbox 1928 4079 3498 4151">
     <span class='ocr_line' id='line_1_89' title="bbox 1928 4079 3498 4151; baseline 0.004 -16"><span class='ocrx_word' id='word_1_700' title='bbox 1928 4087 2095 4136; x_wconf 88' lang='lat' dir='ltr'><strong>tatem</strong></span> <span class='ocrx_word' id='word_1_701' title='bbox 2146 4079 2305 4134; x_wconf 83' lang='lat' dir='ltr'><strong>fracti</strong></span> <span class='ocrx_word' id='word_1_702' title='bbox 2351 4087 2594 4134; x_wconf 81' lang='lat' dir='ltr'><strong>suntztu</strong></span> <span class='ocrx_word' id='word_1_703' title='bbox 2634 4087 2819 4135; x_wconf 88' lang='lat' dir='ltr'><strong>autem</strong></span> <span class='ocrx_word' id='word_1_704' title='bbox 2856 4081 2962 4137; x_wconf 83' lang='lat' dir='ltr'><strong>[ide</strong></span> <span class='ocrx_word' id='word_1_705' title='bbox 3011 4093 3160 4151; x_wconf 85' lang='lat' dir='ltr'><strong>stas;</strong></span> <span class='ocrx_word' id='word_1_706' title='bbox 3189 4087 3299 4140; x_wconf 89' lang='lat' dir='ltr'><strong>noli</strong></span> <span class='ocrx_word' id='word_1_707' title='bbox 3331 4089 3498 4142; x_wconf 90' lang='lat' dir='ltr'><strong>altum</strong></span> 
     </span>
    </p>
   </div>
   <div class='ocr_carea' id='block_1_88' title="bbox 1928 4169 3502 4240">
    <p class='ocr_par' dir='ltr' id='par_1_88' title="bbox 1928 4169 3502 4240">
     <span class='ocr_line' id='line_1_90' title="bbox 1928 4169 3502 4240; baseline 0.006 -16"><span class='ocrx_word' id='word_1_708' title='bbox 1928 4185 2143 4240; x_wconf 88' lang='lat' dir='ltr'><strong>sapere,</strong></span> <span class='ocrx_word' id='word_1_709' title='bbox 2170 4169 2264 4223; x_wconf 92' lang='lat' dir='ltr'><strong>sed</strong></span> <span class='ocrx_word' id='word_1_710' title='bbox 2292 4169 2442 4224; x_wconf 91' lang='lat' dir='ltr'><strong>time.</strong></span> <span class='ocrx_word' id='word_1_711' title='bbox 2476 4170 2531 4225; x_wconf 92' lang='lat' dir='ltr'><strong>Si</strong></span> <span class='ocrx_word' id='word_1_712' title='bbox 2567 4170 2717 4224; x_wconf 92' lang='lat' dir='ltr'><strong>enim</strong></span> <span class='ocrx_word' id='word_1_713' title='bbox 2756 4172 2902 4226; x_wconf 91' lang='lat' dir='ltr'><strong>Deus</strong></span> <span class='ocrx_word' id='word_1_714' title='bbox 2946 4176 3290 4232; x_wconf 86' lang='lat' dir='ltr'><strong>naturalibus</strong></span> <span class='ocrx_word' id='word_1_715' title='bbox 3335 4180 3502 4233; x_wconf 78' lang='lat' dir='ltr'><strong>ramis</strong></span> 
     </span>
    </p>
   </div>
   <div class='ocr_carea' id='block_1_89' title="bbox 1928 4260 3496 4333">
    <p class='ocr_par' dir='ltr' id='par_1_89' title="bbox 1928 4260 3496 4333">
     <span class='ocr_line' id='line_1_91' title="bbox 1928 4260 3496 4333; baseline 0.005 -19"><span class='ocrx_word' id='word_1_716' title='bbox 1928 4275 2039 4314; x_wconf 93' lang='lat' dir='ltr'><strong>non</strong></span> <span class='ocrx_word' id='word_1_717' title='bbox 2074 4260 2344 4332; x_wconf 86' lang='lat' dir='ltr'><strong>pepercit,</strong></span> <span class='ocrx_word' id='word_1_718' title='bbox 2377 4277 2448 4314; x_wconf 91' lang='lat' dir='ltr'><strong>ne</strong></span> <span class='ocrx_word' id='word_1_719' title='bbox 2477 4261 2618 4315; x_wconf 90' lang='lat' dir='ltr'><strong>forte</strong></span> <span class='ocrx_word' id='word_1_720' title='bbox 2646 4277 2749 4316; x_wconf 92' lang='lat' dir='ltr'><strong>nec</strong></span> <span class='ocrx_word' id='word_1_721' title='bbox 2783 4262 2880 4316; x_wconf 90' lang='lat' dir='ltr'><strong>tibi</strong></span> <span class='ocrx_word' id='word_1_722' title='bbox 2916 4275 3104 4333; x_wconf 74' lang='lat' dir='ltr'><strong>parcat</strong></span> <span class='ocrx_word' id='word_1_723' title='bbox 3131 4267 3196 4320; x_wconf 81' lang='grc'><strong>⁸⁷.</strong></span> <span class='ocrx_word' id='word_1_724' title='bbox 3226 4286 3243 4316; x_wconf 75' lang='grc' dir='ltr'><strong>ι</strong></span> <span class='ocrx_word' id='word_1_725' title='bbox 3289 4268 3496 4322; x_wconf 82' lang='lat' dir='ltr'><strong>Infert:</strong></span> 
     </span>
    </p>
   </div>
   <div class='ocr_carea' id='block_1_90' title="bbox 1938 4352 3502 4430">
    <p class='ocr_par' dir='ltr' id='par_1_90' title="bbox 1938 4352 3502 4430">
     <span class='ocr_line' id='line_1_92' title="bbox 1938 4352 3502 4430; baseline 0.008 -27"><span class='ocrx_word' id='word_1_726' title='bbox 1938 4371 1956 4403; x_wconf 78' lang='grc' dir='ltr'><strong>ι</strong></span> <span class='ocrx_word' id='word_1_727' title='bbox 1993 4352 2246 4408; x_wconf 87' lang='lat' dir='ltr'><strong>Charitas</strong></span> <span class='ocrx_word' id='word_1_728' title='bbox 2277 4367 2387 4406; x_wconf 92' lang='lat' dir='ltr'><strong>non</strong></span> <span class='ocrx_word' id='word_1_729' title='bbox 2415 4352 2614 4422; x_wconf 86' lang='lat' dir='ltr'><strong>gaudet</strong></span> <span class='ocrx_word' id='word_1_730' title='bbox 2645 4368 2813 4422; x_wconf 89' lang='lat' dir='ltr'><strong>super</strong></span> <span class='ocrx_word' id='word_1_731' title='bbox 2842 4353 3154 4424; x_wconf 86' lang='lat' dir='ltr'><strong>iniquitate,</strong></span> <span class='ocrx_word' id='word_1_732' title='bbox 3195 4361 3502 4430; x_wconf 84' lang='lat' dir='ltr'><strong>congaudet</strong></span> 
     </span>
    </p>
   </div>
   <div class='ocr_carea' id='block_1_91' title="bbox 1930 4443 3498 4515">
    <p class='ocr_par' dir='ltr' id='par_1_91' title="bbox 1930 4443 3498 4515">
     <span class='ocr_line' id='line_1_93' title="bbox 1930 4443 3498 4515; baseline 0.004 -17"><span class='ocrx_word' id='word_1_733' title='bbox 1930 4453 2115 4498; x_wconf 90' lang='lat' dir='ltr'><strong>autem</strong></span> <span class='ocrx_word' id='word_1_734' title='bbox 2152 4443 2372 4498; x_wconf 86' lang='lat' dir='ltr'><strong>veritati</strong></span> <span class='ocrx_word' id='word_1_735' title='bbox 2410 4445 2474 4497; x_wconf 75' lang='grc'><strong>⁵⁸.</strong></span> <span class='ocrx_word' id='word_1_736' title='bbox 2520 4462 2540 4494; x_wconf 76' lang='grc' dir='ltr'><strong>ι</strong></span> <span class='ocrx_word' id='word_1_737' title='bbox 2582 4443 2660 4498; x_wconf 87' lang='lat' dir='ltr'><strong>Ne</strong></span> <span class='ocrx_word' id='word_1_738' title='bbox 2708 4445 2896 4515; x_wconf 89' lang='lat' dir='ltr'><strong>igitur,</strong></span> <span class='ocrx_word' id='word_1_739' title='bbox 2937 4447 3300 4513; x_wconf 86' lang='lat' dir='ltr'><strong>dilectissimi,</strong></span> <span class='ocrx_word' id='word_1_740' title='bbox 3353 4468 3498 4506; x_wconf 83' lang='lat' dir='ltr'><strong>com-</strong></span> 
     </span>
    </p>
   </div>
   <div class='ocr_carea' id='block_1_92' title="bbox 245 4528 1821 4611">
    <p class='ocr_par' dir='ltr' id='par_1_92' title="bbox 245 4528 1821 4597">
     <span class='ocr_line' id='line_1_94' title="bbox 245 4528 1821 4597; baseline -0.004 -10"><span class='ocrx_word' id='word_1_741' title='bbox 245 4533 506 4597; x_wconf 72' lang='grc' dir='ltr'>διὼξατε,</span> <span class='ocrx_word' id='word_1_742' title='bbox 548 4531 643 4584; x_wconf 73' lang='grc' dir='ltr'>καὶ</span> <span class='ocrx_word' id='word_1_743' title='bbox 694 4528 1035 4582; x_wconf 81' lang='grc' dir='ltr'>καταλάϐετε</span> <span class='ocrx_word' id='word_1_744' title='bbox 1089 4529 1272 4594; x_wconf 80' lang='grc' dir='ltr'>αὑτὸν,</span> <span class='ocrx_word' id='word_1_745' title='bbox 1330 4528 1412 4580; x_wconf 81' lang='grc' dir='ltr'><strong>ὅτι</strong></span> <span class='ocrx_word' id='word_1_746' title='bbox 1473 4529 1572 4580; x_wconf 75' lang='grc' dir='ltr'>οὐκ</span> <span class='ocrx_word' id='word_1_747' title='bbox 1618 4528 1821 4581; x_wconf 75' lang='grc' dir='ltr'>ἕστινό</span> 
     </span>
    </p>
   </div>
   <div class='ocr_carea' id='block_1_93' title="bbox 1923 4528 3500 4611">
    <p class='ocr_par' dir='ltr' id='par_1_93' title="bbox 1935 4538 3500 4611">
     <span class='ocr_line' id='line_1_95' title="bbox 1935 4538 3500 4611; baseline 0.006 -20"><span class='ocrx_word' id='word_1_748' title='bbox 1935 4538 2238 4602; x_wconf 89' lang='lat' dir='ltr'><strong>mittamus,</strong></span> <span class='ocrx_word' id='word_1_749' title='bbox 2267 4544 2327 4590; x_wconf 86' lang='lat' dir='ltr'><strong>ut</strong></span> <span class='ocrx_word' id='word_1_750' title='bbox 2371 4547 2699 4607; x_wconf 82' lang='lat' dir='ltr'><strong>suggerente</strong></span> <span class='ocrx_word' id='word_1_751' title='bbox 2749 4539 2972 4595; x_wconf 88' lang='lat' dir='ltr'><strong>inimico</strong></span> <span class='ocrx_word' id='word_1_752' title='bbox 3022 4541 3128 4596; x_wconf 90' lang='lat' dir='ltr'><strong>hoc</strong></span> <span class='ocrx_word' id='word_1_753' title='bbox 3162 4554 3373 4611; x_wconf 90' lang='lat' dir='ltr'><strong>nostro,</strong></span> <span class='ocrx_word' id='word_1_754' title='bbox 3397 4548 3500 4601; x_wconf 87' lang='lat' dir='ltr'><strong>ali-</strong></span> 
     </span>
    </p>
   </div>
   <div class='ocr_carea' id='block_1_94' title="bbox 249 4619 1830 4696">
    <p class='ocr_par' dir='ltr' id='par_1_94' title="bbox 249 4619 1830 4696">
     <span class='ocr_line' id='line_1_96' title="bbox 249 4619 1830 4696; baseline -0.002 -20"><span class='ocrx_word' id='word_1_755' title='bbox 249 4624 559 4696; x_wconf 74' lang='grc' dir='ltr'><strong>ῥυόμενος⁸</strong></span> <span class='ocrx_word' id='word_1_756' title='bbox 587 4620 724 4674; x_wconf 83' lang='grc' dir='ltr'>ἀλλὰ</span> <span class='ocrx_word' id='word_1_757' title='bbox 751 4622 839 4687; x_wconf 78' lang='grc' dir='ltr'>σὺ,</span> <span class='ocrx_word' id='word_1_758' title='bbox 887 4622 915 4673; x_wconf 93' lang='lat'><strong>6</strong></span> <span class='ocrx_word' id='word_1_759' title='bbox 952 4619 1083 4680; x_wconf 77' lang='grc' dir='ltr'>Θεός</span> <span class='ocrx_word' id='word_1_760' title='bbox 1113 4637 1238 4688; x_wconf 83' lang='grc' dir='ltr'>μου,</span> <span class='ocrx_word' id='word_1_761' title='bbox 1289 4620 1362 4689; x_wconf 82' lang='grc' dir='ltr'>μὴ</span> <span class='ocrx_word' id='word_1_762' title='bbox 1406 4620 1693 4691; x_wconf 70' lang='grc' dir='ltr'>μακρόν-ης</span> <span class='ocrx_word' id='word_1_763' title='bbox 1732 4620 1830 4673; x_wconf 85' lang='grc' dir='ltr'><strong>ἀπ’</strong></span> 
     </span>
    </p>
   </div>
   <div class='ocr_carea' id='block_1_95' title="bbox 247 4712 1834 4788">
    <p class='ocr_par' dir='ltr' id='par_1_95' title="bbox 247 4712 1834 4788">
     <span class='ocr_line' id='line_1_97' title="bbox 247 4712 1834 4788; baseline -0.003 -17"><span class='ocrx_word' id='word_1_764' title='bbox 247 4719 418 4788; x_wconf 84' lang='grc' dir='ltr'>ἐμοῦ,</span> <span class='ocrx_word' id='word_1_765' title='bbox 472 4717 557 4769; x_wconf 83' lang='grc' dir='ltr'><strong>ἵνα</strong></span> <span class='ocrx_word' id='word_1_766' title='bbox 610 4716 684 4785; x_wconf 80' lang='grc' dir='ltr'>μὴ</span> <span class='ocrx_word' id='word_1_767' title='bbox 736 4713 1037 4784; x_wconf 79' lang='grc' dir='ltr'>ἐπιχαρῶσί</span> <span class='ocrx_word' id='word_1_768' title='bbox 1092 4729 1178 4782; x_wconf 84' lang='grc' dir='ltr'><strong>μοι</strong></span> <span class='ocrx_word' id='word_1_769' title='bbox 1228 4714 1276 4764; x_wconf 86' lang='grc' dir='ltr'>οἱ</span> <span class='ocrx_word' id='word_1_770' title='bbox 1315 4712 1691 4782; x_wconf 82' lang='grc' dir='ltr'>ἐχθραίνοντες</span> <span class='ocrx_word' id='word_1_771' title='bbox 1741 4731 1834 4782; x_wconf 88' lang='grc' dir='ltr'><strong>μοι</strong></span> 
     </span>
    </p>
   </div>
   <div class='ocr_carea' id='block_1_96' title="bbox 248 4799 1831 4873">
    <p class='ocr_par' dir='ltr' id='par_1_96' title="bbox 248 4799 1831 4873">
     <span class='ocr_line' id='line_1_98' title="bbox 248 4799 1831 4873; baseline -0.004 -13"><span class='ocrx_word' id='word_1_772' title='bbox 248 4807 483 4867; x_wconf 88' lang='grc' dir='ltr'>ἀδίκως,</span> <span class='ocrx_word' id='word_1_773' title='bbox 525 4804 622 4856; x_wconf 72' lang='grc' dir='ltr'><strong>καὶ</strong></span> <span class='ocrx_word' id='word_1_774' title='bbox 663 4803 712 4855; x_wconf 87' lang='grc' dir='ltr'>οί</span> <span class='ocrx_word' id='word_1_775' title='bbox 747 4799 1029 4872; x_wconf 85' lang='grc' dir='ltr'>μισοῦντές</span> <span class='ocrx_word' id='word_1_776' title='bbox 1059 4817 1124 4870; x_wconf 89' lang='grc' dir='ltr'><strong>με</strong></span> <span class='ocrx_word' id='word_1_777' title='bbox 1153 4800 1382 4870; x_wconf 85' lang='grc' dir='ltr'>δωρεάν.</span> <span class='ocrx_word' id='word_1_778' title='bbox 1422 4820 1440 4851; x_wconf 84' lang='grc' dir='ltr'><strong>ι</strong></span> <span class='ocrx_word' id='word_1_779' title='bbox 1478 4801 1636 4854; x_wconf 82' lang='grc' dir='ltr'>Ἀλλὰ</span> <span class='ocrx_word' id='word_1_780' title='bbox 1669 4805 1734 4872; x_wconf 82' lang='grc' dir='ltr'>τῇ</span> <span class='ocrx_word' id='word_1_781' title='bbox 1766 4805 1831 4873; x_wconf 80' lang='grc' dir='ltr'>σῇ</span> 
     </span>
    </p>
   </div>
   <div class='ocr_carea' id='block_1_97' title="bbox 254 4892 1836 4966">
    <p class='ocr_par' dir='ltr' id='par_1_97' title="bbox 254 4892 1836 4966">
     <span class='ocr_line' id='line_1_99' title="bbox 254 4892 1836 4966; baseline -0.004 -14"><span class='ocrx_word' id='word_1_782' title='bbox 254 4898 491 4966; x_wconf 65' lang='grc' dir='ltr'>ῧυνάμει</span> <span class='ocrx_word' id='word_1_783' title='bbox 550 4913 568 4945; x_wconf 79' lang='grc' dir='ltr'>ι</span> <span class='ocrx_word' id='word_1_784' title='bbox 613 4894 1154 4964; x_wconf 81' lang='grc' dir='ltr'>Ἀποστραφήτωσαν</span> <span class='ocrx_word' id='word_1_785' title='bbox 1180 4892 1489 4960; x_wconf 88' lang='grc' dir='ltr'>παραυτίκα</span> <span class='ocrx_word' id='word_1_786' title='bbox 1512 4895 1836 4962; x_wconf 74' lang='grc' dir='ltr'>αἰσχυνόμε-</span> 
     </span>
    </p>
   </div>
   <div class='ocr_carea' id='block_1_98' title="bbox 265 4979 1824 5056">
    <p class='ocr_par' dir='ltr' id='par_1_98' title="bbox 265 4979 1824 5056">
     <span class='ocr_line' id='line_1_100' title="bbox 265 4979 1824 5056; baseline -0.001 -17"><span class='ocrx_word' id='word_1_787' title='bbox 265 5008 363 5052; x_wconf 73' lang='grc' dir='ltr'>,οι,</span> <span class='ocrx_word' id='word_1_788' title='bbox 398 4991 446 5042; x_wconf 84' lang='grc' dir='ltr'>οἱ</span> <span class='ocrx_word' id='word_1_789' title='bbox 477 4988 726 5055; x_wconf 86' lang='grc' dir='ltr'>λέγοντές</span> <span class='ocrx_word' id='word_1_790' title='bbox 759 5004 870 5056; x_wconf 91' lang='grc' dir='ltr'>μοι,</span> <span class='ocrx_word' id='word_1_791' title='bbox 897 4981 1058 5052; x_wconf 79' lang='grc' dir='ltr'>Εὖγε,</span> <span class='ocrx_word' id='word_1_792' title='bbox 1084 4979 1232 5052; x_wconf 82' lang='grc' dir='ltr'>εὖγε.</span> <span class='ocrx_word' id='word_1_793' title='bbox 1275 5003 1293 5034; x_wconf 82' lang='grc' dir='ltr'><strong>ι</strong></span> <span class='ocrx_word' id='word_1_794' title='bbox 1325 4983 1396 5036; x_wconf 84' lang='grc' dir='ltr'>Τὸ</span> <span class='ocrx_word' id='word_1_795' title='bbox 1418 4985 1824 5051; x_wconf 82' lang='grc' dir='ltr'>καταγελᾶσθαι</span> 
     </span>
    </p>
   </div>
   <div class='ocr_carea' id='block_1_99' title="bbox 255 5074 1828 5147">
    <p class='ocr_par' dir='ltr' id='par_1_99' title="bbox 255 5074 1828 5147">
     <span class='ocr_line' id='line_1_101' title="bbox 255 5074 1828 5147; baseline -0.002 -14"><span class='ocrx_word' id='word_1_796' title='bbox 255 5079 439 5133; x_wconf 78' lang='lat' dir='ltr'><strong>:‘oivuv</strong></span> <span class='ocrx_word' id='word_1_797' title='bbox 470 5077 565 5130; x_wconf 74' lang='grc' dir='ltr'>καὶ</span> <span class='ocrx_word' id='word_1_798' title='bbox 596 5077 1000 5147; x_wconf 84' lang='grc' dir='ltr'>ἐπιχαίρεσθαι,</span> <span class='ocrx_word' id='word_1_799' title='bbox 1029 5074 1185 5144; x_wconf 80' lang='grc' dir='ltr'>ἡμῶν</span> <span class='ocrx_word' id='word_1_800' title='bbox 1215 5076 1360 5126; x_wconf 87' lang='grc' dir='ltr'>ἐστιν</span> <span class='ocrx_word' id='word_1_801' title='bbox 1379 5090 1395 5105; x_wconf 86' lang='grc'>⁶</span> <span class='ocrx_word' id='word_1_802' title='bbox 1424 5075 1485 5126; x_wconf 74' lang='grc' dir='ltr'><strong>τὸ</strong></span> <span class='ocrx_word' id='word_1_803' title='bbox 1509 5075 1564 5128; x_wconf 82' lang='grc' dir='ltr'>δὲ</span> <span class='ocrx_word' id='word_1_804' title='bbox 1610 5078 1828 5147; x_wconf 88' lang='grc' dir='ltr'>ἐπιχαί-</span> 
     </span>
    </p>
   </div>
   <div class='ocr_carea' id='block_1_100' title="bbox 253 5162 1833 5236">
    <p class='ocr_par' dir='ltr' id='par_1_100' title="bbox 253 5162 1833 5236">
     <span class='ocr_line' id='line_1_102' title="bbox 253 5162 1833 5236; baseline 0 -16"><span class='ocrx_word' id='word_1_805' title='bbox 253 5185 400 5232; x_wconf 71' lang='grc' dir='ltr'><strong>1οειν,</strong></span> <span class='ocrx_word' id='word_1_806' title='bbox 436 5167 543 5218; x_wconf 86' lang='grc' dir='ltr'><strong>τῶν</strong></span> <span class='ocrx_word' id='word_1_807' title='bbox 581 5165 962 5236; x_wconf 85' lang='grc' dir='ltr'>Γραμματέων</span> <span class='ocrx_word' id='word_1_808' title='bbox 1004 5166 1098 5216; x_wconf 75' lang='grc' dir='ltr'>καὶ</span> <span class='ocrx_word' id='word_1_809' title='bbox 1136 5162 1438 5233; x_wconf 86' lang='grc' dir='ltr'>ἀρχιερέων</span> <span class='ocrx_word' id='word_1_810' title='bbox 1497 5165 1666 5219; x_wconf 88' lang='grc' dir='ltr'>ἐστίν.</span> <span class='ocrx_word' id='word_1_811' title='bbox 1716 5168 1833 5220; x_wconf 87' lang='grc' dir='ltr'><strong>Ἐν-</strong></span> 
     </span>
    </p>
   </div>
   <div class='ocr_carea' id='block_1_101' title="bbox 261 5255 1828 5328">
    <p class='ocr_par' dir='ltr' id='par_1_101' title="bbox 261 5255 1828 5328">
     <span class='ocr_line' id='line_1_103' title="bbox 261 5255 1828 5328; baseline -0.001 -15"><span class='ocrx_word' id='word_1_812' title='bbox 261 5259 487 5323; x_wconf 77' lang='grc' dir='ltr'>ἕπαιζον</span> <span class='ocrx_word' id='word_1_813' title='bbox 520 5257 648 5328; x_wconf 85' lang='grc' dir='ltr'>γὰρ,</span> <span class='ocrx_word' id='word_1_814' title='bbox 698 5257 886 5327; x_wconf 74' lang='grc' dir='ltr'>φησὶν,</span> <span class='ocrx_word' id='word_1_815' title='bbox 933 5256 983 5307; x_wconf 92' lang='grc' dir='ltr'>οἱ</span> <span class='ocrx_word' id='word_1_816' title='bbox 1035 5257 1312 5326; x_wconf 86' lang='grc' dir='ltr'>ἀρχιερεῖς</span> <span class='ocrx_word' id='word_1_817' title='bbox 1365 5255 1500 5324; x_wconf 84' lang='grc' dir='ltr'>πρὸς</span> <span class='ocrx_word' id='word_1_818' title='bbox 1546 5256 1828 5328; x_wconf 83' lang='grc' dir='ltr'>ἀλλήλους,</span> 
     </span>
    </p>
   </div>
   <div class='ocr_carea' id='block_1_102' title="bbox 254 5336 1829 5422">
    <p class='ocr_par' dir='ltr' id='par_1_102' title="bbox 254 5336 1829 5422">
     <span class='ocr_line' id='line_1_104' title="bbox 254 5336 1829 5422; baseline 0.001 -18"><span class='ocrx_word' id='word_1_819' title='bbox 254 5352 405 5422; x_wconf 82' lang='grc' dir='ltr'>μετὰ</span> <span class='ocrx_word' id='word_1_820' title='bbox 432 5351 538 5402; x_wconf 82' lang='grc' dir='ltr'>τῶν</span> <span class='ocrx_word' id='word_1_821' title='bbox 572 5336 954 5420; x_wconf 73' lang='grc' dir='ltr'>Γράμματέων</span> <span class='ocrx_word' id='word_1_822' title='bbox 983 5349 1254 5416; x_wconf 87' lang='grc' dir='ltr'>λέγοντες,</span> <span class='ocrx_word' id='word_1_823' title='bbox 1286 5366 1303 5397; x_wconf 80' lang='grc' dir='ltr'>ι</span> <span class='ocrx_word' id='word_1_824' title='bbox 1346 5347 1572 5412; x_wconf 76' lang='grc' dir='ltr'>’Ἄλλους</span> <span class='ocrx_word' id='word_1_825' title='bbox 1604 5350 1829 5420; x_wconf 75' lang='grc' dir='ltr'>ἔσωσεν,</span> 
     </span>
    </p>
   </div>
   <div class='ocr_carea' id='block_1_103' title="bbox 265 5439 1830 5510">
    <p class='ocr_par' dir='ltr' id='par_1_103' title="bbox 265 5439 1830 5510">
     <span class='ocr_line' id='line_1_105' title="bbox 265 5439 1830 5510; baseline 0.001 -14"><span class='ocrx_word' id='word_1_826' title='bbox 265 5444 455 5497; x_wconf 67' lang='grc' dir='ltr'>ἀυτὸν</span> <span class='ocrx_word' id='word_1_827' title='bbox 471 5443 529 5494; x_wconf 83' lang='grc' dir='ltr'>οὺ</span> <span class='ocrx_word' id='word_1_828' title='bbox 547 5442 766 5494; x_wconf 77' lang='grc' dir='ltr'>δύναται</span> <span class='ocrx_word' id='word_1_829' title='bbox 819 5440 1029 5505; x_wconf 84' lang='grc' dir='ltr'>σῶσαι;</span> <span class='ocrx_word' id='word_1_830' title='bbox 1068 5441 1096 5492; x_wconf 91' lang='lat'><strong>6</strong></span> <span class='ocrx_word' id='word_1_831' title='bbox 1125 5439 1356 5510; x_wconf 78' lang='grc' dir='ltr'>Χριστὸς</span> <span class='ocrx_word' id='word_1_832' title='bbox 1397 5443 1425 5492; x_wconf 87' lang='grc' dir='ltr'>ὁ</span> <span class='ocrx_word' id='word_1_833' title='bbox 1456 5441 1706 5510; x_wconf 79' lang='grc' dir='ltr'>βασιλεὺς</span> <span class='ocrx_word' id='word_1_834' title='bbox 1736 5447 1830 5498; x_wconf 81' lang='grc' dir='ltr'>τοῦ</span> 
     </span>
    </p>
   </div>
   <div class='ocr_carea' id='block_1_104' title="bbox 261 5532 1830 5609">
    <p class='ocr_par' dir='ltr' id='par_1_104' title="bbox 261 5532 1830 5609">
     <span class='ocr_line' id='line_1_106' title="bbox 261 5532 1830 5609; baseline 0.001 -21"><span class='ocrx_word' id='word_1_835' title='bbox 261 5535 535 5606; x_wconf 65' lang='grc' dir='ltr'>Ἰσραὴλ,</span> <span class='ocrx_word' id='word_1_836' title='bbox 599 5533 892 5588; x_wconf 86' lang='grc' dir='ltr'>καταϐάτω</span> <span class='ocrx_word' id='word_1_837' title='bbox 956 5533 1051 5586; x_wconf 80' lang='grc' dir='ltr'>νῦν</span> <span class='ocrx_word' id='word_1_838' title='bbox 1113 5533 1220 5585; x_wconf 81' lang='grc' dir='ltr'>ἀπὸ</span> <span class='ocrx_word' id='word_1_839' title='bbox 1275 5532 1368 5586; x_wconf 81' lang='grc' dir='ltr'>τοῦ</span> <span class='ocrx_word' id='word_1_840' title='bbox 1413 5537 1687 5609; x_wconf 77' lang='grc' dir='ltr'>σταυροῦ,</span> <span class='ocrx_word' id='word_1_841' title='bbox 1745 5541 1830 5594; x_wconf 82' lang='grc' dir='ltr'>ἵνα</span> 
     </span>
    </p>
   </div>
   <div class='ocr_carea' id='block_1_105' title="bbox 339 5751 1821 5817">
    <p class='ocr_par' dir='ltr' id='par_1_105' title="bbox 339 5751 1821 5817">
     <span class='ocr_line' id='line_1_107' title="bbox 339 5751 1821 5817; baseline 0.003 -12"><span class='ocrx_word' id='word_1_842' title='bbox 339 5751 382 5781; x_wconf 80' lang='grc'>⁶⁰</span> <span class='ocrx_word' id='word_1_843' title='bbox 418 5753 619 5809; x_wconf 73' lang='lat' dir='ltr'><strong>&quot;Tum.</strong></span> <span class='ocrx_word' id='word_1_844' title='bbox 650 5773 727 5812; x_wconf 86' lang='grc' dir='ltr'>ιιι,</span> <span class='ocrx_word' id='word_1_845' title='bbox 750 5757 833 5810; x_wconf 78' lang='grc'><strong>12.</strong></span> <span class='ocrx_word' id='word_1_846' title='bbox 911 5757 951 5787; x_wconf 83' lang='grc'><strong>⁶¹</strong></span> <span class='ocrx_word' id='word_1_847' title='bbox 987 5757 1146 5810; x_wconf 85' lang='lat' dir='ltr'><strong>Prov.</strong></span> <span class='ocrx_word' id='word_1_848' title='bbox 1199 5771 1342 5816; x_wconf 76' lang='lat' dir='ltr'><strong>xxiv,</strong></span> <span class='ocrx_word' id='word_1_849' title='bbox 1384 5755 1468 5817; x_wconf 85' lang='lat' dir='ltr'><strong>l7,</strong></span> <span class='ocrx_word' id='word_1_850' title='bbox 1504 5755 1589 5809; x_wconf 75' lang='grc'><strong>18.</strong></span> <span class='ocrx_word' id='word_1_851' title='bbox 1667 5759 1710 5790; x_wconf 83' lang='grc'><strong>⁶¹</strong></span> <span class='ocrx_word' id='word_1_852' title='bbox 1742 5760 1821 5814; x_wconf 71' lang='grc' dir='ltr'><strong>ΡΠ</strong></span> 
     </span>
    </p>
   </div>
   <div class='ocr_carea' id='block_1_106' title="bbox 1923 5751 2188 5817">
    <p class='ocr_par' dir='ltr' id='par_1_106' title="bbox 1941 5759 2188 5815">
     <span class='ocr_line' id='line_1_108' title="bbox 1941 5759 2188 5815; baseline 0 -3"><span class='ocrx_word' id='word_1_853' title='bbox 1941 5776 2074 5815; x_wconf 77' lang='lat' dir='ltr'><strong>xvn.</strong></span> <span class='ocrx_word' id='word_1_854' title='bbox 2137 5759 2188 5812; x_wconf 64' lang='lat' dir='ltr'><strong>fi.</strong></span> 
     </span>
    </p>
   </div>
   <div class='ocr_carea' id='block_1_107' title="bbox 245 5816 1957 5893">
    <p class='ocr_par' dir='ltr' id='par_1_107' title="bbox 245 5816 1957 5893">
     <span class='ocr_line' id='line_1_109' title="bbox 245 5816 1957 5893; baseline 0.005 -20"><span class='ocrx_word' id='word_1_855' title='bbox 245 5816 309 5848; x_wconf 68' lang='grc'><strong>*³⁵</strong></span> <span class='ocrx_word' id='word_1_856' title='bbox 345 5820 520 5876; x_wconf 75' lang='lat' dir='ltr'><strong>Eccle.</strong></span> <span class='ocrx_word' id='word_1_857' title='bbox 559 5843 608 5879; x_wconf 78' lang='lat' dir='ltr'><strong>xi</strong></span> <span class='ocrx_word' id='word_1_858' title='bbox 659 5869 671 5886; x_wconf 92' lang='lat'><strong>,</strong></span> <span class='ocrx_word' id='word_1_859' title='bbox 709 5829 760 5880; x_wconf 88' lang='lat'><strong>8.</strong></span> <span class='ocrx_word' id='word_1_860' title='bbox 839 5828 884 5857; x_wconf 70' lang='grc'>⁸⁸</span> <span class='ocrx_word' id='word_1_861' title='bbox 917 5827 1018 5880; x_wconf 83' lang='lat' dir='ltr'><strong>Job</strong></span> <span class='ocrx_word' id='word_1_862' title='bbox 1061 5829 1312 5884; x_wconf 55' lang='lat'><strong>“31.29.</strong></span> <span class='ocrx_word' id='word_1_863' title='bbox 1388 5826 1431 5856; x_wconf 73' lang='lat'><strong>“7</strong></span> <span class='ocrx_word' id='word_1_864' title='bbox 1459 5816 1621 5882; x_wconf 74' lang='lat' dir='ltr'><strong>Rom.</strong></span> <span class='ocrx_word' id='word_1_865' title='bbox 1658 5843 1741 5893; x_wconf 71' lang='lat' dir='ltr'><strong>xl,</strong></span> <span class='ocrx_word' id='word_1_866' title='bbox 1780 5830 1957 5882; x_wconf 72' lang='lat' dir='ltr'><strong>l7-‘2l.</strong></span> 
     </span>
    </p>
   </div>
   <div class='ocr_carea' id='block_1_108' title="bbox 623 5922 1430 5982">
    <p class='ocr_par' dir='ltr' id='par_1_108' title="bbox 623 5922 1430 5982">
     <span class='ocr_line' id='line_1_110' title="bbox 623 5922 1430 5982; baseline 0 -2"><span class='ocrx_word' id='word_1_867' title='bbox 623 5923 891 5982; x_wconf 74' lang='grc' dir='ltr'>Ιίτιιοιη</span> <span class='ocrx_word' id='word_1_868' title='bbox 942 5926 1057 5982; x_wconf 82' lang='lat' dir='ltr'><strong>Gn.</strong></span> <span class='ocrx_word' id='word_1_869' title='bbox 1111 5922 1430 5980; x_wconf 69' lang='lat' dir='ltr'><strong>IXXKIX.</strong></span> 
     </span>
    </p>
   </div>
   <div class='ocr_carea' id='block_1_109' title="bbox 1930 4628 3502 4700">
    <p class='ocr_par' dir='ltr' id='par_1_109' title="bbox 1930 4628 3502 4700">
     <span class='ocr_line' id='line_1_111' title="bbox 1930 4628 3502 4700; baseline 0.006 -18"><span class='ocrx_word' id='word_1_870' title='bbox 1930 4629 2150 4700; x_wconf 92' lang='lat' dir='ltr'><strong>quando</strong></span> <span class='ocrx_word' id='word_1_871' title='bbox 2193 4628 2520 4683; x_wconf 89' lang='lat' dir='ltr'><strong>insultemus</strong></span> <span class='ocrx_word' id='word_1_872' title='bbox 2565 4629 2938 4698; x_wconf 80' lang='lat' dir='ltr'><strong>proximorum</strong></span> <span class='ocrx_word' id='word_1_873' title='bbox 2984 4633 3161 4697; x_wconf 91' lang='lat' dir='ltr'><strong>malis,</strong></span> <span class='ocrx_word' id='word_1_874' title='bbox 3195 4645 3255 4690; x_wconf 92' lang='lat' dir='ltr'><strong>ut</strong></span> <span class='ocrx_word' id='word_1_875' title='bbox 3296 4653 3364 4691; x_wconf 90' lang='lat' dir='ltr'><strong>ne</strong></span> <span class='ocrx_word' id='word_1_876' title='bbox 3403 4655 3502 4691; x_wconf 82' lang='lat' dir='ltr'><strong>nos</strong></span> 
     </span>
    </p>
   </div>
   <div class='ocr_carea' id='block_1_110' title="bbox 1929 4720 3499 4789">
    <p class='ocr_par' dir='ltr' id='par_1_110' title="bbox 1929 4720 3499 4789">
     <span class='ocr_line' id='line_1_112' title="bbox 1929 4720 3499 4789; baseline 0.004 -13"><span class='ocrx_word' id='word_1_877' title='bbox 1929 4723 1986 4776; x_wconf 93' lang='lat' dir='ltr'><strong>in</strong></span> <span class='ocrx_word' id='word_1_878' title='bbox 2007 4721 2223 4776; x_wconf 89' lang='lat' dir='ltr'><strong>easdem</strong></span> <span class='ocrx_word' id='word_1_879' title='bbox 2275 4720 2421 4774; x_wconf 88' lang='lat' dir='ltr'><strong>sinat</strong></span> <span class='ocrx_word' id='word_1_880' title='bbox 2457 4720 2550 4774; x_wconf 92' lang='lat' dir='ltr'><strong>Dei</strong></span> <span class='ocrx_word' id='word_1_881' title='bbox 2587 4721 2935 4789; x_wconf 90' lang='lat' dir='ltr'><strong>providentia</strong></span> <span class='ocrx_word' id='word_1_882' title='bbox 2984 4725 3154 4778; x_wconf 88' lang='lat' dir='ltr'><strong>semel</strong></span> <span class='ocrx_word' id='word_1_883' title='bbox 3197 4735 3255 4779; x_wconf 90' lang='lat' dir='ltr'><strong>et</strong></span> <span class='ocrx_word' id='word_1_884' title='bbox 3301 4728 3499 4783; x_wconf 87' lang='lat' dir='ltr'><strong>iterum</strong></span> 
     </span>
    </p>
   </div>
   <div class='ocr_carea' id='block_1_111' title="bbox 1931 4813 3501 4874">
    <p class='ocr_par' dir='ltr' id='par_1_111' title="bbox 1931 4813 3501 4874">
     <span class='ocr_line' id='line_1_113' title="bbox 1931 4813 3501 4874; baseline 0.004 -6"><span class='ocrx_word' id='word_1_885' title='bbox 1931 4813 2148 4869; x_wconf 90' lang='lat' dir='ltr'><strong>devolvi</strong></span> <span class='ocrx_word' id='word_1_886' title='bbox 2207 4813 2535 4866; x_wconf 88' lang='lat' dir='ltr'><strong>calmitates.</strong></span> <span class='ocrx_word' id='word_1_887' title='bbox 2590 4813 2717 4868; x_wconf 65' lang='lat' dir='ltr'><strong>Haec</strong></span> <span class='ocrx_word' id='word_1_888' title='bbox 2749 4815 2894 4867; x_wconf 88' lang='lat' dir='ltr'><strong>enim</strong></span> <span class='ocrx_word' id='word_1_889' title='bbox 2942 4815 3019 4868; x_wconf 90' lang='lat' dir='ltr'><strong>ait</strong></span> <span class='ocrx_word' id='word_1_890' title='bbox 3059 4816 3164 4870; x_wconf 78' lang='lat' dir='ltr'><strong>Job</strong></span> <span class='ocrx_word' id='word_1_891' title='bbox 3211 4834 3273 4870; x_wconf 72' lang='grc' dir='ltr'>τι</span> <span class='ocrx_word' id='word_1_892' title='bbox 3311 4819 3379 4873; x_wconf 89' lang='grc' dir='ltr'><strong>Ει</strong></span> <span class='ocrx_word' id='word_1_893' title='bbox 3405 4836 3501 4874; x_wconf 86' lang='lat' dir='ltr'><strong>vos</strong></span> 
     </span>
    </p>
   </div>
   <div class='ocr_carea' id='block_1_112' title="bbox 1929 4903 3501 4978">
    <p class='ocr_par' dir='ltr' id='par_1_112' title="bbox 1929 4903 3501 4978">
     <span class='ocr_line' id='line_1_114' title="bbox 1929 4903 3501 4978; baseline 0.006 -20"><span class='ocrx_word' id='word_1_894' title='bbox 1929 4903 2319 4959; x_wconf 76' lang='lat' dir='ltr'><strong>accessistisad</strong></span> <span class='ocrx_word' id='word_1_895' title='bbox 2355 4920 2440 4958; x_wconf 93' lang='lat' dir='ltr'><strong>me</strong></span> <span class='ocrx_word' id='word_1_896' title='bbox 2473 4904 2590 4958; x_wconf 91' lang='lat' dir='ltr'><strong>sine</strong></span> <span class='ocrx_word' id='word_1_897' title='bbox 2624 4905 3016 4970; x_wconf 75' lang='lat' dir='ltr'><strong>misericordia,</strong></span> <span class='ocrx_word' id='word_1_898' title='bbox 3043 4908 3227 4978; x_wconf 90' lang='lat' dir='ltr'><strong>itaque</strong></span> <span class='ocrx_word' id='word_1_899' title='bbox 3254 4910 3501 4968; x_wconf 89' lang='lat' dir='ltr'><strong>videntes</strong></span> 
     </span>
    </p>
   </div>
   <div class='ocr_carea' id='block_1_113' title="bbox 1932 4994 3502 5068">
    <p class='ocr_par' dir='ltr' id='par_1_113' title="bbox 1932 4994 3502 5068">
     <span class='ocr_line' id='line_1_115' title="bbox 1932 4994 3502 5068; baseline 0.006 -19"><span class='ocrx_word' id='word_1_900' title='bbox 1932 4997 2130 5049; x_wconf 90' lang='lat' dir='ltr'><strong>vulnus</strong></span> <span class='ocrx_word' id='word_1_901' title='bbox 2158 5010 2340 5048; x_wconf 90' lang='lat' dir='ltr'><strong>meum</strong></span> <span class='ocrx_word' id='word_1_902' title='bbox 2365 4994 2698 5050; x_wconf 75' lang='lat' dir='ltr'><strong>extimuistis</strong></span> <span class='ocrx_word' id='word_1_903' title='bbox 2722 4997 2787 5048; x_wconf 68' lang='grc' dir='ltr'><strong>εν.</strong></span> <span class='ocrx_word' id='word_1_904' title='bbox 2807 5016 2822 5045; x_wconf 71' lang='grc' dir='ltr'><strong>υ</strong></span> <span class='ocrx_word' id='word_1_905' title='bbox 2858 4995 2969 5052; x_wconf 89' lang='lat' dir='ltr'><strong>Nos</strong></span> <span class='ocrx_word' id='word_1_906' title='bbox 2991 4998 3158 5068; x_wconf 88' lang='lat' dir='ltr'><strong>igitur</strong></span> <span class='ocrx_word' id='word_1_907' title='bbox 3187 5017 3308 5054; x_wconf 88' lang='lat' dir='ltr'><strong>cum</strong></span> <span class='ocrx_word' id='word_1_908' title='bbox 3341 5002 3502 5057; x_wconf 91' lang='lat' dir='ltr'><strong>beato</strong></span> 
     </span>
    </p>
   </div>
   <div class='ocr_carea' id='block_1_114' title="bbox 1934 5085 3499 5161">
    <p class='ocr_par' dir='ltr' id='par_1_114' title="bbox 1934 5085 3499 5161">
     <span class='ocr_line' id='line_1_116' title="bbox 1934 5085 3499 5161; baseline 0.005 -20"><span class='ocrx_word' id='word_1_909' title='bbox 1934 5086 2103 5141; x_wconf 86' lang='lat' dir='ltr'><strong>David</strong></span> <span class='ocrx_word' id='word_1_910' title='bbox 2136 5101 2378 5150; x_wconf 87' lang='lat' dir='ltr'><strong>oremus,</strong></span> <span class='ocrx_word' id='word_1_911' title='bbox 2423 5085 2671 5141; x_wconf 90' lang='lat' dir='ltr'><strong>dicentes</strong></span> <span class='ocrx_word' id='word_1_912' title='bbox 2717 5087 2870 5142; x_wconf 89' lang='lat' dir='ltr'><strong>Deo:</strong></span> <span class='ocrx_word' id='word_1_913' title='bbox 2908 5090 3025 5144; x_wconf 71' lang='lat' dir='ltr'><strong>«Ne</strong></span> <span class='ocrx_word' id='word_1_914' title='bbox 3056 5091 3278 5161; x_wconf 89' lang='lat' dir='ltr'><strong>abjicias</strong></span> <span class='ocrx_word' id='word_1_915' title='bbox 3327 5110 3412 5148; x_wconf 92' lang='lat' dir='ltr'><strong>me</strong></span> <span class='ocrx_word' id='word_1_916' title='bbox 3445 5095 3499 5149; x_wconf 92' lang='lat' dir='ltr'><strong>in</strong></span> 
     </span>
    </p>
   </div>
   <div class='ocr_carea' id='block_1_115' title="bbox 1936 5176 3500 5247">
    <p class='ocr_par' dir='ltr' id='par_1_115' title="bbox 1936 5176 3500 5247">
     <span class='ocr_line' id='line_1_117' title="bbox 1936 5176 3500 5247; baseline 0.007 -17"><span class='ocrx_word' id='word_1_917' title='bbox 1936 5186 2182 5247; x_wconf 89' lang='lat' dir='ltr'><strong>tempore</strong></span> <span class='ocrx_word' id='word_1_918' title='bbox 2209 5176 2530 5238; x_wconf 89' lang='lat' dir='ltr'><strong>senectutis,</strong></span> <span class='ocrx_word' id='word_1_919' title='bbox 2555 5192 2679 5231; x_wconf 91' lang='lat' dir='ltr'><strong>cum</strong></span> <span class='ocrx_word' id='word_1_920' title='bbox 2727 5178 2992 5234; x_wconf 85' lang='lat' dir='ltr'><strong>defecerit</strong></span> <span class='ocrx_word' id='word_1_921' title='bbox 3027 5181 3203 5237; x_wconf 86' lang='lat' dir='ltr'><strong>virtus</strong></span> <span class='ocrx_word' id='word_1_922' title='bbox 3245 5200 3384 5247; x_wconf 88' lang='lat' dir='ltr'><strong>mea,</strong></span> <span class='ocrx_word' id='word_1_923' title='bbox 3433 5202 3500 5240; x_wconf 86' lang='lat' dir='ltr'><strong>ne</strong></span> 
     </span>
    </p>
   </div>
   <div class='ocr_carea' id='block_1_116' title="bbox 1935 5271 3498 5350">
    <p class='ocr_par' dir='ltr' id='par_1_116' title="bbox 1935 5271 3498 5350">
     <span class='ocr_line' id='line_1_118' title="bbox 1935 5271 3498 5350; baseline 0.008 -27"><span class='ocrx_word' id='word_1_924' title='bbox 1935 5271 2286 5339; x_wconf 86' lang='lat' dir='ltr'><strong>liderenquas</strong></span> <span class='ocrx_word' id='word_1_925' title='bbox 2316 5287 2442 5336; x_wconf 90' lang='lat' dir='ltr'><strong>me;</strong></span> <span class='ocrx_word' id='word_1_926' title='bbox 2470 5271 2596 5340; x_wconf 87' lang='lat' dir='ltr'><strong>quia</strong></span> <span class='ocrx_word' id='word_1_927' title='bbox 2618 5271 2876 5327; x_wconf 80' lang='lat' dir='ltr'><strong>dixerunt</strong></span> <span class='ocrx_word' id='word_1_928' title='bbox 2910 5274 3114 5330; x_wconf 90' lang='lat' dir='ltr'><strong>inimici</strong></span> <span class='ocrx_word' id='word_1_929' title='bbox 3149 5279 3304 5342; x_wconf 90' lang='lat' dir='ltr'><strong>mihi,</strong></span> <span class='ocrx_word' id='word_1_930' title='bbox 3330 5289 3384 5333; x_wconf 87' lang='lat' dir='ltr'><strong>et</strong></span> <span class='ocrx_word' id='word_1_931' title='bbox 3403 5282 3498 5350; x_wconf 89' lang='lat' dir='ltr'><strong>qui</strong></span> 
     </span>
    </p>
   </div>
   <div class='ocr_carea' id='block_1_117' title="bbox 1934 5362 3496 5430">
    <p class='ocr_par' dir='ltr' id='par_1_117' title="bbox 1934 5362 3496 5430">
     <span class='ocr_line' id='line_1_119' title="bbox 1934 5362 3496 5430; baseline 0.005 -13"><span class='ocrx_word' id='word_1_932' title='bbox 1934 5362 2319 5417; x_wconf 87' lang='lat' dir='ltr'><strong>custodiebant</strong></span> <span class='ocrx_word' id='word_1_933' title='bbox 2366 5363 2602 5416; x_wconf 88' lang='lat' dir='ltr'><strong>animam</strong></span> <span class='ocrx_word' id='word_1_934' title='bbox 2665 5378 2865 5430; x_wconf 86' lang='lat' dir='ltr'><strong>meam,</strong></span> <span class='ocrx_word' id='word_1_935' title='bbox 2917 5369 3205 5423; x_wconf 89' lang='lat' dir='ltr'><strong>consilium</strong></span> <span class='ocrx_word' id='word_1_936' title='bbox 3250 5370 3496 5424; x_wconf 86' lang='lat' dir='ltr'><strong>fecerunt</strong></span> 
     </span>
    </p>
   </div>
   <div class='ocr_carea' id='block_1_118' title="bbox 1934 5453 3499 5531">
    <p class='ocr_par' dir='ltr' id='par_1_118' title="bbox 1934 5453 3499 5531">
     <span class='ocr_line' id='line_1_120' title="bbox 1934 5453 3499 5531; baseline 0.005 -24"><span class='ocrx_word' id='word_1_937' title='bbox 1934 5454 1990 5508; x_wconf 89' lang='lat' dir='ltr'><strong>in</strong></span> <span class='ocrx_word' id='word_1_938' title='bbox 2019 5468 2188 5506; x_wconf 90' lang='lat' dir='ltr'><strong>unum</strong></span> <span class='ocrx_word' id='word_1_939' title='bbox 2219 5493 2236 5518; x_wconf 90' lang='lat'><strong>,</strong></span> <span class='ocrx_word' id='word_1_940' title='bbox 2271 5453 2556 5507; x_wconf 80' lang='lat' dir='ltr'><strong>dicentes:</strong></span> <span class='ocrx_word' id='word_1_941' title='bbox 2599 5455 2745 5510; x_wconf 91' lang='lat' dir='ltr'><strong>Deus</strong></span> <span class='ocrx_word' id='word_1_942' title='bbox 2794 5456 3089 5528; x_wconf 88' lang='lat' dir='ltr'><strong>dereliquit</strong></span> <span class='ocrx_word' id='word_1_943' title='bbox 3132 5476 3280 5525; x_wconf 89' lang='lat' dir='ltr'><strong>eum,</strong></span> <span class='ocrx_word' id='word_1_944' title='bbox 3316 5478 3499 5531; x_wconf 83' lang='lat' dir='ltr'><strong>perse-</strong></span> 
     </span>
    </p>
   </div>
   <div class='ocr_carea' id='block_1_119' title="bbox 1934 5545 3499 5623">
    <p class='ocr_par' dir='ltr' id='par_1_119' title="bbox 1934 5545 3499 5623">
     <span class='ocr_line' id='line_1_121' title="bbox 1934 5545 3499 5623; baseline 0.005 -25"><span class='ocrx_word' id='word_1_945' title='bbox 1934 5545 2164 5615; x_wconf 89' lang='lat' dir='ltr'><strong>quimini</strong></span> <span class='ocrx_word' id='word_1_946' title='bbox 2209 5554 2264 5600; x_wconf 92' lang='lat' dir='ltr'><strong>ct</strong></span> <span class='ocrx_word' id='word_1_947' title='bbox 2306 5545 2754 5615; x_wconf 83' lang='lat' dir='ltr'><strong>comprehendite</strong></span> <span class='ocrx_word' id='word_1_948' title='bbox 2779 5565 2929 5616; x_wconf 93' lang='lat' dir='ltr'><strong>eum,</strong></span> <span class='ocrx_word' id='word_1_949' title='bbox 2969 5551 3097 5621; x_wconf 90' lang='lat' dir='ltr'><strong>quia</strong></span> <span class='ocrx_word' id='word_1_950' title='bbox 3141 5568 3248 5606; x_wconf 90' lang='lat' dir='ltr'><strong>non</strong></span> <span class='ocrx_word' id='word_1_951' title='bbox 3293 5563 3373 5608; x_wconf 88' lang='lat' dir='ltr'><strong>est</strong></span> <span class='ocrx_word' id='word_1_952' title='bbox 3407 5556 3499 5623; x_wconf 87' lang='lat' dir='ltr'><strong>qui</strong></span> 
     </span>
    </p>
   </div>
   <div class='ocr_carea' id='block_1_120' title="bbox 2267 5760 2735 5818">
    <p class='ocr_par' dir='ltr' id='par_1_120' title="bbox 2267 5760 2735 5818">
     <span class='ocr_line' id='line_1_122' title="bbox 2267 5760 2735 5818; baseline 0.009 -5"><span class='ocrx_word' id='word_1_953' title='bbox 2267 5760 2311 5789; x_wconf 75' lang='grc'><strong>⁵³</strong></span> <span class='ocrx_word' id='word_1_954' title='bbox 2350 5760 2518 5815; x_wconf 88' lang='lat' dir='ltr'><strong>Eecli.</strong></span> <span class='ocrx_word' id='word_1_955' title='bbox 2542 5777 2651 5818; x_wconf 70' lang='lat' dir='ltr'><strong>XIX.</strong></span> <span class='ocrx_word' id='word_1_956' title='bbox 2683 5764 2735 5817; x_wconf 58' lang='lat' dir='ltr'><strong>Si.</strong></span> 
     </span>
    </p>
   </div>
   <div class='ocr_carea' id='block_1_121' title="bbox 2849 5764 3492 5832">
    <p class='ocr_par' dir='ltr' id='par_1_121' title="bbox 2849 5764 3492 5832">
     <span class='ocr_line' id='line_1_123' title="bbox 2849 5764 3492 5832; baseline 0.053 -39"><span class='ocrx_word' id='word_1_957' title='bbox 2849 5764 2896 5795; x_wconf 72' lang='lat' dir='ltr'><strong>st</strong></span> <span class='ocrx_word' id='word_1_958' title='bbox 2935 5765 3099 5818; x_wconf 68' lang='grc' dir='ltr'><strong>Ερεξῑ,</strong></span> <span class='ocrx_word' id='word_1_959' title='bbox 3177 5781 3317 5819; x_wconf 71' lang='lat' dir='ltr'><strong>nm</strong></span> <span class='ocrx_word' id='word_1_960' title='bbox 3350 5807 3366 5832; x_wconf 88' lang='lat'><strong>,</strong></span> <span class='ocrx_word' id='word_1_961' title='bbox 3405 5767 3492 5826; x_wconf 62' lang='grc' dir='ltr'><strong>δίε</strong></span> 
     </span>
    </p>
   </div>
   <div class='ocr_carea' id='block_1_122' title="bbox 2035 5830 2492 5892">
    <p class='ocr_par' dir='ltr' id='par_1_122' title="bbox 2035 5830 2492 5892">
     <span class='ocr_line' id='line_1_124' title="bbox 2035 5830 2492 5892; baseline 0.007 -10"><span class='ocrx_word' id='word_1_962' title='bbox 2035 5832 2078 5860; x_wconf 67' lang='grc'><strong>⁸³</strong></span> <span class='ocrx_word' id='word_1_963' title='bbox 2115 5831 2130 5882; x_wconf 89' lang='lat' dir='ltr'><strong>l</strong></span> <span class='ocrx_word' id='word_1_964' title='bbox 2161 5830 2405 5892; x_wconf 48' lang='lat' dir='ltr'><strong>Coram,</strong></span> <span class='ocrx_word' id='word_1_965' title='bbox 2442 5834 2492 5885; x_wconf 85' lang='lat'>6.</span> 
     </span>
    </p>
   </div>
   <div class='ocr_carea' id='block_1_123' title="bbox 2570 5834 2980 5898">
    <p class='ocr_par' dir='ltr' id='par_1_123' title="bbox 2570 5834 2980 5898">
     <span class='ocr_line' id='line_1_125' title="bbox 2570 5834 2980 5898; baseline 0 -11"><span class='ocrx_word' id='word_1_966' title='bbox 2570 5835 2613 5863; x_wconf 63' lang='grc' dir='ltr'><strong>δε*</strong></span> <span class='ocrx_word' id='word_1_967' title='bbox 2649 5834 2750 5887; x_wconf 81' lang='lat' dir='ltr'><strong>Job</strong></span> <span class='ocrx_word' id='word_1_968' title='bbox 2778 5851 2860 5887; x_wconf 75' lang='lat' dir='ltr'><strong>xix</strong></span> <span class='ocrx_word' id='word_1_969' title='bbox 2886 5875 2897 5898; x_wconf 93' lang='lat'><strong>,</strong></span> <span class='ocrx_word' id='word_1_970' title='bbox 2927 5835 2980 5887; x_wconf 73' lang='grc'><strong>2.</strong></span> 
     </span>
    </p>
   </div>
   <div class='ocr_carea' id='block_1_124' title="bbox 3147 5930 3211 5991">
    <p class='ocr_par' dir='ltr' id='par_1_124' title="bbox 3147 5930 3211 5991">
     <span class='ocr_line' id='line_1_126' title="bbox 3147 5930 3211 5991; baseline 0.016 -1"><span class='ocrx_word' id='word_1_971' title='bbox 3147 5930 3211 5991; x_wconf 82' lang='grc'><strong>51</strong></span> 
     </span>
    </p>
   </div>
  </div>
