4028 6522
795 292 824 321 Ι

584 404 621 469 1
704 408 723 468 ί
1860 403 2173 463 ANTIOCE

2279 402 2607 461 iIONACiII
3670 408 3776 473 1012

588 524 790 593 eripiat
829 542 845 589 ;
874 524 970 579 sed
1006 533 1086 587 ιιι,
1106 524 1248 579 Deus
1274 538 1448 585 meus,
1495 537 1563 576 ne
1611 518 1883 590 elongeris
1920 537 1949 573 a
1979 534 2065 572 me
2099 519 2165 582 ⁷ο,

2279 517 2475 586 ἴδωμεν
2508 521 2602 571 καὶ
2639 520 3021 589 πιστεύσωμεν
3051 521 3133 584 είς
3164 520 3346 575 αὐτόν.
3390 540 3407 573 ι
3454 522 3508 577 ’0
3534 524 3583 578 δὲ
3613 533 3780 600 μακρό-

593 631 663 669 ne
686 616 956 685 gaudeant
984 631 1148 686 super
1175 631 1259 670 me
1286 617 1380 683 qui
1407 614 1769 668 adversantur
1795 612 1927 665 mihi
1954 610 2162 680 inique,

2279 610 2445 680 θυμος
2486 610 2690 683 Κύριος
2717 611 2912 682 ἔφερεν
2946 615 3043 681 τὴν
3093 614 3357 668 ἀπόνοιαν
3393 618 3579 683 αὐτῶν,
3601 621 3663 682 ὡς
3688 625 3783 688 φιλ·

592 708 687 776 qni
717 706 954 762 oderunt
988 722 1075 761 me
1110 707 1278 778 gratis
1306 708 1371 759 τί.
1415 725 1432 757 ι
1458 706 1525 760 Ει
1558 704 1780 774 quidem
1828 712 1921 756 tua
1960 701 2163 755 virtute

2279 701 2575 771 ἅνθρωπος.
2629 703 2788 771 Αὐτῷ
2836 707 2868 773 ἠ
2922 702 3048 769 δόξα
3094 706 3175 770 είς
3216 707 3344 768 τοὺς
3374 709 3585 769 αἰῶνας.
3626 711 3781 783 Ἀμήν,

602 821 619 851 ι
654 800 1055 855 Convertantur
1113 807 1412 853 retrorsum
1451 797 1741 852 confestim
1788 793 2001 849 confusi
2042 792 2136 863 qui
2177 792 2526 848 dicuntmihi
2555 812 2567 848 :
2594 796 2764 866 Euge,
2828 810 2966 867 euge
2997 798 3065 851 τ’.
3097 816 3115 850 ι
3188 798 3399 853 Nostrae
3436 798 3589 869 igitur
3638 812 3788 869 partes

594 901 744 956 sunt,
775 900 830 945 ut
876 901 1128 961 optemus
1182 891 1387 944 mundo
1444 889 1533 944 isti
1583 904 1703 943 esse
1752 884 2063 950 deridiculi,
2110 892 2169 938 ut
2207 884 2367 937 nobis
2412 886 2527 940 suis
2584 887 2808 944 insultet
2838 889 3047 953 sannis,
3090 905 3217 944 cum
3256 890 3474 944 interim
3537 891 3715 947 Scriba:
3746 909 3791 951 et

594 986 885 1055 pontifices
920 999 1021 1039 suo
1060 984 1155 1037 illo
1189 997 1344 1037 more
1387 981 1653 1035 insultant
1678 978 1917 1033 miseris.
1959 975 2264 1030 llludebant
2298 976 2464 1039 enim,
2503 978 2618 1042 ait,
2651 980 2939 1049 pontifices
3000 982 3067 1037 ad
3130 982 3362 1038 invicem
3425 997 3544 1037 cum
3602 984 3789 1051 Scribis,

591 1078 878 1133 dicentes:
916 1094 933 1126 ι
967 1075 1118 1129 Alios
1158 1073 1337 1127 salvos
1383 1072 1534 1133 fecit,
1587 1071 1828 1139 seipsum
1880 1083 1989 1122 non
2046 1071 2224 1134 potest
2294 1064 2500 1119 salvum
2563 1066 2745 1122 facere
2790 1087 2803 1123 :
2881 1068 3136 1126 Christus
3172 1087 3267 1126 rex
3325 1072 3486 1127 Israel
3543 1073 3793 1131 descendat

592 1183 741 1226 nunc
787 1166 856 1222 de
900 1181 1096 1230 cruce,
1146 1174 1208 1219 ut
1254 1164 1538 1218 videamus
1581 1170 1637 1216 et
1688 1161 1975 1215 credamus
2032 1156 2095 1207 ⁷³.
2126 1171 2145 1205 ι
2228 1152 2379 1208 Hanc
2453 1156 2671 1209 illorum
2710 1159 3085 1213 vesanientcm
3130 1160 3534 1215 insultationem
3577 1164 3788 1235 longani-

593 1262 758 1317 miter
785 1260 1052 1315 tolerabat
1094 1258 1367 1327 benignus
1415 1254 1699 1310 hominum
1738 1260 1950 1307 amator
1987 1244 2271 1302 Dominus.
2307 1246 2410 1315 Ipsi
2444 1247 2617 1318 gloria
2652 1249 2707 1304 in
2742 1251 2938 1305 saecula
2995 1252 3345 1308 sazculorum.
3377 1255 3566 1310 Amen.

1022 1371 1238 1440 1119
1274 1368 1560 1424 HOMILIA
1598 1368 1733 1423 LIX.

578 1462 792 1523 Aliena:
846 1460 1088 1529 felicitati
1150 1456 1599 1579 agggitnéundum
1658 1472 1764 1507 esse
1819 1461 1868 1507 et
1933 1469 2166 1523 congau-

1292 1544 1357 1578 en
1403 1544 1509 1578 um.

1292 1544 1509 1578 enaum.

664 1623 875 1679 Eximia
905 1636 1036 1676 sane
1066 1622 1243 1674 virtus
1272 1633 1334 1672 ac
1368 1618 1479 1671 Deo
1521 1615 1624 1686 ipsi
1658 1630 1783 1670 cum
1821 1613 2016 1683 primis
2038 1628 2163 1682 gra-

2867 1367 3087 1419 ΛΟΓΟΣ
3117 1368 3242 1421 ΝΘ’.

2706 1456 2841 1523 Περὶ
2880 1458 2985 1510 τοῦ
3021 1460 3396 1527 συγχαίρειν.

2341 1612 2573 1681 Μεγάλη
2609 1614 2776 1683 ἀρετή
2815 1616 2961 1667 ἐστιν
2997 1618 3089 1667 καὶ
3117 1616 3411 1686 θεάρεστος
3432 1618 3493 1669 τὸ
3520 1621 3795 1690 συγχαίρειν

596 1718 734 1770 tiosa
751 1723 855 1780 est,
871 1722 931 1768 ut
951 1713 1018 1767 iis
1042 1710 1389 1782 congaudeas
1408 1719 1465 1764 et
1481 1708 1841 1779 aggratulere,
1863 1706 1956 1775 qui
1980 1714 2166 1759 tenore

2279 1711 2382 1771 τοῖς
2409 1704 2466 1762 εὖ
2507 1708 2735 1777 βιοῦσιν,
2779 1712 2871 1763 καὶ
2898 1712 2955 1762 ἐν
2997 1715 3116 1775 ταῖς
3147 1713 3388 1775 ἐντολαῖς
3418 1712 3510 1766 τοῦ
3536 1713 3659 1767 Θεοῦ
3688 1734 3793 1787 προ·

596 1806 841 1876 legitimo
874 1804 1043 1858 vitam
1074 1802 1369 1857 instituunt
1400 1814 1576 1865 suam,
1610 1798 1813 1867 quique
1846 1795 2166 1865 quotidiana

596 1898 913 1953 accessione
941 1901 1266 1965 promovent
1293 1892 1362 1947 ad
1389 1890 1829 1946 observationem
1872 1888 1970 1943 Dei
2010 1904 2167 1943 man-

596 1989 879 2049 datorum,
930 1984 1147 2040 tametsi
1196 1999 1261 2038 ca
1315 1998 1404 2038 res
1461 1982 1605 2051 apud
1660 1982 1950 2051 plerosque
2008 1978 2168 2033 nihili

596 2078 918 2133 aestimetur.
953 2076 1226 2132 Utrumne
1282 2074 1573 2130 sinceriter
1604 2073 1763 2128 alteri
1800 2072 2165 2143 congaudeas,

598 2171 713 2239 ipsa
754 2168 982 2239 vestigia
1008 2167 1196 2222 vultus
1225 2167 1301 2220 tui
1332 2165 1467 2219 nihil
1508 2165 1746 2219 obscure
1790 2164 2051 2233 produnt.
2080 2163 2168 2219 Si-

596 2258 819 2329 quidem
879 2258 973 2311 ira:
1039 2263 1135 2309 aut
1198 2254 1401 2308 furoris
1463 2253 1903 2309 incandesccntia
1967 2252 2171 2308 insedit

594 2349 770 2415 cordi,
803 2349 887 2403 vel
925 2347 1025 2418 ipsi
1058 2347 1202 2401 oculi
1235 2345 1489 2401 omnibus
1524 2345 1759 2400 reddunt
1792 2345 2168 2415 perspicuum,

593 2445 747 2513 juxta
799 2440 1101 2510 Scriptura:
1144 2438 1475 2494 sententiam
1524 2456 1535 2491 :
1602 2457 1618 2488 ι
1665 2437 1843 2492 Corde
1893 2438 2171 2492 exhilara-

597 2549 683 2599 to,
739 2532 1026 2587 revirescit
1080 2531 1248 2585 facies
1290 2530 1355 2583 ".
1414 2549 1430 2580 ι
1486 2529 1748 2584 Perfecta
1798 2539 1983 2584 autem
2038 2530 2170 2584 cha-

601 2626 779 2679 ritatis
826 2624 1038 2694 insigne
1075 2624 1177 2677 hoc
1218 2632 1336 2687 est,
1370 2622 1415 2677 si
1450 2621 1517 2676 ad
1550 2623 1921 2691 proximorum
1952 2638 2170 2693 promo-

598 2719 804 2772 tioncm
828 2714 1201 2779 exlillarcscis,
1225 2729 1325 2769 nec
1358 2713 1543 2767 fucato
1575 2714 1921 2783 perfunderis
1949 2714 2169 2784 gaudio.

600 2809 740 2863 Sunt
768 2808 915 2862 enim
944 2807 1213 2877 plerique,
1237 2805 1331 2875 qui
1362 2804 1585 2874 quidem
1609 2804 1713 2857 etsi
1746 2805 1797 2858 in
1831 2802 2173 2872 promotione

598 2901 729 2965 sint,
768 2900 1118 2967 habeantque
1160 2904 1406 2949 mutuam
1432 2896 1580 2949 illam
1609 2910 1737 2964 erga
1762 2893 1956 2948 fratres
1988 2893 2172 2946 chari-

602 2997 797 3054 tatem;
832 2988 924 3041 ubi
962 2994 1141 3039 tamen
1175 2984 1409 3054 primum
1440 2983 1711 3054 contingit
1737 2999 1905 3036 unum
1934 2983 2171 3052 aliquem

2270 1799 2589 1862 κόπτουσιν,
2627 1799 2730 1852 κᾶν
2763 1800 2916 1868 παρὰ
2948 1817 3094 1853 τισιν
3137 1802 3290 1855 οὐδὲν
3325 1802 3640 1869 λελόγισται.
3665 1806 3727 1857 Τὸ
3754 1807 3795 1859 δὲ

2269 1890 2485 1960 ἀληθῶς
2509 1891 2852 1963 συγχαίρειν,
2886 1892 3027 1945 αὐτὰ
3063 1893 3132 1946 τὰ
3171 1892 3289 1963 ῐχνη
3317 1894 3421 1963 τῆς
3448 1894 3616 1963 ὅψεως
3642 1896 3795 1967 ἀριδή-

2267 1978 2372 2041 λως
2410 1978 2704 2033 δείκνυσιν.
2742 1980 2815 2032 Τὸ
2860 1980 2970 2051 γὰρ
3008 1981 3292 2051 θυμοειδὲς
3342 1986 3443 2053 τῆς
3490 1986 3697 2055 καρδίας
3725 1988 3796 2057 δη-

2268 2070 2446 2125 λοῦσιν
2480 2072 2531 2124 οί
2582 2070 2876 2141 ὀφθαλμοὶ,
2915 2072 3055 2126 κατὰ
3093 2073 3154 2126 τὸ
3191 2075 3597 2145 γεγραμμένον,
3629 2096 3645 2125 ι
3673 2079 3795 2149 Rapo

2268 2164 2389 2227 δίας
2440 2164 2875 2236 εὐφραινομένης
2935 2166 3226 2236 πρόσωπον
3259 2166 3462 2224 θάλλει.
3508 2187 3525 2219 ι
3566 2168 3718 2223 Τοῦτο
3755 2171 3797 2224 δὲ

2267 2254 2370 2324 τῆς
2401 2255 2613 2317 τελείας
2663 2255 2885 2325 ἀγάπης
2930 2256 3101 2321 ἐστὶν,
3158 2256 3220 2310 τὸ
3271 2258 3590 2329 συγχαίρειν
3639 2260 3795 2332 ὲπὶτῇ

2270 2348 2523 2418 προκοπῇ
2558 2346 2656 2401 τοῦ
2696 2347 2951 2416 πλησίου.
2992 2348 3186 2401 Πολλοὶ
3215 2349 3324 2420 γὰρ
3357 2352 3417 2403 ὲν
3455 2353 3553 2421 μιᾷ
3589 2355 3796 2422 προκοπῇ

2270 2434 2443 2499 ὄντες,
2477 2436 2568 2489 καὶ
2603 2436 2817 2506 ἔχοντες
2855 2439 2995 2508 πρὸς
3036 2439 3299 2509 ἀλλήλους
3344 2441 3588 2511 ἀγάπην,
3619 2443 3797 2495 ἐπειδὰν

2272 2528 2470 2598 συνέϐη
2514 2528 2611 2582 ἕνα
2655 2528 2715 2593 ἐξ
2747 2529 2927 2583 αὐτῶν
2962 2533 3358 2603 περισσοτέρας
3411 2538 3598 2603 τυχεῖν
3639 2552 3798 2606 προκο-

2269 2621 2399 2691 πῆς’
2446 2622 2474 2674 ὁ
2510 2620 2697 2693 ἕτερος
2724 2625 2803 2687 εἷς
2838 2623 2898 2676 τδ
2938 2622 3033 2676 τοῦ
3066 2626 3262 2693 φθόνου
3298 2625 3574 2695 βάραθρον
3610 2630 3799 2679 κατέπε·

2273 2730 2383 2766 σεν·
2408 2714 2436 2765 ὁ
2468 2713 2525 2767 δὲ
2550 2714 2865 2785 συγχαίρων
2890 2714 3109 2785 ἀληθῶς
3135 2716 3212 2786 τῷ
3234 2717 3611 2787 κατορθοῦντι,
3646 2722 3798 2791 ἐκτενῆ

2271 2804 2436 2876 εὐχὴν
2466 2805 2825 2870 ἀδιαλείπτως
2867 2808 3010 2877 ὑπὲρ
3057 2809 3222 2862 αὐτοῦ
3266 2811 3569 2882 προσφέρει
3594 2811 3665 2882 τῷ
3691 2813 3798 2882 Θεῷ.

2272 2896 2469 2961 Καθὼς
2507 2898 2600 2950 καὶ
2639 2900 2667 2951 δ
2700 2901 2977 2972 μακάριος
3011 2901 3242 2963 Παῦλος,
3298 2906 3614 2974 συγχαίρων
3653 2909 3799 2969 τισὶν,

2272 2990 2479 3057 ἔλεγεν·
2519 3010 2535 3042 ι
2578 2990 2742 3044 Ὥστε
2778 2994 2926 3061 ἡμᾶς
2972 2994 3170 3056 αὐτοὺς
3228 2997 3542 3064 καυχᾶσθαι
3602 3000 3655 3050 ὲν
3708 3001 3801 3059 ταῖς

599 3098 667 3136 ex
705 3081 838 3150 ipsis
875 3078 1143 3148 ampliore
1177 3075 1385 3146 perfrui
1417 3077 1780 3144 promotione,
1826 3076 1916 3129 ille
1946 3077 2084 3129 alter
2114 3076 2169 3128 in

2289 3079 2637 3151 Ἑκκλησίαις
2690 3082 2784 3135 τοῦ
2836 3082 2974 3135 Θεοῦ
3036 3086 3162 3154 περὶ
3212 3087 3312 3153 τῆς
3359 3087 3635 3156 ὑπομονῆς
3686 3089 3803 3157 ὑμῶν

603 3178 839 3229 immane
882 3190 977 3244 per
1015 3172 1120 3227 hoc
1158 3169 1401 3225 concidit
1440 3169 1658 3224 invidia:
1695 3170 2039 3224 barathrum.
2074 3166 2172 3234 Qui

601 3276 783 3320 autem
832 3265 971 3319 citra
1011 3262 1195 3317 fucum
1239 3262 1409 3316 ullutn
1456 3260 1709 3331 proximo
1759 3259 2175 3330 congratulatur

602 3367 754 3414 recte
800 3354 1047 3426 fungenti
1093 3353 1295 3420 ofIicio,
1344 3368 1443 3423 pro
1494 3353 1589 3407 illo
1636 3368 1856 3423 quoque
1907 3353 2175 3407 intentam

603 3451 716 3504 Deo
758 3457 813 3503 et
866 3446 1195 3502 indivulsam
1253 3446 1417 3502 offert
1473 3447 1807 3511 orationem,
1864 3450 2175 3518 cxemplum

602 3551 826 3598 secutus
896 3539 1041 3593 beati
1110 3538 1265 3593 Pauli
1335 3538 1665 3607 quibusdam
1716 3540 2173 3607 congratulantis,

606 3644 767 3703 atque
789 3631 1065 3686 dicentis:
1097 3650 1114 3681 ι
1140 3631 1218 3684 Ita
1250 3639 1311 3684 ut
1340 3639 1394 3684 et
1429 3646 1532 3684 nos
1566 3630 1670 3699 ipsi
1709 3630 1763 3683 in
1796 3630 1951 3684 vobis
1979 3630 2177 3701 glorie-

608 3743 731 3780 mur
776 3725 831 3779 in
877 3724 1139 3778 Ec‘clesiis
1172 3723 1268 3776 Dei
1312 3738 1413 3793 pro
1450 3722 1714 3791 patientia
1745 3734 1949 3785 vestra,
1985 3732 2040 3776 et
2070 3722 2177 3778 ﬁde

605 3823 661 3874 in
690 3818 948 3873 omnibus
962 3816 1444 3888 persecutionibus
1468 3815 1689 3879 vestris,
1712 3830 1851 3884 quas
1866 3815 2175 3882 sustinetis,

605 3914 661 3967 in
692 3911 1003 3981 exemplum
1034 3908 1167 3980 justi
1208 3907 1403 3979 judicii
1445 3906 1653 3976 ipsius,
1690 3914 1750 3961 ut
1783 3908 1933 3979 digni
1968 3908 2173 3964 habea-

604 4005 741 4060 mini
780 4018 951 4073 regno
980 4001 1077 4055 Dei
1103 4000 1172 4055 "'.
1212 4019 1229 4051 ι
1273 4000 1383 4054 Nec
1414 4014 1572 4053 secus
1618 3999 1685 4054 ad
1740 4000 2124 4070 Philippenses
2162 4018 2175 4053 :

610 4115 627 4148 ι
662 4093 767 4149 Sed
799 4092 902 4147 etsi
933 4089 1185 4145 immolor
1207 4102 1372 4158 supra
1402 4087 1733 4142 sacrificium
1764 4096 1819 4142 et
1850 4088 2177 4158 obsequium

608 4187 735 4240 fidei
761 4193 978 4246 vestrae,
1006 4181 1217 4253 gaudeo
1247 4189 1303 4235 et
1331 4179 1687 4250 congratulor
1711 4179 1968 4234 omnibus
2000 4179 2175 4234 vobis.

604 4279 846 4346 ldipsum
920 4283 1103 4329 autem
1164 4280 1220 4327 et
1287 4286 1383 4325 vos
1442 4270 1673 4340 gaudete
1729 4278 1784 4324 et
1840 4269 2177 4341 congaudete

605 4370 742 4423 mihi
763 4370 808 4401 ⁷⁸
838 4386 850 4420 :
879 4364 1343 4437 quemadmodum
1375 4363 1522 4417 enim
1558 4362 1823 4426 membra,
1861 4362 1957 4427 ait,
1984 4378 2085 4432 pro
2117 4378 2173 4416 sc

604 4460 839 4515 invicem
880 4456 1115 4511 sollicita
1149 4463 1308 4519 sunt,
1337 4460 1393 4507 et
1424 4452 1539 4507 sive
1566 4452 1767 4523 gaudet
1802 4468 1972 4506 unum
2004 4468 2176 4507 mem-

604 4552 799 4614 brum,
853 4546 1202 4618 congaudent
1253 4544 1436 4599 omnia
1483 4542 1764 4608 membra;
1812 4543 1927 4597 sive
1968 4544 2177 4612 patitur

606 4658 775 4699 unum
812 4640 1141 4701 membrum,
1178 4634 1591 4705 compatiuntur
1619 4634 1803 4687 omnia
1835 4634 2174 4700 membra";

604 4736 684 4790 sic
708 4742 764 4787 et
793 4747 894 4785 nos
918 4730 1155 4801 gaudere
1187 4742 1309 4782 cum
1334 4725 1722 4797 gaudentibus,
1750 4724 1881 4779 flere
1906 4740 2029 4779 cum
2052 4725 2179 4780 ﬂen-

607 4826 755 4881 tibus
796 4824 1063 4879 debemus
1091 4820 1157 4875 7'.
1189 4840 1205 4872 ι
1239 4820 1347 4873 Ειι
1386 4839 1402 4869 ι
1437 4819 1657 4873 Honore
1692 4818 1930 4872 invicem
1974 4834 2182 4887 praivc-

604 4920 821 4972 nientes
845 4917 887 4947 ⁷⁸
914 4935 925 4970 :
958 4935 975 4967 ι
1010 4930 1105 4969 eos
1141 4912 1405 4966 nimirum
1438 4910 1531 4981 qui
1568 4910 1729 4965 nobis
1758 4910 1892 4979 ipsis
1924 4911 2177 4980 praeemi-

608 5018 761 5062 nent.
799 5007 905 5061 Sed
937 5015 993 5061 et
1020 5003 1320 5060 Corinthiis
1344 5002 1453 5056 ait:
1488 5021 1505 5051 ι
1541 5001 1659 5055 Νοιι
1703 5000 1851 5054 enim
1891 5000 1997 5054 alia
2042 5000 2178 5055 scri-

609 5100 790 5153 bimus
814 5098 973 5152 vobis
1000 5106 1197 5167 praeter
1221 5110 1285 5149 ea
1313 5110 1435 5164 quae
1468 5102 1523 5147 et
1555 5090 1736 5161 legitis
1765 5100 1821 5146 et
1844 5092 2176 5162 agnoscitis;

609 5206 773 5259 spero
803 5198 1007 5252 autem,
1040 5189 1166 5256 quia
1213 5194 1271 5240 et
1298 5199 1474 5253 usque
1519 5182 1574 5237 in
1615 5182 1779 5236 finem
1813 5183 2177 5252 cognoscetis,

611 5282 757 5336 sicut
802 5290 858 5334 et
907 5277 1241 5349 cognovistis
1282 5291 1350 5330 ex
1383 5283 1571 5345 parte,
1616 5274 1743 5344 quia
1781 5273 1952 5345 gloria
1998 5282 2180 5328 vestra

612 5376 833 5432 sumus,
872 5368 1015 5422 sicut
1057 5376 1111 5422 et
1152 5380 1251 5421 vos
1288 5374 1476 5420 nostra
1525 5364 1580 5418 in
1619 5363 1709 5419 die
1753 5363 1973 5417 Domini
2007 5364 2180 5417 nostri

611 5462 743 5516 Jesu
787 5456 993 5514 Christi
1030 5473 1043 5508 :
1079 5464 1135 5510 et
1187 5456 1290 5509 hac
1334 5453 1666 5509 conﬁdentia
1716 5453 1971 5508 volebam
2028 5454 2184 5524 prius

614 5554 805 5621 venire
853 5551 921 5605 ad
953 5565 1052 5604 vos
1097 5556 1155 5601 ut
1190 5548 1487 5603 secundani
1527 5548 1759 5615 gratiam
1796 5546 2073 5602 haberetis
2106 5546 2173 5613 ‘°,

718 5689 765 5721 ὀ
796 5686 938 5741 Psal.
968 5699 1087 5744 Lxx,
1124 5682 1271 5735 9-12.

616 5760 660 5793 ⁷⁵
690 5761 733 5813 ll
766 5758 959 5811 Thess.
994 5771 1029 5815 I._
1054 5754 1107 5815 ιί,
1138 5752 1189 5805 5.

612 5829 659 5864 ιο
688 5829 731 5885 ιι
757 5828 884 5883 Cor.
913 5845 954 5895 ι,
984 5824 1160 5878 ιδ-ιδ.

1378 5681 1418 5709 ⁷¹
1446 5680 1586 5733 Psal.
1622 5698 1799 5744 χχχιιι,
1826 5681 1911 5735 19.

1301 5749 1344 5781 ⁷⁸
1373 5750 1610 5820 Philipp.
1678 5768 1733 5817 tt,
1793 5752 1879 5817 17,
1928 5751 2011 5805 18.

2024 5683 2068 5713 ⁷⁸
2108 5682 2248 5737 Psal.
2281 5699 2458 5742 XXUX.
2498 5684 2583 5736 16.

2130 5754 2169 5783 ⁷⁷
2202 5752 2220 5805 Ι
2251 5753 2377 5806 Cor.
2414 5770 2506 5818 xu,
2538 5754 2628 5816 ‘25,
2663 5753 2750 5808 26.

2278 3174 2370 3226 καὶ
2403 3173 2636 3236 πίστεως
2684 3174 2741 3225 ὲν
2774 3176 2911 3228 πᾶσι
2958 3178 3070 3239 τοῖς
3126 3176 3387 3247 διωγμοῖς
3431 3179 3602 3249 ὑμῶν,
3634 3174 3705 3242 οἷς
3738 3182 3805 3233 ἂν.

2280 3262 2501 3333 έχεσθε,
2540 3264 2803 3335 ἔνδειγμα
2850 3266 2949 3335 τῆς
2984 3265 3381 3338 δικαιοκρισίας
3443 3268 3623 3333 αὐτοῦ,
3658 3272 3725 3333 εἰς
3762 3270 3805 3323 τὸ

2279 3355 2687 3425 καταξιωθῆναι
2728 3358 2828 3428 τῆς
2881 3357 3157 3428 βασιλείας
3210 3360 3301 3412 τοῦ
3344 3361 3507 3415 Θεοῦ.
3557 3381 3575 3414 ι
3618 3360 3805 3431 Ὁμοίως

2278 3448 2373 3501 καὶ
2403 3449 2814 3520 Φιλιππησίοις,
2861 3469 2879 3501 ι
2924 3450 3063 3503 Ἀλλ’
3094 3455 3139 3505 εἰ
3175 3454 3269 3504 καὶ
3308 3454 3631 3522 σπένδομαι,
3660 3456 3804 3526 ςησίν.

2279 3538 2372 3592 ἐπὶ
2398 3541 2463 3608 τῇ
2491 3538 2652 3610 Θυσίᾳ
2686 3540 2781 3592 καὶ
2800 3539 3115 3611 λειτουργίᾳ
3138 3542 3234 3611 τῆς
3260 3542 3500 3606 πίστεως
3529 3544 3693 3613 ὑμῶν,
3716 3545 3807 3615 Zai-

2283 3647 2360 3700 ρω
2395 3631 2490 3683 καὶ
2524 3632 2809 3702 συγχαίρω
2840 3634 3009 3685 πᾶσιν
3038 3634 3185 3703 ὑμῖν.
3219 3634 3292 3687 Τὸ
3330 3635 3469 3687 αὐτὸ
3493 3636 3548 3688 δὲ
3573 3636 3661 3689 καὶ
3685 3637 3806 3705 ὑμεῖς

2280 3723 2500 3794 χαίρετε
2549 3726 2645 3777 καὶ
2683 3726 3012 3795 συγχαίρετέ
3066 3744 3177 3795 μοι.
3212 3727 3424 3798 Ὥσπερ
3471 3731 3578 3799 γὰρ
3610 3731 3671 3781 τὰ
3703 3729 3807 3798 μέλη

2283 3814 2621 3883 μεριμνῶσιν
2648 3814 2790 3885 ὑπὲρ
2820 3816 3087 3886 ἀλλήλων’
3124 3818 3218 3870 καὶ
3245 3818 3356 3870 εἴτε
3381 3820 3569 3889 χαίρει
3597 3819 3649 3871 ἓν
3664 3820 3807 3889 μέλος,

2283 3904 2569 3976 συγχαίρει
2614 3905 2797 3959 πάντα
2838 3907 2906 3960 τὰ
2943 3909 3111 3979 μέλιγ
3168 3910 3277 3961 εἴτε
3329 3910 3535 3981 πάσχει
3577 3910 3631 3962 ἓν
3664 3912 3805 3979 μέλος,

2283 3998 2597 4066 συμπάσχει
2631 4000 2811 4051 πάντα
2844 3997 2913 4051 τὰ
2948 3998 3110 4069 μέλη’
3134 3998 3305 4063 οὓτως
3334 4001 3428 4053 καὶ
3460 4003 3617 4071 ἡμεῖς
3641 4002 3808 4071 χαίρειν

2283 4087 2420 4156 μετὰ
2450 4089 2767 4158 χαιρόντων,
2799 4089 2894 4142 καὶ
2923 4089 3135 4143 κλαίειν
3186 4092 3324 4161 μετά
3362 4092 3658 4145 κλαιόντων
3696 4092 3808 4159 ὀφεί-

2280 4179 2465 4250 λομεν.
2498 4180 2629 4245 Καὶ,
2663 4200 2679 4232 ι
2722 4183 2801 4253 Τῇ
2856 4186 2987 4253 τιμῇ
3034 4183 3301 4254 ἀλλήλους
3337 4188 3757 4256 προηγούμενοι,
3790 4202 3803 4234 ι

2281 4268 2651 4340 ὑπερέχοντας
2691 4270 2922 4326 ἑαυτῶν.
2961 4272 3122 4324 Ἀλλὰ
3157 4274 3251 4325 καὶ
3302 4274 3616 4343 Κορινθίοις
3660 4276 3805 4344 φησίν·

2290 4378 2308 4410 ι
2345 4362 2418 4413 Οὐ
2449 4360 2557 4429 γὰρ
2590 4360 2721 4413 ἄλλα
2756 4362 3042 4432 γράφομεν
3073 4363 3219 4432 ὑμῖν,
3262 4364 3379 4417 ἀλλ’
3429 4367 3466 4437 ἦ
3515 4368 3550 4419 ἃ
3579 4365 3804 4433 ἀναγινώο

2285 4469 2465 4515 σκετε,
2499 4452 2594 4504 καὶ
2617 4453 3030 4519 ἐπιγινώσκετε.
3089 4456 3325 4519 Ἐλπίζω
3372 4457 3429 4509 δὲ
3468 4460 3548 4511 ὅτι
3600 4462 3684 4511 καὶ
3730 4461 3805 4519 ἕως

2282 4543 2468 4607 τέλους
2499 4543 2890 4612 ἐπιγνώσεσθε,
2925 4546 3106 4608 καθὼς
3134 4548 3227 4599 καὶ
3261 4548 3543 4615 ἐπέγνωτε
3573 4551 3703 4619 ἡμᾶς
3729 4548 3805 4599 dab

2287 4636 2517 4706 μέρους,
2560 4636 2642 4689 ὃτι
2692 4635 2953 4706 καύχημα
3006 4638 3159 4706 ὑμῶν
3212 4640 3398 4706 ἐσμεν·
3452 4642 3692 4708 καθάπερ
3738 4641 3805 4691 καὶ

2286 4727 2443 4794 ὑμεῖς
2474 4726 2630 4795 ἡμῶν
2680 4728 2738 4778 ὲν
2783 4730 2848 4798 τῇ
2892 4728 3073 4799 ἡμέρᾳ.
3106 4729 3198 4781 τοῦ
3235 4730 3440 4801 Κυρίου
3486 4732 3640 4801 ἡμῶν
3671 4728 3805 4800 Ἰησοῦ

2289 4816 2545 4887 Χριστοῦ.
2576 4819 2685 4871 Καὶ
2709 4819 2879 4889 ταύτη
2912 4823 2977 4890 τῇ
3009 4822 3328 4890 πεποιθήσει
3356 4823 3653 4893 ἐϐουλόμην
3673 4822 3805 4875 ἐλθεῖν

2283 4905 2345 4959 τὸ
2376 4910 2641 4978 πρότερον
2669 4908 2806 4978 πρὸς
2833 4910 3001 4977 ὑμᾶς,
3036 4910 3120 4962 ἵνα
3150 4911 3413 4983 δευτέραν
3451 4914 3623 4984 χαρὰν
3658 4913 3804 4981 σχῆτε,

2286 4999 2559 5062 πεποιθὼς
2590 4999 2682 5052 ἐπὶ
2708 5000 2909 5063 πάντας
2944 5001 3113 5070 ὑμᾶς,
3151 5004 3287 5073 ὅτιὴ
3320 5005 3427 5074 ἐμὴ
3460 5004 3603 5075 χαρὰ
3638 5007 3807 5057 πάντων

2288 5091 2441 5162 ὑμῶν
2478 5093 2644 5145 ἐστιν.
2688 5111 2706 5143 ι
2736 5093 3049 5163 Γέγραπται
3075 5094 3131 5147 δὲ
3165 5095 3258 5147 καὶ
3286 5098 3342 5147 ἐν
3366 5096 3443 5166 τῷ
3473 5096 3614 5149 κατὰ
3637 5096 3808 5148 Λονκᾶν

2289 5184 2624 5253 Εὑαγγελίῳ,
2664 5203 2681 5235 ι
2738 5186 2824 5246 Ὠς
2857 5185 2913 5238 δὲ
2956 5186 3309 5256 ἐπλήσθησαν
3343 5190 3398 5242 αἱ
3429 5189 3626 5259 ἡμέραι
3650 5186 3731 5239 τοῦ
3752 5202 3809 5236 τεο

2289 5275 2405 5325 κεῖν
2440 5274 2540 5342 τὴν
2589 5273 2890 5339 Ἑλιοαϐὲτ,
2925 5274 3021 5328 καὶ
3056 5276 3345 5345 ἐγέννησεν
3396 5276 3532 5339 υίὺν,
3562 5276 3651 5328 καὶ
3683 5276 3809 5343 ἧκον·

2292 5381 2389 5417 σαν
2421 5366 2469 5417 οί
2501 5366 2792 5435 περίοικοι,
2827 5365 2919 5417 καὶ
2951 5366 2999 5417 οἱ
3040 5370 3323 5434 συγγενεῖς
3358 5368 3544 5437 αὐτῆς,
3582 5367 3668 5420 καὶ
3712 5380 3808 5415 cm-

2291 5457 2510 5527 έχαιρον
2537 5457 2696 5526 αὐτῇ.
2734 5476 2751 5507 ι
2792 5456 2947 5509 Οὕτω
2992 5458 3101 5527 γὰρ
3143 5458 3376 5527 νομίμου
3422 5456 3601 5527 φιλίας
3629 5453 3809 5522 θεσμὸς.

2294 5550 2387 5602 καὶ
2418 5551 2573 5603 κοινὰ
2621 5549 2890 5604 ποιεῖσθαι
2927 5550 2994 5603 τὰ
3032 5550 3139 5605 τῶν
3167 5551 3523 5621 φιλουμένων.
3558 5551 3659 5602 Καὶ
3684 5546 3811 5604 αὐτὸς

3405 5683 3447 5714 ⁷⁸
3478 5682 3631 5741 Prov.
3664 5694 3737 5739 xv,
3767 5676 3805 5727 3.

2694 5684 2737 5714 ⁷³
2773 5682 2960 5738 Matth.
3016 5699 3179 5745 xxvn,
3211 5683 3300 5737 4-2.
3405 5683 3447 5714 ⁷⁸
3478 5682 3631 5741 Prov.
3664 5694 3737 5739 xv,
3767 5682 3790 5727 ὅ

2694 5754 2750 5805 κϐ.
2869 5754 2912 5784 ⁷⁸
2954 5755 3110 5805 Rom.
3177 5770 3268 5805 χιι.
3330 5752 3414 5805 15.
3518 5749 3706 5805 "ibid.
3742 5744 3792 5797 10

2869 5754 2912 5784 ⁷⁸
2954 5755 3110 5807 Rom.
3177 5770 3268 5817 xu,
3330 5752 3414 5808 15.
