3868 6534
126 392 244 456 1613

809 396 1137 458 HOMILIA
1176 398 1683 459 LX.—NEMINI
1718 366 2120 461 SINGERERE
2160 403 2629 465 TRISTITIAM.

3206 407 3341 473 1614

119 506 257 573 οὗτος
285 511 313 562 6
348 509 557 580 τεχθεὶς
602 510 862 580 Ἰωάννης
896 512 1079 580 ἔλεγεν
1121 515 1235 575 τοῖς
1273 514 1542 584 μαθηταῖς
1570 515 1669 568 a6-

1786 516 2057 573 :onfidens
2108 534 2235 588 erga
2286 534 2479 574 omnes
2530 537 2628 574 vos
2677 520 2803 589 quia
2854 536 3035 575 meum
3084 526 3345 593 gaudium

118 604 221 667 τοῦ,
252 623 269 655 ι
325 603 369 656 0
397 604 548 670 φίλος
575 603 668 655 τοῦ
698 603 953 671 νυμφίου,
978 603 1295 673 ὁὲστηκὼς,
1332 606 1425 657 καὶ
1456 605 1674 657 ἀκούων

119 696 295 759 αὐτοῦ,
339 697 484 766 χαρᾷ
515 696 695 765 χαίρει
743 696 832 748 διὰ
868 695 965 762 τὴν
1001 696 1185 765 φωνὴν
1218 696 1313 748 τοῦ
1357 697 1613 767 νυμφίου.
1651 716 1669 749 ι

118 787 252 855 Λῦτη
285 783 381 839 οὖν
410 788 442 856 ἡ
474 787 617 856 χαρά
654 788 685 855 ἡ
718 786 823 855 ἐμὴ
853 786 1235 857 πεπλήρωται,
1263 806 1280 837 ι
1330 788 1567 841 Ἐκεῖνον
1594 787 1676 839 δεῖ

118 880 379 943 αύξάνειν,
407 881 505 950 ἐμὲ
526 881 582 933 δὲ
614 881 989 934 ἐλαττοῦσθαι.
1028 901 1045 933 ι
1068 882 1127 933 '0
1152 884 1260 950 γὰρ
1289 883 1426 951 ἔχων
1450 883 1667 935 τελείαν

118 972 345 1039 ἀγάπην,
382 971 571 1023 ἑαυτὸν
623 972 881 1025 ἐλάττονα
916 974 1128 1041 ἡγεῖται
1155 990 1167 1001 ·
1201 972 1291 1025 τὸν
1336 973 1392 1024 δὲ
1422 973 1670 1043 πλησίον,

119 1062 445 1132 ὑπερέχοντα
490 1063 705 1117 ἑαυτοῦ.
748 1063 905 1134 Αύτῷ
956 1065 989 1134 ἡ
1034 1064 1158 1130 δόξα
1192 1066 1274 1126 εἰς
1309 1067 1433 1127 τοὺς
1466 1065 1672 1127 αἰῶνας

116 1156 214 1207 τῶν
242 1154 474 1209 αίώνων.
521 1157 715 1226 Ἀμήν,

1774 610 2020 663 omnium
2069 621 2315 665 vestrum
2350 621 2433 666 est
2463 612 2527 665 ⁸⁸.
2559 632 2577 664 ι
2618 612 2900 681 Scriptum
2946 623 3131 669 autem
3175 627 3261 671 est
3291 629 3348 673 et

1773 702 1828 755 in
1884 702 2043 757 Luca;
2096 704 2393 774 Evangelia
2428 721 2444 757 :
2486 723 2504 754 ‹
2552 705 2848 774 Postquam
2904 715 3089 761 autem
3136 710 3346 779 impleti

1777 802 1906 848 sunt
1931 794 2049 848 dies
2080 795 2332 863 pariendi
2364 796 2668 859 Elisabetb,
2704 806 2759 851 et
2788 798 2905 867 ipsa
2934 799 3123 869 genuit
3148 800 3345 865 filium,

1774 895 1830 938 et
1852 884 2150 938 audierunt
2188 885 2356 939 vicini
2398 894 2454 939 et
2497 888 2711 956 cognati
2740 889 2881 958 ejus,
2913 895 2970 943 et
2997 891 3348 958 congratula~

1774 971 1977 1025 bantur
2003 973 2054 1026 ei
2077 974 2142 1026 δ’.
2181 992 2199 1023 ι
2234 973 2383 1026 Adeo
2417 990 2538 1043 qua:
2564 977 2865 1030 amicorum
2895 986 3024 1032 sunt
3052 978 3350 1048 peculiari-

1774 1071 1881 1127 ter,
1918 1063 2232 1117 communia
2270 1062 2437 1118 eﬂicit
2464 1065 2744 1121 vinculum
2774 1068 3032 1137 legitima:
3071 1070 3345 1124 amicitiae.

1773 1154 1914 1219 Quin
1940 1162 1994 1207 et
2028 1155 2137 1219 hic,
2174 1155 2311 1223 ipse,
2354 1157 2600 1224 inquam,
2627 1158 2888 1223 Joannes,
2930 1162 3047 1214 suis
3072 1161 3350 1217 disserens

116 1245 415 1315 discipulis,
446 1245 706 1301 dicebat:
748 1266 766 1298 ι
810 1247 1034 1302 Amicus
1069 1247 1256 1317 sponsi
1290 1256 1460 1309 stans,
1498 1255 1554 1299 et
1614 1246 1847 1299 audiens
1894 1246 2092 1314 ipsum,
2134 1247 2335 1315 gaudio
2376 1248 2578 1317 gaudet
2637 1258 2865 1319 propter
2927 1267 3117 1307 vocem
3180 1269 3350 1323 spono

116 1338 156 1391 si
179 1338 240 1389 ³³.
276 1356 295 1387 ι
338 1337 511 1405 Igitur
552 1339 659 1394 hoc
694 1356 876 1393 meum
917 1339 1178 1408 gaudium
1222 1338 1506 1407 impletum
1550 1344 1675 1390 est:
1722 1356 1739 1387 ι
1771 1336 1928 1389 Illum
1958 1346 2174 1405 oportet
2205 1353 2477 1401 crescere,
2509 1354 2596 1393 me
2658 1351 2843 1396 autem
2903 1344 3078 1397 minui
3102 1344 3169 1399 “.
3200 1365 3217 1395 ι
3244 1347 3349 1411 Qui

114 1428 248 1481 enim
300 1430 366 1483 ad
425 1429 718 1497 perfectam
767 1446 940 1499 usque
992 1429 1261 1498 promovit
1307 1428 1664 1490 charitatem,
1704 1442 1762 1480 se
1807 1426 2031 1494 quidem
2081 1426 2352 1481 minorem
2403 1428 2582 1495 ducit,
2636 1430 2945 1500 proximum
3019 1450 3153 1490 vero
3203 1436 3351 1506 inge-

115 1534 214 1573 nue
252 1518 546 1588 profitetur
582 1519 1026 1573 eminentiorem.
1058 1517 1163 1586 lpsi
1194 1516 1365 1585 gloria
1399 1516 1455 1568 in
1486 1516 1684 1570 szecula
1721 1516 2068 1570 saeculorum.
2097 1516 2291 1571 Amen.

727 1633 943 1687 ΛΟΓΟΣ
984 1633 1059 1686 Ξ’.

474 1747 611 1815 Περὶ
645 1746 750 1799 τοῦ
775 1746 860 1814 μὴ
891 1746 1110 1799 λυπεῖν
1149 1763 1301 1799 τινα.

177 1861 236 1913 Εἰ
264 1863 292 1914 6
318 1859 546 1928 ἀγαπῶν
575 1859 665 1910 τὸν
697 1857 923 1925 ἀδελφὸν
963 1856 1149 1917 αὑτοῦ,
1177 1857 1269 1908 τὸν
1298 1855 1432 1908 Θεὸν
1465 1856 1672 1926 ἀγαπᾷ,

2229 1632 2442 1705 1120
2469 1634 2750 1690 nonum
2790 1635 2901 1691 Lx.

2186 1742 2264 1795 Ne
2301 1746 2382 1796 cui
2404 1744 2613 1813 ingeras
2645 1745 2933 1798 tristitiam.

1850 1851 1952 1918 Qui
1981 1852 2159 1923 diligit
2191 1853 2419 1908 fratrem
2470 1870 2654 1918 suum,
2687 1856 2859 1910 Deum
2904 1857 3097 1928 utique
3135 1859 3349 1932 diligit;

114 1955 201 2005 καὶ
240 1955 268 2005 6
320 1957 392 2021 μὴ
423 1949 650 2018 ἀγαπῶν
691 1949 779 2000 τὸν
807 1946 1032 2014 ἀδελφὸν
1060 1948 1247 2013 αὑτοῦ,
1275 1948 1395 2000 οὐδὲ
1432 1947 1522 2000 τὸν
1546 1948 1679 2001 Θεὸν

1786 1954 2004 2009 contra,
2066 1946 2320 2014 quisquis
2388 1946 2613 1999 fratrem
2686 1963 2845 2002 suum
2907 1952 3228 2020 neutiquam
3286 1970 3355 2009 ex

114 2045 318 2112 ἀγαπᾷ,
350 2044 492 2095 κατὰ
520 2042 611 2095 τὸν
654 2039 951 2093 ἀπόστολον
990 2039 1243 2109 Ἰωάννην
1268 2077 1284 2101 ,
1315 2034 1473 2105 δῆλόν
1503 2040 1672 2103 ἐστιν,

113 2138 187 2188 ὅτι
213 2138 309 2187 καὶ
341 2137 370 2189 6
393 2134 576 2189 λυπῶν
604 2134 692 2186 τὸν
726 2132 953 2199 ἀδελφὸν
977 2129 1164 2194 αὑτοῦ,
1195 2131 1287 2182 τὸν
1327 2131 1458 2182 Θεὸν
1488 2130 1669 2183 λυπεῖ.

118 2248 135 2279 ε
171 2230 258 2296 Μὴ
288 2227 512 2279 λυπεῖτε
555 2224 685 2296 γὰρ,
719 2225 905 2294 φησὶν,
935 2222 996 2275 τὸ
1028 2222 1249 2291 Πνεῦμα
1269 2222 1331 2273 τὺ
1360 2220 1512 2289 ἅγιον
1548 2223 1605 2272 ἐν
1632 2212 1676 2288 ᾧ

112 2320 532 2391 ἐσφραγίσθητε.
587 2337 606 2370 ι
662 2317 771 2369 Kal
814 2316 894 2381 τὸ,
935 2334 951 2365 ι
1011 2313 1141 2383 Ἐμὲ
1178 2313 1477 2382 ἐλύπησαν,
1531 2313 1677 2381 λέγει

114 2411 331 2481 Κύριος.
364 2430 382 2462 ι
440 2410 546 2463 Kal
600 2404 775 2471 αὖθις,
833 2425 851 2456 ι
921 2404 1039 2472 Ἐφ’
1072 2406 1197 2456 ὅσον
1254 2405 1546 2473 ἐποιήσατε
1600 2404 1680 2456 ἐνὶ

112 2504 311 2554 τούτων
380 2502 486 2553 τῶν
536 2501 781 2567 ἀδελφῶν
853 2514 952 2567 μου
1010 2496 1117 2547 τῶν
1194 2494 1513 2563 ἐλαχίστων,
1557 2495 1681 2562 ἐμοὶ

112 2595 423 2661 ἐποιήσατε.
468 2611 486 2642 ι
523 2591 653 2654 Καὶ,
692 2607 711 2639 ‹
766 2588 881 2653 Ἐφ’
938 2588 1059 2638 ὅσον
1117 2584 1217 2636 οὐκ
1248 2586 1536 2655 ἐποιήσατε
1602 2585 1682 2635 ἐνὶ

110 2686 350 2746 τούτων,
407 2683 527 2736 οὐδὲ
598 2682 722 2750 ἐμοὶ
806 2681 1125 2748 ἐποιήσατε.
1197 2697 1216 2729 ι
1275 2678 1681 2731 Ἀποδέδεικται

108 2776 285 2827 τοίνυν
356 2773 446 2826 διὰ
488 2772 597 2824 τῶν
644 2774 1078 2841 προειρημένων,
1124 2774 1207 2824 ὅτι
1273 2773 1301 2823 6
1373 2770 1465 2821 τὸν
1524 2768 1680 2820 ἁδελ-

113 2867 204 2934 φὺν
226 2865 395 2919 αὐτοῦ
440 2864 781 2935 θεραπεύων,
827 2866 922 2916 τὸν
978 2864 1112 2916 Θεὸν
1157 2862 1465 2934 θεραπεύει.
1514 2858 1685 2912 Γινώ-

113 2977 329 3023 σκοντες
364 2955 476 3022 οὖν,
516 2960 807 3027 ἀγαπητοὶ,
841 2959 920 3010 ὅτι
958 2960 1016 3011 ὲν
1072 2958 1253 3026 τούτῳ
1284 2958 1375 3007 τὸν
1406 2956 1537 3006 Θεὸν
1592 2952 1685 3004 θε-

113 3052 445 3121 ραπεύομεν,
494 3052 551 3102 ὲν
596 3050 675 3119 τῷ
711 3051 784 3120 μὴ
814 3048 1005 3101 λυπεῖν
1052 3047 1109 3099 ἐν
1163 3065 1270 3101 τινι
1299 3052 1390 3098 τον
1437 3044 1683 3114 πλησίον,

113 3145 385 3206 παντοίως
418 3143 814 3213 ἀγωνισώμεθα
868 3142 945 3211 μὴ
973 3140 1156 3193 δοῦναι
1224 3137 1558 3209 πρόφασινῆ
1600 3135 1687 3187 αἱ·

111 3237 229 3288 τίαν
293 3237 402 3287 τινὶ
468 3233 561 3287 τοῦ
629 3234 912 3286 λυπεῖσθαι
981 3231 1102 3284 καθ’
1151 3230 1310 3301 ἡμῶν
1370 3228 1604 3296 εὐλόγως
1646 3224 1750 3330 ἣϐ

110 3329 321 3396 ἀλόγως
348 3344 359 3355 ·
395 3328 481 3379 ἴνα
530 3327 605 3397 μὴ
652 3325 1021 3395 ἀπρόσδεκτος
1054 3324 1279 3394 γένηται
1316 3323 1350 3391 ἡ
1400 3317 1679 3391 προσευχὴ

112 3420 288 3491 ἡμῶν,
323 3419 395 3480 ὼς
425 3417 696 3489 πρόόατον
744 3419 834 3469 ἐπὶ
866 3416 1065 3486 βωμόν.
1123 3435 1139 3466 α
1191 3408 1283 3477 Εἷς
1326 3413 1456 3482 γὰρ,
1493 3411 1677 3480 φησιν,

111 3514 428 3584 εὐχόμενος,
481 3512 574 3562 καὶ
609 3504 689 3571 εἷς
724 3507 1131 3577 καταρώμενος,
1172 3504 1314 3566 τίνος
1354 3502 1537 3572 φωνὴν
1562 3502 1681 3553 εἱσ-

112 3604 404 3657 ακούσεται
450 3603 477 3654 6
514 3599 832 3668 Δεσπότης;
878 3617 896 3647 ι
930 3596 1109 3658 καθὼς
1147 3597 1203 3646 ὲν
1230 3595 1295 3663 τῇ
1328 3592 1497 3661 Σοφίᾳ.
1532 3588 1681 3657 δεδή-

110 3695 300 3746 λωται.
345 3714 360 3743 ι
391 3693 500 3746 Καὶ
532 3688 709 3754 αὖθις,
735 3709 752 3739 ι
786 3684 877 3753 Εἷς
901 3686 1218 3755 οἰκοδομῶν,
1248 3684 1340 3736 καὶ
1370 3677 1447 3745 εἷς
1485 3680 1681 3734 καθαι-

115 3784 242 3853 ρῶν,
272 3782 330 3833 τί
360 3782 738 3849 ὠφελήσουσιν
766 3777 952 3839 πλέον,
993 3774 1026 3846 ἢ
1076 3773 1314 3836 κόπους;
1353 3767 1684 3839 βαπτιζόμε-

111 3892 196 3937 νος
230 3874 344 3926 ἀπὸ
378 3874 592 3942 νεκροῦ,
628 3872 725 3924 κα)⁸
759 3870 922 3923 πάλιν
950 3866 1274 3935 ἁπτόμενος,
1307 3862 1360 3914 τί
1402 3859 1682 3930 ὠφέλησεν

108 3968 167 4017 τὸ
198 3964 433 4033 λουτρὸν
463 3962 665 4023 αὐτοῦς
708 3979 725 4011 ι
766 3957 954 4018 Οὕτως
979 3954 1254 4026 νηστεύων
1278 3950 1560 4020 ἄνθρωπος
1591 3948 1684 3999 ἐπὶ

106 4060 212 4112 τῶν
260 4056 551 4127 ἁμαρτιῶν
584 4050 773 4114 αὐτοῦ,
812 4052 906 4102 καὶ
938 4048 1103 4099 πάλιν
1134 4042 1555 4114 πορνευόμενος,
1589 4038 1682 4090 καὶ

108 4153 177 4205 τὰ
211 4151 356 4204 αύτά
389 4148 582 4211 ποιῶν,
626 4146 723 4212 τῆς
752 4139 1066 4212 προσευχῆς
1109 4136 1271 4189 αὐτοῦ
1313 4134 1397 4197 τίς
1432 4130 1683 4185 εἰσακού-

112 4257 302 4307 σεται;
338 4240 434 4291 καὶ
465 4238 517 4289 τί
546 4235 827 4303 ὠφέλησεν
871 4234 927 4283 ὲν
958 4228 1035 4298 τῷ
1077 4224 1463 4279 ταπεινοῦσθαι
1489 4221 1680 4283 αύτόνς

110 4336 222 4387 Kal
252 4333 487 4399 ὲπάγει,
526 4349 543 4380 ι
596 4327 686 4397 Μὴ
740 4326 989 4377 τέκταινε
1041 4321 1133 4371 ἐπὶ
1181 4318 1272 4369 σὺν
1314 4317 1466 4385 φίλον
1514 4314 1680 4377 κακὰ,

109 4425 509 4497 παροικοῦντα,
561 4421 651 4472 καὶ
686 4416 980 4469 πεποιθότα
1009 4412 1104 4464 ἐπὶ
1141 4410 1247 4463 σοί.
1295 4410 1388 4459 Ἐκ
1420 4407 1683 4475 στόματος

108 4521 216 4590 γὰρ
258 4520 493 4586 ἄφρονος
562 4513 897 4577 ἐξελεύσεται
941 4506 1209 4579 βακτηρία
1254 4503 1499 4572 ὕϐρεως·
1531 4501 1682 4571 χείλη

1777 2038 1962 2090 animo
2033 2038 2253 2106 diligit,
2313 2054 2493 2107 neque
2569 2039 2615 2092 is
2680 2039 2857 2110 diligit
2921 2041 3134 2107 Deum,
3198 2045 3356 2114 juxta

1775 2126 2000 2181 Joannis
2054 2127 2288 2196 apostoli
2349 2128 2677 2182 sententiam
2725 2130 2794 2182 ⁸⁸.
2858 2129 3004 2184 Nulli
3055 2133 3355 2188 obscurum

1777 2233 1898 2273 esse
1948 2228 2172 2287 putem,
2233 2219 2493 2288 quoniam
2530 2221 2783 2290 quisquis
2834 2222 3060 2277 fratrem
3119 2240 3356 2281 mmrere

1778 2307 1934 2365 facit.
1993 2309 2135 2362 idem
2176 2312 2467 2363 contristat
2513 2320 2569 2364 et
2618 2312 2812 2366 Deum.
2854 2333 2871 2364 ε
2914 2314 3092 2369 Nolite
3143 2319 3356 2371 contri-

1779 2410 1928 2457 stare
2000 2402 2262 2471 Spiritum
2334 2414 2623 2473 sanctmn,
2679 2407 2790 2472 ait,
2855 2408 2909 2461 in
2978 2426 3090 2479 quo
3153 2412 3349 2481 signati

1779 2493 1913 2545 estis
1948 2489 2015 2544 ".
2054 2513 2071 2543 ι
2113 2493 2180 2547 Ει
2214 2510 2225 2545 :
2267 2510 2286 2543 ‹
2321 2492 2404 2547 Me
2453 2496 2946 2562 contristaverunt,
3000 2500 3135 2555 dicit
3170 2504 3358 2558 Domi-

1780 2596 1887 2635 nus
1914 2582 1979 2635 ⁸⁷.
2014 2602 2030 2632 ι
2064 2584 2301 2637 Rursum
2334 2600 2346 2636 :
2382 2604 2398 2634 ι
2436 2585 2693 2651 Quandiu
2744 2588 2954 2644 fecistis
2999 2592 3093 2645 uni
3139 2609 3204 2648 ex
3243 2595 3357 2650 fra-
3420 2626 3425 2629 Α

1784 2675 1960 2729 tribus
1979 2675 2112 2728 meis
2130 2676 2391 2738 minimis,
2420 2678 2553 2730 mihi
2579 2678 2785 2733 fecistis
2803 2680 2867 2735 ⁸⁸.
2892 2702 2908 2732 ι
2936 2683 3004 2738 Ει
3024 2702 3036 2737 :
3060 2704 3076 2735 ‹
3101 2684 3358 2751 Quandiu

1785 2782 1893 2820 non
1939 2766 2147 2821 fecistis
2186 2768 2279 2821 uni
2326 2784 2394 2821 ex
2443 2769 2549 2832 his,
2594 2786 2771 2840 neque
2816 2773 2949 2827 mihi
2998 2775 3207 2831 fecistis
3237 2779 3304 2832 ⁸⁸.
3334 2798 3352 2829 ι

1786 2857 1881 2910 ilis
1900 2857 2066 2925 igitur
2088 2857 2363 2925 praadictis
2388 2857 2584 2911 idonee
2606 2862 2741 2914 satis
2760 2860 3127 2919 demonstrari
3148 2878 3356 2935 putem,

1785 2949 2046 3017 quoniam
2079 2950 2172 3017 qui
2204 2949 2272 3002 de
2308 2949 2477 3002 fratre
2508 2950 2646 3004 bene
2686 2954 2919 3008 meritus
2945 2957 3171 3011 exhibet
3199 2960 3359 3015 obse-

1786 3040 1997 3110 quium,
2027 3041 2351 3109 obsequitur
2376 3050 2431 3094 et
2459 3042 2591 3097 Deo.
2632 3041 2768 3097 Cum
2808 3044 2995 3115 igitur,
3020 3048 3355 3112 charissiini.

1787 3130 1958 3198 probe
2012 3131 2122 3200 jam
2175 3131 2513 3194 noverimus,
2568 3147 2669 3186 nos
2726 3132 2780 3186 in
2835 3134 2941 3190 hoc
2994 3137 3227 3209 obsequi
3293 3158 3359 3197 ac

1790 3221 2056 3274 inservire
2095 3221 2228 3281 Deo,
2272 3220 2315 3274 si
2351 3222 2499 3275 nulla
2534 3221 2588 3275 in
2636 3238 2695 3277 re
2724 3226 3036 3293 proximum
3062 3231 3360 3287 contriste-

1785 3327 1942 3365 mus:
1967 3311 2146 3365 modis
2172 3313 2430 3368 omnibus
2447 3313 2781 3381 adnitamur,
2803 3331 2873 3371 ne
2897 3333 3003 3388 qua
3026 3320 3080 3373 in
3107 3338 3165 3376 re
3194 3323 3357 3379 ullam

1784 3418 2141 3473 suggeramus
2178 3404 2522 3459 occasionem
2554 3407 2667 3461 sive
2702 3422 2922 3463 causam
2970 3413 3218 3480 proximo
3256 3416 3357 3469 tri-

1785 3495 1949 3548 stitia:
1992 3503 2047 3548 et
2074 3496 2352 3559 maeroris,
2386 3496 2501 3549 sive
2542 3512 2631 3550 res
2664 3497 2803 3552 ferat
2844 3500 3039 3554 rationi
3073 3512 3357 3574 utcunque

1784 3594 2188 3651 consentanea,
2244 3585 2358 3640 sive
2410 3586 2646 3641 minus:
2685 3597 2745 3642 ut
2804 3605 2874 3644 ne
2930 3600 3116 3646 nostra
3176 3597 3357 3648 oratio

1786 3678 2015 3746 perinde
2059 3693 2121 3731 ac
2176 3678 2445 3747 rejectitia
2493 3679 2765 3748 quaapiam
2807 3681 2926 3734 ovis
2972 3690 3028 3736 et
3086 3685 3355 3753 reproba.

1786 3770 1899 3824 Deo
1928 3770 2138 3840 ingrata
2178 3770 2291 3825 fiat.
2325 3790 2342 3820 ι
2372 3769 2524 3825 Unus
2553 3771 2700 3824 enim
2734 3787 2918 3837 orans,
2953 3774 3029 3828 ait
3066 3775 3279 3844 Siracb,
3302 3788 3360 3834 et

1788 3877 1935 3914 unus
1988 3861 2359 3923 malediceus,
2416 3860 2573 3929 cujus
2632 3876 2825 3915 vocem
2870 3865 3127 3919 exaudiet
3174 3868 3359 3923 Domi-

1787 3968 1894 4007 nus
1920 3953 2000 4005 ”?
2031 3972 2048 4003 ι
2086 3951 2552 4021 quemadmodum
2590 3954 2642 4005 in
2680 3952 2962 4022 Sapientia
2992 3956 3121 4011 Jesu
3162 3959 3355 4015 Sirach

1788 4046 2096 4099 luculenter
2119 4058 2439 4112 expressum
2470 4052 2575 4097 est.
2608 4043 2846 4097 Rursum
2881 4061 2895 4098 :
2939 4064 2955 4095 ι
2986 4046 3140 4102 Unus
3185 4050 3359 4103 mdia-

1789 4154 1920 4192 cans
1969 4146 2024 4191 et
2073 4151 2216 4189 unus
2267 4134 2592 4197 destruens,
2638 4135 2768 4203 quid
2810 4139 3085 4193 commodi
3128 4140 3361 4198 aﬂerent

1790 4236 1990 4298 praeter
2010 4226 2262 4281 labores?
2291 4226 2392 4292 Qui
2424 4226 2640 4280 lavatur
2664 4242 2695 4279 a
2722 4229 3036 4294 morticine,
3068 4240 3124 4285 et
3156 4232 3357 4286 iterum

1790 4322 1961 4391 tangit
1991 4320 2362 4385 morticinum,
2390 4336 2511 4389 qua:
2541 4320 2750 4375 utilitas
2773 4321 2825 4374 in
2853 4322 3071 4377 lavacro
3096 4325 3310 4394 ejus"?
3335 4347 3352 4376 ι

1791 4412 1882 4468 Sic
1904 4412 1997 4482 qui
2023 4413 2235 4482 jejunat
2260 4413 2425 4466 homo
2459 4428 2559 4482 pro
2588 4414 2831 4483 peccatis
2857 4414 2991 4475 suis.
3013 4426 3069 4469 et
3090 4416 3136 4469 is
3161 4416 3357 4471 iterum

1792 4502 2117 4569 fornicatur,
2162 4518 2226 4557 ac
2274 4504 2464 4557 eadem
2507 4503 2636 4558 facit
2678 4520 2800 4573 qua:
2844 4505 3023 4573 prius,
3053 4506 3358 4562 orationem

107 4614 166 4665 δὲ
228 4610 412 4676 σοφῶν
471 4606 800 4675 φυλάξουσιν
852 4599 1075 4661 αύτούς.
1135 4618 1153 4650 ο
1218 4597 1277 4649 Ὀ
1322 4595 1680 4664 πορευόμενος

1794 4592 1952 4646 istius
1996 4593 2121 4662 quis
2168 4592 2462 4647 exaudiet?
2502 4592 2711 4661 Ecquid
2754 4592 2985 4661 profecit
3020 4592 3361 4647 humiliando

106 4700 318 4771 ὀρθῶς,
352 4697 598 4766 φοὸεἰται
650 4694 739 4746 τὸν
772 4691 1008 4760 Κύριον⁹
1063 4690 1089 4741 6
1134 4687 1191 4739 δὲ
1235 4683 1535 4746 σκολιάζων
1561 4684 1682 4743 ταῖς

110 4793 257 4854 ὁδοῖς
291 4788 478 4853 αὐτοῦ,
519 4785 975 4856 ἀτιμασθήσεται.
1025 4781 1132 4835 Καὶ
1178 4782 1205 4831 ὁ
1254 4779 1540 4846 προφήτης
1581 4777 1686 4829 Μι-

110 4882 279 4942 χαίας
306 4876 666 4946 ποτνιώμενος
699 4873 838 4927 κατὰ
866 4872 958 4924 τοῦ
977 4868 1193 4941 Ἰσραὴλ
1219 4868 1426 4935 ἔλεγεν,
1466 4885 1483 4916 ι
1517 4866 1685 4918 Ἕκα-

117 4990 243 5034 στος
274 4971 367 5023 τὸν
398 4970 623 5038 πλησίον
671 4966 836 5020 αὐτοῦ
878 4963 1136 5026 ἐκθλίϐει,
1175 4964 1255 5024 εἰς
1288 4960 1348 5013 τὸ
1379 4959 1548 5011 κακὸν
1586 4957 1686 5020 τὰς

112 5066 315 5131 χεῖρας
346 5058 523 5111 αὐτῶν
554 5054 953 5125 ὲτοιμάζυντες.
995 5073 1012 5104 ι
1035 5053 1091 5104 '0
1120 5052 1178 5103 δὲ
1207 5047 1545 5111 Ἀπόστολος,
1568 5065 1586 5097 ι
1623 5048 1682 5099 Ei

112 5156 225 5222 γὰρ
281 5155 311 5205 6
344 5149 566 5217 ἀδελφός
605 5165 695 5199 σου
742 5147 1015 5206 λυπεῖται,
1052 5140 1246 5211 φησὶν,
1276 5140 1374 5190 οὐκ
1420 5138 1500 5190 ἐτι
1546 5138 1686 5189 κατά

120 5246 346 5312 ἀγάπην
377 5240 719 5309 περιπατεῖς.
757 5256 774 5286 ›
806 5236 967 5302 Λέγει
994 5234 1050 5286 δὲ
1079 5234 1172 5285 καλ⁹
1199 5232 1226 5282 6
1260 5228 1482 5301 Κύριος,
1520 5244 1537 5277 ι
1572 5228 1689 5289 Πᾶς

112 5338 141 5385 ὁ
183 5332 546 5405 ὀργιζόμενος
590 5328 666 5397 τῷ
708 5325 919 5394 ἀδελφῷ
972 5322 1159 5385 αὑτοῦ,
1213 5321 1392 5389 ἔνοχος
1440 5317 1591 5370 ἔσται
1621 5319 1687 5388 τῇ

122 5425 331 5496 ερίσεγ
389 5422 444 5484 ὃς
486 5421 529 5473 δ’
584 5419 650 5472 ἂν
702 5418 832 5488 εἴπῃ
868 5413 944 5483 τῷ
983 5410 1197 5480 ἀδελφῷ
1228 5406 1417 5470 αὐτοῦ,
1458 5406 1688 5467 Ῥακκά,

158 5533 313 5585 ιοχος
343 5514 494 5567 ἔσται
520 5511 597 5583 τῷ
629 5509 891 5578 συνεδρίῳ
910 5522 922 5534 ·
952 5506 1045 5558 καὶ
1073 5503 1128 5565 ὃς
1151 5503 1194 5555 δ’
1227 5502 1293 5554 ἂν
1330 5500 1479 5569 εἴπῃ,
1505 5498 1694 5569 Μωρὲ,

188 5652 241 5688 ⁸³
274 5653 321 5708 ιι
344 5652 469 5710 Cor.
501 5668 560 5719 ιι,
586 5651 640 5704 5.
714 5650 761 5682 "
791 5647 924 5719 Luc.
962 5662 1000 5710 ι,
1025 5642 1225 5719 57,58.

158 5730 159 5737 ‘
194 5727 407 5781 Jerem.
443 5724 568 5787 Ll,l.

111 5797 164 5832 "
201 5800 367 5851 Prov.
401 5810 509 5851 xw.
534 5795 585 5845 5.
662 5790 705 5823 ³³⁵
749 5789 915 5842 Eccli.
954 5802 1060 5843 xvi,
1094 5788 1181 5837 τιὸ.

1336 5642 1382 5674 ⁸³
1408 5642 1564 5696 Joan.
1601 5658 1680 5707 ut,
1705 5642 1794 5696 29.
1867 5642 1913 5674 “
1945 5641 2083 5698 ibid.
2107 5642 2195 5699 50.
2270 5641 2316 5675 ⁸⁸
2346 5641 2367 5696 ι
2396 5642 2553 5697 Joan.
2594 5656 2668 5709 tv,
2698 5643 2748 5696 7.

646 5720 691 5752 ⁸³
719 5717 906 5772 Matth.
947 5732 1070 5779 xxv,
1097 5714 1182 5767 40.
1257 5714 1301 5745 ⁸⁸
1330 5713 1466 5768 ibid.
1512 5713 1601 5765 45.
1677 5719 1680 5745 ¹

662 5790 705 5823 ⁸³⁵
749 5789 915 5841 Eceli.
954 5802 1060 5841 xvi.
1094 5788 1181 5837 τιὸ.
1260 5784 1302 5815 ³⁵
1334 5784 1495 5837 Mich.
1528 5799 1620 5841 vn.
1653 5782 1680 5835 5

1786 5713 1923 5768 ἒοοιί.
1951 5728 2126 5776 xxxnv,
2154 5712 2243 5767 29.
2319 5714 2362 5746 "
2390 5712 2524 5768 ibid.
2551 5713 2645 5781 28,
2673 5714 2761 5766 50.

1790 4686 1890 4739 se?
1920 4684 2135 4739 inducit
2166 4701 2179 4736 :
2214 4703 2232 4734 ι
2270 4683 2344 4738 Ne
2373 4684 2707 4738 machineris
2736 4684 2875 4737 mala
2916 4684 3179 4738 adversus
3221 4686 3361 4739 ami-

1790 4790 1914 4828 cum
1952 4784 2107 4828 tuum
2152 4774 2245 4843 qui
2291 4775 2443 4844 juxta
2483 4783 2537 4829 te
2590 4774 2823 4837 habitat,
2877 4782 2935 4828 et
2987 4773 3155 4827 habet
3199 4774 3253 4828 in
3307 4783 3361 4829 te

1790 4867 2045 4922 fiduciam
2077 4868 2120 4898 θ’
2147 4884 2161 4931 ;
2197 4883 2263 4920 ex
2293 4881 2386 4920 ore
2425 4866 2569 4920 enim
2602 4866 2915 4931 stultorum,
2945 4865 3125 4920 baculi
3164 4876 3361 4922 contu-

1792 4958 1968 5010 melia:
1996 4957 2358 5025 expellentur,
2404 4956 2547 5009 labia
2580 4964 2761 5009 autem
2814 4956 3145 5024 sapientium
3174 4968 3362 5013 custo-

1793 5047 1947 5101 dient
1970 5062 2066 5101 eos
2089 5047 2153 5100 9'.
2187 5067 2202 5097 ι
2236 5046 2398 5108 Sane,
2434 5047 2528 5115 qui
2564 5055 2711 5101 recte
2744 5048 2969 5111 incedit,
3000 5048 3156 5103 timet
3178 5050 3363 5105 Domi-

1794 5154 1961 5197 num;
1995 5138 2088 5207 qui
2124 5147 2305 5192 autem
2338 5137 2455 5191 vias
2487 5152 2615 5192 suas
2650 5137 2933 5207 depravat,
2960 5139 3362 5209 ignominiosus

1793 5230 1918 5283 erit.
1962 5229 2235 5297 PrOpheta
2282 5229 2509 5298 insuper
2548 5229 2801 5283 Michaeas
2844 5230 3165 5299 suppliciter
3203 5232 3361 5287 obte-

1796 5332 1945 5375 stans
1990 5322 2250 5375 adversus
2296 5322 2460 5375 Israel
2502 5339 2514 5373 :
2555 5340 2571 5371 ι
2617 5320 3003 5391 Unusquisque
3047 5324 3362 5391 proximum

1795 5426 1955 5465 suum
2006 5412 2271 5466 tribulant
2310 5411 2667 5465 tribulatione
2701 5411 2767 5476 ⁸⁸,
2799 5412 2867 5466 ad
2916 5414 3120 5467 malum
3168 5428 3365 5467 manus

1795 5518 1924 5557 suas
1956 5512 2268 5573 praeparant
2293 5505 2357 5557 ’⁸.
2398 5522 2416 5553 ι
2448 5503 2741 5574 Apostolus
2767 5518 2985 5573 quoque
3014 5521 3026 5557 :
3062 5522 3079 5553 ‹
3109 5503 3163 5556 Si
3196 5504 3365 5559 frater

2856 5639 2902 5671 ⁸⁸
2935 5638 3134 5708 Ephes.
3168 5654 3239 5703 Iv,
3272 5636 3362 5708 30.

2837 5710 2884 5743 ⁹¹
2917 5707 3087 5764 Εόοιί.
3125 5723 3235 5772 XIX,
3272 5707 3361 5763 ιο.
