4028 6524
580 419 722 481 ista

1855 420 2214 479 ANTIOCHI
2263 419 2607 477 MONACIII

3670 416 3774 481 1616

579 537 708 581 tuus
753 535 979 597 propter
1018 536 1070 581 te
1115 526 1496 592 contristatur,
1541 543 1651 582 non
1695 530 1806 599 jam
1847 528 2150 583 secundum

2258 529 2440 596 ἔνοχος
2476 528 2630 579 ἔσται
2663 529 2742 589 εἰς
2769 526 2865 596 τὴν
2894 524 3118 593 γέενναν
3162 522 3257 576 τοῦ
3318 526 3498 594 πυρός.
3534 545 3550 576 ι
3583 528 3677 580 Και
3699 533 3777 583 ἐπ-

575 621 901 674 charitatetn
951 619 1200 674 ambulas
1232 621 1298 673 ’°.
1343 640 1361 670 ι
1397 621 1540 674 Dicit
1589 631 1773 675 autem
1831 621 2095 675 Dominus
2137 639 2148 672 :

583 732 600 760 ε
641 712 833 766 Umnis
861 712 955 781 qui
987 711 1245 765 irascitur
1271 711 1426 764 fratri
1459 727 1580 779 suo,
1616 729 1746 767 reus
1773 712 2152 783 erit'judicio;

576 803 669 872 qui
731 813 914 857 autem
974 803 1176 856 dixerit
1232 801 1388 856 fratri
1439 819 1570 867 suo,
1628 805 1802 870 Raca,
1863 818 1993 858 reus
2046 803 2153 857 erit

576 895 847 958 concilio;
872 890 965 964 qui
989 908 1122 948 vero
1141 893 1362 958 dixerit,
1384 893 1574 955 Fatue,
1593 911 1722 950 rcus
1744 896 1852 950 crit
1872 895 1926 948 in
1949 895 2154 965 gehen-

577 1002 700 1039 nam
742 985 883 1055 ignis
911 986 976 1040 ⁸⁷.
1017 1004 1036 1037 ι
1074 986 1289 1041 lnducit
1321 1005 1334 1040 :
1376 1008 1392 1038 ι
1423 988 1480 1043 Si
1527 988 1694 1057 igitur
1724 987 1924 1041 offeras
1953 1001 2153 1041 munus

577 1087 733 1130 tuum
783 1085 911 1131 ante
955 1076 1148 1142 altare,
1194 1085 1248 1131 ct
1296 1077 1408 1132 illic
1449 1078 1770 1133 recordatus
1793 1076 1986 1130 Fueris
2022 1075 2151 1145 quia

2261 617 2406 683 ἀγει,
2444 636 2461 667 ι
2490 617 2613 670 Ἐὰν
2632 611 2726 669 οὖν
2760 617 3078 686 προσφέρῃς
3104 614 3164 666 τὸ
3195 614 3366 683 δῶρόν
3393 632 3481 667 σου
3519 616 3602 668 ἐπὶ
3623 619 3675 669 τὸ
3706 620 3780 671 θυ-

2258 710 2602 780 σιαστήριον,
2641 710 2804 762 κάκεῖ
2837 706 3101 779 μνησθεὶς
3130 707 3212 759 ὅτι
3245 707 3354 774 ἔχει
3396 725 3448 760 τι
3490 709 3620 760 κατὰ
3651 709 3729 761 σοῦ
3762 712 3785 761 ὸ

2254 802 2482 870 ἀδελφός
2513 818 2629 868 σου,
2660 802 2799 870 ἄφες
2831 802 2952 852 ἐκεῖ
2970 799 3030 852 τὸ
3059 798 3234 870 δῶρόν
3274 815 3368 851 σου
3400 799 3688 869 ἔμπροσθεν
3708 802 3784 854 τοῦ

2255 893 2682 964 θυσιαστηρίου,
2733 893 2832 946 κα)⁵
2883 891 3090 960 ὕπαγε,
3136 891 3358 962 πρῶτον
3403 891 3701 962 διαλλάγηθι
3726 895 3788 962 τῷ

2252 985 2470 1056 ἀδελφῷ
2495 1003 2609 1050 σου,
2636 986 2732 1038 καὶ
2759 986 2881 1038 τότε
2907 983 3076 1038 ἐλθὼν
3098 984 3375 1054 πρόσφερε
3403 983 3464 1036 τὸ
3482 982 3640 1054 δῶρόν
3657 1001 3784 1036 σου.»

2252 1079 2409 1147 Αὐτῷ
2440 1080 2474 1148 ἡ
2509 1077 2636 1142 δόξα
2664 1078 2744 1138 εἰς
2776 1077 2902 1139 τοὺς
2935 1075 3155 1139 αἰῶνας.
3213 1076 3408 1146 Ἀμήν.

559 1170 744 1223 “habet
769 1167 979 1237 aliquid
1019 1167 1313 1222 adversum
1348 1178 1402 1223 te
1438 1168 1611 1224 frater
1674 1179 1822 1232 tuus,
1889 1167 2108 1222 dimitte
2148 1168 2225 1222 ibi
2265 1185 2468 1223 munus
2498 1180 2652 1224 tuum
2677 1180 2804 1222 ante
2847 1169 3040 1232 altare,
3069 1177 3126 1222 et
3153 1167 3294 1221 vade
3323 1167 3476 1237 prius
3501 1178 3559 1220 ut
3586 1168 3790 1220 reconci-

575 1261 730 1316 lieris
779 1260 935 1314 fratri
993 1268 1113 1324 tuo,
1170 1268 1226 1314 et
1274 1267 1407 1315 tunc
1463 1260 1696 1316 veniens
1757 1260 1896 1315 offer
1953 1275 2156 1314 munus
2195 1269 2348 1315 tuum
2371 1263 2434 1314 ⁸⁸.
2465 1280 2484 1312 ›
2546 1262 2719 1315 Deum
2747 1270 2996 1315 nostrum
3029 1259 3259 1314 addecet
3316 1259 3510 1330 gloria,
3547 1260 3598 1312 iu
3631 1261 3792 1312 saecula

577 1355 926 1408 saeculorum.
959 1353 1152 1408 Amen.

1007 1466 1214 1535 1121
1269 1464 1549 1520 HOMILIA
1590 1466 1724 1522 LXI.

982 1574 1125 1643 Vide,
1159 1562 1249 1630 tibi
1280 1577 1378 1646 ipsi
1413 1586 1468 1628 ut
1492 1575 1760 1629 attendas.

648 1700 808 1754 Nulla
841 1713 951 1752 non
987 1699 1042 1752 in
1077 1714 1136 1753 re
1187 1707 1448 1754 attentam
1484 1698 1567 1753 sui
1617 1697 1793 1768 ipsius
1827 1713 2017 1769 gerere
2062 1714 2159 1753 cu-

577 1807 718 1856 ram,
769 1807 859 1845 res
901 1789 1122 1859 quidem
1178 1805 1441 1859 perquam
1489 1787 1679 1852 ardua,
1728 1787 1822 1842 sed
1874 1788 2154 1852 salutaris,

2851 1469 3072 1524 ΛΟΓΟΣ
3123 1468 3243 1525 ΞΑ¹.

2611 1583 2748 1650 Περὶ
2783 1583 2892 1637 τοῦ
2914 1585 3246 1654 προσέχειν
3271 1585 3486 1651 ἐαυτῷ.

2333 1694 2406 1746 Τὸ
2447 1694 2741 1764 προσέχειν
2801 1696 2979 1764 ἑαυτῷ
3039 1699 3097 1750 έν
3147 1697 3356 1764 ἅπασι,
3416 1699 3561 1769 μέγα
3600 1704 3797 1775 πρᾶγμά

2261 1787 2376 1840 ἐστι
2405 1787 2501 1840 καὶ
2530 1789 2823 1859 σωτήριον,
2856 1791 2950 1842 καὶ
2980 1790 3100 1860 θεῷ
3127 1791 3442 1861 εὐάρεστον.
3473 1794 3622 1846 Ἔστι
3648 1794 3698 1846 δὲ
3723 1802 3795 1849 καὶ

583 1886 807 1954 Deoque
853 1883 939 1936 vel
999 1882 1054 1936 in
1101 1880 1294 1950 primis
1350 1887 1592 1948 accepta.
1642 1880 1783 1933 Sane
1841 1878 2153 1934 mandatum

2262 1878 2598 1948 γενικωτάτη
2628 1879 2838 1948 ἐντολή.
2881 1879 2938 1933 Ὀ
2964 1880 3204 1945 τοιοῦτος
3238 1881 3500 1952 ἐκφεύγει
3529 1884 3622 1952 μὲν
3651 1887 3796 1939 πᾶσαν

579 1980 686 2034 hoc
739 1979 793 2032 in
843 1993 1043 2048 genere
1103 1990 1297 2030 omnes
1354 1975 1661 2029 concernit.
1711 1971 1858 2028 Talis
1906 1974 2000 2044 qui
2050 1984 2152 2040 est,

579 2080 868 2142 peccatum
915 2085 1078 2123 omne
1127 2067 1465 2122 vitabundus
1521 2066 1682 2138 fugit,
1746 2082 1965 2121 omnem
2025 2083 2156 2122 vero

578 2164 864 2226 virtutem,
905 2175 1086 2230 neque
1144 2175 1256 2213 non
1310 2159 1566 2212 mandata
1627 2158 1722 2212 Dei
1772 2159 2007 2228 perlicit.
2060 2160 2156 2215 Hic

578 2254 813 2309 aliorum
841 2251 1091 2306 defectus
1119 2249 1422 2320 quamlibet
1452 2248 1820 2304 multiformes
1856 2251 2010 2319 quasi
2045 2267 2154 2304 non

578 2346 780 2410 videat,
814 2344 1104 2413 neglectim
1151 2340 1476 2396 transmittit
1510 2358 1524 2393 :
1557 2340 1761 2410 quippe
1794 2342 1884 2410 qui
1922 2341 2154 2395 aliorum

578 2450 831 2501 securus,
877 2435 962 2489 sui
1007 2441 1218 2489 tantum
1261 2433 1435 2502 ipsius
1483 2439 1747 2485 attentam
1799 2447 1984 2485 curam
2017 2431 2152 2496 obit,

580 2535 819 2581 mentem
873 2524 1084 2578 habens
1116 2538 1217 2592 per
1252 2523 1356 2576 hoc
1384 2521 1450 2575 ad
1487 2522 1656 2575 Deum
1699 2521 2046 2576 unifortniter
2071 2538 2157 2575 ar-

580 2631 806 2677 rectam.
857 2621 1006 2675 Talis
1061 2619 1168 2674 sibi
1223 2626 1490 2688 temperat
1534 2633 1705 2686 seque
1753 2618 2038 2672 remolitur
2085 2617 2154 2674 ab

580 2714 854 2768 universis
897 2722 1240 2767 terrenarum
1275 2726 1460 2765 rerum
1492 2711 1747 2781 negotiis,
1792 2727 1970 2780 coque
2005 2727 2157 2766 men-

581 2817 692 2862 tem
736 2803 1050 2860 sublimiter
1107 2801 1309 2857 attollit
1365 2801 1433 2856 ad
1489 2802 1737 2856 coelestia
1797 2813 1852 2857 et
1889 2813 2154 2857 aeternum

579 2899 868 2951 duratura.
899 2893 1215 2949 Conventus
1256 2893 1347 2946 hic
1378 2899 1586 2958 noster,
1619 2892 1838 2958 fratres,
1894 2909 2156 2963 perquam

579 2987 836 3044 assimilis
880 2985 1103 3040 videtur
1162 2982 1446 3038 nundinis.
1486 2982 1593 3049 Qui
1651 2983 1922 3052 negotiari
1981 2984 2155 3049 novit,

578 3090 690 3130 non
724 3073 1002 3128 mediocre
1056 3073 1200 3140 capit
1225 3087 1292 3124 ex
1340 3069 1738 3124 nundinatione
1767 3070 1985 3124 lucrum
2018 3089 2029 3124 :
2065 3073 2156 3141 qui

580 3165 715 3219 artis
746 3163 1088 3216 mercatoria:
1114 3160 1269 3214 rudis
1295 3168 1400 3225 est,
1447 3159 1585 3214 adeo
1631 3159 1769 3214 nihil
1815 3160 1984 3215 refert
2009 3177 2157 3216 com-

2259 1968 2554 2039 ἁμαρτίαν,
2591 1971 2773 2023 πᾶσαν
2798 1970 2853 2024 δὲ
2879 1971 3080 2043 ἀρετὴν
3109 1972 3200 2024 καὶ⁵
3225 1973 3446 2044 ἐντολὴν
3472 1973 3602 2027 Θεοῦ
3635 1993 3797 2048 κατερ.

2257 2059 2507 2127 γὰζεται·
2539 2063 2568 2114 ὁ
2597 2061 2836 2128 τοιοῦτος
2875 2063 2942 2117 τὰ
2975 2064 3085 2117 τῶν
3108 2064 3280 2119 ἄλλων
3309 2068 3648 2138 ὁμοιόμορφα
3676 2070 3796 2123 ἐλατ-

2256 2151 2484 2221 τώματα
2515 2156 2752 2226 παρορᾷ,
2799 2155 2892 2208 καὶ
2927 2156 2996 2209 τὰ
3039 2157 3233 2210 ἁαυτοῦ
3270 2163 3549 2230 μεριμνᾷ,
3585 2162 3797 2233 μονότρο-

2257 2258 2356 2294 πον
2402 2241 2492 2294 τὸν
2522 2242 2646 2295 νοῦν
2677 2244 2816 2315 πρὸς
2845 2243 2979 2298 Θεὸν
3020 2247 3378 2317 κεκτημένος-
3417 2249 3446 2301 ὁ
3475 2249 3703 2314 τοιοῦτος
3726 2269 3797 2304 συ·

2259 2332 2467 2384 στέλλει
2503 2334 2693 2386 ἑαυτὸν
2738 2335 2848 2388 ἀπὸ
2898 2335 3035 2390 ὅλων
3085 2337 3191 2390 τῶν
3225 2339 3434 2407 γηΐνων
3467 2342 3795 2410 πραγμάτων,

2256 2422 2350 2474 καὶ
2399 2424 2692 2493 μετάρσιος
2736 2424 2946 2490 γίνεται
2979 2424 3116 2496 πρὸς
3148 2427 3216 2479 τὰ
3254 2428 3492 2496 οὐράνια
3547 2433 3637 2481 καί
3665 2431 3795 2486 ἀῖδια.

2256 2514 2568 2586 Πανηγύρει
2589 2516 2697 2587 γὰρ
2713 2516 2858 2569 ἔοικε
2891 2520 3041 2571 πᾶσα
3071 2516 3360 2588 σύμϐασις*
3389 2521 3420 2573 ὁ
3459 2520 3614 2583 εἰδὼς
3645 2541 3795 2592 πραγ-

2258 2607 2652 2675 ματεύσασθαι,
2697 2609 2970 2679 κερδαίνει
3046 2609 3244 2663 πολλά’
3277 2613 3305 2664 ὁ
3333 2611 3389 2665 δὲ
3427 2615 3504 2684 μὴ
3537 2615 3698 2678 εἰδὼς,
3728 2615 3801 2685 ζη-

2259 2696 2386 2767 μίας
2419 2698 2703 2770 ὑποφέρει.
2749 2700 3008 2769 Μεγάλης
3057 2701 3151 2754 οὖν
3192 2703 3286 2754 καὶ
3334 2702 3618 2772 Θεοφιλοῦς
3654 2705 3799 2775 ψυχῆς

2257 2790 2372 2842 ἐστι
2403 2791 2464 2843 τὸ
2494 2792 2781 2862 προσέχειν
2806 2794 2893 2846 ἀεὶ
2916 2794 3173 2862 ἀσφαλῶς
3203 2797 3404 2868 ἑαυτῷ.
3453 2798 3512 2851 Ὀ
3536 2799 3639 2869 γὰρ
3658 2800 3799 2850 tomi-

2257 2899 2346 2944 τος
2379 2881 2445 2934 τὰ
2476 2883 2721 2953 παρόντα
2755 2885 2989 2954 ἀνόνητα
3027 2885 3404 2958 λογιζόμενος,
3432 2891 3502 2942 τὰ
3533 2890 3588 2943 δὲ
3622 2892 3794 2961 μέλλον-

2257 2990 2326 3026 τα
2373 2974 2640 3043 ἀνέφικτα
2695 2977 2790 3029 καὶ
2835 2978 3198 3048 ἀκατάληπτα
3229 2982 3577 3052 καραδοκῶν,
3603 2987 3800 3037 καὶέπι-

2260 3063 2465 3135 Ουμῶν,
2512 3067 2613 3138 τὴν
2660 3068 2876 3122 εὐθεῖαν
2915 3071 3032 3124 ὁδὸν
3060 3071 3292 3141 βαδίζει,
3327 3076 3424 3128 καὶ
3468 3076 3548 3138 εἰς
3573 3076 3657 3129 τὸν
3681 3079 3800 3146 ἀχεί-

2264 3170 2467 3223 μαστον
2489 3156 2679 3227 λιμένα
2708 3159 2801 3212 τοῦ
2829 3161 3065 3230 Χριστοῦ
3089 3165 3354 3235 καταντᾷ.
3385 3166 3512 3237 Χρὴ
3542 3163 3631 3220 οὖν
3653 3185 3790 3238 προσ-

580 3255 789 3326 pendii,
827 3265 888 3306 ut
914 3251 1216 3322 plurimum
1237 3251 1400 3306 etiam
1426 3251 1702 3320 dispendii
1731 3253 2014 3307 sustineat.
2047 3252 2153 3307 Ge-

2260 3246 2404 3316 έχειν
2453 3225 2697 3320 ἀκριϐῶς
2727 3253 2793 3305 τὰ
2827 3225 3177 3325 συμφέροντα
3213 3225 3321 3309 καί.
3348 3225 3453 3328 μὴ.
3474 3225 3798 3330 συμφέροντα.

580 3362 791 3401 nerosa:
818 3358 1045 3415 prorsus
1077 3358 1142 3396 ac
1175 3343 1346 3398 Deum
1381 3341 1672 3397 sinceriter
1700 3343 1932 3399 amantis
1963 3345 2156 3399 animae

579 3447 684 3505 est,
716 3439 822 3493 sibi
852 3438 955 3507 ipsi
981 3451 1175 3506 magna
1207 3452 1333 3490 cum
1383 3436 1638 3492 cautione
1669 3436 1976 3492 attendere.
2011 3437 2158 3494 Talis

581 3531 866 3603 praesentia
902 3531 1016 3584 haec
1060 3545 1186 3583 cum
1233 3529 1506 3583 inamoena
1555 3530 1783 3599 deputet
1835 3541 1998 3600 atque
2029 3530 2153 3584 inu-

583 3621 720 3682 tilia,
753 3620 936 3673 futura
959 3632 1092 3671 vero
1143 3617 1533 3671 inenarrabilia
1560 3619 1749 3673 credat
1772 3627 1826 3672 et
1849 3635 1971 3688 quae
2001 3636 2153 3674 com-

581 3709 849 3779 prehendi
883 3723 993 3761 non
1048 3715 1274 3777 queant,
1321 3722 1387 3760 ea
1431 3715 1608 3762 tamen
1662 3709 2007 3778 praestolatur
2062 3727 2155 3780 Spe

582 3803 720 3856 nihil
776 3801 964 3865 dttbia,
1010 3800 1425 3870 cupientissime
1469 3815 1535 3854 eo
1575 3800 1793 3854 interim
1850 3803 2152 3871 suspirans,

583 3901 732 3948 recta
772 3891 1077 3961 ingreditur
1104 3891 1212 3957 via,
1247 3890 1425 3946 donec
1448 3893 1514 3946 ad
1559 3893 2066 3962 tranquillissimum
2101 3905 2156 3949 et

581 3985 650 4039 ab
670 3985 818 4038 omni
851 3984 1217 4052 procellarum
1266 3983 1592 4053 intemperie
1623 3985 1934 4054 requietum
1961 3986 2156 4040 obvius

581 4076 819 4146 appellat
844 4075 1050 4130 Christi
1088 4084 1327 4144 portum.
1356 4075 1548 4144 Opera:
1579 4075 1746 4146 igitur
1785 4079 2022 4147 pretium
2049 4088 2152 4144 est,

581 4164 815 4234 quisque
853 4172 910 4217 ut
939 4164 1185 4217 attendat
1208 4178 1271 4217 ac
1308 4164 1605 4234 diligenter
1628 4166 1894 4235 exploret,
1938 4183 2060 4236 quae
2088 4184 2154 4222 eo

581 4255 1046 4312 contendentibus
1084 4254 1422 4308 conducunt.
1469 4256 1588 4309 Duo
1630 4257 1777 4310 enim
1815 4258 1993 4327 angeli
2041 4259 2152 4313 dati

583 4357 713 4404 sunt
729 4347 939 4402 homini
963 4363 1296 4402 assessorcs:
1318 4363 1459 4402 unus
1481 4349 1700 4417 quidem
1715 4349 1945 4419 justiti-ae
1970 4367 2155 4404 aman-

586 4437 850 4500 tissimus,
881 4436 1020 4489 alter
1055 4451 1188 4490 vero
1231 4437 1453 4490 malitia:
1487 4437 1667 4491 omnis
1705 4437 1954 4492 incentor
1998 4441 2153 4494 ntali-

582 4526 896 4597 gnissimus.
934 4526 1002 4580 Et
1023 4525 1245 4594 quidem
1273 4527 1498 4596 justitia:
1531 4528 1776 4598 angelus,
1809 4531 2153 4586 verecundia:

581 4627 744 4687 atque
793 4617 1102 4672 intemerati
1131 4617 1358 4687 pudoris
1392 4619 1862 4690 eupientissimus,
1895 4638 2150 4676 mansue-

584 4715 673 4761 tus
705 4707 930 4776 insuper
963 4714 1048 4762 est
1089 4716 1145 4762 et
1179 4707 1526 4776 tranquillus.
1558 4707 1658 4764 llic
1685 4710 1779 4763 ubi
1812 4711 2047 4780 primum
2083 4712 2150 4767 ad

581 4815 678 4853 cur
731 4799 970 4854 hominis
1002 4799 1335 4862 ascenderit,
1377 4815 1501 4854 cum
1556 4816 1623 4855 eo
1669 4818 1796 4857 mox
1842 4819 2150 4858 sermonem

583 4891 720 4946 texit
773 4891 1116 4947 familiariter
1155 4891 1221 4947 de
1254 4893 1485 4963 justitia,
1519 4893 1587 4948 de
1611 4895 1881 4950 munditia
1903 4906 1957 4950 et
1987 4898 2151 4950 casti-

581 4988 714 5043 tate,
745 4980 813 5036 de
849 4983 1123 5050 probitate
1152 4999 1388 5049 morum,
1438 4984 1504 5038 de
1533 4984 1840 5056 frugalitate
1886 4987 1999 5042 sive
2029 5003 2152 5057 paro

582 5070 819 5124 citnonia
854 5074 1052 5138 victus,
1111 5073 1179 5128 de
1225 5075 1545 5143 operatione
1591 5092 1712 5144 quae
1749 5079 1894 5147 justa
1925 5078 2014 5142 sit,
2059 5079 2156 5134 de-

585 5155 753 5225 nique
767 5158 846 5233 de
873 5161 1078 5216 virtute
1101 5162 1250 5216 omni
1278 5163 1468 5233 glorise
1501 5164 1739 5221 cmlestis
1766 5165 2154 5220 concihatrice.

586 5229 956 5320 Sitnul‘tque
988 5251 1107 5306 haec
1137 5263 1334 5308 cuncta
1370 5254 1436 5308 ad
1482 5269 1578 5308 cor
1618 5255 1857 5310 hominis
1889 5256 2152 5310 ascende-

584 5344 717 5409 rint,
751 5343 1041 5412 perspicue
1073 5346 1308 5399 sentitur
1348 5348 1636 5414 praesentia
1687 5346 1860 5418 angeli
1903 5348 2152 5418 justitiae.

582 5435 806 5499 Contra,
839 5435 1016 5504 angeli
1063 5435 1284 5489 malitia:
1314 5436 1618 5490 administri
1645 5453 1810 5506 opera
1843 5439 1958 5492 haec
1991 5448 2150 5492 sunt:

586 5525 836 5582 Primum
885 5525 1132 5580 omnium
1199 5527 1482 5582 acerrima:
1532 5538 1617 5582 est
1666 5529 1810 5590 bilis,
1860 5540 1914 5582 et
1947 5529 2013 5583 ad
2048 5531 2154 5583 ira-

585 5619 840 5675 cundiam
867 5618 1171 5690 propendet
1197 5627 1362 5683 totus,
1395 5622 1766 5675 amarulentus
1794 5636 1857 5676 ac
1886 5621 2148 5676 stolidus:

583 5710 750 5781 hujus
783 5711 1019 5782 maligna
1047 5723 1212 5780 opera
1249 5710 1700 5779 tranquillitatem
1737 5727 2021 5766 servorum
2053 5712 2149 5766 Dei

652 5868 699 5901 9“
729 5869 886 5923 Rom.
920 5885 1027 5930 λιν,
1070 5869 1152 5922 15.
1229 5868 1271 5897 ³³⁷
1299 5866 1484 5920 Matth.
1516 5882 1567 5932 v,
1601 5866 1690 5920 9.9..

1768 5868 1810 5896 9“
1853 5867 1985 5920 ibid.
2022 5868 2111 5929 ‘25.
2143 5870 2226 5925 at.

2257 3337 2363 3390 Δύο
2407 3340 2517 3409 γάρ
2546 3343 2682 3394 εἰσιν
2712 3343 2936 3411 ἄγγελοι
2975 3346 3112 3414 μετά
3143 3347 3238 3400 τοῦ
3274 3348 3593 3418 ἀνθρώπου,
3627 3347 3698 3416 εἷς
3723 3353 3800 3421 τῆς

2257 3429 2626 3503 δικαιοσύνης,
2656 3428 2737 3498 εἷς
2769 3435 2870 3505 τῆς
2910 3439 3197 3509 πονηρίας.
3255 3441 3362 3494 Καὶ
3397 3445 3428 3495 ὁ
3474 3443 3572 3512 μὲν
3612 3446 3700 3514 τῆς
3743 3445 3801 3498 δι-

2259 3523 2550 3594 καιοσύνης
2581 3525 2809 3593 ἄγγελος
2841 3529 3204 3599 αἰσχυντηρὸς
3235 3533 3328 3584 καὶ
3353 3534 3543 3602 πραῢς
3589 3538 3675 3588 καὶ
3697 3536 3802 3605 ἡσύ-

2258 3615 2371 3683 χιός
2394 3617 2563 3670 ἐστιν.
2596 3617 2763 3670 Ὅταν
2794 3615 2886 3671 οὖν
2920 3614 3076 3684 οὗτος
3107 3623 3198 3674 ἐπὶ
3233 3624 3334 3693 τὴν
3368 3628 3598 3697 καρδίαν
3621 3629 3705 3683 τοῦ
3731 3634 3802 3684 ἁν-

2259 3705 2480 3777 θρώπου
2515 3708 2712 3780 ἀναϐῇ,
2742 3711 2941 3776 εὐθέως
2965 3713 3118 3766 λαλεῖ
3139 3716 3254 3784 μετ’
3279 3718 3449 3770 αὐτοῦ
3484 3723 3610 3790 περὶ
3637 3723 3804 3775 δικαιο-

2259 3799 2446 3866 σύνης,
2481 3801 2609 3870 περὶ¹
2649 3803 2891 3870 ἁγνείας,
2929 3807 3059 3876 περὶ
3091 3809 3446 3881 σεμνότητος,
3484 3815 3608 3884 περὶ⁵
3635 3815 3799 3886 aia-trp-

2257 3891 2429 3955 κείας,
2467 3894 2596 3962 περὶ
2639 3896 2838 3960 παντὸς
2871 3897 3038 3968 ἔργου
3074 3899 3305 3966 δικαίου,
3339 3907 3475 3975 περὶ
3505 3907 3680 3976 πάσης
3702 3910 3801 3976 ἀρε·

2256 3979 2354 4050 τῆς
2382 3980 2622 4046 εὐδόξου.
2655 3983 2821 4038 Ὅταν
2856 3983 2949 4040 οὖν
2986 3987 3160 4042 ταῦτα
3195 3991 3374 4046 πάντα
3423 3995 3524 4047 ἐπὶ
3563 3996 3654 4066 τὴν
3695 4012 3798 4066 καρ-

2255 4069 2372 4123 δίαν
2432 4072 2526 4126 τοῦ
2573 4074 2861 4143 ἀνθρώπου
2911 4079 3109 4151 ἀναϐῇ,
3165 4081 3419 4154 ἀρίδηλον
3484 4087 3629 4138 ἐστιν
3681 4087 3800 4138 ὅτιό

2255 4165 2483 4231 ἄγγελος
2522 4167 2620 4234 τῆς
2664 4167 3013 4240 δικαιοσύνης
3063 4173 3179 4242 μετ’
3215 4173 3379 4227 αὐτοῦ
3429 4178 3600 4230 ἐστιν.
3631 4177 3722 4228 Τοῦ
3755 4176 3798 4228 δὲ

2255 4255 2487 4322 ἀγγέλου
2512 4258 2610 4327 τῆς
2639 4261 2908 4329 πονηρίας
2932 4263 3000 4315 τὰ
3033 4262 3190 4332 ἔργα·
3226 4265 3444 4335 πρῶτον
3472 4268 3683 4320 πάντων
3707 4266 3802 4332 ὀξύ-

2256 4346 2407 4414 χολος
2431 4347 2568 4410 ἐστι,
2588 4349 2682 4401 καὶ
2710 4351 2926 4420 πικρὸς,
2950 4353 3047 4406 καὶ
3071 4353 3141 4421 ἀφ
3153 4372 3277 4424 ρων,
3301 4357 3398 4409 καὶ
3419 4358 3492 4411 τὰ
3514 4358 3646 4429 ἔργα
3666 4357 3797 4411 αὐτοῦ

2257 4438 2490 4507 πονηρὰ,
2513 4442 2959 4510 καταστρέφοντα
2982 4447 3105 4508 τοὺς
3125 4446 3340 4510 δούλους
3367 4450 3464 4501 τοῦ
3489 4449 3643 4504 Θεοῦ.
3665 4452 3799 4503 Ὅταν

2256 4525 2348 4581 οὖν
2385 4523 2540 4594 οὗτος
2569 4531 2662 4584 ἐπὶ
2692 4535 2919 4601 καρδίαν
2953 4537 3240 4606 ἀνθρώπου
3287 4541 3488 4612 ἀναϐῇ,
3520 4543 3599 4595 δεῖ
3633 4545 3796 4610 γνῶναι

2262 4620 2421 4672 αὑτὸν
2455 4622 2562 4674 ἀπὸ
2602 4624 2709 4675 τῶν
2748 4624 2924 4693 ἔργων
2961 4626 3147 4681 αὐτοῦ’
3176 4629 3302 4682 ὅταν
3333 4631 3442 4702 γὰρ
3481 4633 3716 4703 ὀξυχολία
3736 4634 3798 4695 τίς

2258 4728 2364 4763 τινι
2400 4711 2757 4786 προσέλθῃ,’ἣ
2790 4716 3003 4787 πικρία,
3045 4721 3295 4791 φανερῶς
3335 4724 3362 4774 ὁ
3403 4724 3644 4787 τοιοῦτος
3669 4729 3716 4777 ἐν
3741 4725 3797 4792 τῷ

2259 4801 2531 4875 ἀνθρώπῳ
2555 4807 2720 4858 ἐστίν·
2762 4801 2880 4860 εἶτα
2909 4809 3172 4880 ἐπιθυμία
3203 4813 3457 4882 πράξεων
3483 4817 3699 4872 πολλῶν.
3728 4817 3796 4868 καὶ

2262 4895 2582 4949 πολυτέλεια
2637 4897 2948 4968 ἐδεσμάτων
2984 4900 3216 4966 πολλῶν,
3269 4906 3362 4956 καὶ
3414 4907 3671 4958 ποικίλων
3696 4923 3796 4974 τρυ-

2262 4987 2398 5056 φῶν,
2459 4989 2552 5041 καὶ
2609 4987 2875 5060 ἐπιθυμία
2931 4995 3209 5060 γυναικῶν
3244 4997 3337 5048 καὶ
3365 4996 3698 5062 πλεονεξιῶν,
3727 4998 3796 5049 καὶ

2260 5079 2636 5149 ὑπερηφανεία
2661 5082 2756 5134 καὶ
2781 5082 3092 5149 ἀλαζονεία,
3126 5086 3220 5139 καὶ
3236 5086 3334 5140 ὅσα
3355 5088 3565 5150 τούτοις
3586 5091 3696 5142 ἐστὶ
3715 5105 3789 5139 που

2261 5171 2535 5240 ραπλήσια
2598 5174 2692 5226 κα)⁸
2742 5175 2921 5244 ὃμοια.
2970 5176 3130 5230 Ἀλλὰ
3181 5179 3273 5230 καὶ
3313 5181 3367 5232 αἱ
3405 5182 3638 5251 πονηραὶ
3677 5179 3798 5231 ἐνευ-

2262 5261 2455 5330 μήσεις
2493 5262 2657 5315 αὑτοῦ
2699 5266 2834 5316 εἰσιν
2865 5267 3056 5321 πᾶσαι.
3101 5267 3436 5339 Πρόσχωμεν
3460 5266 3554 5324 οὖν
3587 5270 3792 5338 ἀκριϐῶς

2259 5353 2491 5417 ἑαυτοῖς,
2529 5355 2622 5407 καὶ
2670 5355 2749 5426 τῷ
2793 5357 3010 5428 ἀγγέλῳ
3039 5358 3115 5430 τῷ
3145 5362 3368 5433 πονηρῷ
3405 5362 3789 5432 ἁποταξώμεθα.

2259 5442 2336 5514 τῷ
2366 5445 2582 5516 ἀγγέλῳ
2619 5447 2718 5517 τῆς
2749 5448 3095 5520 δικαιοσύνης
3123 5451 3592 5524 ἀκολουθήσωμεν.
3628 5451 3790 5507 Καθὼς

2260 5535 2352 5589 καὶ
2379 5537 2406 5590 ὁ
2440 5537 2604 5606 νόμος
2630 5541 3088 5610 παρακελεύεται,
3113 5543 3306 5611 λέγων,
3344 5566 3360 5596 t
3402 5547 3632 5618 ιιρόσεχε
3663 5562 3792 5596 aeau-

2256 5627 2355 5696 τῷ,
2386 5629 2480 5683 καὶ
2513 5629 2748 5698 φύλαξον
2775 5632 2873 5703 τὴν
2898 5632 3075 5702 ψυχήν
3106 5649 3198 5685 σου
3226 5637 3430 5707 σφόδρα
3451 5655 3463 5668 ·
3495 5637 3568 5707 μὴ
3592 5637 3791 5701 ὲπῖλέυῃ

2258 5717 2463 5786 Κυρίου
2501 5718 2596 5772 τοῦ
2620 5719 2753 5773 Θεοῦ
2787 5738 2877 5773 σου
2898 5738 2909 5749 ·
2944 5720 3038 5782 καὶ
3083 5719 3156 5790 μὴ
3185 5724 3576 5796 ἀποστήτωσαν
3597 5725 3642 5778 οἱ
3669 5723 3785 5790 λόγοι
