4028 6522
279 357 409 424 1617

1148 363 1474 422 IlOMILlA
1515 358 1665 417 LXI.
1695 381 1763 389 -·
1803 355 1954 414 SIBI
1997 353 2144 414 lPSI
2185 348 2661 412 ATTENDERE.

3374 334 3509 396 1618

279 475 440 529 αὑτοῦ
471 474 582 528 ἀπὸ
610 475 707 544 τῆς
757 475 984 548 καρδίας
1027 493 1120 530 σου
1162 477 1342 537 πάσας
1370 474 1468 535 τάς
1504 471 1717 540 ἡμέρας
1747 470 1844 537 τῆς
1875 521 1877 527 .

1968 474 2315 522 ntervertuut
2347 481 2410 518 ac
2453 463 2745 517 subruunt.
2796 456 2964 510 Nosse
2995 452 3038 508 si
3095 451 3266 514 voles,
3296 448 3513 519 quando

282 568 423 636 ζωῆς
451 584 575 619 σου·
611 568 728 621 ἀλλ’
769 569 1076 638 ἀγαπήσεις
1125 569 1328 637 Κύριον
1367 565 1458 618 τὸν
1488 563 1620 616 Θεόν
1654 578 1749 614 σου
1787 561 1846 626 ἐξ

280 660 404 743 ὅλης
435 659 536 727 τῆς
568 659 754 730 ἰσχύος
785 678 902 723 σου,
922 661 1014 714 τὸν
1040 662 1104 714 ἐκ
1127 660 1357 729 καμίνου
1390 656 1614 727 σιδηρᾶς
1648 653 1844 721 ἐξαγα-

280 749 442 816 γόντα
473 767 532 802 σε
557 752 620 804 ὲκ
641 754 736 821 τῆς
754 752 998 815 δουλείας
1021 750 1132 804 τῶν
1152 750 1464 815 Αἰγυπτίων
1484 764 1498 779 ·
1531 769 1548 798 ι
1578 745 1844 805 τουτέστι,

278 839 370 892 τοῦ
401 843 847 914 κοσμοκράτορος
874 842 966 895 τοῦ
998 841 1240 903 σκότους.
1263 841 1540 906 Αἴγυπτος
1569 824 1844 905 γὰρ’σκδ-

280 947 380 995 τος
403 931 788 1001 ἑρμηνεύεται.
823 952 842 985 ι
877 933 1118 1002 Πρόσεχε
1149 931 1381 1002 σεαυτῷ,
1425 929 1499 999 μὴ
1539 926 1730 996 φαγὼν
1754 927 1849 978 καὶ

279 1022 611 1092 ἐμπλησθεὶς
658 1025 888 1095 ὲπιλάθῃ
934 1024 1141 1092 Κυρίου
1185 1022 1280 1076 τοῦ
1324 1020 1460 1074 Θεοῦ
1505 1035 1637 1073 σου*
1687 1036 1704 1068 ι
1754 1017 1850 1070 καὶ

278 1113 643 1186 ἀπολακτίσῃς
685 1113 760 1177 ὥς
802 1131 932 1166 ποτε
973 1114 1000 1164 ὁ
1046 1109 1405 1183 ἠγαπημένος
1443 1108 1604 1172 λαὸς,
1652 1106 1746 1160 νῦν
1790 1105 1848 1158 δὲ

280 1201 599 1273 θεοστυγής.
632 1204 745 1257 Kal
791 1203 1049 1273 ἐμϐαλεῖς
1099 1204 1170 1258 τὰ
1217 1201 1438 1274 ῥήματά
1487 1216 1587 1268 μου
1634 1200 1714 1261 εἰς
1750 1197 1850 1265 τὴν

279 1294 510 1362 καρδίαν
534 1311 653 1361 σου,
683 1297 778 1348 καὶ
801 1295 953 1348 ἔσται
985 1295 1256 1349 άσάλευτα
1280 1293 1386 1364 πρὸ
1410 1291 1703 1361 ὀφθαλμῶν
1733 1306 1847 1342 σου.

279 1385 519 1455 Πρόσεχε
571 1385 806 1457 σεαυτῷ,
857 1387 1066 1456 μήποτε
1136 1384 1444 1457 καταλίπῃς
1483 1382 1576 1436 τὸν
1618 1381 1850 1450 Λευΐτην

279 1476 457 1538 πάσας
492 1477 592 1541 τὰς
620 1477 833 1549 ἡμέρας
865 1477 967 1547 τῆς
996 1477 1142 1546 ζωῆς
1179 1493 1294 1540 σου,
1323 1475 1570 1529 τουτέστι
1597 1473 1724 1536 τοὺς
1756 1471 1851 1524 νῦν

278 1562 627 1633 λειτουργοὺς
656 1565 884 1636 Κυρίου,
920 1566 983 1618 Οί
1015 1565 1125 1634 γάρ
1169 1566 1336 1633 ἱερεῖς
1364 1563 1460 1616 καὶ
1499 1560 1724 1616 Λευῖται
1754 1562 1849 1629 ὲγ-

278 1654 482 1725 γυηταί
507 1655 602 1708 σού
638 1657 797 1711 εἰσιν.
830 1655 994 1708 Αὐτοὶ
1025 1654 1132 1725 γὰρ
1183 1654 1397 1724 αίρουσι
1442 1653 1542 1716 τὰς
1578 1651 1851 1723 ἁμαρτίας

277 1745 374 1798 τοῦ
403 1745 533 1799 λαοῦ
554 1765 567 1778 ·
607 1767 625 1798 ι
667 1748 910 1820 Πρόσεχε
943 1748 1180 1820 σεαυτῷ,
1213 1748 1420 1818 μήποτε
1445 1745 1671 1817 γένηται
1701 1745 1854 1816 ῥῆμα

1949 559 2015 612 ad
2037 573 2131 612 eor
2157 555 2394 610 hominis
2417 550 2745 612 ascenderit,
2778 548 2964 616 utique
2987 543 3174 598 licebit
3196 558 3262 596 ex
3286 555 3512 609 operum

1949 648 2230 718 qualitate.
2265 645 2400 700 Cum
2435 644 2582 698 enim
2612 638 2909 695 acrimonia
2955 635 3084 690 bilis
3121 632 3411 687 excitatior
3460 637 3517 683 et

1949 739 2016 793 ad
2040 737 2379 792 iracundiam
2404 735 2704 802 devergens
2725 727 3040 790 accesserit,
3065 733 3159 779 aut
3183 718 3523 777 amaritudo,

1949 825 2302 896 perspicuum
2349 821 2554 883 evadit,
2606 819 2661 873 in
2707 816 2928 871 homine
2957 814 3067 884 jam
3113 825 3255 865 esse.
3305 805 3513 861 Deinde

1950 914 2334 984 intempestiva
2391 909 2664 980 cupiditas
2695 905 3079 975 multiplicium
3113 899 3517 970 Operationum,

1948 1007 2262 1062 eduliorum
2295 1005 2457 1058 luxus
2490 999 2789 1071 profusior,
2819 997 3066 1052 studium
3098 990 3378 1048 sordentis
3399 1006 3517 1044 cra-

1948 1100 2120 1171 pulae,
2169 1097 2512 1166 voluptatum
2569 1109 2679 1147 non
2736 1089 3092 1144 uniformium
3152 1083 3519 1142 consectatio,

1951 1187 2401 1259 concupiscentia
2449 1185 2782 1247 mulierum,
2834 1179 3195 1235 immoderata
3251 1173 3525 1244 cupiditas

1951 1280 2186 1352 augendi
2235 1278 2461 1350 peculii,
2519 1274 2798 1346 superbia,
2826 1271 3181 1342 supereiliosa
3210 1276 3267 1324 et
3294 1280 3524 1337 pompa-

1951 1374 2059 1430 tica
2083 1371 2416 1442 arrogantia,
2452 1377 2508 1424 et
2526 1382 2866 1439 quaecunque
2895 1363 3116 1419 tandem
3140 1360 3260 1415 istis
3288 1355 3526 1414 conﬁnia

1952 1472 2080 1520 sunt
2112 1471 2168 1519 et
2200 1463 2418 1517 similia.
2451 1459 2558 1515 Sed
2590 1466 2646 1514 et
2665 1455 3054 1526 conceptiones
3075 1451 3243 1506 animi
3274 1448 3526 1518 maligna:

1951 1572 2145 1611 omnes
2190 1556 2299 1610 hoc
2349 1554 2635 1608 incentore
2679 1548 3080 1605 accenduntur.
3127 1543 3297 1598 Nobis
3342 1541 3527 1610 itaque

1953 1644 2394 1715 circumspectim
2435 1641 2806 1702 attendamus,
2837 1652 2902 1692 ac
2932 1636 3052 1691 vale
3083 1646 3406 1703 supremum
3445 1629 3528 1684 di-

1955 1753 2144 1793 camus
2176 1736 2267 1792 isti
2303 1735 2384 1790 sic
2422 1734 2672 1804 improbo
2699 1729 2954 1800 Spiritui;
2997 1725 3250 1797 angelum
3281 1737 3413 1778 vero
3443 1723 3530 1792 ju-

279 1837 341 1889 ὲν
365 1840 430 1908 τῇ
464 1839 659 1910 καρδίᾳ
689 1811 782 1893 σου
813 1811 1056 1911 κρύπτον
1083 1811 1362 1910 ἀνόμημα,
1397 1856 1416 1891 ι
1452 1811 1722 1897 τουτέστι,

1963 1830 2125 1884 stitiae
2193 1825 2546 1882 individuum
2595 1821 2759 1876 nobis
2819 1817 3157 1874 asciscamus
3207 1814 3310 1868 via:
3364 1811 3529 1880 hujus

280 1926 598 1997 περιέργοις
642 1929 1043 2000 ἐνθυμήμασιν,
1099 1930 1214 1983 ἀλλ’
1249 1928 1540 1990 ἀπλάστως
1581 1926 1848 1998 παρόδευε

277 2018 381 2082 τὰς
409 2020 506 2088 τῆς
537 2020 683 2090 ζωῆς
709 2039 802 2100 σου
831 2024 1066 2095 ἡμέρας.
1109 2021 1308 2087 Καθὼς
1336 2021 1430 2074 καὶ
1457 2018 1546 2074 διὰ
1585 2018 1849 2090 Ἰερεμίου

278 2109 586 2181 διαγορεύει
610 2113 640 2164 ό
669 2112 834 2179 Θεὸς,
872 2114 1068 2182 λέγων,
1103 2133 1119 2165 ι
1142 2113 1276 2166 Ἰδοὺ
1304 2111 1514 2165 δέδωκα
1550 2110 1658 2180 πρὸ
1685 2126 1852 2181 προσ-

280 2201 437 2253 ώπου
494 2201 650 2272 ὑμῶν
705 2201 806 2274 τὴν
837 2204 955 2257 όδὸν
991 2203 1093 2274 τῆς
1123 2203 1268 2270 ζωῆς
1293 2201 1390 2254 καὶ
1425 2201 1519 2254 τοῦ
1552 2200 1803 2263 θανάτου,
1829 2217 1845 2250 ι

278 2291 552 2370 τουτέστι,
581 2292 680 2364 τὴν
705 2294 949 2349 δουλείαν
973 2295 1070 2350 καὶ
1096 2295 1195 2366 τὴν
1226 2292 1541 2364 ἐλευθερίαν
1559 2308 1574 2325 ⁸
1609 2310 1628 2343 ι
1663 2294 1726 2344 Οί
1748 2293 1855 2362 γάρ

280 2398 417 2434 ποτε
451 2383 638 2447 σκότος
668 2385 838 2450 ὄντες,
867 2386 962 2440 νῦν
1000 2386 1056 2440 δὲ
1115 2386 1231 2455 φῶς
1259 2388 1316 2440 ἐν
1358 2385 1566 2455 Κυρίῳ.
1609 2402 1627 2436 ι
1680 2385 1854 2454 Προσ-

279 2471 440 2541 έχετε
492 2475 702 2540 ἑαυτοῖς
748 2477 1012 2546 ἀκριϐῶς,
1061 2480 1274 2549 μήποτε
1326 2475 1700 2548 παραρῥυῆτε.
1749 2475 1856 2529 Τοῦ

281 2566 396 2635 γὰρ
423 2568 687 2637 φαγόντος
715 2570 806 2624 τὸν
831 2569 1055 2641 ὄμφακα
1108 2569 1514 2641 αἱμοδιάσουσιν
1551 2571 1601 2623 οἱ
1627 2569 1853 2633 ὀδόντες·

280 2657 513 2723 ἕκαστος
536 2663 602 2732 τῇ
633 2661 880 2733 ἁμαρτίᾳ
919 2663 1085 2715 αὑτοῦ
1129 2662 1500 2716 ἀποθανεῖται.
1532 2661 1643 2714 Kal
1677 2663 1706 2714 ό
1733 2661 1859 2713 Ἐκ-

283 2750 620 2823 κλησιαστής
655 2771 808 2824 φησι,
851 2771 872 2806 ι
906 2754 1159 2826 Τρί6ολοι
1211 2755 1308 2808 καὶ
1353 2754 1581 2819 παγίδες
1625 2755 1684 2807 ὲν
1722 2753 1860 2816 ὁδοῖς

286 2840 555 2906 σκολιαῖς.
598 2843 658 2898 Ὀ
681 2844 738 2898 δὲ
766 2845 1054 2914 φυλάσσων
1085 2845 1183 2917 τὴν
1209 2845 1404 2899 ἑαυτοῦ
1433 2845 1636 2915 ψυχὴν,
1662 2843 1860 2913 ἀφέξε-

283 2949 380 2986 ται
410 2933 506 2986 άπ’
537 2934 739 2991 αὐτῶν.
770 2954 790 2989 ι
828 2938 932 2990 Kal
977 2931 1153 3000 αὖθις,
1203 2955 1222 2990 ‹
1253 2937 1411 3009 Πάσῃ
1449 2937 1662 3007 φυλακῇ
1705 2936 1864 3007 τήρει

286 3023 394 3092 σὴν
421 3025 671 3096 καρδίαν.
714 3027 811 3080 Ἐκ
862 3028 971 3098 γὰρ
1015 3027 1222 3082 τούτων
1270 3026 1440 3094 ἔξοδοι
1485 3027 1652 3097 ζωῆς.
1685 3046 1706 3078 ι
1753 3026 1864 3079 Kal

286 3114 476 3174 πάλιν.
510 3134 530 3169 ι
565 3117 886 3188 Ἑτοίμασον
905 3121 985 3183 είς
1013 3119 1112 3190 τὴν
1141 3119 1317 3184 ἔξοδον
1345 3119 1413 3173 τὰ
1455 3118 1594 3190 ἔργα
1632 3135 1748 3181 σου,
1773 3119 1864 3172 καὶ

1955 1921 2234 1976 comitem.
2292 1918 2372 1972 Ita
2427 1915 2575 1972 enim
2629 1914 2952 1969 adhortatur
3003 1923 3105 1964 nos
3136 1907 3225 1962 lex
3267 1904 3528 1974 :1122

1965 2033 1982 2065 ι
2008 2012 2263 2074 Attende,
2285 2010 2383 2075 ait,
2406 2006 2505 2062 tibi
2525 2005 2627 2076 ipsi
2658 2011 2714 2059 et
2741 2000 2958 2058 custodi
2975 1999 3212 2054 animam
3231 2004 3378 2052 tuam
3415 1993 3529 2046 val-

1958 2106 2046 2171 de;
2075 2120 2143 2160 ne
2180 2100 2521 2158 obliviscaris
2547 2096 2761 2154 Domini
2804 2095 2902 2149 Dei
2938 2091 3036 2155 tui,
3083 2098 3228 2145 etne
3271 2086 3532 2142 recedant

1959 2210 2243 2252 sermones
2260 2195 2380 2264 ejus
2396 2208 2428 2246 a
2461 2189 2626 2246 corde
2654 2197 2749 2243 tuo
2769 2185 3029 2241 omnibus
3043 2181 3240 2236 diebus
3251 2178 3378 2232 vita:
3403 2186 3529 2240 tute,

1960 2288 2056 2345 sed
2085 2287 2281 2357 diliges
2297 2284 2591 2339 Dominum
2609 2282 2781 2335 Deum
2814 2288 2968 2332 tuum
2983 2291 3049 2330 ex
3073 2282 3186 2328 tota
3208 2268 3531 2326 fortitudine

1963 2390 2076 2445 tua,
2094 2380 2188 2449 qui
2209 2394 2240 2433 e
2262 2377 2486 2431 fornace
2511 2373 2689 2429 ferrea
2707 2370 2901 2427 eduxit
2921 2378 2972 2423 te
2989 2367 3056 2422 de
3079 2365 3347 2422 servitute
3371 2360 3533 2442 )Egy-

1963 2438 2349 2541 ptiorum":t
2379 2465 2607 2527 hocest,
2651 2462 2832 2532 ejugo
2870 2455 3138 2528 principis
3182 2438 3533 2508 tenebrarum

1964 2561 2156 2618 mundi
2192 2559 2378 2630 hujus.
2426 2555 2694 2627 Egyptus
2744 2552 2894 2608 enim
2939 2565 3036 2606 sua
3084 2545 3538 2616 interpretatione

1967 2654 2209 2712 insinuat
2241 2650 2513 2708 tenebras.
2552 2666 2571 2700 ι
2606 2645 2840 2702 Attende
2872 2642 2972 2698 tibi
3006 2640 3132 2712 ipsi,
3159 2654 3231 2694 ne
3250 2643 3537 2707 postquam

1965 2744 2275 2803 comederis
2303 2752 2361 2799 et
2388 2751 2668 2798 saturatus
2699 2737 2892 2801 fueris,
2937 2729 3282 2789 obliviscaris
3322 2726 3538 2783 Domini

1967 2837 2064 2894 Dei
2100 2836 2183 2891 tui
2217 2837 2258 2902 ί,
2293 2854 2312 2887 ι
2350 2831 2744 2890 etrecalcitres
2773 2835 2834 2883 ut
2860 2822 3158 2896 aliquando
3187 2821 3424 2877 dilectus
3449 2819 3540 2872 ille

1967 2930 2227 3001 populus,
2258 2941 2409 2982 nunc
2434 2935 2620 2981 autem
2651 2923 2761 2978 Deo
2789 2913 3013 2975 odibilis
3050 2933 3064 2970 :
3099 2913 3196 2971 sed
3225 2913 3394 2968 verba
3425 2913 3544 2982 ejus

1970 3023 2182 3077 inseres
2227 3019 2382 3076 cordi
2414 3027 2529 3081 tuo,
2577 3026 2633 3072 et
2673 3022 2838 3070 erunt
2863 3011 3193 3067 inconcussa.
3244 3018 3408 3077 atque
3438 3007 3544 3060 im.-

1973 3122 2119 3169 mota
2171 3122 2300 3168 ante
2330 3112 2521 3168 oculos
2553 3118 2696 3165 tuos.
2747 3105 2981 3161 Attende
3029 3103 3128 3160 tibi
3159 3102 3262 3173 ipsi
3287 3115 3357 3156 ne
3387 3099 3547 3154 dere-

286 3209 719 3277 παρασκευάζου
747 3212 827 3274 είς
869 3211 962 3264 τὸν
993 3211 1183 3283 ἀγρόν.
1221 3230 1242 3265 ι
1285 3212 1397 3265 Kal
1442 3209 1674 3281 πορεύου
1729 3227 1864 3264 κατ-

1966 3208 2182 3277 linquas
2214 3205 2458 3261 Levitam
2475 3201 2736 3258 omnibus
2759 3198 2956 3254 diebus
2983 3197 3110 3252 vitae
3143 3203 3271 3257 tuae,
3303 3194 3410 3247 hoc
3439 3199 3546 3253 est,

285 3299 518 3354 όπισθέν
553 3317 674 3370 μου.
703 3303 815 3356 Kal
857 3303 1294 3373 ἀνοικοδομήσεις
1322 3301 1414 3355 τδν
1439 3297 1586 3355 οἶκόν
1633 3317 1726 3355 σου
1770 3301 1862 3355 τὸν

285 3388 381 3441 διὰ
413 3389 514 3458 τῆς
539 3390 906 3461 παραϐάσεως
947 3391 1041 3444 τοῦ
1080 3391 1255 3462 Ἀδὰμ
1300 3390 1666 3462 σαθρωθέντα,
1697 3391 1755 3444 ὲν
1786 3389 1865 3458 τῷ

291 3479 635 3549 βαπτίσματι
664 3480 721 3534 δὲ
758 3481 1229 3536 ἁνακαινισθέντα.
1266 3481 1378 3536 Kal
1419 3484 1447 3534 ὀ
1473 3480 1770 3543 ἀπόστολος
1808 3477 1865 3533 δὲ

292 3569 531 3635 Παῦλος,
565 3591 584 3624 ι
621 3571 856 3626 Βλέπετε
884 3573 1004 3637 πῶς
1036 3575 1414 3644 περιπατεῖτε,
1450 3574 1526 3644 μὴ
1548 3571 1623 3637 ὡς
1653 3573 1864 3640 ἄσοφοι,

289 3660 412 3716 ἀλλ’
456 3663 532 3726 ὡς
586 3664 762 3732 σοφοὶ,
789 3663 1242 3735 ἐξαγοραζόμενοι
1301 3664 1394 3717 τὸν
1428 3663 1642 3735 καιρὸν,
1689 3664 1769 3716 ὅτι
1813 3664 1869 3715 αἱ

295 3750 754 3824 ἡμέραιπονηραί
780 3756 908 3810 εἰσι.
941 3773 961 3807 ι
990 3755 1099 3808 Kal
1125 3757 1184 3809 ὲν
1203 3757 1322 3818 ταῖς
1349 3754 1610 3826 Πράξεσι,
1645 3773 1664 3806 ι
1688 3754 1868 3823 Προσ-

293 3846 450 3914 έχετε
501 3847 716 3911 ἑαυτοῖς
754 3848 852 3901 καὶ
914 3848 1080 3901 παντὶ
1119 3847 1197 3918 τῷ
1234 3848 1493 3917 ποιμνίῳ,
1531 3848 1590 3899 ἐν
1719 3845 1873 3898 ἔθετο

295 3936 446 4004 ὑμᾶς
467 3935 528 3989 τὸ
559 3936 786 4008 Πνεῦμα
805 3938 869 3991 τὸ
898 3938 1052 4008 ἆγιον
1083 3939 1392 4009 ποιμαίνειν
1416 3937 1514 4008 τὴν
1544 3935 1874 4006 Ἐκκλησίαν

294 4029 396 4084 τοῦ
436 4029 630 4084 Θεοῦ.»
670 4030 782 4084 Kal
827 4033 856 4084 ὁ
883 4031 1162 4102 Ἰωάννης,
1186 4051 1205 4083 ι
1248 4029 1467 4093 Παιδία,
1500 4028 1702 4099 ἐσχάτη
1757 4027 1876 4098 ὥρα

294 4122 417 4176 ἐστί
435 4139 450 4156 ο
478 4123 572 4176 κα)⁸
601 4123 784 4188 καθὼς
808 4123 1080 4193 ἠκούσατε
1113 4123 1241 4193 περὶ
1268 4121 1364 4176 τοῦ
1400 4121 1766 4192 Ἀντιχρίστου
1795 4120 1876 4173 ὅτι

297 4212 522 4282 ἔρχεται
549 4253 566 4277 ,
625 4214 719 4268 καὶ
783 4213 878 4268 νῦν
930 4213 1266 4285 ἀντίχριστοι
1322 4213 1508 4267 πολλοὶ
1565 4212 1874 4281 γεγόνασιν.

1966 3298 2254 3353 ministros
2293 3295 2512 3352 Domini
2546 3312 2560 3348 :
2598 3292 2918 3349 sacerdotes
2951 3289 3100 3345 enim
3134 3286 3335 3342 Levita:
3358 3285 3551 3340 etiam-

1965 3408 2100 3447 num
2161 3397 2334 3454 sunt;
2398 3389 2504 3459 ipsi
2563 3387 2715 3442 enim
2770 3390 2995 3455 portant
3046 3389 3275 3452 peccata
3331 3379 3544 3450 populi.

1973 3502 1991 3534 ε
2029 3480 2268 3536 Attende
2306 3478 2406 3533 tibi
2437 3478 2538 3548 ipsi
2571 3492 2641 3532 ne
2685 3476 2826 3531 forte
2867 3474 2960 3529 ﬁat
3002 3473 3060 3527 in
3109 3471 3277 3528 corde
3310 3477 3406 3525 tuo
3431 3484 3550 3524 ver-

1969 3573 2161 3637 bum',
2179 3589 2198 3623 ι
2226 3569 2376 3640 quod
2397 3569 2642 3624 occultet
2669 3565 2952 3636 quidpiam
2985 3562 3200 3634 ﬂagitii,
3230 3561 3336 3614 hoc
3359 3567 3463 3623 est,
3483 3574 3551 3612 ne

1971 3665 2190 3721 curiose
2209 3671 2266 3719 et
2285 3675 2691 3730 supervacanee
2711 3657 2965 3714 confictis
2980 3653 3318 3726 argumentis
3335 3651 3433 3705 tibi
3447 3651 3551 3720 ipsi

1971 3756 2298 3821 blandiaris,
2320 3754 2493 3824 magis
2515 3761 2697 3808 autem
2723 3751 2844 3806 dies
2867 3747 3228 3805 transmittito
3247 3745 3374 3800 vitae
3393 3743 3554 3799 istius

1975 3857 2083 3903 tua:
2139 3847 2276 3902 citra
2334 3845 2502 3899 ullius
2559 3841 2929 3898 simulationis
2986 3840 3171 3895 fucum
3225 3857 3239 3892 :
3309 3852 3412 3892 ceu
3459 3851 3554 3905 per

1974 3935 2268 3993 Jeremiam
2298 3934 2459 4004 jubet
2485 3932 2752 3986 Dominus
2779 3949 2792 3984 :
2821 3949 2839 3982 ‹
2870 3930 3010 3984 Ecce
3045 3929 3171 3983 dedi
3203 3935 3330 3982 ante
3361 3926 3566 3980 faciem-

1976 4038 2216 4084 vestram
2265 4026 2409 4080 viam
2470 4025 2598 4081 vitae.
2649 4032 2706 4080 et
2747 4022 2892 4078 viam
2941 4021 3138 4076 mortis
3169 4021 3189 4052 ⁸
3225 4038 3238 4074 :
3274 4039 3292 4072 ι
3345 4019 3451 4072 hoc
3475 4025 3558 4071 est

1979 4120 2303 4176 servitutem
2351 4124 2409 4172 et
2453 4115 2789 4170 libertatem.
2823 4131 2841 4164 ι
2903 4112 3011 4178 Qui
3061 4110 3207 4166 enim
3261 4107 3557 4178 aliquando

1979 4227 2199 4270 eramus
2231 4210 2492 4275 tenebrat,
2535 4222 2684 4263 nunc
2727 4214 2910 4261 autem
2969 4205 3065 4258 lux
3100 4203 3155 4256 in
3199 4202 3432 4256 Domino
3461 4200 3501 4252 δ.
3535 4219 3550 4250 ι

299 4304 467 4358 Ὅθεν
503 4305 850 4376 γινώσκομεν
900 4307 984 4360 ὅτι
1042 4307 1244 4377 ἐσχάτη
1294 4305 1414 4376 ὥρα
1465 4306 1604 4359 ἐστί.
1636 4323 1654 4356 ι
1710 4304 1820 4357 Kal
1852 4304 1877 4356 ὁ

1981 4301 2218 4358 Attende
2271 4300 2339 4355 iis
2373 4314 2496 4369 quae
2543 4305 2673 4352 sunt
2711 4296 2764 4350 in
2799 4293 3051 4357 Domino,
3086 4290 3380 4362 nequando
3421 4306 3559 4360 pra:-

299 4396 544 4466 Κύριος,
603 4415 624 4448 ι
659 4397 961 4468 Προσέχετε
1013 4398 1224 4460 ἑαυτοῖς
1269 4396 1376 4451 ἀπὸ
1416 4396 1528 4450 τῶν
1579 4395 1877 4466 ψευδοπρο-

1985 4393 2263 4455 terﬂuant,
2295 4390 2606 4446 comedenti
2627 4388 2774 4444 enim
2797 4402 2958 4442 uvam
2987 4385 3242 4439 acerbam
3263 4383 3554 4452 obstupes-

300 4487 512 4558 φητῶν,
586 4489 784 4552 οἵτινες
825 4489 1077 4559 ἔρχονται
1131 4489 1266 4558 πρὸς
1312 4490 1458 4559 ὑμᾶς
1510 4490 1569 4542 ἐν
1613 4487 1877 4558 ἐνδύμασι

1987 4494 2120 4541 cunt
2167 4484 2379 4539 dentes.
2437 4481 2825 4550 Unusquisque
2876 4485 3103 4548 peccato
3133 4491 3236 4531 suo
3265 4474 3553 4528 morietur.

302 4545 617 4650 προϐάτων,
649 4545 940 4636 ἔσωθενιδέ
969 4582 1075 4633 είσι
1113 4545 1266 4635 λύκοι
1308 4545 1557 4651 ἅρπαγες
1578 4597 1591 4612 ο
1625 4545 1877 4634 άπὸιτῶν

1983 4577 2342 4632 Ecclesiastes
2364 4575 2440 4630 ait
2466 4593 2479 4628 :
2513 4593 2532 4626 ι
2567 4545 2781 4627 Tribuli
2804 4579 2860 4626 et
2876 4545 3067 4640 laquei
3088 4570 3146 4624 in
3166 4568 3272 4622 viis
3294 4566 3554 4635 obliquis.

302 4671 533 4742 καρπῶν
571 4673 753 4726 αὐτῶν
800 4674 1075 4743 γνώσεσθε
1120 4673 1340 4737 αὐτούς.
1374 4693 1393 4725 ι
1448 4671 1621 4742 Ἀυτῷ
1672 4673 1706 4741 ἡ
1749 4671 1876 4736 δόξα

301 4761 381 4831 τῷ
407 4763 772 4836 φιλανθρώπῳ
807 4766 928 4838 Θεῷ
957 4768 1037 4830 εἰς
1068 4766 1192 4828 τοὺς
1221 4766 1443 4828 αἰῶνας.
1489 4765 1681 4835 Ἀμήν.

1985 4669 2079 4739 qui
2110 4677 2294 4722 autem
2323 4666 2563 4722 custodit
2596 4665 2836 4719 animam
2868 4677 3022 4717 suam
3051 4660 3362 4731 etfugietea
3382 4660 3424 4710 ⁵.
3457 4677 3561 4707 »-

1993 4780 2010 4811 ι
2033 4759 2192 4815 Omni
2218 4757 2465 4813 custodia
2492 4772 2650 4812 serva
2677 4771 2774 4811 cor
2800 4764 2975 4820 tuum,
3001 4768 3070 4807 ex
3098 4767 3166 4807 eo
3204 4749 3351 4807 enim
3381 4747 3564 4804 exitus

301 4854 432 4910 vitae
479 4857 520 4909 '.
553 4876 571 4906 ι
606 4858 812 4913 lterum
845 4875 859 4912 :
897 4877 915 4910 ‹
939 4861 1192 4929 Ρτωριιιτι
1245 4859 1314 4913 ad
1368 4859 1576 4914 exitum
1616 4873 1782 4929 opera
1838 4865 1950 4919 tua,
1987 4864 2043 4908 et
2075 4867 2386 4923 praeparare
2417 4851 2472 4905 in
2506 4866 2697 4921 agrum
2731 4851 2772 4915 ⁷,
2817 4869 2836 4900 ι
2879 4858 2935 4903 et
2973 4847 3112 4902 vade
3163 4856 3290 4916 post
3344 4859 3454 4907 me,
3504 4851 3562 4896 et

303 4948 668 5004 reanditicabis
718 4953 945 5005 domum
995 4959 1172 5014 tuam,
1223 4966 1346 5020 qua:
1389 4950 1612 5020 quidem
1648 4965 1760 5019 pra;
1797 4949 2007 5004 cariosa
2037 4953 2308 5001 vetustate
2337 4942 2786 5013 transgressionis
2842 4940 3009 4996 Adam
3047 4939 3285 5007 collapsa
3322 4944 3472 4998 erat,
3507 4933 3562 4987 in

305 5034 636 5106 baptismate
665 5046 848 5092 autem
877 5039 1179 5094 instaurata
1234 5048 1337 5094 est.
1365 5038 1658 5108 Apostolus
1681 5037 1809 5092 item
1840 5036 2041 5089 Paulus
2075 5053 2087 5088 :
2127 5053 2145 5086 ι
2180 5035 2374 5090 Videte
2421 5032 2699 5103 quomodo
2741 5029 3050 5094 ambuletis,
3084 5043 3194 5082 non
3227 5027 3385 5097 quasi
3425 5023 3563 5080 iusi-

305 5131 544 5200 pientes,
601 5132 698 5187 sed
729 5141 791 5186 ut
835 5133 1116 5200 sapientes
1186 5132 1523 5188 redimentes
1594 5139 1810 5200 tempus
1833 5170 1848 5194 ,
1878 5131 2138 5195 quoniam
2165 5129 2287 5184 dies
2315 5127 2442 5182 mali
2478 5135 2619 5181 sunt
2645 5127 2686 5178 ⁸.
2724 5143 2742 5175 ι
2774 5125 2841 5180 Et
2906 5125 2965 5178 in
3032 5121 3351 5193 apostolicis
3410 5120 3564 5175 Acti-

308 5222 456 5279 bus:
496 5244 516 5275 ι
555 5224 834 5280 Attendite
860 5226 1020 5280 vobis
1048 5225 1184 5296 ipsis
1223 5233 1278 5280 et
1336 5224 1596 5280 universo
1627 5223 1795 5294 gregi,
1833 5223 1885 5276 in
1926 5237 2036 5291 quo
2080 5221 2264 5292 posuit
2312 5235 2410 5275 vos
2443 5219 2682 5289 Spiritus
2717 5226 2943 5272 sanctus
2991 5231 3218 5286 pascere
3262 5214 3564 5270 Ecclesium

309 5317 403 5371 Dei
450 5321 492 5371 θ.
529 5338 546 5369 ι
619 5319 684 5372 Et
745 5318 1032 5374 Joannes:
1102 5336 1123 5371 ι
1181 5318 1370 5381 Pueri,
1409 5318 1708 5372 novissima
1767 5317 1900 5369 hora
1963 5323 2078 5377 est,
2129 5313 2272 5369 sicut
2301 5312 2532 5368 audistis
2569 5312 2638 5365 de
2696 5309 3070 5374 Antichristo,
3126 5309 3254 5378 quia
3294 5307 3466 5366 venit,
3507 5314 3564 5359 et

310 5425 457 5465 nunc
487 5409 802 5465 antichristi
845 5409 1004 5464 multi
1075 5419 1226 5475 sunt,
1258 5409 1403 5464 unde
1468 5408 1672 5463 scimus
1700 5409 1827 5476 quia
1874 5405 2171 5461 novissima
2211 5405 2346 5460 hora
2374 5413 2458 5460 est
2487 5404 2550 5456 ‘°.
2576 5423 2593 5455 ι
2642 5403 2903 5459 Dominus
2941 5416 3199 5473 quoque:
3233 5421 3249 5451 ι
3285 5398 3564 5456 Attendite

379 5591 426 5622 ”
472 5591 628 5646 Deut.
683 5609 754 5656 tv,
803 5592 855 5657 9,
893 5593 982 5647 20.
1099 5575 1324 5648 "Deut.
1380 5611 1470 5655 γι,
1533 5592 1753 5651 12.13.

309 5657 527 5715 'Eccle.
560 5678 652 5726 vu,
706 5663 797 5717 ‘27.
905 5665 924 5694 ⁶
973 5664 1131 5718 Prov.
1174 5680 1243 5728 ιγ,
1300 5663 1386 5718 23.

311 5743 368 5790 ιι.
407 5732 472 5784 18

1865 5593 1883 5621 ²
1916 5591 2074 5645 Deut.
2132 5607 2222 5650 x1.
2265 5591 2348 5644 l6.

1501 5665 1516 5692 ⁷
1557 5663 1715 5717 I'rov.
1778 5679 1917 5726 xxiv,
1959 5661 2046 5714 '27.

2466 5590 2487 5620 ³
2518 5589 2719 5644 Jerem.
2759 5603 2870 5654 xxi,
2915 5588 2966 5641 8.
3080 5586 3100 5616 ⁸
3128 5583 3329 5654 Ephcs.
3359 5598 3457 5654 ν,
3512 5580 3562 5631 8.

2161 5663 2180 5693 ⁵⁵
2217 5661 2417 5730 Ephcs.
2454 5677 2504 5726 v,
2555 5661 2639 5715 15.
2718 5661 2737 5692 ⁹
2770 5650 2886 5714 Act.
2935 5673 3023 5723 xx,
3077 5650 3192 5708 ‘28.—
3286 5651 3377 5706 ’⁵-1
3410 5650 3584 5705 .1οιιιι..
