  <div class='ocr_page' id='page_1' title='image "/cluster/home/n/w/nwhite01/storage/ocr_20150623/89/hvd.32044010610574/817.png"; bbox 0 0 4028 6518; ppageno 0'>
   <div class='ocr_carea' id='block_1_1' title="bbox 530 340 703 431">
    <p class='ocr_par' dir='ltr' id='par_1_1' title="bbox 530 340 703 431">
     <span class='ocr_line' id='line_1_1' title="bbox 530 340 703 431; baseline -0.017 -26"><span class='ocrx_word' id='word_1_1' title='bbox 530 340 665 405; x_wconf 73' lang='lat'><strong>1619</strong></span> <span class='ocrx_word' id='word_1_2' title='bbox 699 426 703 431; x_wconf 15' lang='lat'><strong><em>.</em></strong></span> 
     </span>
    </p>
   </div>
   <div class='ocr_carea' id='block_1_2' title="bbox 1779 350 2527 410">
    <p class='ocr_par' dir='ltr' id='par_1_2' title="bbox 1779 350 2527 410">
     <span class='ocr_line' id='line_1_2' title="bbox 1779 350 2527 410; baseline 0.005 -4"><span class='ocrx_word' id='word_1_3' title='bbox 1779 350 2143 409; x_wconf 77' lang='lat' dir='ltr'><strong>ANTIOCHI</strong></span> <span class='ocrx_word' id='word_1_4' title='bbox 2181 351 2527 410; x_wconf 74' lang='lat' dir='ltr'><strong>MONACIII</strong></span> 
     </span>
    </p>
   </div>
   <div class='ocr_carea' id='block_1_3' title="bbox 3608 359 3724 426">
    <p class='ocr_par' dir='ltr' id='par_1_3' title="bbox 3608 359 3724 426">
     <span class='ocr_line' id='line_1_3' title="bbox 3608 359 3724 426; baseline 0.043 -6"><span class='ocrx_word' id='word_1_5' title='bbox 3608 359 3724 426; x_wconf 71' lang='lat'><strong>1620</strong></span> 
     </span>
    </p>
   </div>
   <div class='ocr_carea' id='block_1_4' title="bbox 526 455 3729 539">
    <p class='ocr_par' dir='ltr' id='par_1_4' title="bbox 526 455 3729 539">
     <span class='ocr_line' id='line_1_4' title="bbox 526 455 3729 539; baseline 0.005 -32"><span class='ocrx_word' id='word_1_6' title='bbox 526 456 685 511; x_wconf 83' lang='lat' dir='ltr'><strong>vobis</strong></span> <span class='ocrx_word' id='word_1_7' title='bbox 716 455 848 526; x_wconf 81' lang='lat' dir='ltr'><strong>ipsis</strong></span> <span class='ocrx_word' id='word_1_8' title='bbox 871 472 901 511; x_wconf 87' lang='lat' dir='ltr'><strong>a</strong></span> <span class='ocrx_word' id='word_1_9' title='bbox 943 457 1093 511; x_wconf 78' lang='lat' dir='ltr'><strong>falsis</strong></span> <span class='ocrx_word' id='word_1_10' title='bbox 1117 458 1419 527; x_wconf 76' lang='lat' dir='ltr'><strong>prophetis,</strong></span> <span class='ocrx_word' id='word_1_11' title='bbox 1459 458 1553 527; x_wconf 88' lang='lat' dir='ltr'><strong>qui</strong></span> <span class='ocrx_word' id='word_1_12' title='bbox 1584 460 1815 513; x_wconf 89' lang='lat' dir='ltr'><strong>veniunt</strong></span> <span class='ocrx_word' id='word_1_13' title='bbox 1853 460 1920 513; x_wconf 90' lang='lat' dir='ltr'><strong>ad</strong></span> <span class='ocrx_word' id='word_1_14' title='bbox 1946 476 2041 515; x_wconf 88' lang='lat' dir='ltr'><strong>vos</strong></span> <span class='ocrx_word' id='word_1_15' title='bbox 2085 460 2140 514; x_wconf 91' lang='lat' dir='ltr'><strong>in</strong></span> <span class='ocrx_word' id='word_1_16' title='bbox 2174 463 2518 517; x_wconf 89' lang='lat' dir='ltr'><strong>vestimentis</strong></span> <span class='ocrx_word' id='word_1_17' title='bbox 2554 464 2763 528; x_wconf 89' lang='lat' dir='ltr'><strong>ovium,</strong></span> <span class='ocrx_word' id='word_1_18' title='bbox 2794 464 3130 520; x_wconf 69' lang='lat' dir='ltr'><strong>intrinsecus</strong></span> <span class='ocrx_word' id='word_1_19' title='bbox 3161 474 3341 520; x_wconf 82' lang='lat' dir='ltr'><strong>autem</strong></span> <span class='ocrx_word' id='word_1_20' title='bbox 3374 478 3496 522; x_wconf 91' lang='lat' dir='ltr'><strong>sunt</strong></span> <span class='ocrx_word' id='word_1_21' title='bbox 3520 470 3622 539; x_wconf 88' lang='lat' dir='ltr'><strong>lupi</strong></span> <span class='ocrx_word' id='word_1_22' title='bbox 3654 487 3729 528; x_wconf 74' lang='lat' dir='ltr'><strong>ra-</strong></span> 
     </span>
    </p>
   </div>
   <div class='ocr_carea' id='block_1_5' title="bbox 528 548 2961 622">
    <p class='ocr_par' dir='ltr' id='par_1_5' title="bbox 528 548 2961 622">
     <span class='ocr_line' id='line_1_5' title="bbox 528 548 2961 622; baseline 0.003 -20"><span class='ocrx_word' id='word_1_23' title='bbox 528 564 734 618; x_wconf 83' lang='lat' dir='ltr'><strong>paces:</strong></span> <span class='ocrx_word' id='word_1_24' title='bbox 785 564 816 603; x_wconf 89' lang='lat' dir='ltr'><strong>a</strong></span> <span class='ocrx_word' id='word_1_25' title='bbox 861 548 1134 613; x_wconf 83' lang='lat' dir='ltr'><strong>fructibus</strong></span> <span class='ocrx_word' id='word_1_26' title='bbox 1174 564 1366 603; x_wconf 84' lang='lat' dir='ltr'><strong>eorum</strong></span> <span class='ocrx_word' id='word_1_27' title='bbox 1405 549 1748 620; x_wconf 77' lang='lat' dir='ltr'><strong>cognoscetis</strong></span> <span class='ocrx_word' id='word_1_28' title='bbox 1786 566 1881 606; x_wconf 90' lang='lat' dir='ltr'><strong>eos</strong></span> <span class='ocrx_word' id='word_1_29' title='bbox 1921 554 1984 604; x_wconf 84' lang='lat'><strong>“.</strong></span> <span class='ocrx_word' id='word_1_30' title='bbox 2010 571 2028 603; x_wconf 86' lang='grc'><strong>›</strong></span> <span class='ocrx_word' id='word_1_31' title='bbox 2068 552 2176 622; x_wconf 91' lang='lat' dir='ltr'><strong>Ipsi</strong></span> <span class='ocrx_word' id='word_1_32' title='bbox 2208 553 2381 622; x_wconf 81' lang='lat' dir='ltr'><strong>gloria</strong></span> <span class='ocrx_word' id='word_1_33' title='bbox 2420 555 2473 609; x_wconf 91' lang='lat' dir='ltr'><strong>in</strong></span> <span class='ocrx_word' id='word_1_34' title='bbox 2523 556 2738 610; x_wconf 71' lang='lat' dir='ltr'><strong>stecula.</strong></span> <span class='ocrx_word' id='word_1_35' title='bbox 2768 557 2961 611; x_wconf 82' lang='lat' dir='ltr'><strong>Amen.</strong></span> 
     </span>
    </p>
   </div>
   <div class='ocr_carea' id='block_1_6' title="bbox 969 683 1678 753">
    <p class='ocr_par' dir='ltr' id='par_1_6' title="bbox 969 683 1678 753">
     <span class='ocr_line' id='line_1_6' title="bbox 969 683 1678 753; baseline -0.004 -11"><span class='ocrx_word' id='word_1_36' title='bbox 969 684 1011 751; x_wconf 78' lang='grc'><strong>1</strong></span> <span class='ocrx_word' id='word_1_37' title='bbox 1024 683 1177 753; x_wconf 79' lang='lat'><strong>123</strong></span> <span class='ocrx_word' id='word_1_38' title='bbox 1215 683 1494 738; x_wconf 79' lang='lat' dir='ltr'><strong>llOMlLlA</strong></span> <span class='ocrx_word' id='word_1_39' title='bbox 1522 685 1678 740; x_wconf 81' lang='lat' dir='ltr'><strong>LXII.</strong></span> 
     </span>
    </p>
   </div>
   <div class='ocr_carea' id='block_1_7' title="bbox 866 795 1775 865">
    <p class='ocr_par' dir='ltr' id='par_1_7' title="bbox 866 795 1775 865">
     <span class='ocr_line' id='line_1_7' title="bbox 866 795 1775 865; baseline 0.003 -16"><span class='ocrx_word' id='word_1_40' title='bbox 866 795 943 849; x_wconf 82' lang='lat' dir='ltr'><strong>De</strong></span> <span class='ocrx_word' id='word_1_41' title='bbox 966 796 1189 865; x_wconf 83' lang='lat' dir='ltr'><strong>benigna</strong></span> <span class='ocrx_word' id='word_1_42' title='bbox 1212 805 1258 848; x_wconf 81' lang='lat' dir='ltr'><strong>et</strong></span> <span class='ocrx_word' id='word_1_43' title='bbox 1276 797 1409 850; x_wconf 86' lang='lat' dir='ltr'><strong>comi</strong></span> <span class='ocrx_word' id='word_1_44' title='bbox 1436 796 1775 852; x_wconf 73' lang='lat' dir='ltr'><strong>allocutione.</strong></span> 
     </span>
    </p>
   </div>
   <div class='ocr_carea' id='block_1_8' title="bbox 603 904 2098 975">
    <p class='ocr_par' dir='ltr' id='par_1_8' title="bbox 603 904 2098 975">
     <span class='ocr_line' id='line_1_8' title="bbox 603 904 2098 975; baseline 0.002 -15"><span class='ocrx_word' id='word_1_45' title='bbox 603 904 843 975; x_wconf 84' lang='lat' dir='ltr'><strong>Benigna</strong></span> <span class='ocrx_word' id='word_1_46' title='bbox 900 915 953 960; x_wconf 87' lang='lat' dir='ltr'><strong>et</strong></span> <span class='ocrx_word' id='word_1_47' title='bbox 988 906 1174 961; x_wconf 87' lang='lat' dir='ltr'><strong>suavis</strong></span> <span class='ocrx_word' id='word_1_48' title='bbox 1219 907 1477 962; x_wconf 84' lang='lat' dir='ltr'><strong>allocutio</strong></span> <span class='ocrx_word' id='word_1_49' title='bbox 1508 925 1538 964; x_wconf 93' lang='lat' dir='ltr'><strong>e</strong></span> <span class='ocrx_word' id='word_1_50' title='bbox 1569 909 1714 964; x_wconf 90' lang='lat' dir='ltr'><strong>bono</strong></span> <span class='ocrx_word' id='word_1_51' title='bbox 1762 909 1948 964; x_wconf 84' lang='lat' dir='ltr'><strong>cordis</strong></span> <span class='ocrx_word' id='word_1_52' title='bbox 1980 910 2098 963; x_wconf 87' lang='lat' dir='ltr'><strong>the-</strong></span> 
     </span>
    </p>
   </div>
   <div class='ocr_carea' id='block_1_9' title="bbox 530 995 2099 1068">
    <p class='ocr_par' dir='ltr' id='par_1_9' title="bbox 530 995 2099 1068">
     <span class='ocr_line' id='line_1_9' title="bbox 530 995 2099 1068; baseline 0.001 -19"><span class='ocrx_word' id='word_1_53' title='bbox 530 1010 694 1049; x_wconf 86' lang='lat' dir='ltr'><strong>sauro</strong></span> <span class='ocrx_word' id='word_1_54' title='bbox 721 995 922 1049; x_wconf 78' lang='lat' dir='ltr'><strong>exserit</strong></span> <span class='ocrx_word' id='word_1_55' title='bbox 952 1011 1011 1050; x_wconf 90' lang='lat' dir='ltr'><strong>se</strong></span> <span class='ocrx_word' id='word_1_56' title='bbox 1042 1011 1105 1050; x_wconf 92' lang='lat' dir='ltr'><strong>ac</strong></span> <span class='ocrx_word' id='word_1_57' title='bbox 1130 996 1353 1066; x_wconf 89' lang='lat' dir='ltr'><strong>promit.</strong></span> <span class='ocrx_word' id='word_1_58' title='bbox 1373 998 1487 1052; x_wconf 88' lang='lat' dir='ltr'><strong>Nisi</strong></span> <span class='ocrx_word' id='word_1_59' title='bbox 1510 999 1657 1053; x_wconf 91' lang='lat' dir='ltr'><strong>enim</strong></span> <span class='ocrx_word' id='word_1_60' title='bbox 1679 1000 1801 1068; x_wconf 85' lang='lat' dir='ltr'><strong>quis</strong></span> <span class='ocrx_word' id='word_1_61' title='bbox 1827 1014 1987 1053; x_wconf 91' lang='lat' dir='ltr'><strong>suum</strong></span> <span class='ocrx_word' id='word_1_62' title='bbox 2016 1000 2099 1068; x_wconf 84' lang='lat' dir='ltr'><strong>ip-</strong></span> 
     </span>
    </p>
   </div>
   <div class='ocr_carea' id='block_1_10' title="bbox 533 1087 2098 1161">
    <p class='ocr_par' dir='ltr' id='par_1_10' title="bbox 533 1087 2098 1161">
     <span class='ocr_line' id='line_1_10' title="bbox 533 1087 2098 1161; baseline 0.003 -21"><span class='ocrx_word' id='word_1_63' title='bbox 533 1087 648 1141; x_wconf 86' lang='lat' dir='ltr'><strong>sius</strong></span> <span class='ocrx_word' id='word_1_64' title='bbox 678 1103 773 1141; x_wconf 91' lang='lat' dir='ltr'><strong>cor</strong></span> <span class='ocrx_word' id='word_1_65' title='bbox 816 1088 885 1141; x_wconf 88' lang='lat' dir='ltr'><strong>ab</strong></span> <span class='ocrx_word' id='word_1_66' title='bbox 931 1088 1116 1142; x_wconf 91' lang='lat' dir='ltr'><strong>inutili</strong></span> <span class='ocrx_word' id='word_1_67' title='bbox 1160 1092 1394 1159; x_wconf 73' lang='lat' dir='ltr'><strong>garrulae</strong></span> <span class='ocrx_word' id='word_1_68' title='bbox 1447 1091 1744 1145; x_wconf 90' lang='lat' dir='ltr'><strong>locutionis</strong></span> <span class='ocrx_word' id='word_1_69' title='bbox 1778 1092 2098 1161; x_wconf 83' lang='lat' dir='ltr'><strong>expurgarit</strong></span> 
     </span>
    </p>
   </div>
   <div class='ocr_carea' id='block_1_11' title="bbox 533 1177 2101 1248">
    <p class='ocr_par' dir='ltr' id='par_1_11' title="bbox 533 1177 2101 1248">
     <span class='ocr_line' id='line_1_11' title="bbox 533 1177 2101 1248; baseline 0.003 -19"><span class='ocrx_word' id='word_1_70' title='bbox 533 1178 734 1238; x_wconf 90' lang='lat' dir='ltr'><strong>abusu,</strong></span> <span class='ocrx_word' id='word_1_71' title='bbox 759 1177 1080 1246; x_wconf 87' lang='lat' dir='ltr'><strong>neutiquam</strong></span> <span class='ocrx_word' id='word_1_72' title='bbox 1101 1179 1148 1232; x_wconf 90' lang='lat' dir='ltr'><strong>is</strong></span> <span class='ocrx_word' id='word_1_73' title='bbox 1170 1179 1413 1248; x_wconf 85' lang='lat' dir='ltr'><strong>potuerit</strong></span> <span class='ocrx_word' id='word_1_74' title='bbox 1430 1180 1763 1248; x_wconf 89' lang='lat' dir='ltr'><strong>compellare</strong></span> <span class='ocrx_word' id='word_1_75' title='bbox 1784 1180 1981 1234; x_wconf 85' lang='lat' dir='ltr'><strong>fratres</strong></span> <span class='ocrx_word' id='word_1_76' title='bbox 2006 1180 2101 1233; x_wconf 92' lang='lat' dir='ltr'><strong>be-</strong></span> 
     </span>
    </p>
   </div>
   <div class='ocr_carea' id='block_1_12' title="bbox 531 1268 2097 1340">
    <p class='ocr_par' dir='ltr' id='par_1_12' title="bbox 531 1268 2097 1340">
     <span class='ocr_line' id='line_1_12' title="bbox 531 1268 2097 1340; baseline 0.003 -19"><span class='ocrx_word' id='word_1_77' title='bbox 531 1268 698 1338; x_wconf 88' lang='lat' dir='ltr'><strong>nigno</strong></span> <span class='ocrx_word' id='word_1_78' title='bbox 722 1268 914 1323; x_wconf 69' lang='lat' dir='ltr'><strong>aifatu.</strong></span> <span class='ocrx_word' id='word_1_79' title='bbox 937 1269 1177 1324; x_wconf 87' lang='lat' dir='ltr'><strong>Tametsi</strong></span> <span class='ocrx_word' id='word_1_80' title='bbox 1210 1270 1389 1326; x_wconf 92' lang='lat' dir='ltr'><strong>videri</strong></span> <span class='ocrx_word' id='word_1_81' title='bbox 1423 1271 1594 1340; x_wconf 83' lang='lat' dir='ltr'><strong>possit</strong></span> <span class='ocrx_word' id='word_1_82' title='bbox 1619 1271 1867 1339; x_wconf 67' lang='lat' dir='ltr'><strong>quaedam</strong></span> <span class='ocrx_word' id='word_1_83' title='bbox 1923 1271 2097 1325; x_wconf 84' lang='lat' dir='ltr'><strong>disse-</strong></span> 
     </span>
    </p>
   </div>
   <div class='ocr_carea' id='block_1_13' title="bbox 531 1360 2102 1431">
    <p class='ocr_par' dir='ltr' id='par_1_13' title="bbox 531 1360 2102 1431">
     <span class='ocr_line' id='line_1_13' title="bbox 531 1360 2102 1431; baseline 0 -16"><span class='ocrx_word' id='word_1_84' title='bbox 531 1377 653 1416; x_wconf 88' lang='lat' dir='ltr'><strong>rere</strong></span> <span class='ocrx_word' id='word_1_85' title='bbox 685 1360 1053 1425; x_wconf 84' lang='lat' dir='ltr'><strong>auditoribus,</strong></span> <span class='ocrx_word' id='word_1_86' title='bbox 1087 1361 1285 1431; x_wconf 80' lang='lat' dir='ltr'><strong>ingrati</strong></span> <span class='ocrx_word' id='word_1_87' title='bbox 1309 1372 1492 1417; x_wconf 89' lang='lat' dir='ltr'><strong>tamen</strong></span> <span class='ocrx_word' id='word_1_88' title='bbox 1518 1362 1694 1417; x_wconf 76' lang='lat' dir='ltr'><strong>futuri</strong></span> <span class='ocrx_word' id='word_1_89' title='bbox 1726 1370 1857 1415; x_wconf 92' lang='lat' dir='ltr'><strong>sunt</strong></span> <span class='ocrx_word' id='word_1_90' title='bbox 1891 1378 2102 1415; x_wconf 90' lang='lat' dir='ltr'><strong>sermo-</strong></span> 
     </span>
    </p>
   </div>
   <div class='ocr_carea' id='block_1_14' title="bbox 533 1452 2103 1523">
    <p class='ocr_par' dir='ltr' id='par_1_14' title="bbox 533 1452 2103 1523">
     <span class='ocr_line' id='line_1_14' title="bbox 533 1452 2103 1523; baseline 0.001 -16"><span class='ocrx_word' id='word_1_91' title='bbox 533 1468 631 1507; x_wconf 85' lang='lat' dir='ltr'><strong>nes</strong></span> <span class='ocrx_word' id='word_1_92' title='bbox 664 1469 728 1507; x_wconf 91' lang='lat' dir='ltr'><strong>ac</strong></span> <span class='ocrx_word' id='word_1_93' title='bbox 747 1452 897 1523; x_wconf 87' lang='lat' dir='ltr'><strong>digni</strong></span> <span class='ocrx_word' id='word_1_94' title='bbox 929 1453 1024 1522; x_wconf 92' lang='lat' dir='ltr'><strong>qui</strong></span> <span class='ocrx_word' id='word_1_95' title='bbox 1053 1453 1433 1522; x_wconf 85' lang='lat' dir='ltr'><strong>repudientur,</strong></span> <span class='ocrx_word' id='word_1_96' title='bbox 1459 1469 1638 1523; x_wconf 90' lang='lat' dir='ltr'><strong>neque</strong></span> <span class='ocrx_word' id='word_1_97' title='bbox 1671 1454 1818 1507; x_wconf 89' lang='lat' dir='ltr'><strong>enim</strong></span> <span class='ocrx_word' id='word_1_98' title='bbox 1849 1454 2103 1508; x_wconf 86' lang='lat' dir='ltr'><strong>rorulen-</strong></span> 
     </span>
    </p>
   </div>
   <div class='ocr_carea' id='block_1_15' title="bbox 534 1544 2101 1615">
    <p class='ocr_par' dir='ltr' id='par_1_15' title="bbox 534 1544 2101 1615">
     <span class='ocr_line' id='line_1_15' title="bbox 534 1544 2101 1615; baseline -0.001 -16"><span class='ocrx_word' id='word_1_99' title='bbox 534 1553 643 1599; x_wconf 90' lang='lat' dir='ltr'><strong>tam</strong></span> <span class='ocrx_word' id='word_1_100' title='bbox 674 1544 822 1599; x_wconf 90' lang='lat' dir='ltr'><strong>illam</strong></span> <span class='ocrx_word' id='word_1_101' title='bbox 862 1544 1067 1598; x_wconf 89' lang='lat' dir='ltr'><strong>habent</strong></span> <span class='ocrx_word' id='word_1_102' title='bbox 1103 1544 1445 1615; x_wconf 80' lang='lat' dir='ltr'><strong>asperginem</strong></span> <span class='ocrx_word' id='word_1_103' title='bbox 1475 1546 1666 1614; x_wconf 73' lang='lat' dir='ltr'><strong>gratia:</strong></span> <span class='ocrx_word' id='word_1_104' title='bbox 1698 1544 1939 1612; x_wconf 85' lang='lat' dir='ltr'><strong>Spiritus</strong></span> <span class='ocrx_word' id='word_1_105' title='bbox 1969 1560 2101 1597; x_wconf 90' lang='lat' dir='ltr'><strong>san-</strong></span> 
     </span>
    </p>
   </div>
   <div class='ocr_carea' id='block_1_16' title="bbox 534 1637 2102 1707">
    <p class='ocr_par' dir='ltr' id='par_1_16' title="bbox 534 1637 2102 1707">
     <span class='ocr_line' id='line_1_16' title="bbox 534 1637 2102 1707; baseline -0.001 -14"><span class='ocrx_word' id='word_1_106' title='bbox 534 1637 630 1693; x_wconf 91' lang='lat' dir='ltr'><strong>cti.</strong></span> <span class='ocrx_word' id='word_1_107' title='bbox 657 1637 920 1707; x_wconf 87' lang='lat' dir='ltr'><strong>Quisquis</strong></span> <span class='ocrx_word' id='word_1_108' title='bbox 948 1638 1099 1707; x_wconf 90' lang='lat' dir='ltr'><strong>cupit</strong></span> <span class='ocrx_word' id='word_1_109' title='bbox 1127 1638 1379 1691; x_wconf 91' lang='lat' dir='ltr'><strong>nonnihil</strong></span> <span class='ocrx_word' id='word_1_110' title='bbox 1408 1638 1670 1707; x_wconf 90' lang='lat' dir='ltr'><strong>prodesse</strong></span> <span class='ocrx_word' id='word_1_111' title='bbox 1695 1637 1865 1691; x_wconf 88' lang='lat' dir='ltr'><strong>verbo</strong></span> <span class='ocrx_word' id='word_1_112' title='bbox 1917 1653 2040 1701; x_wconf 92' lang='lat' dir='ltr'><strong>suo,</strong></span> <span class='ocrx_word' id='word_1_113' title='bbox 2071 1652 2102 1691; x_wconf 91' lang='lat' dir='ltr'><strong>a</strong></span> 
     </span>
    </p>
   </div>
   <div class='ocr_carea' id='block_1_17' title="bbox 532 1729 2101 1799">
    <p class='ocr_par' dir='ltr' id='par_1_17' title="bbox 532 1729 2101 1799">
     <span class='ocr_line' id='line_1_17' title="bbox 532 1729 2101 1799; baseline -0.001 -14"><span class='ocrx_word' id='word_1_114' title='bbox 532 1732 646 1785; x_wconf 89' lang='lat' dir='ltr'><strong>Deo</strong></span> <span class='ocrx_word' id='word_1_115' title='bbox 671 1730 854 1785; x_wconf 81' lang='lat' dir='ltr'><strong>Verbo</strong></span> <span class='ocrx_word' id='word_1_116' title='bbox 888 1730 1118 1799; x_wconf 80' lang='lat' dir='ltr'><strong>supplex</strong></span> <span class='ocrx_word' id='word_1_117' title='bbox 1154 1730 1394 1798; x_wconf 88' lang='lat' dir='ltr'><strong>postulet</strong></span> <span class='ocrx_word' id='word_1_118' title='bbox 1433 1730 1661 1783; x_wconf 89' lang='lat' dir='ltr'><strong>verbum</strong></span> <span class='ocrx_word' id='word_1_119' title='bbox 1699 1729 1754 1783; x_wconf 91' lang='lat' dir='ltr'><strong>in</strong></span> <span class='ocrx_word' id='word_1_120' title='bbox 1814 1729 2101 1799; x_wconf 90' lang='lat' dir='ltr'><strong>apertione</strong></span> 
     </span>
    </p>
   </div>
   <div class='ocr_carea' id='block_1_18' title="bbox 531 1822 2103 1892">
    <p class='ocr_par' dir='ltr' id='par_1_18' title="bbox 531 1822 2103 1892">
     <span class='ocr_line' id='line_1_18' title="bbox 531 1822 2103 1892; baseline -0.002 -14"><span class='ocrx_word' id='word_1_121' title='bbox 531 1824 647 1878; x_wconf 86' lang='lat' dir='ltr'><strong>uris</strong></span> <span class='ocrx_word' id='word_1_122' title='bbox 686 1824 769 1878; x_wconf 92' lang='lat' dir='ltr'><strong>sui</strong></span> <span class='ocrx_word' id='word_1_123' title='bbox 810 1841 823 1876; x_wconf 92' lang='lat'><strong>:</strong></span> <span class='ocrx_word' id='word_1_124' title='bbox 856 1822 1317 1892; x_wconf 90' lang='lat' dir='ltr'><strong>quemadmodum</strong></span> <span class='ocrx_word' id='word_1_125' title='bbox 1351 1831 1408 1877; x_wconf 92' lang='lat' dir='ltr'><strong>et</strong></span> <span class='ocrx_word' id='word_1_126' title='bbox 1438 1823 1603 1877; x_wconf 82' lang='lat' dir='ltr'><strong>Isaias</strong></span> <span class='ocrx_word' id='word_1_127' title='bbox 1624 1824 1700 1877; x_wconf 90' lang='lat' dir='ltr'><strong>ait</strong></span> <span class='ocrx_word' id='word_1_128' title='bbox 1731 1840 1743 1876; x_wconf 92' lang='lat'><strong>:</strong></span> <span class='ocrx_word' id='word_1_129' title='bbox 1786 1842 1803 1873; x_wconf 77' lang='grc' dir='ltr'><strong>ι</strong></span> <span class='ocrx_word' id='word_1_130' title='bbox 1839 1823 2103 1876; x_wconf 90' lang='lat' dir='ltr'><strong>Dominus</strong></span> 
     </span>
    </p>
   </div>
   <div class='ocr_carea' id='block_1_19' title="bbox 532 1912 2103 1983">
    <p class='ocr_par' dir='ltr' id='par_1_19' title="bbox 532 1912 2103 1983">
     <span class='ocr_line' id='line_1_19' title="bbox 532 1912 2103 1983; baseline 0.001 -17"><span class='ocrx_word' id='word_1_131' title='bbox 532 1912 627 1967; x_wconf 89' lang='lat' dir='ltr'><strong>dat</strong></span> <span class='ocrx_word' id='word_1_132' title='bbox 648 1913 783 1967; x_wconf 91' lang='lat' dir='ltr'><strong>mihi</strong></span> <span class='ocrx_word' id='word_1_133' title='bbox 807 1913 1047 1983; x_wconf 87' lang='lat' dir='ltr'><strong>linguam</strong></span> <span class='ocrx_word' id='word_1_134' title='bbox 1069 1912 1365 1976; x_wconf 86' lang='lat' dir='ltr'><strong>eruditam,</strong></span> <span class='ocrx_word' id='word_1_135' title='bbox 1387 1922 1446 1966; x_wconf 93' lang='lat' dir='ltr'><strong>ut</strong></span> <span class='ocrx_word' id='word_1_136' title='bbox 1474 1913 1723 1966; x_wconf 89' lang='lat' dir='ltr'><strong>noverim</strong></span> <span class='ocrx_word' id='word_1_137' title='bbox 1751 1930 1913 1983; x_wconf 88' lang='lat' dir='ltr'><strong>quem</strong></span> <span class='ocrx_word' id='word_1_138' title='bbox 1939 1930 2103 1983; x_wconf 88' lang='lat' dir='ltr'><strong>opor-</strong></span> 
     </span>
    </p>
   </div>
   <div class='ocr_carea' id='block_1_20' title="bbox 2124 668 2173 723">
    <p class='ocr_par' dir='ltr' id='par_1_20' title="bbox 2124 668 2173 723">
     <span class='ocr_line' id='line_1_20' title="bbox 2124 668 2173 723; baseline 0 0"><span class='ocrx_word' id='word_1_139' title='bbox 2124 668 2173 723; x_wconf 80' lang='grc' dir='ltr'><strong>Α</strong></span> 
     </span>
    </p>
   </div>
   <div class='ocr_carea' id='block_1_21' title="bbox 2793 693 3163 749">
    <p class='ocr_par' dir='ltr' id='par_1_21' title="bbox 2793 693 3163 749">
     <span class='ocr_line' id='line_1_21' title="bbox 2793 693 3163 749; baseline 0.016 -6"><span class='ocrx_word' id='word_1_140' title='bbox 2793 693 3011 745; x_wconf 89' lang='grc' dir='ltr'><strong>ΛΟΓΟΣ</strong></span> <span class='ocrx_word' id='word_1_141' title='bbox 3045 695 3163 749; x_wconf 88' lang='grc' dir='ltr'><strong>ΞΒ⁸.</strong></span> 
     </span>
    </p>
   </div>
   <div class='ocr_carea' id='block_1_22' title="bbox 2668 806 3310 879">
    <p class='ocr_par' dir='ltr' id='par_1_22' title="bbox 2668 806 3310 879">
     <span class='ocr_line' id='line_1_22' title="bbox 2668 806 3310 879; baseline 0.011 -23"><span class='ocrx_word' id='word_1_142' title='bbox 2668 806 2804 873; x_wconf 75' lang='grc' dir='ltr'>Περὶ</span> <span class='ocrx_word' id='word_1_143' title='bbox 2844 810 3310 879; x_wconf 63' lang='grc' dir='ltr'>χρηστολογίας.</span> 
     </span>
    </p>
   </div>
   <div class='ocr_carea' id='block_1_23' title="bbox 2309 913 3739 997">
    <p class='ocr_par' dir='ltr' id='par_1_23' title="bbox 2309 913 3739 997">
     <span class='ocr_line' id='line_1_23' title="bbox 2309 913 3739 997; baseline 0.008 -30"><span class='ocrx_word' id='word_1_144' title='bbox 2309 913 2374 968; x_wconf 82' lang='grc' dir='ltr'><strong>Ἦ</strong></span> <span class='ocrx_word' id='word_1_145' title='bbox 2435 919 2791 987; x_wconf 86' lang='grc' dir='ltr'>χρηστολογία</span> <span class='ocrx_word' id='word_1_146' title='bbox 2840 922 2903 974; x_wconf 83' lang='grc' dir='ltr'>ὲκ</span> <span class='ocrx_word' id='word_1_147' title='bbox 2952 922 3045 975; x_wconf 83' lang='grc' dir='ltr'>τοῦ</span> <span class='ocrx_word' id='word_1_148' title='bbox 3092 923 3293 992; x_wconf 79' lang='grc' dir='ltr'><strong>ἀγαθοῦ</strong></span> <span class='ocrx_word' id='word_1_149' title='bbox 3344 925 3611 996; x_wconf 74' lang='grc' dir='ltr'><strong>θησαυροῦ</strong></span> <span class='ocrx_word' id='word_1_150' title='bbox 3651 928 3739 997; x_wconf 81' lang='grc' dir='ltr'>τῆς</span> 
     </span>
    </p>
   </div>
   <div class='ocr_carea' id='block_1_24' title="bbox 2198 1005 3739 1087">
    <p class='ocr_par' dir='ltr' id='par_1_24' title="bbox 2198 1005 3739 1087">
     <span class='ocr_line' id='line_1_24' title="bbox 2198 1005 3739 1087; baseline 0.008 -31"><span class='ocrx_word' id='word_1_151' title='bbox 2198 1005 2423 1075; x_wconf 77' lang='grc' dir='ltr'><strong>καρδίας</strong></span> <span class='ocrx_word' id='word_1_152' title='bbox 2452 1008 2799 1079; x_wconf 84' lang='grc' dir='ltr'>προέρχεται.</span> <span class='ocrx_word' id='word_1_153' title='bbox 2842 1012 2969 1065; x_wconf 78' lang='grc' dir='ltr'><strong>Ἐὰν</strong></span> <span class='ocrx_word' id='word_1_154' title='bbox 3000 1015 3073 1084; x_wconf 87' lang='grc' dir='ltr'>μή</span> <span class='ocrx_word' id='word_1_155' title='bbox 3095 1031 3179 1077; x_wconf 87' lang='grc' dir='ltr'><strong>τις</strong></span> <span class='ocrx_word' id='word_1_156' title='bbox 3200 1014 3418 1087; x_wconf 84' lang='grc' dir='ltr'>καθάρῃ</span> <span class='ocrx_word' id='word_1_157' title='bbox 3451 1016 3543 1086; x_wconf 83' lang='grc' dir='ltr'><strong>τὴν</strong></span> <span class='ocrx_word' id='word_1_158' title='bbox 3569 1018 3739 1071; x_wconf 77' lang='grc' dir='ltr'>ἑαυτοῦ</span> 
     </span>
    </p>
   </div>
   <div class='ocr_carea' id='block_1_25' title="bbox 2199 1096 3740 1175">
    <p class='ocr_par' dir='ltr' id='par_1_25' title="bbox 2199 1096 3740 1175">
     <span class='ocr_line' id='line_1_25' title="bbox 2199 1096 3740 1175; baseline 0.01 -28"><span class='ocrx_word' id='word_1_159' title='bbox 2199 1096 2424 1165; x_wconf 84' lang='grc' dir='ltr'>καρδίαν</span> <span class='ocrx_word' id='word_1_160' title='bbox 2464 1098 2569 1151; x_wconf 77' lang='grc' dir='ltr'><strong>ἀπὸ</strong></span> <span class='ocrx_word' id='word_1_161' title='bbox 2599 1102 3013 1170; x_wconf 76' lang='grc' dir='ltr'><strong>χρηστολογίας,</strong></span> <span class='ocrx_word' id='word_1_162' title='bbox 3062 1107 3383 1175; x_wconf 83' lang='grc' dir='ltr'>ἑγρηγορεῖν</span> <span class='ocrx_word' id='word_1_163' title='bbox 3428 1108 3487 1160; x_wconf 82' lang='grc' dir='ltr'><strong>οὐ</strong></span> <span class='ocrx_word' id='word_1_164' title='bbox 3519 1108 3740 1164; x_wconf 78' lang='grc' dir='ltr'>δύναται.</span> 
     </span>
    </p>
   </div>
   <div class='ocr_carea' id='block_1_26' title="bbox 2201 1188 3742 1267">
    <p class='ocr_par' dir='ltr' id='par_1_26' title="bbox 2201 1188 3742 1267">
     <span class='ocr_line' id='line_1_26' title="bbox 2201 1188 3742 1267; baseline 0.01 -28"><span class='ocrx_word' id='word_1_165' title='bbox 2201 1188 2320 1240; x_wconf 81' lang='grc' dir='ltr'><strong>Κᾶν</strong></span> <span class='ocrx_word' id='word_1_166' title='bbox 2356 1189 2464 1257; x_wconf 91' lang='grc' dir='ltr'><strong>γάρ</strong></span> <span class='ocrx_word' id='word_1_167' title='bbox 2491 1190 2640 1242; x_wconf 83' lang='grc' dir='ltr'>δοκεῖ</span> <span class='ocrx_word' id='word_1_168' title='bbox 2686 1191 2861 1259; x_wconf 85' lang='grc' dir='ltr'>λέγειν</span> <span class='ocrx_word' id='word_1_169' title='bbox 2902 1196 3015 1257; x_wconf 81' lang='grc' dir='ltr'>τοῖς</span> <span class='ocrx_word' id='word_1_170' title='bbox 3044 1195 3357 1263; x_wconf 90' lang='grc' dir='ltr'>ἀκροαταῖς,</span> <span class='ocrx_word' id='word_1_171' title='bbox 3408 1199 3742 1267; x_wconf 82' lang='grc' dir='ltr'>ἀπρόσδεκτοί</span> 
     </span>
    </p>
   </div>
   <div class='ocr_carea' id='block_1_27' title="bbox 2201 1277 3745 1357">
    <p class='ocr_par' dir='ltr' id='par_1_27' title="bbox 2201 1277 3745 1357">
     <span class='ocr_line' id='line_1_27' title="bbox 2201 1277 3745 1357; baseline 0.009 -30"><span class='ocrx_word' id='word_1_172' title='bbox 2201 1278 2341 1328; x_wconf 82' lang='grc' dir='ltr'>εἰσιν</span> <span class='ocrx_word' id='word_1_173' title='bbox 2384 1277 2434 1328; x_wconf 90' lang='grc' dir='ltr'><strong>οἰ</strong></span> <span class='ocrx_word' id='word_1_174' title='bbox 2479 1277 2628 1345; x_wconf 84' lang='grc' dir='ltr'>λόγοι</span> <span class='ocrx_word' id='word_1_175' title='bbox 2683 1280 2870 1343; x_wconf 81' lang='grc' dir='ltr'>αὐτοῦ,</span> <span class='ocrx_word' id='word_1_176' title='bbox 2932 1288 3027 1334; x_wconf 76' lang='grc' dir='ltr'><strong>καὶ</strong></span> <span class='ocrx_word' id='word_1_177' title='bbox 3078 1284 3395 1354; x_wconf 78' lang='grc' dir='ltr'>ἀπόϐλητοι,</span> <span class='ocrx_word' id='word_1_178' title='bbox 3446 1287 3517 1357; x_wconf 78' lang='grc' dir='ltr'>μὴ</span> <span class='ocrx_word' id='word_1_179' title='bbox 3554 1287 3745 1356; x_wconf 75' lang='grc' dir='ltr'>ἔχοντες</span> 
     </span>
    </p>
   </div>
   <div class='ocr_carea' id='block_1_28' title="bbox 2205 1368 3747 1444">
    <p class='ocr_par' dir='ltr' id='par_1_28' title="bbox 2205 1368 3747 1444">
     <span class='ocr_line' id='line_1_28' title="bbox 2205 1368 3747 1444; baseline 0.008 -25"><span class='ocrx_word' id='word_1_180' title='bbox 2205 1368 2405 1437; x_wconf 79' lang='grc' dir='ltr'>ἰκμάδα</span> <span class='ocrx_word' id='word_1_181' title='bbox 2428 1369 2527 1437; x_wconf 86' lang='grc' dir='ltr'>τῆς</span> <span class='ocrx_word' id='word_1_182' title='bbox 2552 1370 2771 1440; x_wconf 88' lang='grc' dir='ltr'>χάριτος</span> <span class='ocrx_word' id='word_1_183' title='bbox 2793 1372 2887 1425; x_wconf 84' lang='grc' dir='ltr'>τοῦ</span> <span class='ocrx_word' id='word_1_184' title='bbox 2919 1373 3057 1426; x_wconf 87' lang='grc' dir='ltr'>Πνεύ</span> <span class='ocrx_word' id='word_1_185' title='bbox 3067 1392 3234 1443; x_wconf 90' lang='grc' dir='ltr'>ματος</span> <span class='ocrx_word' id='word_1_186' title='bbox 3254 1376 3347 1428; x_wconf 82' lang='grc' dir='ltr'>τοῦ</span> <span class='ocrx_word' id='word_1_187' title='bbox 3376 1377 3549 1444; x_wconf 86' lang='grc' dir='ltr'>ἁγίου.</span> <span class='ocrx_word' id='word_1_188' title='bbox 3586 1378 3639 1429; x_wconf 90' lang='lat'><strong>&#39;0</strong></span> <span class='ocrx_word' id='word_1_189' title='bbox 3666 1378 3747 1431; x_wconf 84' lang='grc' dir='ltr'><strong>θέ-</strong></span> 
     </span>
    </p>
   </div>
   <div class='ocr_carea' id='block_1_29' title="bbox 2202 1454 3745 1536">
    <p class='ocr_par' dir='ltr' id='par_1_29' title="bbox 2202 1454 3745 1536">
     <span class='ocr_line' id='line_1_29' title="bbox 2202 1454 3745 1536; baseline 0.008 -28"><span class='ocrx_word' id='word_1_190' title='bbox 2202 1457 2307 1509; x_wconf 90' lang='grc' dir='ltr'><strong>λων</strong></span> <span class='ocrx_word' id='word_1_191' title='bbox 2340 1454 2434 1511; x_wconf 79' lang='grc' dir='ltr'><strong>οὖν</strong></span> <span class='ocrx_word' id='word_1_192' title='bbox 2462 1458 2741 1527; x_wconf 79' lang='grc' dir='ltr'>ὠφελῆσαί</span> <span class='ocrx_word' id='word_1_193' title='bbox 2779 1478 2900 1513; x_wconf 89' lang='grc' dir='ltr'>τινα</span> <span class='ocrx_word' id='word_1_194' title='bbox 2940 1464 2998 1514; x_wconf 84' lang='grc' dir='ltr'>ὲν</span> <span class='ocrx_word' id='word_1_195' title='bbox 3038 1463 3203 1534; x_wconf 89' lang='grc' dir='ltr'>λόγῳ,</span> <span class='ocrx_word' id='word_1_196' title='bbox 3245 1466 3462 1535; x_wconf 79' lang='grc' dir='ltr'><strong>αἰτήσει</strong></span> <span class='ocrx_word' id='word_1_197' title='bbox 3494 1467 3635 1536; x_wconf 73' lang='grc' dir='ltr'>παρὰ</span> <span class='ocrx_word' id='word_1_198' title='bbox 3665 1467 3745 1521; x_wconf 78' lang='grc' dir='ltr'>τοῦ</span> 
     </span>
    </p>
   </div>
   <div class='ocr_carea' id='block_1_30' title="bbox 2202 1546 3748 1627">
    <p class='ocr_par' dir='ltr' id='par_1_30' title="bbox 2202 1546 3748 1627">
     <span class='ocr_line' id='line_1_30' title="bbox 2202 1546 3748 1627; baseline 0.008 -30"><span class='ocrx_word' id='word_1_199' title='bbox 2202 1546 2335 1599; x_wconf 73' lang='grc' dir='ltr'>θεοῦ</span> <span class='ocrx_word' id='word_1_200' title='bbox 2381 1548 2556 1615; x_wconf 80' lang='grc' dir='ltr'><strong>Λόγου</strong></span> <span class='ocrx_word' id='word_1_201' title='bbox 2601 1548 2761 1617; x_wconf 81' lang='grc' dir='ltr'>λόγον</span> <span class='ocrx_word' id='word_1_202' title='bbox 2805 1551 2862 1602; x_wconf 74' lang='grc' dir='ltr'>ἐν</span> <span class='ocrx_word' id='word_1_203' title='bbox 2909 1551 3108 1619; x_wconf 82' lang='grc' dir='ltr'>ἀνοίξει</span> <span class='ocrx_word' id='word_1_204' title='bbox 3144 1554 3238 1606; x_wconf 81' lang='grc' dir='ltr'>τοῦ</span> <span class='ocrx_word' id='word_1_205' title='bbox 3280 1556 3543 1624; x_wconf 83' lang='grc' dir='ltr'>στόματος</span> <span class='ocrx_word' id='word_1_206' title='bbox 3582 1557 3748 1627; x_wconf 78' lang='grc' dir='ltr'>αὑτοῦ,</span> 
     </span>
    </p>
   </div>
   <div class='ocr_carea' id='block_1_31' title="bbox 2200 1638 3747 1717">
    <p class='ocr_par' dir='ltr' id='par_1_31' title="bbox 2200 1638 3747 1717">
     <span class='ocr_line' id='line_1_31' title="bbox 2200 1638 3747 1717; baseline 0.007 -27"><span class='ocrx_word' id='word_1_207' title='bbox 2200 1638 2381 1701; x_wconf 81' lang='grc' dir='ltr'>καθὼς</span> <span class='ocrx_word' id='word_1_208' title='bbox 2413 1642 2441 1693; x_wconf 89' lang='grc' dir='ltr'><strong>ό</strong></span> <span class='ocrx_word' id='word_1_209' title='bbox 2481 1640 2709 1705; x_wconf 82' lang='grc' dir='ltr'>Ἡσαΐας</span> <span class='ocrx_word' id='word_1_210' title='bbox 2758 1642 3095 1712; x_wconf 77' lang='grc' dir='ltr'>διαγορεύειο</span> <span class='ocrx_word' id='word_1_211' title='bbox 3144 1663 3163 1695; x_wconf 76' lang='grc' dir='ltr'><strong>ι</strong></span> <span class='ocrx_word' id='word_1_212' title='bbox 3201 1647 3409 1716; x_wconf 82' lang='grc' dir='ltr'>Κύριος</span> <span class='ocrx_word' id='word_1_213' title='bbox 3445 1650 3571 1717; x_wconf 81' lang='grc' dir='ltr'>γὰρ,</span> <span class='ocrx_word' id='word_1_214' title='bbox 3610 1654 3747 1717; x_wconf 76' lang='grc' dir='ltr'>φησὶ,</span> 
     </span>
    </p>
   </div>
   <div class='ocr_carea' id='block_1_32' title="bbox 2198 1729 3749 1809">
    <p class='ocr_par' dir='ltr' id='par_1_32' title="bbox 2198 1729 3749 1809">
     <span class='ocr_line' id='line_1_32' title="bbox 2198 1729 3749 1809; baseline 0.006 -26"><span class='ocrx_word' id='word_1_215' title='bbox 2198 1729 2412 1783; x_wconf 83' lang='grc' dir='ltr'>δίδωσίν</span> <span class='ocrx_word' id='word_1_216' title='bbox 2459 1748 2550 1800; x_wconf 88' lang='grc' dir='ltr'><strong>μοι</strong></span> <span class='ocrx_word' id='word_1_217' title='bbox 2606 1731 2858 1799; x_wconf 83' lang='grc' dir='ltr'>γλῶσσαν</span> <span class='ocrx_word' id='word_1_218' title='bbox 2906 1734 3155 1798; x_wconf 75' lang='grc' dir='ltr'>παιδείας</span> <span class='ocrx_word' id='word_1_219' title='bbox 3202 1737 3298 1790; x_wconf 82' lang='grc' dir='ltr'>τοῦ</span> <span class='ocrx_word' id='word_1_220' title='bbox 3346 1738 3566 1802; x_wconf 78' lang='grc' dir='ltr'>εἰδέναι,</span> <span class='ocrx_word' id='word_1_221' title='bbox 3609 1741 3749 1809; x_wconf 73' lang='grc' dir='ltr'>ἡνίκα</span> 
     </span>
    </p>
   </div>
   <div class='ocr_carea' id='block_1_33' title="bbox 2198 1820 3749 1899">
    <p class='ocr_par' dir='ltr' id='par_1_33' title="bbox 2198 1820 3749 1899">
     <span class='ocr_line' id='line_1_33' title="bbox 2198 1820 3749 1899; baseline 0.008 -26"><span class='ocrx_word' id='word_1_222' title='bbox 2198 1820 2278 1873; x_wconf 86' lang='grc' dir='ltr'><strong>δεῖ</strong></span> <span class='ocrx_word' id='word_1_223' title='bbox 2310 1823 2485 1873; x_wconf 85' lang='grc' dir='ltr'>εἰπεῖν</span> <span class='ocrx_word' id='word_1_224' title='bbox 2514 1823 2693 1891; x_wconf 90' lang='grc' dir='ltr'>λόγον.</span> <span class='ocrx_word' id='word_1_225' title='bbox 2721 1842 2740 1874; x_wconf 72' lang='grc' dir='ltr'><strong>ι</strong></span> <span class='ocrx_word' id='word_1_226' title='bbox 2770 1825 2880 1877; x_wconf 97' lang='lat' dir='ltr'><strong>Kal</strong></span> <span class='ocrx_word' id='word_1_227' title='bbox 2904 1826 3119 1895; x_wconf 75' lang='grc' dir='ltr'>ἐπάγει,</span> <span class='ocrx_word' id='word_1_228' title='bbox 3160 1847 3178 1879; x_wconf 78' lang='grc' dir='ltr'><strong>ι</strong></span> <span class='ocrx_word' id='word_1_229' title='bbox 3201 1827 3498 1882; x_wconf 81' lang='grc' dir='ltr'>Ἀκούσατέ</span> <span class='ocrx_word' id='word_1_230' title='bbox 3531 1846 3644 1899; x_wconf 89' lang='grc' dir='ltr'>μου,</span> <span class='ocrx_word' id='word_1_231' title='bbox 3669 1834 3749 1885; x_wconf 77' lang='grc' dir='ltr'><strong>καὶ</strong></span> 
     </span>
    </p>
   </div>
   <div class='ocr_carea' id='block_1_34' title="bbox 2202 1913 3748 1991">
    <p class='ocr_par' dir='ltr' id='par_1_34' title="bbox 2202 1913 3748 1991">
     <span class='ocr_line' id='line_1_34' title="bbox 2202 1913 3748 1991; baseline 0.008 -28"><span class='ocrx_word' id='word_1_232' title='bbox 2202 1913 2425 1981; x_wconf 76' lang='grc' dir='ltr'>ζήσεται</span> <span class='ocrx_word' id='word_1_233' title='bbox 2461 1914 2518 1965; x_wconf 86' lang='grc' dir='ltr'>ὲν</span> <span class='ocrx_word' id='word_1_234' title='bbox 2548 1913 2773 1982; x_wconf 83' lang='grc' dir='ltr'>ἀγαθοῖς</span> <span class='ocrx_word' id='word_1_235' title='bbox 2799 1917 2831 1987; x_wconf 78' lang='grc' dir='ltr'>ἡ</span> <span class='ocrx_word' id='word_1_236' title='bbox 2859 1916 3005 1987; x_wconf 77' lang='grc' dir='ltr'>ψυχὴ</span> <span class='ocrx_word' id='word_1_237' title='bbox 3028 1918 3203 1988; x_wconf 84' lang='grc' dir='ltr'>ὑμῶν.</span> <span class='ocrx_word' id='word_1_238' title='bbox 3230 1938 3248 1970; x_wconf 75' lang='grc' dir='ltr'><strong>ι</strong></span> <span class='ocrx_word' id='word_1_239' title='bbox 3275 1920 3333 1972; x_wconf 82' lang='lat' dir='ltr'><strong>&#39;O</strong></span> <span class='ocrx_word' id='word_1_240' title='bbox 3376 1921 3432 1973; x_wconf 84' lang='grc' dir='ltr'>δὲ</span> <span class='ocrx_word' id='word_1_241' title='bbox 3468 1923 3748 1991; x_wconf 87' lang='grc' dir='ltr'>Παροιμια-</span> 
     </span>
    </p>
   </div>
   <div class='ocr_carea' id='block_1_35' title="bbox 534 2002 2095 2082">
    <p class='ocr_par' dir='ltr' id='par_1_35' title="bbox 534 2002 2095 2073">
     <span class='ocr_line' id='line_1_35' title="bbox 534 2002 2095 2073; baseline 0 -14"><span class='ocrx_word' id='word_1_242' title='bbox 534 2013 642 2059; x_wconf 88' lang='lat' dir='ltr'><strong>teat</strong></span> <span class='ocrx_word' id='word_1_243' title='bbox 676 2003 921 2073; x_wconf 83' lang='lat' dir='ltr'><strong>proferre</strong></span> <span class='ocrx_word' id='word_1_244' title='bbox 951 2018 1264 2056; x_wconf 89' lang='lat' dir='ltr'><strong>sermonem</strong></span> <span class='ocrx_word' id='word_1_245' title='bbox 1294 2004 1359 2054; x_wconf 85' lang='grc'><strong>¹².</strong></span> <span class='ocrx_word' id='word_1_246' title='bbox 1386 2021 1404 2053; x_wconf 71' lang='grc' dir='ltr'><strong>ι</strong></span> <span class='ocrx_word' id='word_1_247' title='bbox 1437 2002 1653 2057; x_wconf 87' lang='lat' dir='ltr'><strong>[nducit</strong></span> <span class='ocrx_word' id='word_1_248' title='bbox 1678 2021 1693 2057; x_wconf 82' lang='lat'><strong>:</strong></span> <span class='ocrx_word' id='word_1_249' title='bbox 1719 2023 1736 2054; x_wconf 80' lang='grc' dir='ltr'><strong>ι</strong></span> <span class='ocrx_word' id='word_1_250' title='bbox 1770 2004 1970 2060; x_wconf 85' lang='lat' dir='ltr'><strong>Audite</strong></span> <span class='ocrx_word' id='word_1_251' title='bbox 1988 2020 2095 2070; x_wconf 88' lang='lat' dir='ltr'><strong>me,</strong></span> 
     </span>
    </p>
   </div>
   <div class='ocr_carea' id='block_1_36' title="bbox 2198 2002 3749 2082">
    <p class='ocr_par' dir='ltr' id='par_1_36' title="bbox 2202 2003 3749 2082">
     <span class='ocr_line' id='line_1_36' title="bbox 2202 2003 3749 2082; baseline 0.008 -28"><span class='ocrx_word' id='word_1_252' title='bbox 2202 2003 2353 2073; x_wconf 86' lang='grc' dir='ltr'>στὴς,</span> <span class='ocrx_word' id='word_1_253' title='bbox 2407 2023 2426 2055; x_wconf 79' lang='grc' dir='ltr'><strong>ι</strong></span> <span class='ocrx_word' id='word_1_254' title='bbox 2467 2006 2676 2076; x_wconf 79' lang='grc' dir='ltr'>Κηρίον</span> <span class='ocrx_word' id='word_1_255' title='bbox 2712 2007 2946 2077; x_wconf 81' lang='grc' dir='ltr'>μέλιτος,</span> <span class='ocrx_word' id='word_1_256' title='bbox 2971 2010 3119 2078; x_wconf 83' lang='grc' dir='ltr'>λόγοι</span> <span class='ocrx_word' id='word_1_257' title='bbox 3163 2012 3340 2065; x_wconf 86' lang='grc' dir='ltr'>καλοί.</span> <span class='ocrx_word' id='word_1_258' title='bbox 3391 2012 3677 2082; x_wconf 86' lang='grc' dir='ltr'>Γλύκασμα</span> <span class='ocrx_word' id='word_1_259' title='bbox 3701 2015 3749 2066; x_wconf 80' lang='grc' dir='ltr'>δὲ</span> 
     </span>
    </p>
   </div>
   <div class='ocr_carea' id='block_1_37' title="bbox 530 2093 2093 2150">
    <p class='ocr_par' dir='ltr' id='par_1_37' title="bbox 530 2093 2093 2150">
     <span class='ocr_line' id='line_1_37' title="bbox 530 2093 2093 2150; baseline -0.003 0"><span class='ocrx_word' id='word_1_260' title='bbox 530 2103 589 2150; x_wconf 93' lang='lat' dir='ltr'><strong>ct</strong></span> <span class='ocrx_word' id='word_1_261' title='bbox 621 2096 766 2148; x_wconf 86' lang='lat' dir='ltr'><strong>vivet</strong></span> <span class='ocrx_word' id='word_1_262' title='bbox 817 2094 872 2148; x_wconf 92' lang='lat' dir='ltr'><strong>in</strong></span> <span class='ocrx_word' id='word_1_263' title='bbox 898 2093 1057 2147; x_wconf 88' lang='lat' dir='ltr'><strong>bonis</strong></span> <span class='ocrx_word' id='word_1_264' title='bbox 1083 2093 1264 2146; x_wconf 87' lang='lat' dir='ltr'><strong>anima</strong></span> <span class='ocrx_word' id='word_1_265' title='bbox 1304 2102 1486 2147; x_wconf 87' lang='lat' dir='ltr'><strong>vestra</strong></span> <span class='ocrx_word' id='word_1_266' title='bbox 1510 2093 1576 2145; x_wconf 67' lang='grc'><strong>’³.</strong></span> <span class='ocrx_word' id='word_1_267' title='bbox 1610 2112 1628 2143; x_wconf 73' lang='grc' dir='ltr'><strong>ι</strong></span> <span class='ocrx_word' id='word_1_268' title='bbox 1660 2094 2045 2147; x_wconf 74' lang='lat' dir='ltr'><strong>Parcemiasles</strong></span> <span class='ocrx_word' id='word_1_269' title='bbox 2080 2110 2093 2146; x_wconf 90' lang='lat'><strong>:</strong></span> 
     </span>
    </p>
   </div>
   <div class='ocr_carea' id='block_1_38' title="bbox 536 2186 2095 2250">
    <p class='ocr_par' dir='ltr' id='par_1_38' title="bbox 536 2186 2095 2250">
     <span class='ocr_line' id='line_1_38' title="bbox 536 2186 2095 2250; baseline 0 -11"><span class='ocrx_word' id='word_1_270' title='bbox 536 2208 556 2239; x_wconf 77' lang='grc' dir='ltr'><strong>ι</strong></span> <span class='ocrx_word' id='word_1_271' title='bbox 589 2188 765 2244; x_wconf 88' lang='lat' dir='ltr'><strong>Favus</strong></span> <span class='ocrx_word' id='word_1_272' title='bbox 799 2187 977 2241; x_wconf 90' lang='lat' dir='ltr'><strong>mellis</strong></span> <span class='ocrx_word' id='word_1_273' title='bbox 1016 2202 1298 2241; x_wconf 90' lang='lat' dir='ltr'><strong>sermones</strong></span> <span class='ocrx_word' id='word_1_274' title='bbox 1319 2186 1472 2250; x_wconf 90' lang='lat' dir='ltr'><strong>boni,</strong></span> <span class='ocrx_word' id='word_1_275' title='bbox 1494 2186 1772 2240; x_wconf 90' lang='lat' dir='ltr'><strong>edulcatio</strong></span> <span class='ocrx_word' id='word_1_276' title='bbox 1794 2195 1975 2239; x_wconf 91' lang='lat' dir='ltr'><strong>autem</strong></span> <span class='ocrx_word' id='word_1_277' title='bbox 1998 2202 2095 2240; x_wconf 89' lang='lat' dir='ltr'><strong>eo-</strong></span> 
     </span>
    </p>
   </div>
   <div class='ocr_carea' id='block_1_39' title="bbox 529 2276 2096 2345">
    <p class='ocr_par' dir='ltr' id='par_1_39' title="bbox 529 2276 2096 2345">
     <span class='ocr_line' id='line_1_39' title="bbox 529 2276 2096 2345; baseline -0.003 -11"><span class='ocrx_word' id='word_1_278' title='bbox 529 2296 650 2335; x_wconf 89' lang='lat' dir='ltr'><strong>rum</strong></span> <span class='ocrx_word' id='word_1_279' title='bbox 675 2278 907 2343; x_wconf 88' lang='lat' dir='ltr'><strong>auditio,</strong></span> <span class='ocrx_word' id='word_1_280' title='bbox 960 2286 1016 2333; x_wconf 92' lang='lat' dir='ltr'><strong>et</strong></span> <span class='ocrx_word' id='word_1_281' title='bbox 1045 2277 1249 2332; x_wconf 89' lang='lat' dir='ltr'><strong>sanitas</strong></span> <span class='ocrx_word' id='word_1_282' title='bbox 1293 2277 1489 2332; x_wconf 72' lang='lat' dir='ltr'><strong>anima:</strong></span> <span class='ocrx_word' id='word_1_283' title='bbox 1523 2277 1586 2330; x_wconf 78' lang='lat'><strong>“.</strong></span> <span class='ocrx_word' id='word_1_284' title='bbox 1629 2297 1647 2329; x_wconf 76' lang='grc' dir='ltr'><strong>ι</strong></span> <span class='ocrx_word' id='word_1_285' title='bbox 1676 2276 2096 2345; x_wconf 84' lang='lat' dir='ltr'><strong>Quanticuuque</strong></span> 
     </span>
    </p>
   </div>
   <div class='ocr_carea' id='block_1_40' title="bbox 527 2368 2098 2438">
    <p class='ocr_par' dir='ltr' id='par_1_40' title="bbox 527 2368 2098 2438">
     <span class='ocr_line' id='line_1_40' title="bbox 527 2368 2098 2438; baseline -0.003 -14"><span class='ocrx_word' id='word_1_286' title='bbox 527 2372 673 2424; x_wconf 89' lang='lat' dir='ltr'><strong>enim</strong></span> <span class='ocrx_word' id='word_1_287' title='bbox 700 2370 766 2423; x_wconf 91' lang='lat' dir='ltr'><strong>ad</strong></span> <span class='ocrx_word' id='word_1_288' title='bbox 793 2368 1089 2438; x_wconf 90' lang='lat' dir='ltr'><strong>parandam</strong></span> <span class='ocrx_word' id='word_1_289' title='bbox 1111 2369 1344 2422; x_wconf 90' lang='lat' dir='ltr'><strong>salutem</strong></span> <span class='ocrx_word' id='word_1_290' title='bbox 1374 2369 1715 2436; x_wconf 85' lang='lat' dir='ltr'><strong>pertinentes</strong></span> <span class='ocrx_word' id='word_1_291' title='bbox 1764 2368 2098 2435; x_wconf 83' lang='lat' dir='ltr'><strong>depromun-</strong></span> 
     </span>
    </p>
   </div>
   <div class='ocr_carea' id='block_1_41' title="bbox 528 2459 2094 2531">
    <p class='ocr_par' dir='ltr' id='par_1_41' title="bbox 528 2459 2094 2531">
     <span class='ocr_line' id='line_1_41' title="bbox 528 2459 2094 2531; baseline -0.004 -14"><span class='ocrx_word' id='word_1_292' title='bbox 528 2473 637 2526; x_wconf 91' lang='lat' dir='ltr'><strong>tur,</strong></span> <span class='ocrx_word' id='word_1_293' title='bbox 679 2476 942 2531; x_wconf 90' lang='lat' dir='ltr'><strong>perquam</strong></span> <span class='ocrx_word' id='word_1_294' title='bbox 964 2476 1186 2515; x_wconf 88' lang='lat' dir='ltr'><strong>suavem</strong></span> <span class='ocrx_word' id='word_1_295' title='bbox 1215 2460 1565 2513; x_wconf 86' lang='lat' dir='ltr'><strong>dulcedinem</strong></span> <span class='ocrx_word' id='word_1_296' title='bbox 1598 2468 1762 2527; x_wconf 88' lang='lat' dir='ltr'><strong>atque</strong></span> <span class='ocrx_word' id='word_1_297' title='bbox 1804 2459 2094 2512; x_wconf 87' lang='lat' dir='ltr'><strong>sanitatem</strong></span> 
     </span>
    </p>
   </div>
   <div class='ocr_carea' id='block_1_42' title="bbox 527 2551 2096 2625">
    <p class='ocr_par' dir='ltr' id='par_1_42' title="bbox 527 2551 2096 2625">
     <span class='ocr_line' id='line_1_42' title="bbox 527 2551 2096 2625; baseline -0.003 -17"><span class='ocrx_word' id='word_1_298' title='bbox 527 2555 816 2625; x_wconf 88' lang='lat' dir='ltr'><strong>ingignunt</strong></span> <span class='ocrx_word' id='word_1_299' title='bbox 845 2553 1057 2608; x_wconf 68' lang='lat' dir='ltr'><strong>animae.</strong></span> <span class='ocrx_word' id='word_1_300' title='bbox 1085 2552 1189 2607; x_wconf 86' lang='lat' dir='ltr'><strong>Sed</strong></span> <span class='ocrx_word' id='word_1_301' title='bbox 1235 2562 1292 2607; x_wconf 90' lang='lat' dir='ltr'><strong>et</strong></span> <span class='ocrx_word' id='word_1_302' title='bbox 1328 2552 1568 2622; x_wconf 90' lang='lat' dir='ltr'><strong>prudens</strong></span> <span class='ocrx_word' id='word_1_303' title='bbox 1619 2552 1674 2605; x_wconf 90' lang='lat' dir='ltr'><strong>in</strong></span> <span class='ocrx_word' id='word_1_304' title='bbox 1708 2552 1963 2622; x_wconf 85' lang='lat' dir='ltr'><strong>negotiis,</strong></span> <span class='ocrx_word' id='word_1_305' title='bbox 2012 2551 2096 2604; x_wconf 90' lang='lat' dir='ltr'><strong>in-</strong></span> 
     </span>
    </p>
   </div>
   <div class='ocr_carea' id='block_1_43' title="bbox 525 2643 2099 2712">
    <p class='ocr_par' dir='ltr' id='par_1_43' title="bbox 525 2643 2099 2712">
     <span class='ocr_line' id='line_1_43' title="bbox 525 2643 2099 2712; baseline -0.003 -13"><span class='ocrx_word' id='word_1_306' title='bbox 525 2653 723 2699; x_wconf 91' lang='lat' dir='ltr'><strong>ventor</strong></span> <span class='ocrx_word' id='word_1_307' title='bbox 753 2644 1043 2699; x_wconf 87' lang='lat' dir='ltr'><strong>bonorum.</strong></span> <span class='ocrx_word' id='word_1_308' title='bbox 1065 2643 1234 2697; x_wconf 89' lang='lat' dir='ltr'><strong>Labia</strong></span> <span class='ocrx_word' id='word_1_309' title='bbox 1258 2643 1517 2697; x_wconf 87' lang='lat' dir='ltr'><strong>amabilia</strong></span> <span class='ocrx_word' id='word_1_310' title='bbox 1544 2652 1694 2707; x_wconf 89' lang='lat' dir='ltr'><strong>sunt,</strong></span> <span class='ocrx_word' id='word_1_311' title='bbox 1727 2660 1849 2712; x_wconf 72' lang='lat' dir='ltr'><strong>qua:</strong></span> <span class='ocrx_word' id='word_1_312' title='bbox 1872 2658 2099 2712; x_wconf 85' lang='lat' dir='ltr'><strong>respon-</strong></span> 
     </span>
    </p>
   </div>
   <div class='ocr_carea' id='block_1_44' title="bbox 525 2735 2098 2794">
    <p class='ocr_par' dir='ltr' id='par_1_44' title="bbox 525 2735 2098 2794">
     <span class='ocr_line' id='line_1_44' title="bbox 525 2735 2098 2794; baseline -0.003 -1"><span class='ocrx_word' id='word_1_313' title='bbox 525 2739 659 2794; x_wconf 88' lang='lat' dir='ltr'><strong>dent</strong></span> <span class='ocrx_word' id='word_1_314' title='bbox 689 2752 971 2793; x_wconf 89' lang='lat' dir='ltr'><strong>sermones</strong></span> <span class='ocrx_word' id='word_1_315' title='bbox 1006 2737 1200 2791; x_wconf 88' lang='lat' dir='ltr'><strong>bonos.</strong></span> <span class='ocrx_word' id='word_1_316' title='bbox 1224 2737 1292 2791; x_wconf 89' lang='lat' dir='ltr'><strong>Et</strong></span> <span class='ocrx_word' id='word_1_317' title='bbox 1333 2754 1347 2789; x_wconf 76' lang='grc' dir='ltr'>ε</span> <span class='ocrx_word' id='word_1_318' title='bbox 1383 2755 1400 2786; x_wconf 80' lang='grc' dir='ltr'><strong>ι</strong></span> <span class='ocrx_word' id='word_1_319' title='bbox 1438 2735 1605 2789; x_wconf 88' lang='lat' dir='ltr'><strong>Labia</strong></span> <span class='ocrx_word' id='word_1_320' title='bbox 1643 2736 1789 2789; x_wconf 90' lang='lat' dir='ltr'><strong>lenia</strong></span> <span class='ocrx_word' id='word_1_321' title='bbox 1818 2735 2098 2789; x_wconf 89' lang='lat' dir='ltr'><strong>occultant</strong></span> 
     </span>
    </p>
   </div>
   <div class='ocr_carea' id='block_1_45' title="bbox 526 2826 2095 2885">
    <p class='ocr_par' dir='ltr' id='par_1_45' title="bbox 526 2826 2095 2885">
     <span class='ocr_line' id='line_1_45' title="bbox 526 2826 2095 2885; baseline -0.003 1"><span class='ocrx_word' id='word_1_322' title='bbox 526 2830 803 2885; x_wconf 84' lang='lat' dir='ltr'><strong>tristitiam</strong></span> <span class='ocrx_word' id='word_1_323' title='bbox 836 2829 1021 2883; x_wconf 89' lang='lat' dir='ltr'><strong>cordis</strong></span> <span class='ocrx_word' id='word_1_324' title='bbox 1052 2831 1114 2881; x_wconf 72' lang='grc' dir='ltr'><strong><em>η.</em></strong></span> <span class='ocrx_word' id='word_1_325' title='bbox 1154 2848 1171 2879; x_wconf 76' lang='grc' dir='ltr'><strong>ι</strong></span> <span class='ocrx_word' id='word_1_326' title='bbox 1229 2829 1443 2882; x_wconf 81' lang='lat' dir='ltr'><strong>Rursus</strong></span> <span class='ocrx_word' id='word_1_327' title='bbox 1470 2845 1484 2880; x_wconf 89' lang='lat'><strong>:</strong></span> <span class='ocrx_word' id='word_1_328' title='bbox 1524 2846 1541 2875; x_wconf 80' lang='grc' dir='ltr'><strong>ι</strong></span> <span class='ocrx_word' id='word_1_329' title='bbox 1576 2826 1769 2881; x_wconf 87' lang='lat' dir='ltr'><strong>Sermo</strong></span> <span class='ocrx_word' id='word_1_330' title='bbox 1793 2829 1969 2883; x_wconf 87' lang='lat' dir='ltr'><strong>tristis</strong></span> <span class='ocrx_word' id='word_1_331' title='bbox 1994 2844 2095 2883; x_wconf 78' lang='lat' dir='ltr'><strong>ex-</strong></span> 
     </span>
    </p>
   </div>
   <div class='ocr_carea' id='block_1_46' title="bbox 526 2919 2087 2989">
    <p class='ocr_par' dir='ltr' id='par_1_46' title="bbox 526 2919 2087 2989">
     <span class='ocr_line' id='line_1_46' title="bbox 526 2919 2087 2989; baseline 0.001 -16"><span class='ocrx_word' id='word_1_332' title='bbox 526 2920 661 2974; x_wconf 90' lang='lat' dir='ltr'><strong>citat</strong></span> <span class='ocrx_word' id='word_1_333' title='bbox 691 2920 820 2983; x_wconf 88' lang='lat' dir='ltr'><strong>iras,</strong></span> <span class='ocrx_word' id='word_1_334' title='bbox 848 2919 1033 2989; x_wconf 87' lang='lat' dir='ltr'><strong>lingua</strong></span> <span class='ocrx_word' id='word_1_335' title='bbox 1063 2927 1248 2973; x_wconf 88' lang='lat' dir='ltr'><strong>autem</strong></span> <span class='ocrx_word' id='word_1_336' title='bbox 1290 2920 1624 2988; x_wconf 90' lang='lat' dir='ltr'><strong>sapientium</strong></span> <span class='ocrx_word' id='word_1_337' title='bbox 1657 2919 1800 2972; x_wconf 90' lang='lat' dir='ltr'><strong>bona</strong></span> <span class='ocrx_word' id='word_1_338' title='bbox 1843 2921 1947 2974; x_wconf 87' lang='lat' dir='ltr'><strong>scit</strong></span> <span class='ocrx_word' id='word_1_339' title='bbox 1969 2922 2031 2984; x_wconf 86' lang='grc'>¹⁶,</span> <span class='ocrx_word' id='word_1_340' title='bbox 2070 2942 2087 2974; x_wconf 70' lang='grc' dir='ltr'><strong>ι</strong></span> 
     </span>
    </p>
   </div>
   <div class='ocr_carea' id='block_1_47' title="bbox 526 3010 2097 3079">
    <p class='ocr_par' dir='ltr' id='par_1_47' title="bbox 526 3010 2097 3079">
     <span class='ocr_line' id='line_1_47' title="bbox 526 3010 2097 3079; baseline 0.001 -14"><span class='ocrx_word' id='word_1_341' title='bbox 526 3012 739 3066; x_wconf 85' lang='lat' dir='ltr'><strong>medela</strong></span> <span class='ocrx_word' id='word_1_342' title='bbox 774 3011 920 3066; x_wconf 90' lang='lat' dir='ltr'><strong>enim</strong></span> <span class='ocrx_word' id='word_1_343' title='bbox 964 3011 1193 3079; x_wconf 77' lang='lat' dir='ltr'><strong>linguze,</strong></span> <span class='ocrx_word' id='word_1_344' title='bbox 1229 3010 1395 3063; x_wconf 88' lang='lat' dir='ltr'><strong>arbor</strong></span> <span class='ocrx_word' id='word_1_345' title='bbox 1452 3010 1597 3065; x_wconf 63' lang='lat' dir='ltr'><strong>vitm.</strong></span> <span class='ocrx_word' id='word_1_346' title='bbox 1648 3010 1852 3064; x_wconf 91' lang='lat' dir='ltr'><strong>lterum</strong></span> <span class='ocrx_word' id='word_1_347' title='bbox 1898 3029 1910 3063; x_wconf 89' lang='lat'><strong>:</strong></span> <span class='ocrx_word' id='word_1_348' title='bbox 1952 3031 1971 3062; x_wconf 78' lang='grc' dir='ltr'><strong>ι</strong></span> <span class='ocrx_word' id='word_1_349' title='bbox 2023 3011 2097 3067; x_wconf 87' lang='lat' dir='ltr'><strong>Os</strong></span> 
     </span>
    </p>
   </div>
   <div class='ocr_carea' id='block_1_48' title="bbox 523 3100 2096 3173">
    <p class='ocr_par' dir='ltr' id='par_1_48' title="bbox 523 3100 2096 3173">
     <span class='ocr_line' id='line_1_48' title="bbox 523 3100 2096 3173; baseline 0 -18"><span class='ocrx_word' id='word_1_350' title='bbox 523 3102 657 3173; x_wconf 87' lang='lat' dir='ltr'><strong>justi</strong></span> <span class='ocrx_word' id='word_1_351' title='bbox 691 3100 1285 3168; x_wconf 89' lang='lat' dir='ltr'><strong>distillatsapientiam,</strong></span> <span class='ocrx_word' id='word_1_352' title='bbox 1314 3108 1371 3153; x_wconf 90' lang='lat' dir='ltr'><strong>et</strong></span> <span class='ocrx_word' id='word_1_353' title='bbox 1416 3100 1558 3153; x_wconf 90' lang='lat' dir='ltr'><strong>labia</strong></span> <span class='ocrx_word' id='word_1_354' title='bbox 1604 3100 1879 3169; x_wconf 87' lang='lat' dir='ltr'><strong>justorum</strong></span> <span class='ocrx_word' id='word_1_355' title='bbox 1915 3100 2096 3155; x_wconf 92' lang='lat' dir='ltr'><strong>distil-</strong></span> 
     </span>
    </p>
   </div>
   <div class='ocr_carea' id='block_1_49' title="bbox 526 3190 2099 3263">
    <p class='ocr_par' dir='ltr' id='par_1_49' title="bbox 526 3190 2099 3263">
     <span class='ocr_line' id='line_1_49' title="bbox 526 3190 2099 3263; baseline -0.001 -14"><span class='ocrx_word' id='word_1_356' title='bbox 526 3196 641 3249; x_wconf 92' lang='lat' dir='ltr'><strong>lant</strong></span> <span class='ocrx_word' id='word_1_357' title='bbox 671 3194 896 3263; x_wconf 86' lang='lat' dir='ltr'><strong>gratias.</strong></span> <span class='ocrx_word' id='word_1_358' title='bbox 927 3212 946 3244; x_wconf 72' lang='grc' dir='ltr'><strong>ι</strong></span> <span class='ocrx_word' id='word_1_359' title='bbox 978 3193 1082 3245; x_wconf 85' lang='grc' dir='ltr'><strong>Ει;</strong></span> <span class='ocrx_word' id='word_1_360' title='bbox 1120 3212 1136 3242; x_wconf 78' lang='grc' dir='ltr'><strong>ι</strong></span> <span class='ocrx_word' id='word_1_361' title='bbox 1173 3190 1247 3245; x_wconf 92' lang='lat' dir='ltr'><strong>Os</strong></span> <span class='ocrx_word' id='word_1_362' title='bbox 1292 3192 1501 3245; x_wconf 89' lang='lat' dir='ltr'><strong>humile</strong></span> <span class='ocrx_word' id='word_1_363' title='bbox 1528 3191 1824 3248; x_wconf 87' lang='lat' dir='ltr'><strong>meditatur</strong></span> <span class='ocrx_word' id='word_1_364' title='bbox 1880 3192 2099 3263; x_wconf 82' lang='lat' dir='ltr'><strong>sapien-</strong></span> 
     </span>
    </p>
   </div>
   <div class='ocr_carea' id='block_1_50' title="bbox 528 3283 2091 3341">
    <p class='ocr_par' dir='ltr' id='par_1_50' title="bbox 528 3283 2091 3341">
     <span class='ocr_line' id='line_1_50' title="bbox 528 3283 2091 3341; baseline -0.001 0"><span class='ocrx_word' id='word_1_365' title='bbox 528 3287 657 3341; x_wconf 88' lang='lat' dir='ltr'><strong>tiam</strong></span> <span class='ocrx_word' id='word_1_366' title='bbox 690 3288 755 3339; x_wconf 81' lang='lat'><strong>”.</strong></span> <span class='ocrx_word' id='word_1_367' title='bbox 806 3306 823 3336; x_wconf 79' lang='grc' dir='ltr'><strong>ι</strong></span> <span class='ocrx_word' id='word_1_368' title='bbox 869 3286 1118 3339; x_wconf 86' lang='lat' dir='ltr'><strong>Rursus:</strong></span> <span class='ocrx_word' id='word_1_369' title='bbox 1154 3303 1171 3335; x_wconf 81' lang='grc' dir='ltr'><strong>ι</strong></span> <span class='ocrx_word' id='word_1_370' title='bbox 1228 3284 1272 3337; x_wconf 85' lang='grc' dir='ltr'><strong>Α</strong></span> <span class='ocrx_word' id='word_1_371' title='bbox 1304 3283 1576 3338; x_wconf 85' lang='lat' dir='ltr'><strong>fructibus</strong></span> <span class='ocrx_word' id='word_1_372' title='bbox 1627 3283 1739 3337; x_wconf 89' lang='lat' dir='ltr'><strong>oris</strong></span> <span class='ocrx_word' id='word_1_373' title='bbox 1767 3286 1946 3338; x_wconf 89' lang='lat' dir='ltr'><strong>anima</strong></span> <span class='ocrx_word' id='word_1_374' title='bbox 1990 3285 2091 3340; x_wconf 90' lang='lat' dir='ltr'><strong>viri</strong></span> 
     </span>
    </p>
   </div>
   <div class='ocr_carea' id='block_1_51' title="bbox 528 3375 2097 3449">
    <p class='ocr_par' dir='ltr' id='par_1_51' title="bbox 528 3375 2097 3449">
     <span class='ocr_line' id='line_1_51' title="bbox 528 3375 2097 3449; baseline -0.001 -15"><span class='ocrx_word' id='word_1_375' title='bbox 528 3380 830 3449; x_wconf 84' lang='lat' dir='ltr'><strong>replebitur</strong></span> <span class='ocrx_word' id='word_1_376' title='bbox 864 3379 1024 3432; x_wconf 90' lang='lat' dir='ltr'><strong>bonis</strong></span> <span class='ocrx_word' id='word_1_377' title='bbox 1048 3394 1063 3443; x_wconf 90' lang='lat'><strong>;</strong></span> <span class='ocrx_word' id='word_1_378' title='bbox 1087 3375 1382 3431; x_wconf 87' lang='lat' dir='ltr'><strong>retributio</strong></span> <span class='ocrx_word' id='word_1_379' title='bbox 1406 3376 1679 3431; x_wconf 90' lang='lat' dir='ltr'><strong>labiorum</strong></span> <span class='ocrx_word' id='word_1_380' title='bbox 1704 3378 1823 3447; x_wconf 90' lang='lat' dir='ltr'><strong>ejus</strong></span> <span class='ocrx_word' id='word_1_381' title='bbox 1876 3378 2097 3432; x_wconf 88' lang='lat' dir='ltr'><strong>dabitur</strong></span> 
     </span>
    </p>
   </div>
   <div class='ocr_carea' id='block_1_52' title="bbox 527 3464 2096 3536">
    <p class='ocr_par' dir='ltr' id='par_1_52' title="bbox 527 3464 2096 3536">
     <span class='ocr_line' id='line_1_52' title="bbox 527 3464 2096 3536; baseline -0.003 -12"><span class='ocrx_word' id='word_1_382' title='bbox 527 3472 577 3524; x_wconf 84' lang='lat' dir='ltr'><strong>ei</strong></span> <span class='ocrx_word' id='word_1_383' title='bbox 606 3468 670 3523; x_wconf 85' lang='grc'><strong>¹⁸.</strong></span> <span class='ocrx_word' id='word_1_384' title='bbox 716 3488 734 3520; x_wconf 76' lang='lat' dir='ltr'><strong>i</strong></span> <span class='ocrx_word' id='word_1_385' title='bbox 766 3469 977 3522; x_wconf 84' lang='lat' dir='ltr'><strong>Rursus</strong></span> <span class='ocrx_word' id='word_1_386' title='bbox 1017 3483 1029 3519; x_wconf 90' lang='lat'><strong>:</strong></span> <span class='ocrx_word' id='word_1_387' title='bbox 1063 3485 1080 3516; x_wconf 80' lang='grc' dir='ltr'><strong>ι</strong></span> <span class='ocrx_word' id='word_1_388' title='bbox 1118 3464 1284 3519; x_wconf 88' lang='lat' dir='ltr'><strong>Labia</strong></span> <span class='ocrx_word' id='word_1_389' title='bbox 1316 3466 1532 3519; x_wconf 88' lang='lat' dir='ltr'><strong>veracia</strong></span> <span class='ocrx_word' id='word_1_390' title='bbox 1562 3482 1829 3535; x_wconf 90' lang='lat' dir='ltr'><strong>prospere</strong></span> <span class='ocrx_word' id='word_1_391' title='bbox 1849 3468 2096 3536; x_wconf 87' lang='lat' dir='ltr'><strong>dirigunt</strong></span> 
     </span>
    </p>
   </div>
   <div class='ocr_carea' id='block_1_53' title="bbox 529 3556 2098 3627">
    <p class='ocr_par' dir='ltr' id='par_1_53' title="bbox 529 3556 2098 3627">
     <span class='ocr_line' id='line_1_53' title="bbox 529 3556 2098 3627; baseline -0.002 -11"><span class='ocrx_word' id='word_1_392' title='bbox 529 3560 927 3621; x_wconf 88' lang='lat' dir='ltr'><strong>testimonium,</strong></span> <span class='ocrx_word' id='word_1_393' title='bbox 968 3558 1062 3627; x_wconf 87' lang='lat' dir='ltr'><strong>qui</strong></span> <span class='ocrx_word' id='word_1_394' title='bbox 1092 3568 1274 3611; x_wconf 90' lang='lat' dir='ltr'><strong>autem</strong></span> <span class='ocrx_word' id='word_1_395' title='bbox 1300 3556 1493 3611; x_wconf 88' lang='lat' dir='ltr'><strong>volunt</strong></span> <span class='ocrx_word' id='word_1_396' title='bbox 1524 3557 1725 3612; x_wconf 87' lang='lat' dir='ltr'><strong>habere</strong></span> <span class='ocrx_word' id='word_1_397' title='bbox 1747 3574 1968 3627; x_wconf 86' lang='lat' dir='ltr'><strong>pacem,</strong></span> <span class='ocrx_word' id='word_1_398' title='bbox 2006 3560 2098 3613; x_wconf 67' lang='lat' dir='ltr'><strong>lae-</strong></span> 
     </span>
    </p>
   </div>
   <div class='ocr_carea' id='block_1_54' title="bbox 527 3648 2092 3718">
    <p class='ocr_par' dir='ltr' id='par_1_54' title="bbox 527 3648 2092 3718">
     <span class='ocr_line' id='line_1_54' title="bbox 527 3648 2092 3718; baseline -0.004 -8"><span class='ocrx_word' id='word_1_399' title='bbox 527 3655 793 3710; x_wconf 86' lang='lat' dir='ltr'><strong>tabuntur</strong></span> <span class='ocrx_word' id='word_1_400' title='bbox 849 3654 908 3703; x_wconf 77' lang='grc'><strong>¹⁹.</strong></span> <span class='ocrx_word' id='word_1_401' title='bbox 987 3669 1004 3700; x_wconf 75' lang='grc' dir='ltr'><strong>ι</strong></span> <span class='ocrx_word' id='word_1_402' title='bbox 1073 3648 1300 3703; x_wconf 83' lang='lat' dir='ltr'><strong>Melicus</strong></span> <span class='ocrx_word' id='word_1_403' title='bbox 1356 3648 1686 3718; x_wconf 87' lang='lat' dir='ltr'><strong>hymnorum</strong></span> <span class='ocrx_word' id='word_1_404' title='bbox 1738 3660 2092 3704; x_wconf 89' lang='lat' dir='ltr'><strong>concentor:</strong></span> 
     </span>
    </p>
   </div>
   <div class='ocr_carea' id='block_1_55' title="bbox 536 3737 2092 3797">
    <p class='ocr_par' dir='ltr' id='par_1_55' title="bbox 536 3737 2092 3797">
     <span class='ocr_line' id='line_1_55' title="bbox 536 3737 2092 3797; baseline 0.001 -3"><span class='ocrx_word' id='word_1_405' title='bbox 536 3762 555 3794; x_wconf 77' lang='grc' dir='ltr'><strong>ι</strong></span> <span class='ocrx_word' id='word_1_406' title='bbox 591 3741 871 3797; x_wconf 84' lang='lat' dir='ltr'><strong>Eructavit</strong></span> <span class='ocrx_word' id='word_1_407' title='bbox 924 3755 1019 3795; x_wconf 91' lang='lat' dir='ltr'><strong>cor</strong></span> <span class='ocrx_word' id='word_1_408' title='bbox 1056 3754 1237 3793; x_wconf 89' lang='lat' dir='ltr'><strong>meum</strong></span> <span class='ocrx_word' id='word_1_409' title='bbox 1291 3737 1518 3792; x_wconf 82' lang='lat' dir='ltr'><strong>verbum</strong></span> <span class='ocrx_word' id='word_1_410' title='bbox 1572 3739 1777 3793; x_wconf 88' lang='lat' dir='ltr'><strong>bonum</strong></span> <span class='ocrx_word' id='word_1_411' title='bbox 1806 3740 1871 3793; x_wconf 80' lang='grc' dir='ltr'><strong>ὀ.</strong></span> <span class='ocrx_word' id='word_1_412' title='bbox 1910 3759 1928 3792; x_wconf 73' lang='grc' dir='ltr'><strong>ι</strong></span> <span class='ocrx_word' id='word_1_413' title='bbox 1982 3742 2092 3795; x_wconf 88' lang='lat' dir='ltr'><strong>Et:</strong></span> 
     </span>
    </p>
   </div>
   <div class='ocr_carea' id='block_1_56' title="bbox 534 3832 2094 3901">
    <p class='ocr_par' dir='ltr' id='par_1_56' title="bbox 534 3832 2094 3901">
     <span class='ocr_line' id='line_1_56' title="bbox 534 3832 2094 3901; baseline 0.002 -16"><span class='ocrx_word' id='word_1_414' title='bbox 534 3854 553 3885; x_wconf 78' lang='grc' dir='ltr'><strong>ι</strong></span> <span class='ocrx_word' id='word_1_415' title='bbox 588 3835 855 3889; x_wconf 91' lang='lat' dir='ltr'><strong>Dominus</strong></span> <span class='ocrx_word' id='word_1_416' title='bbox 886 3832 1289 3887; x_wconf 89' lang='lat' dir='ltr'><strong>dabitverbum</strong></span> <span class='ocrx_word' id='word_1_417' title='bbox 1336 3832 1844 3901; x_wconf 88' lang='lat' dir='ltr'><strong>evangelizantibus</strong></span> <span class='ocrx_word' id='word_1_418' title='bbox 1890 3834 2094 3890; x_wconf 87' lang='lat' dir='ltr'><strong>virtute</strong></span> 
     </span>
    </p>
   </div>
   <div class='ocr_carea' id='block_1_57' title="bbox 526 3922 2097 3994">
    <p class='ocr_par' dir='ltr' id='par_1_57' title="bbox 526 3922 2097 3994">
     <span class='ocr_line' id='line_1_57' title="bbox 526 3922 2097 3994; baseline 0.001 -13"><span class='ocrx_word' id='word_1_419' title='bbox 526 3927 701 3981; x_wconf 88' lang='lat' dir='ltr'><strong>multa</strong></span> <span class='ocrx_word' id='word_1_420' title='bbox 726 3924 794 3979; x_wconf 79' lang='lat'><strong>&quot;.</strong></span> <span class='ocrx_word' id='word_1_421' title='bbox 830 3943 848 3977; x_wconf 78' lang='grc' dir='ltr'><strong>ι</strong></span> <span class='ocrx_word' id='word_1_422' title='bbox 880 3925 946 3978; x_wconf 85' lang='lat' dir='ltr'><strong>Et</strong></span> <span class='ocrx_word' id='word_1_423' title='bbox 982 3941 995 3977; x_wconf 95' lang='lat'><strong>:</strong></span> <span class='ocrx_word' id='word_1_424' title='bbox 1041 3942 1059 3973; x_wconf 79' lang='grc' dir='ltr'><strong>ι</strong></span> <span class='ocrx_word' id='word_1_425' title='bbox 1092 3922 1505 3987; x_wconf 88' lang='lat' dir='ltr'><strong>Domine,lahia</strong></span> <span class='ocrx_word' id='word_1_426' title='bbox 1536 3939 1655 3978; x_wconf 90' lang='lat' dir='ltr'><strong>mea</strong></span> <span class='ocrx_word' id='word_1_427' title='bbox 1678 3926 1912 3994; x_wconf 92' lang='lat' dir='ltr'><strong>aperies,</strong></span> <span class='ocrx_word' id='word_1_428' title='bbox 1940 3934 1998 3981; x_wconf 90' lang='lat' dir='ltr'><strong>et</strong></span> <span class='ocrx_word' id='word_1_429' title='bbox 2034 3943 2097 3982; x_wconf 91' lang='lat' dir='ltr'><strong>os</strong></span> 
     </span>
    </p>
   </div>
   <div class='ocr_carea' id='block_1_58' title="bbox 528 4014 2093 4073">
    <p class='ocr_par' dir='ltr' id='par_1_58' title="bbox 528 4014 2093 4073">
     <span class='ocr_line' id='line_1_58' title="bbox 528 4014 2093 4073; baseline 0 0"><span class='ocrx_word' id='word_1_430' title='bbox 528 4033 711 4073; x_wconf 88' lang='lat' dir='ltr'><strong>meum</strong></span> <span class='ocrx_word' id='word_1_431' title='bbox 732 4015 1084 4070; x_wconf 89' lang='lat' dir='ltr'><strong>annuntiabit</strong></span> <span class='ocrx_word' id='word_1_432' title='bbox 1120 4014 1338 4069; x_wconf 90' lang='lat' dir='ltr'><strong>laudem</strong></span> <span class='ocrx_word' id='word_1_433' title='bbox 1384 4024 1534 4069; x_wconf 89' lang='lat' dir='ltr'><strong>tuam</strong></span> <span class='ocrx_word' id='word_1_434' title='bbox 1569 4016 1635 4068; x_wconf 82' lang='lat'><strong>&quot;.</strong></span> <span class='ocrx_word' id='word_1_435' title='bbox 1675 4036 1693 4067; x_wconf 77' lang='grc' dir='ltr'><strong>ι</strong></span> <span class='ocrx_word' id='word_1_436' title='bbox 1720 4017 1826 4071; x_wconf 88' lang='lat' dir='ltr'><strong>Sed</strong></span> <span class='ocrx_word' id='word_1_437' title='bbox 1861 4027 1917 4072; x_wconf 93' lang='lat' dir='ltr'><strong>et</strong></span> <span class='ocrx_word' id='word_1_438' title='bbox 1948 4019 2093 4073; x_wconf 83' lang='lat' dir='ltr'><strong>Pau-</strong></span> 
     </span>
    </p>
   </div>
   <div class='ocr_carea' id='block_1_59' title="bbox 526 4106 2093 4179">
    <p class='ocr_par' dir='ltr' id='par_1_59' title="bbox 526 4106 2093 4179">
     <span class='ocr_line' id='line_1_59' title="bbox 526 4106 2093 4179; baseline 0.001 -15"><span class='ocrx_word' id='word_1_439' title='bbox 526 4111 613 4165; x_wconf 92' lang='lat' dir='ltr'><strong>lus</strong></span> <span class='ocrx_word' id='word_1_440' title='bbox 635 4124 731 4179; x_wconf 90' lang='lat' dir='ltr'><strong>per</strong></span> <span class='ocrx_word' id='word_1_441' title='bbox 749 4109 1043 4178; x_wconf 86' lang='lat' dir='ltr'><strong>epistolam</strong></span> <span class='ocrx_word' id='word_1_442' title='bbox 1076 4107 1248 4163; x_wconf 88' lang='lat' dir='ltr'><strong>dicit:</strong></span> <span class='ocrx_word' id='word_1_443' title='bbox 1281 4125 1298 4157; x_wconf 83' lang='grc' dir='ltr'><strong>ι</strong></span> <span class='ocrx_word' id='word_1_444' title='bbox 1348 4106 1541 4161; x_wconf 88' lang='lat' dir='ltr'><strong>Sermo</strong></span> <span class='ocrx_word' id='word_1_445' title='bbox 1578 4118 1760 4162; x_wconf 81' lang='lat' dir='ltr'><strong>vester</strong></span> <span class='ocrx_word' id='word_1_446' title='bbox 1784 4124 2002 4179; x_wconf 89' lang='lat' dir='ltr'><strong>semper</strong></span> <span class='ocrx_word' id='word_1_447' title='bbox 2035 4111 2093 4165; x_wconf 90' lang='lat' dir='ltr'><strong>in</strong></span> 
     </span>
    </p>
   </div>
   <div class='ocr_carea' id='block_1_60' title="bbox 524 4198 2095 4271">
    <p class='ocr_par' dir='ltr' id='par_1_60' title="bbox 524 4198 2095 4271">
     <span class='ocr_line' id='line_1_60' title="bbox 524 4198 2095 4271; baseline 0.002 -18"><span class='ocrx_word' id='word_1_448' title='bbox 524 4200 699 4271; x_wconf 89' lang='lat' dir='ltr'><strong>gratia</strong></span> <span class='ocrx_word' id='word_1_449' title='bbox 726 4200 839 4254; x_wconf 89' lang='lat' dir='ltr'><strong>sale</strong></span> <span class='ocrx_word' id='word_1_450' title='bbox 878 4199 950 4253; x_wconf 91' lang='lat' dir='ltr'><strong>sit</strong></span> <span class='ocrx_word' id='word_1_451' title='bbox 982 4198 1261 4259; x_wconf 86' lang='lat' dir='ltr'><strong>conditus.</strong></span> <span class='ocrx_word' id='word_1_452' title='bbox 1307 4206 1366 4252; x_wconf 94' lang='lat' dir='ltr'><strong>ut</strong></span> <span class='ocrx_word' id='word_1_453' title='bbox 1389 4198 1576 4252; x_wconf 90' lang='lat' dir='ltr'><strong>sciatis</strong></span> <span class='ocrx_word' id='word_1_454' title='bbox 1610 4200 1885 4267; x_wconf 92' lang='lat' dir='ltr'><strong>quomodo</strong></span> <span class='ocrx_word' id='word_1_455' title='bbox 1928 4217 2095 4270; x_wconf 90' lang='lat' dir='ltr'><strong>opor-</strong></span> 
     </span>
    </p>
   </div>
   <div class='ocr_carea' id='block_1_61' title="bbox 527 4290 2096 4358">
    <p class='ocr_par' dir='ltr' id='par_1_61' title="bbox 527 4290 2096 4358">
     <span class='ocr_line' id='line_1_61' title="bbox 527 4290 2096 4358; baseline 0.001 -11"><span class='ocrx_word' id='word_1_456' title='bbox 527 4300 639 4347; x_wconf 86' lang='lat' dir='ltr'><strong>teat</strong></span> <span class='ocrx_word' id='word_1_457' title='bbox 690 4305 789 4345; x_wconf 89' lang='lat' dir='ltr'><strong>vos</strong></span> <span class='ocrx_word' id='word_1_458' title='bbox 822 4290 1117 4358; x_wconf 89' lang='lat' dir='ltr'><strong>unicuique</strong></span> <span class='ocrx_word' id='word_1_459' title='bbox 1168 4291 1501 4358; x_wconf 87' lang='lat' dir='ltr'><strong>respondere</strong></span> <span class='ocrx_word' id='word_1_460' title='bbox 1532 4291 1598 4343; x_wconf 82' lang='grc'><strong>’³.</strong></span> <span class='ocrx_word' id='word_1_461' title='bbox 1653 4310 1670 4341; x_wconf 75' lang='grc' dir='ltr'><strong>ι</strong></span> <span class='ocrx_word' id='word_1_462' title='bbox 1702 4292 1767 4345; x_wconf 87' lang='lat' dir='ltr'><strong>Et</strong></span> <span class='ocrx_word' id='word_1_463' title='bbox 1796 4293 1863 4346; x_wconf 88' lang='lat' dir='ltr'><strong>ad</strong></span> <span class='ocrx_word' id='word_1_464' title='bbox 1896 4294 2096 4348; x_wconf 87' lang='lat' dir='ltr'><strong>Roma-</strong></span> 
     </span>
    </p>
   </div>
   <div class='ocr_carea' id='block_1_62' title="bbox 525 4382 2095 4454">
    <p class='ocr_par' dir='ltr' id='par_1_62' title="bbox 525 4382 2095 4454">
     <span class='ocr_line' id='line_1_62' title="bbox 525 4382 2095 4454; baseline 0 -14"><span class='ocrx_word' id='word_1_465' title='bbox 525 4400 667 4440; x_wconf 89' lang='lat' dir='ltr'><strong>nos:</strong></span> <span class='ocrx_word' id='word_1_466' title='bbox 710 4404 727 4435; x_wconf 78' lang='grc' dir='ltr'><strong>ι</strong></span> <span class='ocrx_word' id='word_1_467' title='bbox 763 4384 1027 4438; x_wconf 91' lang='lat' dir='ltr'><strong>Desidero</strong></span> <span class='ocrx_word' id='word_1_468' title='bbox 1074 4382 1221 4435; x_wconf 86' lang='lat' dir='ltr'><strong>enim</strong></span> <span class='ocrx_word' id='word_1_469' title='bbox 1261 4382 1451 4436; x_wconf 86' lang='lat' dir='ltr'><strong>videre</strong></span> <span class='ocrx_word' id='word_1_470' title='bbox 1481 4398 1599 4446; x_wconf 87' lang='lat' dir='ltr'><strong>vos,</strong></span> <span class='ocrx_word' id='word_1_471' title='bbox 1629 4392 1690 4437; x_wconf 90' lang='lat' dir='ltr'><strong>ut</strong></span> <span class='ocrx_word' id='word_1_472' title='bbox 1743 4385 1948 4454; x_wconf 88' lang='lat' dir='ltr'><strong>aliquid</strong></span> <span class='ocrx_word' id='word_1_473' title='bbox 1990 4386 2095 4440; x_wconf 92' lang='lat' dir='ltr'><strong>im-</strong></span> 
     </span>
    </p>
   </div>
   <div class='ocr_carea' id='block_1_63' title="bbox 424 4470 2094 4545">
    <p class='ocr_par' dir='ltr' id='par_1_63' title="bbox 424 4470 2094 4545">
     <span class='ocr_line' id='line_1_63' title="bbox 424 4470 2094 4545; baseline 0.001 -17"><span class='ocrx_word' id='word_1_474' title='bbox 424 4489 428 4493; x_wconf 79' lang='lat'><strong><em>&#39;</em></strong></span> <span class='ocrx_word' id='word_1_475' title='bbox 525 4475 733 4545; x_wconf 89' lang='lat' dir='ltr'><strong>pertiar</strong></span> <span class='ocrx_word' id='word_1_476' title='bbox 771 4473 929 4527; x_wconf 85' lang='lat' dir='ltr'><strong>vobis</strong></span> <span class='ocrx_word' id='word_1_477' title='bbox 975 4470 1162 4540; x_wconf 67' lang='lat' dir='ltr'><strong>gratia:</strong></span> <span class='ocrx_word' id='word_1_478' title='bbox 1212 4470 1537 4539; x_wconf 91' lang='lat' dir='ltr'><strong>spiritualis,</strong></span> <span class='ocrx_word' id='word_1_479' title='bbox 1585 4472 1653 4526; x_wconf 86' lang='lat' dir='ltr'><strong>ad</strong></span> <span class='ocrx_word' id='word_1_480' title='bbox 1685 4474 2094 4530; x_wconf 85' lang='lat' dir='ltr'><strong>conﬁrmandos</strong></span> 
     </span>
    </p>
   </div>
   <div class='ocr_carea' id='block_1_64' title="bbox 523 4562 2094 4637">
    <p class='ocr_par' dir='ltr' id='par_1_64' title="bbox 523 4562 2094 4637">
     <span class='ocr_line' id='line_1_64' title="bbox 523 4562 2094 4637; baseline 0.002 -18"><span class='ocrx_word' id='word_1_481' title='bbox 523 4582 643 4630; x_wconf 88' lang='lat' dir='ltr'><strong>vos,</strong></span> <span class='ocrx_word' id='word_1_482' title='bbox 675 4566 727 4621; x_wconf 91' lang='lat' dir='ltr'><strong>id</strong></span> <span class='ocrx_word' id='word_1_483' title='bbox 749 4572 853 4629; x_wconf 90' lang='lat' dir='ltr'><strong>est,</strong></span> <span class='ocrx_word' id='word_1_484' title='bbox 887 4563 1050 4617; x_wconf 90' lang='lat' dir='ltr'><strong>simul</strong></span> <span class='ocrx_word' id='word_1_485' title='bbox 1095 4562 1369 4615; x_wconf 90' lang='lat' dir='ltr'><strong>consolari</strong></span> <span class='ocrx_word' id='word_1_486' title='bbox 1410 4562 1467 4615; x_wconf 91' lang='lat' dir='ltr'><strong>in</strong></span> <span class='ocrx_word' id='word_1_487' title='bbox 1495 4564 1653 4618; x_wconf 89' lang='lat' dir='ltr'><strong>vobis</strong></span> <span class='ocrx_word' id='word_1_488' title='bbox 1698 4581 1798 4634; x_wconf 85' lang='lat' dir='ltr'><strong>per</strong></span> <span class='ocrx_word' id='word_1_489' title='bbox 1826 4581 1945 4620; x_wconf 89' lang='lat' dir='ltr'><strong>eam</strong></span> <span class='ocrx_word' id='word_1_490' title='bbox 1972 4583 2094 4637; x_wconf 83' lang='lat' dir='ltr'><strong>quae</strong></span> 
     </span>
    </p>
   </div>
   <div class='ocr_carea' id='block_1_65' title="bbox 2199 2094 3750 2172">
    <p class='ocr_par' dir='ltr' id='par_1_65' title="bbox 2199 2094 3750 2172">
     <span class='ocr_line' id='line_1_65' title="bbox 2199 2094 3750 2172; baseline 0.006 -25"><span class='ocrx_word' id='word_1_491' title='bbox 2199 2094 2378 2148; x_wconf 81' lang='grc' dir='ltr'>αὐτῶν</span> <span class='ocrx_word' id='word_1_492' title='bbox 2425 2095 2584 2162; x_wconf 80' lang='grc' dir='ltr'>ἀκοὴ,</span> <span class='ocrx_word' id='word_1_493' title='bbox 2630 2098 2724 2150; x_wconf 80' lang='grc' dir='ltr'>καὶ</span> <span class='ocrx_word' id='word_1_494' title='bbox 2781 2098 2925 2162; x_wconf 81' lang='grc' dir='ltr'>ῐασις</span> <span class='ocrx_word' id='word_1_495' title='bbox 2970 2100 3167 2171; x_wconf 75' lang='grc' dir='ltr'>ψυχῆς.</span> <span class='ocrx_word' id='word_1_496' title='bbox 3207 2121 3225 2153; x_wconf 75' lang='grc' dir='ltr'><strong>ι</strong></span> <span class='ocrx_word' id='word_1_497' title='bbox 3262 2102 3420 2155; x_wconf 82' lang='grc' dir='ltr'>Ὅσοι</span> <span class='ocrx_word' id='word_1_498' title='bbox 3477 2103 3585 2171; x_wconf 76' lang='grc' dir='ltr'><strong>γὰρ</strong></span> <span class='ocrx_word' id='word_1_499' title='bbox 3630 2104 3750 2172; x_wconf 78' lang='grc' dir='ltr'>πρὸς</span> 
     </span>
    </p>
   </div>
   <div class='ocr_carea' id='block_1_66' title="bbox 2200 2187 3751 2262">
    <p class='ocr_par' dir='ltr' id='par_1_66' title="bbox 2200 2187 3751 2262">
     <span class='ocr_line' id='line_1_66' title="bbox 2200 2187 3751 2262; baseline 0.007 -25"><span class='ocrx_word' id='word_1_500' title='bbox 2200 2187 2476 2257; x_wconf 82' lang='grc' dir='ltr'>σωτηρίαν</span> <span class='ocrx_word' id='word_1_501' title='bbox 2506 2187 2775 2256; x_wconf 86' lang='grc' dir='ltr'>λέγονται,</span> <span class='ocrx_word' id='word_1_502' title='bbox 2812 2190 3106 2261; x_wconf 78' lang='grc' dir='ltr'>γλύκασμα</span> <span class='ocrx_word' id='word_1_503' title='bbox 3147 2194 3242 2246; x_wconf 76' lang='grc' dir='ltr'>καὶ</span> <span class='ocrx_word' id='word_1_504' title='bbox 3286 2194 3432 2246; x_wconf 87' lang='grc' dir='ltr'>ῐασιν</span> <span class='ocrx_word' id='word_1_505' title='bbox 3458 2194 3751 2262; x_wconf 80' lang='grc' dir='ltr'>ἐμποιοῦσιν</span> 
     </span>
    </p>
   </div>
   <div class='ocr_carea' id='block_1_67' title="bbox 2197 2275 3747 2354">
    <p class='ocr_par' dir='ltr' id='par_1_67' title="bbox 2197 2275 3747 2354">
     <span class='ocr_line' id='line_1_67' title="bbox 2197 2275 3747 2354; baseline 0.008 -27"><span class='ocrx_word' id='word_1_506' title='bbox 2197 2280 2261 2345; x_wconf 81' lang='grc' dir='ltr'>τῇ</span> <span class='ocrx_word' id='word_1_507' title='bbox 2288 2275 2455 2346; x_wconf 73' lang='grc' dir='ltr'>ψυχῇ.</span> <span class='ocrx_word' id='word_1_508' title='bbox 2488 2278 2713 2343; x_wconf 82' lang='grc' dir='ltr'>Συνετὺς</span> <span class='ocrx_word' id='word_1_509' title='bbox 2740 2280 2797 2333; x_wconf 86' lang='grc' dir='ltr'>δὲ</span> <span class='ocrx_word' id='word_1_510' title='bbox 2830 2283 2885 2334; x_wconf 81' lang='grc' dir='ltr'><strong>ἐν</strong></span> <span class='ocrx_word' id='word_1_511' title='bbox 2912 2282 3237 2353; x_wconf 83' lang='grc' dir='ltr'>πράγμασιν</span> <span class='ocrx_word' id='word_1_512' title='bbox 3274 2284 3502 2354; x_wconf 79' lang='grc' dir='ltr'>εὑρετὴς</span> <span class='ocrx_word' id='word_1_513' title='bbox 3531 2284 3747 2351; x_wconf 83' lang='grc' dir='ltr'>ἀγαθῶν.</span> 
     </span>
    </p>
   </div>
   <div class='ocr_carea' id='block_1_68' title="bbox 2199 2369 3748 2444">
    <p class='ocr_par' dir='ltr' id='par_1_68' title="bbox 2199 2369 3748 2444">
     <span class='ocr_line' id='line_1_68' title="bbox 2199 2369 3748 2444; baseline 0.008 -25"><span class='ocrx_word' id='word_1_514' title='bbox 2199 2370 2306 2421; x_wconf 81' lang='lat' dir='ltr'><strong>Kal</strong></span> <span class='ocrx_word' id='word_1_515' title='bbox 2339 2369 2490 2440; x_wconf 82' lang='grc' dir='ltr'>χείλη</span> <span class='ocrx_word' id='word_1_516' title='bbox 2528 2370 2845 2439; x_wconf 84' lang='grc' dir='ltr'>φιλήσουσιν</span> <span class='ocrx_word' id='word_1_517' title='bbox 2880 2374 3289 2444; x_wconf 81' lang='grc' dir='ltr'>ἀποκρινόμενα</span> <span class='ocrx_word' id='word_1_518' title='bbox 3328 2376 3522 2442; x_wconf 79' lang='grc' dir='ltr'>λόγους</span> <span class='ocrx_word' id='word_1_519' title='bbox 3550 2375 3748 2438; x_wconf 86' lang='grc' dir='ltr'>καλούς.</span> 
     </span>
    </p>
   </div>
   <div class='ocr_carea' id='block_1_69' title="bbox 2198 2460 3743 2537">
    <p class='ocr_par' dir='ltr' id='par_1_69' title="bbox 2198 2460 3743 2537">
     <span class='ocr_line' id='line_1_69' title="bbox 2198 2460 3743 2537; baseline 0.004 -24"><span class='ocrx_word' id='word_1_520' title='bbox 2198 2460 2329 2522; x_wconf 88' lang='lat' dir='ltr'><strong>Kal,</strong></span> <span class='ocrx_word' id='word_1_521' title='bbox 2377 2478 2395 2510; x_wconf 80' lang='grc' dir='ltr'><strong>ι</strong></span> <span class='ocrx_word' id='word_1_522' title='bbox 2438 2460 2606 2531; x_wconf 80' lang='grc' dir='ltr'>Χείλη</span> <span class='ocrx_word' id='word_1_523' title='bbox 2659 2462 2775 2516; x_wconf 87' lang='grc' dir='ltr'>λεῖα</span> <span class='ocrx_word' id='word_1_524' title='bbox 2850 2464 3115 2518; x_wconf 85' lang='grc' dir='ltr'>καλύπτει</span> <span class='ocrx_word' id='word_1_525' title='bbox 3168 2466 3397 2535; x_wconf 82' lang='grc' dir='ltr'>καρδίαν</span> <span class='ocrx_word' id='word_1_526' title='bbox 3448 2466 3699 2537; x_wconf 70' lang='grc' dir='ltr'>λυπηρὰν.</span> <span class='ocrx_word' id='word_1_527' title='bbox 3728 2488 3743 2519; x_wconf 79' lang='grc' dir='ltr'><strong>ι</strong></span> 
     </span>
    </p>
   </div>
   <div class='ocr_carea' id='block_1_70' title="bbox 2199 2553 3752 2630">
    <p class='ocr_par' dir='ltr' id='par_1_70' title="bbox 2199 2553 3752 2630">
     <span class='ocr_line' id='line_1_70' title="bbox 2199 2553 3752 2630; baseline 0.006 -25"><span class='ocrx_word' id='word_1_528' title='bbox 2199 2554 2308 2606; x_wconf 77' lang='lat' dir='ltr'><strong>Kal</strong></span> <span class='ocrx_word' id='word_1_529' title='bbox 2342 2553 2523 2617; x_wconf 89' lang='grc' dir='ltr'>πάλιν,</span> <span class='ocrx_word' id='word_1_530' title='bbox 2567 2554 2767 2624; x_wconf 76' lang='grc' dir='ltr'>«Λόγος</span> <span class='ocrx_word' id='word_1_531' title='bbox 2804 2556 3047 2626; x_wconf 79' lang='grc' dir='ltr'>λυπηρὸς</span> <span class='ocrx_word' id='word_1_532' title='bbox 3088 2558 3292 2629; x_wconf 75' lang='grc' dir='ltr'>ἐγείρει</span> <span class='ocrx_word' id='word_1_533' title='bbox 3319 2560 3491 2630; x_wconf 83' lang='grc' dir='ltr'>ὀργάς</span> <span class='ocrx_word' id='word_1_534' title='bbox 3513 2576 3528 2591; x_wconf 87' lang='grc'><strong>·</strong></span> <span class='ocrx_word' id='word_1_535' title='bbox 3554 2560 3752 2627; x_wconf 80' lang='grc' dir='ltr'>γλῶσσα</span> 
     </span>
    </p>
   </div>
   <div class='ocr_carea' id='block_1_71' title="bbox 2197 2644 3749 2722">
    <p class='ocr_par' dir='ltr' id='par_1_71' title="bbox 2197 2644 3749 2722">
     <span class='ocr_line' id='line_1_71' title="bbox 2197 2644 3749 2722; baseline 0.005 -26"><span class='ocrx_word' id='word_1_536' title='bbox 2197 2644 2254 2697; x_wconf 85' lang='grc' dir='ltr'><strong>δὲ</strong></span> <span class='ocrx_word' id='word_1_537' title='bbox 2285 2645 2486 2713; x_wconf 77' lang='grc' dir='ltr'>σοφῶν,</span> <span class='ocrx_word' id='word_1_538' title='bbox 2534 2646 2675 2699; x_wconf 89' lang='grc' dir='ltr'><strong>καλά</strong></span> <span class='ocrx_word' id='word_1_539' title='bbox 2718 2647 3007 2703; x_wconf 83' lang='grc' dir='ltr'>ἐπίσταται</span> <span class='ocrx_word' id='word_1_540' title='bbox 3032 2666 3046 2681; x_wconf 76' lang='grc'><strong><em>⁸</em></strong></span> <span class='ocrx_word' id='word_1_541' title='bbox 3086 2668 3105 2701; x_wconf 72' lang='grc' dir='ltr'><strong>ι</strong></span> <span class='ocrx_word' id='word_1_542' title='bbox 3141 2652 3286 2713; x_wconf 83' lang='grc' dir='ltr'>ῐασις</span> <span class='ocrx_word' id='word_1_543' title='bbox 3339 2652 3449 2721; x_wconf 90' lang='grc' dir='ltr'><strong>γάρ</strong></span> <span class='ocrx_word' id='word_1_544' title='bbox 3500 2651 3749 2722; x_wconf 79' lang='grc' dir='ltr'>γλώσσης,</span> 
     </span>
    </p>
   </div>
   <div class='ocr_carea' id='block_1_72' title="bbox 2196 2732 3752 2808">
    <p class='ocr_par' dir='ltr' id='par_1_72' title="bbox 2196 2732 3752 2808">
     <span class='ocr_line' id='line_1_72' title="bbox 2196 2732 3752 2808; baseline 0.004 -22"><span class='ocrx_word' id='word_1_545' title='bbox 2196 2733 2411 2804; x_wconf 78' lang='grc' dir='ltr'>δένδρον</span> <span class='ocrx_word' id='word_1_546' title='bbox 2437 2732 2603 2801; x_wconf 81' lang='grc' dir='ltr'>ζωῆς.</span> <span class='ocrx_word' id='word_1_547' title='bbox 2637 2736 2747 2789; x_wconf 87' lang='lat' dir='ltr'><strong>Kal</strong></span> <span class='ocrx_word' id='word_1_548' title='bbox 2776 2736 2957 2801; x_wconf 84' lang='grc' dir='ltr'>πάλιν,</span> <span class='ocrx_word' id='word_1_549' title='bbox 2989 2757 3006 2789; x_wconf 82' lang='grc' dir='ltr'><strong>ι</strong></span> <span class='ocrx_word' id='word_1_550' title='bbox 3037 2738 3219 2808; x_wconf 83' lang='grc' dir='ltr'>Στόμα</span> <span class='ocrx_word' id='word_1_551' title='bbox 3241 2738 3455 2791; x_wconf 86' lang='grc' dir='ltr'>δικαίου</span> <span class='ocrx_word' id='word_1_552' title='bbox 3480 2738 3752 2800; x_wconf 79' lang='grc' dir='ltr'>ἀποστάζει</span> 
     </span>
    </p>
   </div>
   <div class='ocr_carea' id='block_1_73' title="bbox 2199 2825 3747 2899">
    <p class='ocr_par' dir='ltr' id='par_1_73' title="bbox 2199 2825 3747 2899">
     <span class='ocr_line' id='line_1_73' title="bbox 2199 2825 3747 2899; baseline 0.001 -21"><span class='ocrx_word' id='word_1_553' title='bbox 2199 2825 2415 2894; x_wconf 83' lang='grc' dir='ltr'>σοφίαν,</span> <span class='ocrx_word' id='word_1_554' title='bbox 2448 2826 2545 2878; x_wconf 76' lang='grc' dir='ltr'><strong>καὶ</strong></span> <span class='ocrx_word' id='word_1_555' title='bbox 2584 2826 2738 2895; x_wconf 88' lang='grc' dir='ltr'>χείλη</span> <span class='ocrx_word' id='word_1_556' title='bbox 2775 2826 3000 2880; x_wconf 86' lang='grc' dir='ltr'>δικαίων</span> <span class='ocrx_word' id='word_1_557' title='bbox 3056 2830 3465 2894; x_wconf 74' lang='grc' dir='ltr'>ἀποστάξουσιν</span> <span class='ocrx_word' id='word_1_558' title='bbox 3493 2830 3747 2899; x_wconf 78' lang='grc' dir='ltr'>χάριτας,ι</span> 
     </span>
    </p>
   </div>
   <div class='ocr_carea' id='block_1_74' title="bbox 2198 2916 3753 2990">
    <p class='ocr_par' dir='ltr' id='par_1_74' title="bbox 2198 2916 3753 2990">
     <span class='ocr_line' id='line_1_74' title="bbox 2198 2916 3753 2990; baseline 0.002 -22"><span class='ocrx_word' id='word_1_559' title='bbox 2198 2917 2325 2979; x_wconf 90' lang='lat' dir='ltr'><strong>Kal,</strong></span> <span class='ocrx_word' id='word_1_560' title='bbox 2362 2934 2380 2966; x_wconf 81' lang='grc' dir='ltr'><strong>ι</strong></span> <span class='ocrx_word' id='word_1_561' title='bbox 2416 2916 2597 2985; x_wconf 88' lang='grc' dir='ltr'>Στόμα</span> <span class='ocrx_word' id='word_1_562' title='bbox 2646 2918 2925 2982; x_wconf 80' lang='grc' dir='ltr'>ταπεινὸν,</span> <span class='ocrx_word' id='word_1_563' title='bbox 2974 2919 3176 2990; x_wconf 82' lang='grc' dir='ltr'>μελετᾷ</span> <span class='ocrx_word' id='word_1_564' title='bbox 3227 2920 3445 2988; x_wconf 79' lang='grc' dir='ltr'>σοφίαν.</span> <span class='ocrx_word' id='word_1_565' title='bbox 3478 2938 3496 2970; x_wconf 75' lang='grc' dir='ltr'><strong>ι</strong></span> <span class='ocrx_word' id='word_1_566' title='bbox 3532 2920 3637 2973; x_wconf 85' lang='lat' dir='ltr'><strong>Kal</strong></span> <span class='ocrx_word' id='word_1_567' title='bbox 3663 2918 3753 2971; x_wconf 81' lang='grc' dir='ltr'>πά·</span> 
     </span>
    </p>
   </div>
   <div class='ocr_carea' id='block_1_75' title="bbox 2197 3006 3753 3082">
    <p class='ocr_par' dir='ltr' id='par_1_75' title="bbox 2197 3006 3753 3082">
     <span class='ocr_line' id='line_1_75' title="bbox 2197 3006 3753 3082; baseline 0.001 -22"><span class='ocrx_word' id='word_1_568' title='bbox 2197 3006 2300 3071; x_wconf 88' lang='grc' dir='ltr'>λιν,</span> <span class='ocrx_word' id='word_1_569' title='bbox 2335 3026 2355 3058; x_wconf 76' lang='grc' dir='ltr'><strong>ι</strong></span> <span class='ocrx_word' id='word_1_570' title='bbox 2396 3008 2528 3060; x_wconf 82' lang='grc' dir='ltr'><strong>Ἀπὸ</strong></span> <span class='ocrx_word' id='word_1_571' title='bbox 2555 3009 2784 3079; x_wconf 79' lang='grc' dir='ltr'>καρπῶν</span> <span class='ocrx_word' id='word_1_572' title='bbox 2816 3011 3105 3079; x_wconf 85' lang='grc' dir='ltr'>στόματος,</span> <span class='ocrx_word' id='word_1_573' title='bbox 3139 3011 3284 3081; x_wconf 75' lang='grc' dir='ltr'>ψυχὴ</span> <span class='ocrx_word' id='word_1_574' title='bbox 3318 3012 3512 3082; x_wconf 80' lang='grc' dir='ltr'>ἀνδρὸς</span> <span class='ocrx_word' id='word_1_575' title='bbox 3538 3012 3753 3080; x_wconf 87' lang='grc' dir='ltr'>πληθυν-</span> 
     </span>
    </p>
   </div>
   <div class='ocr_carea' id='block_1_76' title="bbox 2201 3096 3753 3169">
    <p class='ocr_par' dir='ltr' id='par_1_76' title="bbox 2201 3096 3753 3169">
     <span class='ocr_line' id='line_1_76' title="bbox 2201 3096 3753 3169; baseline 0.002 -22"><span class='ocrx_word' id='word_1_576' title='bbox 2201 3096 2425 3166; x_wconf 79' lang='grc' dir='ltr'>θήσεται</span> <span class='ocrx_word' id='word_1_577' title='bbox 2457 3097 2706 3165; x_wconf 82' lang='grc' dir='ltr'>ἀγαθῶν⁶</span> <span class='ocrx_word' id='word_1_578' title='bbox 2755 3100 3107 3168; x_wconf 87' lang='grc' dir='ltr'>ἀνταπόδομα</span> <span class='ocrx_word' id='word_1_579' title='bbox 3138 3101 3195 3153; x_wconf 82' lang='grc' dir='ltr'>δὲ</span> <span class='ocrx_word' id='word_1_580' title='bbox 3224 3100 3455 3169; x_wconf 85' lang='grc' dir='ltr'>χειλέων</span> <span class='ocrx_word' id='word_1_581' title='bbox 3478 3099 3655 3160; x_wconf 79' lang='grc' dir='ltr'>αὑτοῦ,</span> <span class='ocrx_word' id='word_1_582' title='bbox 3677 3099 3753 3150; x_wconf 87' lang='grc' dir='ltr'>δο-</span> 
     </span>
    </p>
   </div>
   <div class='ocr_carea' id='block_1_77' title="bbox 2199 3188 3753 3261">
    <p class='ocr_par' dir='ltr' id='par_1_77' title="bbox 2199 3188 3753 3261">
     <span class='ocr_line' id='line_1_77' title="bbox 2199 3188 3753 3261; baseline 0.001 -20"><span class='ocrx_word' id='word_1_583' title='bbox 2199 3189 2424 3259; x_wconf 80' lang='grc' dir='ltr'>θήσεται</span> <span class='ocrx_word' id='word_1_584' title='bbox 2452 3188 2654 3260; x_wconf 75' lang='grc' dir='ltr'>αύτῷ.»</span> <span class='ocrx_word' id='word_1_585' title='bbox 2686 3191 2791 3243; x_wconf 82' lang='grc' dir='ltr'>Καὶ</span> <span class='ocrx_word' id='word_1_586' title='bbox 2812 3191 2988 3255; x_wconf 75' lang='grc' dir='ltr'>αὖθις,</span> <span class='ocrx_word' id='word_1_587' title='bbox 3009 3211 3027 3242; x_wconf 79' lang='grc' dir='ltr'><strong>ι</strong></span> <span class='ocrx_word' id='word_1_588' title='bbox 3050 3191 3215 3260; x_wconf 84' lang='grc' dir='ltr'>Χείλη</span> <span class='ocrx_word' id='word_1_589' title='bbox 3243 3191 3478 3260; x_wconf 79' lang='grc' dir='ltr'>ἀληθινὰ</span> <span class='ocrx_word' id='word_1_590' title='bbox 3524 3190 3753 3261; x_wconf 76' lang='grc' dir='ltr'>κατορθοῖ</span> 
     </span>
    </p>
   </div>
   <div class='ocr_carea' id='block_1_78' title="bbox 2206 3278 3753 3353">
    <p class='ocr_par' dir='ltr' id='par_1_78' title="bbox 2206 3278 3753 3353">
     <span class='ocr_line' id='line_1_78' title="bbox 2206 3278 3753 3353; baseline 0.002 -21"><span class='ocrx_word' id='word_1_591' title='bbox 2206 3278 2528 3351; x_wconf 88' lang='grc' dir='ltr'>μαρτυρίαν.</span> <span class='ocrx_word' id='word_1_592' title='bbox 2564 3281 2625 3332; x_wconf 79' lang='lat' dir='ltr'><strong>Oi</strong></span> <span class='ocrx_word' id='word_1_593' title='bbox 2658 3280 2713 3333; x_wconf 85' lang='grc' dir='ltr'>δὲ</span> <span class='ocrx_word' id='word_1_594' title='bbox 2748 3282 3060 3351; x_wconf 83' lang='grc' dir='ltr'>βουλόμενοι</span> <span class='ocrx_word' id='word_1_595' title='bbox 3092 3283 3427 3352; x_wconf 86' lang='grc' dir='ltr'>εἰρηνεύειν,</span> <span class='ocrx_word' id='word_1_596' title='bbox 3466 3283 3753 3353; x_wconf 80' lang='grc' dir='ltr'>εὐφρανθήο</span> 
     </span>
    </p>
   </div>
   <div class='ocr_carea' id='block_1_79' title="bbox 2203 3372 3755 3445">
    <p class='ocr_par' dir='ltr' id='par_1_79' title="bbox 2203 3372 3755 3445">
     <span class='ocr_line' id='line_1_79' title="bbox 2203 3372 3755 3445; baseline 0.002 -21"><span class='ocrx_word' id='word_1_597' title='bbox 2203 3388 2401 3426; x_wconf 86' lang='grc' dir='ltr'>σονται.</span> <span class='ocrx_word' id='word_1_598' title='bbox 2433 3391 2453 3423; x_wconf 75' lang='grc' dir='ltr'><strong>ι</strong></span> <span class='ocrx_word' id='word_1_599' title='bbox 2492 3372 2549 3424; x_wconf 85' lang='grc'><strong>’0</strong></span> <span class='ocrx_word' id='word_1_600' title='bbox 2597 3372 2655 3425; x_wconf 86' lang='grc' dir='ltr'>δὲ</span> <span class='ocrx_word' id='word_1_601' title='bbox 2695 3374 2969 3443; x_wconf 79' lang='grc' dir='ltr'>’Υμνῳδός</span> <span class='ocrx_word' id='word_1_602' title='bbox 2998 3391 3011 3405; x_wconf 90' lang='grc'><strong>·</strong></span> <span class='ocrx_word' id='word_1_603' title='bbox 3062 3394 3080 3426; x_wconf 81' lang='grc' dir='ltr'><strong>ι</strong></span> <span class='ocrx_word' id='word_1_604' title='bbox 3121 3374 3489 3445; x_wconf 78' lang='grc' dir='ltr'>Ἐξηρεύξατο</span> <span class='ocrx_word' id='word_1_605' title='bbox 3519 3378 3551 3445; x_wconf 79' lang='grc' dir='ltr'>ἡ</span> <span class='ocrx_word' id='word_1_606' title='bbox 3585 3374 3755 3445; x_wconf 87' lang='grc' dir='ltr'>καρδία</span> 
     </span>
    </p>
   </div>
   <div class='ocr_carea' id='block_1_80' title="bbox 2200 3464 3755 3541">
    <p class='ocr_par' dir='ltr' id='par_1_80' title="bbox 2200 3464 3755 3541">
     <span class='ocr_line' id='line_1_80' title="bbox 2200 3464 3755 3541; baseline 0.003 -25"><span class='ocrx_word' id='word_1_607' title='bbox 2200 3481 2299 3533; x_wconf 89' lang='grc' dir='ltr'><strong>μου</strong></span> <span class='ocrx_word' id='word_1_608' title='bbox 2331 3464 2489 3533; x_wconf 90' lang='grc' dir='ltr'>λόγον</span> <span class='ocrx_word' id='word_1_609' title='bbox 2522 3465 2747 3533; x_wconf 90' lang='grc' dir='ltr'>ἀγαθόν.</span> <span class='ocrx_word' id='word_1_610' title='bbox 2788 3484 2806 3517; x_wconf 82' lang='grc'>›</span> <span class='ocrx_word' id='word_1_611' title='bbox 2847 3467 2975 3530; x_wconf 71' lang='grc' dir='ltr'>Καὶ,</span> <span class='ocrx_word' id='word_1_612' title='bbox 3008 3486 3027 3519; x_wconf 79' lang='grc' dir='ltr'><strong>ι</strong></span> <span class='ocrx_word' id='word_1_613' title='bbox 3060 3467 3264 3537; x_wconf 85' lang='grc' dir='ltr'>Κύριος</span> <span class='ocrx_word' id='word_1_614' title='bbox 3294 3468 3463 3520; x_wconf 77' lang='grc' dir='ltr'>δώσει</span> <span class='ocrx_word' id='word_1_615' title='bbox 3491 3470 3635 3541; x_wconf 78' lang='grc' dir='ltr'>ῥῆμα</span> <span class='ocrx_word' id='word_1_616' title='bbox 3662 3470 3755 3530; x_wconf 83' lang='grc' dir='ltr'>τοῖς</span> 
     </span>
    </p>
   </div>
   <div class='ocr_carea' id='block_1_81' title="bbox 2195 3552 3756 3627">
    <p class='ocr_par' dir='ltr' id='par_1_81' title="bbox 2195 3552 3756 3627">
     <span class='ocr_line' id='line_1_81' title="bbox 2195 3552 3756 3627; baseline 0.001 -21"><span class='ocrx_word' id='word_1_617' title='bbox 2195 3552 2707 3623; x_wconf 80' lang='grc' dir='ltr'>εὐαγγελιζομένοις</span> <span class='ocrx_word' id='word_1_618' title='bbox 2744 3554 2974 3624; x_wconf 85' lang='grc' dir='ltr'>δυνάμει</span> <span class='ocrx_word' id='word_1_619' title='bbox 3033 3556 3224 3625; x_wconf 77' lang='grc' dir='ltr'>πολλῇ.</span> <span class='ocrx_word' id='word_1_620' title='bbox 3262 3574 3280 3607; x_wconf 78' lang='lat' dir='ltr'><strong>i</strong></span> <span class='ocrx_word' id='word_1_621' title='bbox 3335 3558 3473 3619; x_wconf 86' lang='lat' dir='ltr'><strong>Kal,</strong></span> <span class='ocrx_word' id='word_1_622' title='bbox 3531 3575 3548 3607; x_wconf 83' lang='grc' dir='ltr'><strong>ι</strong></span> <span class='ocrx_word' id='word_1_623' title='bbox 3582 3555 3756 3627; x_wconf 79' lang='grc' dir='ltr'>Κύριε,</span> 
     </span>
    </p>
   </div>
   <div class='ocr_carea' id='block_1_82' title="bbox 2194 3645 3755 3717">
    <p class='ocr_par' dir='ltr' id='par_1_82' title="bbox 2194 3645 3755 3717">
     <span class='ocr_line' id='line_1_82' title="bbox 2194 3645 3755 3717; baseline 0.001 -20"><span class='ocrx_word' id='word_1_624' title='bbox 2194 3645 2262 3698; x_wconf 78' lang='grc' dir='ltr'>τὰ</span> <span class='ocrx_word' id='word_1_625' title='bbox 2294 3645 2448 3716; x_wconf 89' lang='grc' dir='ltr'>χείλη</span> <span class='ocrx_word' id='word_1_626' title='bbox 2501 3663 2601 3716; x_wconf 90' lang='grc' dir='ltr'><strong>μου</strong></span> <span class='ocrx_word' id='word_1_627' title='bbox 2657 3646 2910 3710; x_wconf 79' lang='grc' dir='ltr'>ἀνοίξεις,</span> <span class='ocrx_word' id='word_1_628' title='bbox 2968 3647 3063 3700; x_wconf 81' lang='grc' dir='ltr'><strong>καί</strong></span> <span class='ocrx_word' id='word_1_629' title='bbox 3108 3646 3169 3699; x_wconf 81' lang='grc' dir='ltr'>τὸ</span> <span class='ocrx_word' id='word_1_630' title='bbox 3222 3648 3404 3716; x_wconf 86' lang='grc' dir='ltr'>στόμα</span> <span class='ocrx_word' id='word_1_631' title='bbox 3466 3665 3565 3717; x_wconf 89' lang='grc' dir='ltr'><strong>μου</strong></span> <span class='ocrx_word' id='word_1_632' title='bbox 3615 3649 3755 3711; x_wconf 84' lang='grc' dir='ltr'>ἀναγ-</span> 
     </span>
    </p>
   </div>
   <div class='ocr_carea' id='block_1_83' title="bbox 2195 3736 3756 3807">
    <p class='ocr_par' dir='ltr' id='par_1_83' title="bbox 2195 3736 3756 3807">
     <span class='ocr_line' id='line_1_83' title="bbox 2195 3736 3756 3807; baseline -0.003 -17"><span class='ocrx_word' id='word_1_633' title='bbox 2195 3737 2341 3806; x_wconf 77' lang='grc' dir='ltr'>γελεῖ</span> <span class='ocrx_word' id='word_1_634' title='bbox 2389 3737 2486 3807; x_wconf 84' lang='grc' dir='ltr'>τὴν</span> <span class='ocrx_word' id='word_1_635' title='bbox 2508 3738 2712 3790; x_wconf 85' lang='grc' dir='ltr'>αῖνεσίν</span> <span class='ocrx_word' id='word_1_636' title='bbox 2745 3755 2857 3792; x_wconf 88' lang='grc' dir='ltr'>σου.</span> <span class='ocrx_word' id='word_1_637' title='bbox 2891 3756 2909 3789; x_wconf 75' lang='grc' dir='ltr'><strong>ι</strong></span> <span class='ocrx_word' id='word_1_638' title='bbox 2940 3738 3275 3791; x_wconf 81' lang='grc' dir='ltr'>Ἐπιστέλλει</span> <span class='ocrx_word' id='word_1_639' title='bbox 3305 3739 3365 3791; x_wconf 77' lang='grc' dir='ltr'>δὲ</span> <span class='ocrx_word' id='word_1_640' title='bbox 3394 3740 3488 3791; x_wconf 73' lang='grc' dir='ltr'>καὶ</span> <span class='ocrx_word' id='word_1_641' title='bbox 3512 3741 3539 3791; x_wconf 87' lang='grc' dir='ltr'><strong>ὁ</strong></span> <span class='ocrx_word' id='word_1_642' title='bbox 3569 3736 3756 3800; x_wconf 80' lang='grc' dir='ltr'>Ιίαὖλος</span> 
     </span>
    </p>
   </div>
   <div class='ocr_carea' id='block_1_84' title="bbox 2197 3829 3754 3901">
    <p class='ocr_par' dir='ltr' id='par_1_84' title="bbox 2197 3829 3754 3901">
     <span class='ocr_line' id='line_1_84' title="bbox 2197 3829 3754 3901; baseline -0.001 -20"><span class='ocrx_word' id='word_1_643' title='bbox 2197 3829 2393 3896; x_wconf 78' lang='grc' dir='ltr'>λέγων,</span> <span class='ocrx_word' id='word_1_644' title='bbox 2435 3849 2453 3882; x_wconf 77' lang='grc' dir='ltr'><strong>ι</strong></span> <span class='ocrx_word' id='word_1_645' title='bbox 2502 3831 2560 3883; x_wconf 88' lang='grc' dir='ltr'><strong>Ὀ</strong></span> <span class='ocrx_word' id='word_1_646' title='bbox 2590 3830 2746 3897; x_wconf 88' lang='grc' dir='ltr'>λόγος</span> <span class='ocrx_word' id='word_1_647' title='bbox 2780 3830 2935 3898; x_wconf 84' lang='grc' dir='ltr'>ὑμῶν</span> <span class='ocrx_word' id='word_1_648' title='bbox 2965 3831 3195 3884; x_wconf 83' lang='grc' dir='ltr'>πάντοτε</span> <span class='ocrx_word' id='word_1_649' title='bbox 3246 3834 3303 3883; x_wconf 83' lang='grc' dir='ltr'>ὲν</span> <span class='ocrx_word' id='word_1_650' title='bbox 3354 3833 3567 3901; x_wconf 80' lang='grc' dir='ltr'>χάριτι,</span> <span class='ocrx_word' id='word_1_651' title='bbox 3619 3831 3754 3883; x_wconf 84' lang='grc' dir='ltr'>ᾶλατι</span> 
     </span>
    </p>
   </div>
   <div class='ocr_carea' id='block_1_85' title="bbox 2194 3922 3753 3995">
    <p class='ocr_par' dir='ltr' id='par_1_85' title="bbox 2194 3922 3753 3995">
     <span class='ocr_line' id='line_1_85' title="bbox 2194 3922 3753 3995; baseline -0.001 -20"><span class='ocrx_word' id='word_1_652' title='bbox 2194 3922 2519 3993; x_wconf 79' lang='grc' dir='ltr'>ἠρτυμένος,</span> <span class='ocrx_word' id='word_1_653' title='bbox 2553 3923 2753 3977; x_wconf 81' lang='grc' dir='ltr'>εἰδέναι</span> <span class='ocrx_word' id='word_1_654' title='bbox 2784 3923 2902 3986; x_wconf 86' lang='grc' dir='ltr'>πῶς</span> <span class='ocrx_word' id='word_1_655' title='bbox 2936 3924 3017 3976; x_wconf 87' lang='grc' dir='ltr'><strong>δεῖ</strong></span> <span class='ocrx_word' id='word_1_656' title='bbox 3042 3924 3259 3994; x_wconf 79' lang='grc' dir='ltr'>ἑκάστῳ</span> <span class='ocrx_word' id='word_1_657' title='bbox 3290 3925 3439 3995; x_wconf 79' lang='grc' dir='ltr'>ὑμᾶς</span> <span class='ocrx_word' id='word_1_658' title='bbox 3477 3923 3753 3993; x_wconf 87' lang='grc' dir='ltr'>ἀποκρίνα-</span> 
     </span>
    </p>
   </div>
   <div class='ocr_carea' id='block_1_86' title="bbox 2197 4015 3755 4086">
    <p class='ocr_par' dir='ltr' id='par_1_86' title="bbox 2197 4015 3755 4086">
     <span class='ocr_line' id='line_1_86' title="bbox 2197 4015 3755 4086; baseline -0.001 -19"><span class='ocrx_word' id='word_1_659' title='bbox 2197 4015 2341 4069; x_wconf 90' lang='grc' dir='ltr'>σθαι.</span> <span class='ocrx_word' id='word_1_660' title='bbox 2377 4034 2396 4067; x_wconf 73' lang='lat' dir='ltr'><strong>i</strong></span> <span class='ocrx_word' id='word_1_661' title='bbox 2433 4015 2544 4069; x_wconf 90' lang='lat' dir='ltr'><strong>Kal</strong></span> <span class='ocrx_word' id='word_1_662' title='bbox 2594 4015 2925 4084; x_wconf 78' lang='grc' dir='ltr'>Ῥωμαίοιςο</span> <span class='ocrx_word' id='word_1_663' title='bbox 2991 4035 3009 4067; x_wconf 84' lang='grc' dir='ltr'><strong>ι</strong></span> <span class='ocrx_word' id='word_1_664' title='bbox 3040 4016 3318 4069; x_wconf 85' lang='grc' dir='ltr'>Ἐπιποθῶ</span> <span class='ocrx_word' id='word_1_665' title='bbox 3379 4016 3527 4086; x_wconf 83' lang='grc' dir='ltr'>γὰρ,</span> <span class='ocrx_word' id='word_1_666' title='bbox 3578 4016 3755 4083; x_wconf 75' lang='grc' dir='ltr'>φησὶν,</span> 
     </span>
    </p>
   </div>
   <div class='ocr_carea' id='block_1_87' title="bbox 2198 4107 3753 4177">
    <p class='ocr_par' dir='ltr' id='par_1_87' title="bbox 2198 4107 3753 4177">
     <span class='ocr_line' id='line_1_87' title="bbox 2198 4107 3753 4177; baseline -0.001 -17"><span class='ocrx_word' id='word_1_667' title='bbox 2198 4108 2326 4161; x_wconf 86' lang='grc' dir='ltr'>ἰδεῖν</span> <span class='ocrx_word' id='word_1_668' title='bbox 2359 4108 2523 4177; x_wconf 78' lang='grc' dir='ltr'>ὑμᾶς,</span> <span class='ocrx_word' id='word_1_669' title='bbox 2554 4108 2640 4161; x_wconf 76' lang='grc' dir='ltr'>ἵνα</span> <span class='ocrx_word' id='word_1_670' title='bbox 2664 4124 2717 4159; x_wconf 91' lang='grc' dir='ltr'><strong>τι</strong></span> <span class='ocrx_word' id='word_1_671' title='bbox 2763 4107 2983 4176; x_wconf 86' lang='grc' dir='ltr'>μεταδῶ</span> <span class='ocrx_word' id='word_1_672' title='bbox 3016 4108 3263 4177; x_wconf 84' lang='grc' dir='ltr'>χάρισμα</span> <span class='ocrx_word' id='word_1_673' title='bbox 3295 4110 3431 4175; x_wconf 80' lang='grc' dir='ltr'>ὑμῖν</span> <span class='ocrx_word' id='word_1_674' title='bbox 3473 4121 3753 4174; x_wconf 81' lang='grc' dir='ltr'>πνεύματι·</span> 
     </span>
    </p>
   </div>
   <div class='ocr_carea' id='block_1_88' title="bbox 2196 4199 3753 4269">
    <p class='ocr_par' dir='ltr' id='par_1_88' title="bbox 2196 4199 3753 4269">
     <span class='ocr_line' id='line_1_88' title="bbox 2196 4199 3753 4269; baseline -0.002 -17"><span class='ocrx_word' id='word_1_675' title='bbox 2196 4199 2312 4261; x_wconf 83' lang='grc' dir='ltr'>κὸν,</span> <span class='ocrx_word' id='word_1_676' title='bbox 2348 4201 2429 4262; x_wconf 83' lang='grc' dir='ltr'>εἰς</span> <span class='ocrx_word' id='word_1_677' title='bbox 2468 4199 2527 4251; x_wconf 85' lang='grc' dir='ltr'><strong>τὸ</strong></span> <span class='ocrx_word' id='word_1_678' title='bbox 2553 4199 2913 4269; x_wconf 83' lang='grc' dir='ltr'>στηριχθῆναι</span> <span class='ocrx_word' id='word_1_679' title='bbox 2943 4200 3112 4268; x_wconf 77' lang='grc' dir='ltr'>ὑμᾶς.</span> <span class='ocrx_word' id='word_1_680' title='bbox 3140 4199 3307 4252; x_wconf 81' lang='grc' dir='ltr'>Τοῦτο</span> <span class='ocrx_word' id='word_1_681' title='bbox 3333 4199 3395 4251; x_wconf 81' lang='grc' dir='ltr'>δέ</span> <span class='ocrx_word' id='word_1_682' title='bbox 3435 4202 3601 4261; x_wconf 78' lang='grc' dir='ltr'>ἐστιν,</span> <span class='ocrx_word' id='word_1_683' title='bbox 3632 4215 3753 4265; x_wconf 79' lang='grc' dir='ltr'>συμο</span> 
     </span>
    </p>
   </div>
   <div class='ocr_carea' id='block_1_89' title="bbox 2197 4290 3751 4364">
    <p class='ocr_par' dir='ltr' id='par_1_89' title="bbox 2197 4290 3751 4364">
     <span class='ocr_line' id='line_1_89' title="bbox 2197 4290 3751 4364; baseline -0.004 -19"><span class='ocrx_word' id='word_1_684' title='bbox 2197 4292 2617 4364; x_wconf 83' lang='grc' dir='ltr'>παρακληθῆναι</span> <span class='ocrx_word' id='word_1_685' title='bbox 2648 4294 2704 4343; x_wconf 83' lang='grc' dir='ltr'>ὲν</span> <span class='ocrx_word' id='word_1_686' title='bbox 2726 4292 2851 4361; x_wconf 79' lang='grc' dir='ltr'>ὑμῖν</span> <span class='ocrx_word' id='word_1_687' title='bbox 2880 4292 2969 4343; x_wconf 74' lang='grc' dir='ltr'><strong>διά</strong></span> <span class='ocrx_word' id='word_1_688' title='bbox 3000 4291 3103 4359; x_wconf 82' lang='grc' dir='ltr'><strong>τῆς</strong></span> <span class='ocrx_word' id='word_1_689' title='bbox 3132 4292 3190 4343; x_wconf 80' lang='grc' dir='ltr'>ἐν</span> <span class='ocrx_word' id='word_1_690' title='bbox 3226 4290 3482 4361; x_wconf 80' lang='grc' dir='ltr'>ἀλλήλοις</span> <span class='ocrx_word' id='word_1_691' title='bbox 3518 4290 3751 4350; x_wconf 80' lang='grc' dir='ltr'>πίστεως,</span> 
     </span>
    </p>
   </div>
   <div class='ocr_carea' id='block_1_90' title="bbox 2195 4376 3752 4451">
    <p class='ocr_par' dir='ltr' id='par_1_90' title="bbox 2195 4376 3752 4451">
     <span class='ocr_line' id='line_1_90' title="bbox 2195 4376 3752 4451; baseline -0.004 -17"><span class='ocrx_word' id='word_1_692' title='bbox 2195 4382 2350 4451; x_wconf 80' lang='grc' dir='ltr'>ὑμῶν</span> <span class='ocrx_word' id='word_1_693' title='bbox 2387 4398 2447 4434; x_wconf 87' lang='grc' dir='ltr'><strong>τε</strong></span> <span class='ocrx_word' id='word_1_694' title='bbox 2503 4380 2595 4433; x_wconf 72' lang='grc' dir='ltr'>καὶ</span> <span class='ocrx_word' id='word_1_695' title='bbox 2629 4379 2786 4449; x_wconf 80' lang='grc' dir='ltr'>ἐμοῦ.</span> <span class='ocrx_word' id='word_1_696' title='bbox 2833 4398 2851 4431; x_wconf 73' lang='grc' dir='ltr'><strong>ι</strong></span> <span class='ocrx_word' id='word_1_697' title='bbox 2906 4380 3017 4432; x_wconf 86' lang='lat' dir='ltr'><strong>Kal</strong></span> <span class='ocrx_word' id='word_1_698' title='bbox 3050 4378 3232 4441; x_wconf 85' lang='grc' dir='ltr'>πάλιν,</span> <span class='ocrx_word' id='word_1_699' title='bbox 3270 4398 3289 4430; x_wconf 78' lang='grc' dir='ltr'><strong>ι</strong></span> <span class='ocrx_word' id='word_1_700' title='bbox 3320 4376 3752 4449; x_wconf 75' lang='grc' dir='ltr'>Παρακαλοῦντες</span> 
     </span>
    </p>
   </div>
   <div class='ocr_carea' id='block_1_91' title="bbox 2196 4470 3747 4543">
    <p class='ocr_par' dir='ltr' id='par_1_91' title="bbox 2196 4470 3747 4543">
     <span class='ocr_line' id='line_1_91' title="bbox 2196 4470 3747 4543; baseline -0.004 -18"><span class='ocrx_word' id='word_1_701' title='bbox 2196 4474 2291 4527; x_wconf 72' lang='grc' dir='ltr'>ἕνα</span> <span class='ocrx_word' id='word_1_702' title='bbox 2318 4473 2549 4526; x_wconf 73' lang='grc' dir='ltr'>ἕκαστον</span> <span class='ocrx_word' id='word_1_703' title='bbox 2580 4472 2755 4543; x_wconf 84' lang='grc' dir='ltr'>ὑμῶν,</span> <span class='ocrx_word' id='word_1_704' title='bbox 2786 4471 2880 4524; x_wconf 76' lang='grc' dir='ltr'><strong>καὶ</strong></span> <span class='ocrx_word' id='word_1_705' title='bbox 2906 4470 3399 4542; x_wconf 81' lang='grc' dir='ltr'>παραμυθούμενοι</span> <span class='ocrx_word' id='word_1_706' title='bbox 3427 4472 3507 4534; x_wconf 85' lang='grc' dir='ltr'><strong>είς</strong></span> <span class='ocrx_word' id='word_1_707' title='bbox 3532 4472 3592 4523; x_wconf 85' lang='grc' dir='ltr'><strong>τὸ</strong></span> <span class='ocrx_word' id='word_1_708' title='bbox 3614 4486 3747 4538; x_wconf 75' lang='grc' dir='ltr'>περισ</span> 
     </span>
    </p>
   </div>
   <div class='ocr_carea' id='block_1_92' title="bbox 2197 4560 3749 4629">
    <p class='ocr_par' dir='ltr' id='par_1_92' title="bbox 2197 4560 3749 4629">
     <span class='ocr_line' id='line_1_92' title="bbox 2197 4560 3749 4629; baseline -0.004 -10"><span class='ocrx_word' id='word_1_709' title='bbox 2197 4568 2390 4619; x_wconf 88' lang='grc' dir='ltr'>πατεῖν</span> <span class='ocrx_word' id='word_1_710' title='bbox 2453 4564 2621 4629; x_wconf 82' lang='grc' dir='ltr'>ἀξίως</span> <span class='ocrx_word' id='word_1_711' title='bbox 2670 4563 2764 4617; x_wconf 83' lang='grc' dir='ltr'><strong>τοῦ</strong></span> <span class='ocrx_word' id='word_1_712' title='bbox 2827 4562 2984 4616; x_wconf 82' lang='grc' dir='ltr'>Θεοῦ.</span> <span class='ocrx_word' id='word_1_713' title='bbox 3023 4582 3043 4614; x_wconf 73' lang='grc' dir='ltr'><strong>ι</strong></span> <span class='ocrx_word' id='word_1_714' title='bbox 3087 4562 3156 4615; x_wconf 69' lang='lat' dir='ltr'><strong>El</strong></span> <span class='ocrx_word' id='word_1_715' title='bbox 3195 4580 3277 4627; x_wconf 90' lang='grc' dir='ltr'><strong>τις</strong></span> <span class='ocrx_word' id='word_1_716' title='bbox 3318 4560 3415 4617; x_wconf 82' lang='grc' dir='ltr'><strong>οὖν</strong></span> <span class='ocrx_word' id='word_1_717' title='bbox 3458 4561 3749 4616; x_wconf 72' lang='grc' dir='ltr'>αἰσθάνεται</span> 
     </span>
    </p>
   </div>
   <div class='ocr_carea' id='block_1_93' title="bbox 522 4650 2095 4729">
    <p class='ocr_par' dir='ltr' id='par_1_93' title="bbox 522 4652 2091 4727">
     <span class='ocr_line' id='line_1_93' title="bbox 522 4652 2091 4727; baseline 0.001 -14"><span class='ocrx_word' id='word_1_718' title='bbox 522 4659 760 4714; x_wconf 88' lang='lat' dir='ltr'><strong>invicem</strong></span> <span class='ocrx_word' id='word_1_719' title='bbox 807 4665 912 4719; x_wconf 90' lang='lat' dir='ltr'><strong>est,</strong></span> <span class='ocrx_word' id='word_1_720' title='bbox 956 4653 1120 4707; x_wconf 81' lang='lat' dir='ltr'><strong>ﬁdem</strong></span> <span class='ocrx_word' id='word_1_721' title='bbox 1148 4652 1213 4705; x_wconf 63' lang='lat'><strong>“.</strong></span> <span class='ocrx_word' id='word_1_722' title='bbox 1257 4671 1276 4702; x_wconf 71' lang='grc' dir='ltr'><strong>ι</strong></span> <span class='ocrx_word' id='word_1_723' title='bbox 1342 4652 1546 4707; x_wconf 86' lang='lat' dir='ltr'><strong>lterum</strong></span> <span class='ocrx_word' id='word_1_724' title='bbox 1593 4671 1608 4707; x_wconf 86' lang='lat'><strong>:</strong></span> <span class='ocrx_word' id='word_1_725' title='bbox 1658 4675 1677 4707; x_wconf 84' lang='grc' dir='ltr'><strong>ι</strong></span> <span class='ocrx_word' id='word_1_726' title='bbox 1724 4656 2091 4727; x_wconf 89' lang='lat' dir='ltr'><strong>Depreeantes</strong></span> 
     </span>
    </p>
   </div>
   <div class='ocr_carea' id='block_1_94' title="bbox 2198 4650 3751 4729">
    <p class='ocr_par' dir='ltr' id='par_1_94' title="bbox 2198 4650 3751 4729">
     <span class='ocr_line' id='line_1_94' title="bbox 2198 4650 3751 4729; baseline -0.006 -17"><span class='ocrx_word' id='word_1_727' title='bbox 2198 4659 2386 4714; x_wconf 78' lang='grc' dir='ltr'>ἑαυτὸν</span> <span class='ocrx_word' id='word_1_728' title='bbox 2449 4658 2711 4728; x_wconf 82' lang='grc' dir='ltr'>εἰληφότα</span> <span class='ocrx_word' id='word_1_729' title='bbox 2767 4658 3016 4729; x_wconf 84' lang='grc' dir='ltr'>χάρισμα</span> <span class='ocrx_word' id='word_1_730' title='bbox 3069 4656 3414 4718; x_wconf 79' lang='grc' dir='ltr'>διδασκαλίας</span> <span class='ocrx_word' id='word_1_731' title='bbox 3467 4655 3614 4724; x_wconf 80' lang='grc' dir='ltr'>παρᾶ</span> <span class='ocrx_word' id='word_1_732' title='bbox 3672 4650 3751 4704; x_wconf 79' lang='grc' dir='ltr'>τοῦ</span> 
     </span>
    </p>
   </div>
   <div class='ocr_carea' id='block_1_95' title="bbox 524 4746 2091 4817">
    <p class='ocr_par' dir='ltr' id='par_1_95' title="bbox 524 4746 2091 4817">
     <span class='ocr_line' id='line_1_95' title="bbox 524 4746 2091 4817; baseline -0.001 -13"><span class='ocrx_word' id='word_1_733' title='bbox 524 4761 973 4817; x_wconf 87' lang='lat' dir='ltr'><strong>unumquemque</strong></span> <span class='ocrx_word' id='word_1_734' title='bbox 1020 4751 1259 4798; x_wconf 86' lang='lat' dir='ltr'><strong>vestrum</strong></span> <span class='ocrx_word' id='word_1_735' title='bbox 1298 4752 1354 4798; x_wconf 91' lang='lat' dir='ltr'><strong>et</strong></span> <span class='ocrx_word' id='word_1_736' title='bbox 1380 4746 1746 4811; x_wconf 88' lang='lat' dir='ltr'><strong>consolantes,</strong></span> <span class='ocrx_word' id='word_1_737' title='bbox 1802 4757 1863 4802; x_wconf 91' lang='lat' dir='ltr'><strong>ut</strong></span> <span class='ocrx_word' id='word_1_738' title='bbox 1899 4750 2091 4803; x_wconf 82' lang='lat' dir='ltr'><strong>ambu-</strong></span> 
     </span>
    </p>
   </div>
   <div class='ocr_carea' id='block_1_96' title="bbox 521 4836 2091 4910">
    <p class='ocr_par' dir='ltr' id='par_1_96' title="bbox 521 4836 2091 4910">
     <span class='ocr_line' id='line_1_96' title="bbox 521 4836 2091 4910; baseline 0 -13"><span class='ocrx_word' id='word_1_739' title='bbox 521 4842 649 4897; x_wconf 91' lang='lat' dir='ltr'><strong>letis</strong></span> <span class='ocrx_word' id='word_1_740' title='bbox 673 4841 835 4910; x_wconf 88' lang='lat' dir='ltr'><strong>digne</strong></span> <span class='ocrx_word' id='word_1_741' title='bbox 862 4838 973 4897; x_wconf 85' lang='lat' dir='ltr'><strong>Deo</strong></span> <span class='ocrx_word' id='word_1_742' title='bbox 999 4838 1066 4891; x_wconf 69' lang='grc'><strong>⁸³.</strong></span> <span class='ocrx_word' id='word_1_743' title='bbox 1097 4856 1114 4887; x_wconf 76' lang='grc' dir='ltr'><strong>ι</strong></span> <span class='ocrx_word' id='word_1_744' title='bbox 1148 4836 1409 4906; x_wconf 85' lang='lat' dir='ltr'><strong>Quisquis</strong></span> <span class='ocrx_word' id='word_1_745' title='bbox 1435 4836 1604 4908; x_wconf 86' lang='lat' dir='ltr'><strong>igitur</strong></span> <span class='ocrx_word' id='word_1_746' title='bbox 1633 4840 1802 4894; x_wconf 90' lang='lat' dir='ltr'><strong>sentit</strong></span> <span class='ocrx_word' id='word_1_747' title='bbox 1835 4856 1895 4897; x_wconf 88' lang='lat' dir='ltr'><strong>se</strong></span> <span class='ocrx_word' id='word_1_748' title='bbox 1917 4858 1946 4894; x_wconf 90' lang='lat' dir='ltr'><strong>a</strong></span> <span class='ocrx_word' id='word_1_749' title='bbox 1977 4842 2091 4897; x_wconf 87' lang='lat' dir='ltr'><strong>Deo</strong></span> 
     </span>
    </p>
   </div>
   <div class='ocr_carea' id='block_1_97' title="bbox 521 4928 2090 4999">
    <p class='ocr_par' dir='ltr' id='par_1_97' title="bbox 521 4928 2090 4999">
     <span class='ocr_line' id='line_1_97' title="bbox 521 4928 2090 4999; baseline -0.001 -12"><span class='ocrx_word' id='word_1_750' title='bbox 521 4933 796 4999; x_wconf 85' lang='lat' dir='ltr'><strong>accepisse</strong></span> <span class='ocrx_word' id='word_1_751' title='bbox 816 4930 1081 4985; x_wconf 74' lang='lat' dir='ltr'><strong>doctrina:</strong></span> <span class='ocrx_word' id='word_1_752' title='bbox 1101 4928 1326 4991; x_wconf 85' lang='lat' dir='ltr'><strong>donum,</strong></span> <span class='ocrx_word' id='word_1_753' title='bbox 1347 4928 1607 4997; x_wconf 86' lang='lat' dir='ltr'><strong>loquatur</strong></span> <span class='ocrx_word' id='word_1_754' title='bbox 1625 4932 1773 4985; x_wconf 90' lang='lat' dir='ltr'><strong>omni</strong></span> <span class='ocrx_word' id='word_1_755' title='bbox 1827 4948 1951 4987; x_wconf 91' lang='lat' dir='ltr'><strong>cum</strong></span> <span class='ocrx_word' id='word_1_756' title='bbox 1975 4948 2090 4986; x_wconf 85' lang='lat' dir='ltr'><strong>mo-</strong></span> 
     </span>
    </p>
   </div>
   <div class='ocr_carea' id='block_1_98' title="bbox 521 5022 2091 5087">
    <p class='ocr_par' dir='ltr' id='par_1_98' title="bbox 521 5022 2091 5087">
     <span class='ocr_line' id='line_1_98' title="bbox 521 5022 2091 5087; baseline 0.001 -10"><span class='ocrx_word' id='word_1_757' title='bbox 521 5024 720 5087; x_wconf 90' lang='lat' dir='ltr'><strong>destia,</strong></span> <span class='ocrx_word' id='word_1_758' title='bbox 745 5030 806 5076; x_wconf 90' lang='lat' dir='ltr'><strong>ut</strong></span> <span class='ocrx_word' id='word_1_759' title='bbox 837 5022 959 5076; x_wconf 88' lang='lat' dir='ltr'><strong>aliis</strong></span> <span class='ocrx_word' id='word_1_760' title='bbox 987 5022 1450 5087; x_wconf 85' lang='lat' dir='ltr'><strong>sitaedilicationi,</strong></span> <span class='ocrx_word' id='word_1_761' title='bbox 1478 5038 1547 5076; x_wconf 92' lang='lat' dir='ltr'><strong>ne</strong></span> <span class='ocrx_word' id='word_1_762' title='bbox 1571 5023 1711 5077; x_wconf 83' lang='lat' dir='ltr'><strong>forte</strong></span> <span class='ocrx_word' id='word_1_763' title='bbox 1741 5024 1820 5077; x_wconf 89' lang='lat' dir='ltr'><strong>illi</strong></span> <span class='ocrx_word' id='word_1_764' title='bbox 1845 5032 2091 5078; x_wconf 90' lang='lat' dir='ltr'><strong>vertatur</strong></span> 
     </span>
    </p>
   </div>
   <div class='ocr_carea' id='block_1_99' title="bbox 522 5114 2084 5185">
    <p class='ocr_par' dir='ltr' id='par_1_99' title="bbox 522 5114 2084 5185">
     <span class='ocr_line' id='line_1_99' title="bbox 522 5114 2084 5185; baseline -0.001 -14"><span class='ocrx_word' id='word_1_765' title='bbox 522 5115 745 5171; x_wconf 92' lang='lat' dir='ltr'><strong>crimini</strong></span> <span class='ocrx_word' id='word_1_766' title='bbox 770 5114 925 5184; x_wconf 90' lang='lat' dir='ltr'><strong>quasi</strong></span> <span class='ocrx_word' id='word_1_767' title='bbox 952 5114 1048 5185; x_wconf 91' lang='lat' dir='ltr'><strong>qui</strong></span> <span class='ocrx_word' id='word_1_768' title='bbox 1084 5114 1352 5171; x_wconf 88' lang='lat' dir='ltr'><strong>talentum</strong></span> <span class='ocrx_word' id='word_1_769' title='bbox 1383 5115 1729 5170; x_wconf 82' lang='lat' dir='ltr'><strong>Dominicum</strong></span> <span class='ocrx_word' id='word_1_770' title='bbox 1761 5117 2084 5170; x_wconf 86' lang='lat' dir='ltr'><strong>occuluerit.</strong></span> 
     </span>
    </p>
   </div>
   <div class='ocr_carea' id='block_1_100' title="bbox 452 5205 2089 5277">
    <p class='ocr_par' dir='ltr' id='par_1_100' title="bbox 452 5205 2089 5277">
     <span class='ocr_line' id='line_1_100' title="bbox 452 5205 2089 5277; baseline 0.001 -16"><span class='ocrx_word' id='word_1_771' title='bbox 452 5228 455 5231; x_wconf 57' lang='grc' dir='ltr'><strong>λ</strong></span> <span class='ocrx_word' id='word_1_772' title='bbox 522 5208 628 5276; x_wconf 81' lang='lat' dir='ltr'><strong>Qui</strong></span> <span class='ocrx_word' id='word_1_773' title='bbox 662 5216 847 5261; x_wconf 89' lang='lat' dir='ltr'><strong>autem</strong></span> <span class='ocrx_word' id='word_1_774' title='bbox 874 5205 1120 5260; x_wconf 90' lang='lat' dir='ltr'><strong>nondum</strong></span> <span class='ocrx_word' id='word_1_775' title='bbox 1148 5206 1353 5261; x_wconf 89' lang='lat' dir='ltr'><strong>donum</strong></span> <span class='ocrx_word' id='word_1_776' title='bbox 1389 5207 1494 5261; x_wconf 90' lang='lat' dir='ltr'><strong>tale</strong></span> <span class='ocrx_word' id='word_1_777' title='bbox 1526 5208 1760 5277; x_wconf 88' lang='lat' dir='ltr'><strong>accepit,</strong></span> <span class='ocrx_word' id='word_1_778' title='bbox 1794 5208 1953 5263; x_wconf 89' lang='lat' dir='ltr'><strong>sileat</strong></span> <span class='ocrx_word' id='word_1_779' title='bbox 2002 5208 2089 5262; x_wconf 93' lang='lat' dir='ltr'><strong>in-</strong></span> 
     </span>
    </p>
   </div>
   <div class='ocr_carea' id='block_1_101' title="bbox 522 5294 2093 5365">
    <p class='ocr_par' dir='ltr' id='par_1_101' title="bbox 522 5294 2093 5365">
     <span class='ocr_line' id='line_1_101' title="bbox 522 5294 2093 5365; baseline -0.003 -12"><span class='ocrx_word' id='word_1_780' title='bbox 522 5298 705 5359; x_wconf 85' lang='lat' dir='ltr'><strong>terim,</strong></span> <span class='ocrx_word' id='word_1_781' title='bbox 727 5310 829 5350; x_wconf 87' lang='lat' dir='ltr'><strong>nec</strong></span> <span class='ocrx_word' id='word_1_782' title='bbox 848 5310 879 5349; x_wconf 92' lang='lat' dir='ltr'><strong>e</strong></span> <span class='ocrx_word' id='word_1_783' title='bbox 904 5294 1069 5349; x_wconf 90' lang='lat' dir='ltr'><strong>corde</strong></span> <span class='ocrx_word' id='word_1_784' title='bbox 1091 5310 1191 5349; x_wconf 89' lang='lat' dir='ltr'><strong>suo</strong></span> <span class='ocrx_word' id='word_1_785' title='bbox 1205 5296 1546 5365; x_wconf 88' lang='lat' dir='ltr'><strong>prosilientia</strong></span> <span class='ocrx_word' id='word_1_786' title='bbox 1574 5297 1744 5352; x_wconf 89' lang='lat' dir='ltr'><strong>verba</strong></span> <span class='ocrx_word' id='word_1_787' title='bbox 1770 5298 1975 5352; x_wconf 89' lang='lat' dir='ltr'><strong>nullius</strong></span> <span class='ocrx_word' id='word_1_788' title='bbox 1995 5297 2093 5352; x_wconf 80' lang='lat' dir='ltr'><strong>bo-.</strong></span> 
     </span>
    </p>
   </div>
   <div class='ocr_carea' id='block_1_102' title="bbox 521 5385 2089 5459">
    <p class='ocr_par' dir='ltr' id='par_1_102' title="bbox 521 5385 2089 5459">
     <span class='ocr_line' id='line_1_102' title="bbox 521 5385 2089 5459; baseline -0.001 -15"><span class='ocrx_word' id='word_1_789' title='bbox 521 5406 606 5445; x_wconf 63' lang='lat' dir='ltr'><strong>na:</strong></span> <span class='ocrx_word' id='word_1_790' title='bbox 635 5387 810 5459; x_wconf 72' lang='lat' dir='ltr'><strong>frugis</strong></span> <span class='ocrx_word' id='word_1_791' title='bbox 830 5385 1099 5457; x_wconf 77' lang='lat' dir='ltr'><strong>proferat.</strong></span> <span class='ocrx_word' id='word_1_792' title='bbox 1129 5402 1198 5445; x_wconf 86' lang='lat' dir='ltr'><strong>nc</strong></span> <span class='ocrx_word' id='word_1_793' title='bbox 1227 5386 1370 5443; x_wconf 81' lang='lat' dir='ltr'><strong>forte</strong></span> <span class='ocrx_word' id='word_1_794' title='bbox 1399 5388 1455 5450; x_wconf 83' lang='lat' dir='ltr'><strong>in</strong></span> <span class='ocrx_word' id='word_1_795' title='bbox 1474 5405 1533 5447; x_wconf 88' lang='lat' dir='ltr'><strong>se</strong></span> <span class='ocrx_word' id='word_1_796' title='bbox 1556 5389 1745 5447; x_wconf 86' lang='lat' dir='ltr'><strong>audiat</strong></span> <span class='ocrx_word' id='word_1_797' title='bbox 1769 5389 2089 5459; x_wconf 83' lang='lat' dir='ltr'><strong>detorqueri</strong></span> 
     </span>
    </p>
   </div>
   <div class='ocr_carea' id='block_1_103' title="bbox 598 5602 1314 5677">
    <p class='ocr_par' dir='ltr' id='par_1_103' title="bbox 598 5602 1314 5677">
     <span class='ocr_line' id='line_1_103' title="bbox 598 5602 1314 5677; baseline 0 -20"><span class='ocrx_word' id='word_1_798' title='bbox 598 5605 633 5635; x_wconf 88' lang='lat'>“</span> <span class='ocrx_word' id='word_1_799' title='bbox 694 5602 1031 5677; x_wconf 26' lang='lat' dir='ltr'><strong>lilatthLv‘n,</strong></span> <span class='ocrx_word' id='word_1_800' title='bbox 1091 5608 1178 5677; x_wconf 64' lang='lat'><strong>15,</strong></span> <span class='ocrx_word' id='word_1_801' title='bbox 1229 5606 1314 5667; x_wconf 81' lang='lat' dir='ltr'><strong>l6.</strong></span> 
     </span>
    </p>
   </div>
   <div class='ocr_carea' id='block_1_104' title="bbox 522 5675 1417 5739">
    <p class='ocr_par' dir='ltr' id='par_1_104' title="bbox 522 5675 1417 5739">
     <span class='ocr_line' id='line_1_104' title="bbox 522 5675 1417 5739; baseline -0.001 -11"><span class='ocrx_word' id='word_1_802' title='bbox 522 5692 635 5739; x_wconf 66' lang='lat' dir='ltr'><strong>an,</strong></span> <span class='ocrx_word' id='word_1_803' title='bbox 694 5675 773 5729; x_wconf 86' lang='lat' dir='ltr'><strong>l8.</strong></span> <span class='ocrx_word' id='word_1_804' title='bbox 880 5675 921 5706; x_wconf 83' lang='lat'>”</span> <span class='ocrx_word' id='word_1_805' title='bbox 964 5675 1123 5732; x_wconf 81' lang='lat' dir='ltr'><strong>Prov.</strong></span> <span class='ocrx_word' id='word_1_806' title='bbox 1176 5694 1263 5739; x_wconf 81' lang='lat' dir='ltr'><strong>xv,</strong></span> <span class='ocrx_word' id='word_1_807' title='bbox 1330 5677 1417 5729; x_wconf 70' lang='lat'><strong>‘28.</strong></span> 
     </span>
    </p>
   </div>
   <div class='ocr_carea' id='block_1_105' title="bbox 522 5746 1566 5813">
    <p class='ocr_par' dir='ltr' id='par_1_105' title="bbox 522 5746 1566 5813">
     <span class='ocr_line' id='line_1_105' title="bbox 522 5746 1566 5813; baseline -0.004 -13"><span class='ocrx_word' id='word_1_808' title='bbox 522 5747 567 5778; x_wconf 82' lang='grc'>³³</span> <span class='ocrx_word' id='word_1_809' title='bbox 622 5746 763 5800; x_wconf 78' lang='lat' dir='ltr'><strong>l’sul.</strong></span> <span class='ocrx_word' id='word_1_810' title='bbox 800 5756 851 5807; x_wconf 75' lang='grc' dir='ltr'><strong>ι,</strong></span> <span class='ocrx_word' id='word_1_811' title='bbox 892 5746 973 5801; x_wconf 86' lang='lat' dir='ltr'><strong>l7.</strong></span> <span class='ocrx_word' id='word_1_812' title='bbox 1088 5750 1132 5779; x_wconf 82' lang='grc'>³⁸</span> <span class='ocrx_word' id='word_1_813' title='bbox 1160 5748 1371 5813; x_wconf 79' lang='lat' dir='ltr'><strong>Coloss.</strong></span> <span class='ocrx_word' id='word_1_814' title='bbox 1416 5762 1486 5811; x_wconf 77' lang='lat' dir='ltr'><strong>Iv,</strong></span> <span class='ocrx_word' id='word_1_815' title='bbox 1516 5746 1566 5797; x_wconf 85' lang='lat'><strong>6.</strong></span> 
     </span>
    </p>
   </div>
   <div class='ocr_carea' id='block_1_106' title="bbox 1428 5604 1753 5669">
    <p class='ocr_par' dir='ltr' id='par_1_106' title="bbox 1428 5604 1753 5669">
     <span class='ocr_line' id='line_1_106' title="bbox 1428 5604 1753 5669; baseline -0.003 -10"><span class='ocrx_word' id='word_1_816' title='bbox 1428 5605 1469 5636; x_wconf 83' lang='lat'>“</span> <span class='ocrx_word' id='word_1_817' title='bbox 1498 5604 1601 5659; x_wconf 79' lang='lat' dir='ltr'><strong>Isa.</strong></span> <span class='ocrx_word' id='word_1_818' title='bbox 1626 5623 1674 5669; x_wconf 77' lang='grc' dir='ltr'><strong>ι,</strong></span> <span class='ocrx_word' id='word_1_819' title='bbox 1701 5605 1753 5659; x_wconf 67' lang='grc'><strong>4.</strong></span> 
     </span>
    </p>
   </div>
   <div class='ocr_carea' id='block_1_107' title="bbox 1533 5674 2036 5735">
    <p class='ocr_par' dir='ltr' id='par_1_107' title="bbox 1533 5674 2036 5735">
     <span class='ocr_line' id='line_1_107' title="bbox 1533 5674 2036 5735; baseline -0.004 -6"><span class='ocrx_word' id='word_1_820' title='bbox 1533 5677 1573 5706; x_wconf 78' lang='grc'><strong>¹⁸</strong></span> <span class='ocrx_word' id='word_1_821' title='bbox 1610 5677 1766 5729; x_wconf 81' lang='lat' dir='ltr'><strong>Prov.</strong></span> <span class='ocrx_word' id='word_1_822' title='bbox 1827 5691 1919 5735; x_wconf 75' lang='lat' dir='ltr'><strong>xu,</strong></span> <span class='ocrx_word' id='word_1_823' title='bbox 1956 5674 2036 5727; x_wconf 59' lang='lat' dir='ltr'><strong>l4.</strong></span> 
     </span>
    </p>
   </div>
   <div class='ocr_carea' id='block_1_108' title="bbox 1870 5604 2244 5669">
    <p class='ocr_par' dir='ltr' id='par_1_108' title="bbox 1870 5604 2244 5669">
     <span class='ocr_line' id='line_1_108' title="bbox 1870 5604 2244 5669; baseline 0 -12"><span class='ocrx_word' id='word_1_824' title='bbox 1870 5605 1912 5635; x_wconf 84' lang='grc'><strong>¹³</strong></span> <span class='ocrx_word' id='word_1_825' title='bbox 1939 5604 2043 5669; x_wconf 62' lang='lat' dir='ltr'><strong>lsa.</strong></span> <span class='ocrx_word' id='word_1_826' title='bbox 2077 5619 2161 5665; x_wconf 77' lang='lat' dir='ltr'><strong>tv,</strong></span> <span class='ocrx_word' id='word_1_827' title='bbox 2191 5604 2244 5657; x_wconf 81' lang='lat'><strong>&#39;5.</strong></span> 
     </span>
    </p>
   </div>
   <div class='ocr_carea' id='block_1_109' title="bbox 2150 5672 3083 5737">
    <p class='ocr_par' dir='ltr' id='par_1_109' title="bbox 2150 5672 3083 5737">
     <span class='ocr_line' id='line_1_109' title="bbox 2150 5672 3083 5737; baseline 0.004 -12"><span class='ocrx_word' id='word_1_828' title='bbox 2150 5674 2190 5704; x_wconf 76' lang='grc' dir='ltr'>’θ</span> <span class='ocrx_word' id='word_1_829' title='bbox 2216 5672 2349 5727; x_wconf 88' lang='lat' dir='ltr'><strong>Ibid.</strong></span> <span class='ocrx_word' id='word_1_830' title='bbox 2386 5674 2475 5726; x_wconf 70' lang='lat'><strong>20.</strong></span> <span class='ocrx_word' id='word_1_831' title='bbox 2550 5674 2595 5703; x_wconf 83' lang='grc'>¹⁰</span> <span class='ocrx_word' id='word_1_832' title='bbox 2626 5674 2769 5728; x_wconf 86' lang='lat' dir='ltr'><strong>Psal.</strong></span> <span class='ocrx_word' id='word_1_833' title='bbox 2827 5690 2947 5727; x_wconf 72' lang='lat' dir='ltr'><strong>xuv</strong></span> <span class='ocrx_word' id='word_1_834' title='bbox 2978 5714 2991 5737; x_wconf 91' lang='lat'><strong>,</strong></span> <span class='ocrx_word' id='word_1_835' title='bbox 3030 5676 3083 5729; x_wconf 69' lang='lat'><strong>2.</strong></span> 
     </span>
    </p>
   </div>
   <div class='ocr_carea' id='block_1_110' title="bbox 1648 5743 2865 5837">
    <p class='ocr_par' dir='ltr' id='par_1_110' title="bbox 1648 5743 2865 5837">
     <span class='ocr_line' id='line_1_110' title="bbox 1648 5743 2865 5837; baseline -0.005 -36"><span class='ocrx_word' id='word_1_836' title='bbox 1648 5748 1688 5775; x_wconf 71' lang='lat'>&quot;</span> <span class='ocrx_word' id='word_1_837' title='bbox 1749 5747 1905 5800; x_wconf 74' lang='lat' dir='ltr'><strong>lium.</strong></span> <span class='ocrx_word' id='word_1_838' title='bbox 1949 5761 1984 5807; x_wconf 88' lang='grc' dir='ltr'><strong>ι,</strong></span> <span class='ocrx_word' id='word_1_839' title='bbox 2042 5743 2122 5807; x_wconf 90' lang='lat' dir='ltr'><strong>ll,</strong></span> <span class='ocrx_word' id='word_1_840' title='bbox 2171 5744 2250 5797; x_wconf 74' lang='lat'><strong>1‘2.</strong></span> <span class='ocrx_word' id='word_1_841' title='bbox 2332 5745 2375 5779; x_wconf 69' lang='grc' dir='ltr'><strong>ι’</strong></span> <span class='ocrx_word' id='word_1_842' title='bbox 2425 5744 2633 5798; x_wconf 69' lang='grc' dir='ltr'>(ἰυίυδς.</span> <span class='ocrx_word' id='word_1_843' title='bbox 2682 5760 2728 5837; x_wconf 50' lang='lat'><strong>.1,</strong></span> <span class='ocrx_word' id='word_1_844' title='bbox 2784 5744 2865 5800; x_wconf 79' lang='grc' dir='ltr'><strong>ιο,</strong></span> 
     </span>
    </p>
   </div>
   <div class='ocr_carea' id='block_1_111' title="bbox 2196 4746 3752 4821">
    <p class='ocr_par' dir='ltr' id='par_1_111' title="bbox 2196 4746 3752 4821">
     <span class='ocr_line' id='line_1_111' title="bbox 2196 4746 3752 4821; baseline -0.005 -17"><span class='ocrx_word' id='word_1_845' title='bbox 2196 4750 2354 4810; x_wconf 80' lang='grc' dir='ltr'>Θεοῦ,</span> <span class='ocrx_word' id='word_1_846' title='bbox 2380 4750 2603 4821; x_wconf 83' lang='grc' dir='ltr'>λαλήσει</span> <span class='ocrx_word' id='word_1_847' title='bbox 2633 4751 2773 4821; x_wconf 87' lang='grc' dir='ltr'><strong>μετά</strong></span> <span class='ocrx_word' id='word_1_848' title='bbox 2796 4750 3318 4819; x_wconf 80' lang='grc' dir='ltr'>ταπεινοφροσύνης,</span> <span class='ocrx_word' id='word_1_849' title='bbox 3349 4750 3435 4800; x_wconf 71' lang='lat' dir='ltr'><strong>(va</strong></span> <span class='ocrx_word' id='word_1_850' title='bbox 3466 4749 3558 4801; x_wconf 81' lang='grc' dir='ltr'>καὶ</span> <span class='ocrx_word' id='word_1_851' title='bbox 3580 4746 3752 4807; x_wconf 88' lang='grc' dir='ltr'>ἀλλους</span> 
     </span>
    </p>
   </div>
   <div class='ocr_carea' id='block_1_112' title="bbox 2195 4837 3751 4917">
    <p class='ocr_par' dir='ltr' id='par_1_112' title="bbox 2195 4837 3751 4917">
     <span class='ocr_line' id='line_1_112' title="bbox 2195 4837 3751 4917; baseline -0.005 -22"><span class='ocrx_word' id='word_1_852' title='bbox 2195 4842 2553 4917; x_wconf 80' lang='grc' dir='ltr'>οἰκοδομήσῃ,</span> <span class='ocrx_word' id='word_1_853' title='bbox 2610 4843 2821 4913; x_wconf 86' lang='grc' dir='ltr'>μήποτε</span> <span class='ocrx_word' id='word_1_854' title='bbox 2860 4843 2955 4895; x_wconf 83' lang='grc' dir='ltr'><strong>καί</strong></span> <span class='ocrx_word' id='word_1_855' title='bbox 3008 4840 3248 4910; x_wconf 79' lang='grc' dir='ltr'>ἐγκληθῇ</span> <span class='ocrx_word' id='word_1_856' title='bbox 3293 4841 3371 4902; x_wconf 76' lang='grc' dir='ltr'>ὡς</span> <span class='ocrx_word' id='word_1_857' title='bbox 3402 4842 3431 4892; x_wconf 88' lang='grc' dir='ltr'><strong>ό</strong></span> <span class='ocrx_word' id='word_1_858' title='bbox 3470 4838 3674 4909; x_wconf 73' lang='grc' dir='ltr'>κρύψας</span> <span class='ocrx_word' id='word_1_859' title='bbox 3700 4837 3751 4886; x_wconf 80' lang='grc' dir='ltr'><strong>τὸ</strong></span> 
     </span>
    </p>
   </div>
   <div class='ocr_carea' id='block_1_113' title="bbox 2194 4930 3751 5003">
    <p class='ocr_par' dir='ltr' id='par_1_113' title="bbox 2194 4930 3751 5003">
     <span class='ocr_line' id='line_1_113' title="bbox 2194 4930 3751 5003; baseline -0.004 -16"><span class='ocrx_word' id='word_1_860' title='bbox 2194 4933 2476 4987; x_wconf 86' lang='grc' dir='ltr'>τάλαντον.</span> <span class='ocrx_word' id='word_1_861' title='bbox 2523 4933 2580 4986; x_wconf 79' lang='lat'><strong>&#39;0</strong></span> <span class='ocrx_word' id='word_1_862' title='bbox 2618 4933 2673 4985; x_wconf 84' lang='grc' dir='ltr'>δὲ</span> <span class='ocrx_word' id='word_1_863' title='bbox 2706 4934 2874 5003; x_wconf 86' lang='grc' dir='ltr'>μήπω</span> <span class='ocrx_word' id='word_1_864' title='bbox 2920 4930 3161 5001; x_wconf 81' lang='grc' dir='ltr'>εἰληφὼς</span> <span class='ocrx_word' id='word_1_865' title='bbox 3209 4932 3457 5002; x_wconf 82' lang='grc' dir='ltr'>χάρισμα</span> <span class='ocrx_word' id='word_1_866' title='bbox 3507 4930 3751 4991; x_wconf 78' lang='grc' dir='ltr'>τοιοῦτον,</span> 
     </span>
    </p>
   </div>
   <div class='ocr_carea' id='block_1_114' title="bbox 2196 5022 3747 5096">
    <p class='ocr_par' dir='ltr' id='par_1_114' title="bbox 2196 5022 3747 5096">
     <span class='ocr_line' id='line_1_114' title="bbox 2196 5022 3747 5096; baseline -0.005 -17"><span class='ocrx_word' id='word_1_867' title='bbox 2196 5026 2424 5091; x_wconf 84' lang='grc' dir='ltr'>σιγάτω,</span> <span class='ocrx_word' id='word_1_868' title='bbox 2442 5024 2538 5077; x_wconf 77' lang='grc' dir='ltr'>καὶ</span> <span class='ocrx_word' id='word_1_869' title='bbox 2563 5024 2637 5095; x_wconf 87' lang='grc' dir='ltr'>μὴ</span> <span class='ocrx_word' id='word_1_870' title='bbox 2657 5022 3069 5096; x_wconf 79' lang='grc' dir='ltr'>προ[σ]φερέτω</span> <span class='ocrx_word' id='word_1_871' title='bbox 3085 5026 3305 5093; x_wconf 81' lang='grc' dir='ltr'>ῥήματα</span> <span class='ocrx_word' id='word_1_872' title='bbox 3335 5024 3483 5095; x_wconf 81' lang='grc' dir='ltr'>ἀργὰ</span> <span class='ocrx_word' id='word_1_873' title='bbox 3508 5022 3614 5074; x_wconf 79' lang='grc' dir='ltr'>ἀπὸ</span> <span class='ocrx_word' id='word_1_874' title='bbox 3634 5036 3747 5089; x_wconf 85' lang='grc' dir='ltr'>καρ-</span> 
     </span>
    </p>
   </div>
   <div class='ocr_carea' id='block_1_115' title="bbox 2194 5106 3751 5185">
    <p class='ocr_par' dir='ltr' id='par_1_115' title="bbox 2194 5106 3751 5185">
     <span class='ocr_line' id='line_1_115' title="bbox 2194 5106 3751 5185; baseline -0.006 -15"><span class='ocrx_word' id='word_1_875' title='bbox 2194 5116 2312 5178; x_wconf 90' lang='grc' dir='ltr'>δίας</span> <span class='ocrx_word' id='word_1_876' title='bbox 2332 5114 2519 5177; x_wconf 82' lang='grc' dir='ltr'>αὑτοῦ,</span> <span class='ocrx_word' id='word_1_877' title='bbox 2554 5116 2763 5185; x_wconf 84' lang='grc' dir='ltr'>μήποτε</span> <span class='ocrx_word' id='word_1_878' title='bbox 2784 5114 3016 5185; x_wconf 75' lang='grc' dir='ltr'>ἀκούσῃο</span> <span class='ocrx_word' id='word_1_879' title='bbox 3034 5133 3052 5165; x_wconf 80' lang='grc' dir='ltr'><strong>ι</strong></span> <span class='ocrx_word' id='word_1_880' title='bbox 3073 5114 3162 5185; x_wconf 82' lang='grc' dir='ltr'><strong>Τῷ</strong></span> <span class='ocrx_word' id='word_1_881' title='bbox 3193 5114 3251 5167; x_wconf 83' lang='grc' dir='ltr'>δὲ</span> <span class='ocrx_word' id='word_1_882' title='bbox 3278 5111 3589 5183; x_wconf 82' lang='grc' dir='ltr'>ἁμαρτωλῷ</span> <span class='ocrx_word' id='word_1_883' title='bbox 3617 5106 3751 5163; x_wconf 75' lang='grc' dir='ltr'>εἶπεν</span> 
     </span>
    </p>
   </div>
   <div class='ocr_carea' id='block_1_116' title="bbox 2195 5204 3749 5279">
    <p class='ocr_par' dir='ltr' id='par_1_116' title="bbox 2195 5204 3749 5279">
     <span class='ocr_line' id='line_1_116' title="bbox 2195 5204 3749 5279; baseline 0.001 -18"><span class='ocrx_word' id='word_1_884' title='bbox 2195 5210 2224 5261; x_wconf 78' lang='grc' dir='ltr'><strong>ὁ</strong></span> <span class='ocrx_word' id='word_1_885' title='bbox 2260 5208 2427 5271; x_wconf 82' lang='grc' dir='ltr'>Θεός·</span> <span class='ocrx_word' id='word_1_886' title='bbox 2458 5209 2579 5261; x_wconf 82' lang='grc' dir='ltr'>Ἵνα</span> <span class='ocrx_word' id='word_1_887' title='bbox 2638 5207 2691 5260; x_wconf 88' lang='grc' dir='ltr'><strong>τί</strong></span> <span class='ocrx_word' id='word_1_888' title='bbox 2741 5210 2805 5261; x_wconf 80' lang='grc' dir='ltr'><strong>σὺ</strong></span> <span class='ocrx_word' id='word_1_889' title='bbox 2838 5207 3090 5279; x_wconf 17' lang='grc' dir='ltr'>νέκδιηγῇ</span> <span class='ocrx_word' id='word_1_890' title='bbox 3140 5207 3206 5260; x_wconf 82' lang='grc' dir='ltr'><strong>τά</strong></span> <span class='ocrx_word' id='word_1_891' title='bbox 3246 5204 3589 5276; x_wconf 85' lang='grc' dir='ltr'>δικαιώματά</span> <span class='ocrx_word' id='word_1_892' title='bbox 3639 5219 3749 5272; x_wconf 70' lang='grc' dir='ltr'>μου.</span> 
     </span>
    </p>
   </div>
   <div class='ocr_carea' id='block_1_117' title="bbox 2196 5293 3747 5369">
    <p class='ocr_par' dir='ltr' id='par_1_117' title="bbox 2196 5293 3747 5369">
     <span class='ocr_line' id='line_1_117' title="bbox 2196 5293 3747 5369; baseline -0.001 -16"><span class='ocrx_word' id='word_1_893' title='bbox 2196 5299 2292 5353; x_wconf 84' lang='grc' dir='ltr'>καὶ</span> <span class='ocrx_word' id='word_1_894' title='bbox 2324 5299 2731 5368; x_wconf 74' lang='grc' dir='ltr'>ἀναλαμὸάνεις</span> <span class='ocrx_word' id='word_1_895' title='bbox 2772 5298 2871 5368; x_wconf 80' lang='grc' dir='ltr'><strong>τὴν</strong></span> <span class='ocrx_word' id='word_1_896' title='bbox 2902 5298 3168 5369; x_wconf 84' lang='grc' dir='ltr'>διαθήκην</span> <span class='ocrx_word' id='word_1_897' title='bbox 3220 5316 3321 5368; x_wconf 87' lang='grc' dir='ltr'><strong>μου</strong></span> <span class='ocrx_word' id='word_1_898' title='bbox 3371 5298 3459 5350; x_wconf 73' lang='grc' dir='ltr'><strong>διὰ</strong></span> <span class='ocrx_word' id='word_1_899' title='bbox 3500 5293 3747 5364; x_wconf 77' lang='grc' dir='ltr'>στόματός</span> 
     </span>
    </p>
   </div>
   <div class='ocr_carea' id='block_1_118' title="bbox 2200 5385 3747 5461">
    <p class='ocr_par' dir='ltr' id='par_1_118' title="bbox 2200 5385 3747 5461">
     <span class='ocr_line' id='line_1_118' title="bbox 2200 5385 3747 5461; baseline -0.005 -19"><span class='ocrx_word' id='word_1_900' title='bbox 2200 5407 2292 5446; x_wconf 84' lang='grc' dir='ltr'><strong>σου</strong></span> <span class='ocrx_word' id='word_1_901' title='bbox 2321 5405 2335 5419; x_wconf 89' lang='grc'><strong>·</strong></span> <span class='ocrx_word' id='word_1_902' title='bbox 2365 5391 2429 5443; x_wconf 84' lang='grc' dir='ltr'><strong>σὺ</strong></span> <span class='ocrx_word' id='word_1_903' title='bbox 2474 5390 2529 5443; x_wconf 82' lang='grc' dir='ltr'>δὲ</span> <span class='ocrx_word' id='word_1_904' title='bbox 2567 5391 2838 5461; x_wconf 78' lang='grc' dir='ltr'>ἐμίσησας</span> <span class='ocrx_word' id='word_1_905' title='bbox 2870 5390 3144 5454; x_wconf 86' lang='grc' dir='ltr'>παιδείαν,</span> <span class='ocrx_word' id='word_1_906' title='bbox 3200 5390 3293 5443; x_wconf 76' lang='grc' dir='ltr'><strong>καὶ</strong></span> <span class='ocrx_word' id='word_1_907' title='bbox 3339 5388 3588 5455; x_wconf 74' lang='grc' dir='ltr'>ἐξέϐαλες</span> <span class='ocrx_word' id='word_1_908' title='bbox 3637 5385 3747 5443; x_wconf 77' lang='grc' dir='ltr'>τοὺς</span> 
     </span>
    </p>
   </div>
   <div class='ocr_carea' id='block_1_119' title="bbox 3000 5600 3739 5665">
    <p class='ocr_par' dir='ltr' id='par_1_119' title="bbox 3000 5600 3739 5665">
     <span class='ocr_line' id='line_1_119' title="bbox 3000 5600 3739 5665; baseline -0.011 -6"><span class='ocrx_word' id='word_1_909' title='bbox 3000 5604 3042 5635; x_wconf 76' lang='grc'><strong>’⁸</strong></span> <span class='ocrx_word' id='word_1_910' title='bbox 3072 5603 3257 5659; x_wconf 79' lang='lat' dir='ltr'><strong>Eccle.</strong></span> <span class='ocrx_word' id='word_1_911' title='bbox 3290 5621 3381 5665; x_wconf 80' lang='lat' dir='ltr'><strong>vn,</strong></span> <span class='ocrx_word' id='word_1_912' title='bbox 3406 5603 3457 5656; x_wconf 79' lang='grc'><strong>5.</strong></span> <span class='ocrx_word' id='word_1_913' title='bbox 3529 5601 3571 5632; x_wconf 84' lang='grc'><strong>¹⁶</strong></span> <span class='ocrx_word' id='word_1_914' title='bbox 3595 5600 3739 5653; x_wconf 80' lang='lat' dir='ltr'><strong>PrOV.</strong></span> 
     </span>
    </p>
   </div>
   <div class='ocr_carea' id='block_1_120' title="bbox 2364 5604 2405 5635">
    <p class='ocr_par' dir='ltr' id='par_1_120' title="bbox 2364 5604 2405 5635">
     <span class='ocr_line' id='line_1_120' title="bbox 2364 5604 2405 5635; baseline 0.024 -1"><span class='ocrx_word' id='word_1_915' title='bbox 2364 5604 2405 5635; x_wconf 65' lang='grc' dir='ltr'><strong>ιι</strong></span> 
     </span>
    </p>
   </div>
   <div class='ocr_carea' id='block_1_121' title="bbox 2429 5603 3739 5733">
    <p class='ocr_par' dir='ltr' id='par_1_121' title="bbox 2429 5603 3739 5733">
     <span class='ocr_line' id='line_1_121' title="bbox 2429 5603 3739 5667; baseline -0.005 -10"><span class='ocrx_word' id='word_1_916' title='bbox 2429 5605 2590 5657; x_wconf 88' lang='lat' dir='ltr'><strong>Prov.</strong></span> <span class='ocrx_word' id='word_1_917' title='bbox 2625 5620 2733 5667; x_wconf 77' lang='lat' dir='ltr'><strong>xvi,</strong></span> <span class='ocrx_word' id='word_1_918' title='bbox 2794 5603 2883 5657; x_wconf 69' lang='grc'><strong>24.</strong></span> <span class='ocrx_word' id='word_1_919' title='bbox 3000 5604 3042 5635; x_wconf 78' lang='grc'>³⁸</span> <span class='ocrx_word' id='word_1_920' title='bbox 3072 5603 3257 5659; x_wconf 80' lang='lat' dir='ltr'><strong>Eccle.</strong></span> <span class='ocrx_word' id='word_1_921' title='bbox 3290 5621 3381 5665; x_wconf 82' lang='lat' dir='ltr'><strong>vn,</strong></span> <span class='ocrx_word' id='word_1_922' title='bbox 3406 5603 3457 5656; x_wconf 80' lang='grc'><strong>5.</strong></span> <span class='ocrx_word' id='word_1_923' title='bbox 3529 5603 3571 5632; x_wconf 84' lang='grc'><strong>¹⁶</strong></span> <span class='ocrx_word' id='word_1_924' title='bbox 3595 5603 3739 5653; x_wconf 81' lang='lat' dir='ltr'><strong>Prov.</strong></span> 
     </span>
     <span class='ocr_line' id='line_1_122' title="bbox 2429 5668 3739 5733; baseline -0.002 -8"><span class='ocrx_word' id='word_1_925' title='bbox 2429 5676 2475 5726; x_wconf 82' lang='grc' dir='ltr'><strong>υ.</strong></span> <span class='ocrx_word' id='word_1_926' title='bbox 2550 5674 2595 5703; x_wconf 83' lang='grc'>²⁰</span> <span class='ocrx_word' id='word_1_927' title='bbox 2626 5674 2769 5728; x_wconf 85' lang='lat' dir='ltr'><strong>Psal.</strong></span> <span class='ocrx_word' id='word_1_928' title='bbox 2827 5690 2947 5727; x_wconf 71' lang='lat' dir='ltr'><strong>xuv</strong></span> <span class='ocrx_word' id='word_1_929' title='bbox 2978 5714 2991 5733; x_wconf 88' lang='lat'><strong>.</strong></span> <span class='ocrx_word' id='word_1_930' title='bbox 3030 5676 3083 5729; x_wconf 71' lang='lat'><strong>2.</strong></span> <span class='ocrx_word' id='word_1_931' title='bbox 3196 5676 3236 5705; x_wconf 81' lang='lat'>&quot;</span> <span class='ocrx_word' id='word_1_932' title='bbox 3271 5674 3407 5729; x_wconf 79' lang='lat' dir='ltr'><strong>I’sal.</strong></span> <span class='ocrx_word' id='word_1_933' title='bbox 3458 5686 3632 5733; x_wconf 60' lang='lat' dir='ltr'><strong>usu,</strong></span> <span class='ocrx_word' id='word_1_934' title='bbox 3667 5668 3739 5723; x_wconf 76' lang='lat'><strong>1&#39;2.</strong></span> 
     </span>
    </p>
   </div>
  </div>
