4028 6500
358 322 486 386 1621

1196 331 1524 391 ΗΟΜΙΙᾸΑ
1565 334 1784 393 LXIII.
1812 332 2055 393 -ΝΟΝ
2096 334 2279 394 ESSE
2317 332 2763 396 JURANDUM.

3480 322 3617 387 16322

345 436 538 506 λόγους
573 455 673 509 μου
704 438 870 502 εἰςτά
894 439 1103 506 όπίσω;
1131 459 1148 491 ι
1172 471 1240 481 --
1273 440 1331 495 Ὀ
1353 442 1461 514 γὰρ
1492 443 1696 512 ἀγαθὸς
1726 443 1939 514 ἄνθρω-

2043 445 2189 514 quod
2217 448 2496 516 peccatori
2518 447 2659 501 dixit
2681 447 2828 501 Deus
2865 460 2877 499 :
2923 462 2942 495 ι
2977 443 3160 511 Quare
3200 450 3262 498 tu
3288 442 3617 512 e'narrasju-

346 548 468 593 πος,
504 531 669 601 φησὶν
695 533 725 585 6
771 530 999 604 Κύριος,
1031 533 1098 586 ἐκ
1150 533 1246 587 τοῦ
1282 535 1486 604 ἀγαθοῦ
1525 535 1800 607 θησαυροῦ
1831 537 1936 607 τῆς

345 623 577 693 καρδίας
627 622 827 691 αὑτοῦ,
874 623 1154 678 τουτέστιν
1204 624 1303 696 τῆς
1348 625 1572 698 χάριτος
1618 625 1713 680 τοῦ
1767 628 1928 695 ἁγίου

346 712 687 783 Πνεύματος,
725 733 743 767 ι
776 713 1129 787 προ[σ]φέρει
1161 715 1221 769 τὸ
1255 715 1481 784 ἀγαθόν.
1505 714 1716 788 [Αὐτῷ
1736 718 1770 788 ἡ
1798 716 1927 783 δόξα

347 810 428 869 είς
452 806 578 871 τοὺς
619 806 842 872 αἰῶνας.
890 808 1086 879 Ἀμήν.

957 1088 1176 1143 ΛΟΓΟΣ
1214 1091 1330 1145 EI".

807 1177 947 1245 Περὶ
978 1177 1087 1232 τοῦ
1110 1179 1197 1249 μὴ
1228 1181 1492 1249 ὀμνύειν.

420 1288 556 1359 Περὶ
585 1286 680 1342 τοῦ
710 1289 785 1360 μὴ
813 1290 1057 1360 ὀμνύειν,
1092 1292 1121 1344 6
1157 1292 1256 1363 μὲν
1282 1293 1511 1358 παλαιὸς
1538 1294 1726 1363 νόμος,
1753 1295 1849 1351 ἆτε
1871 1295 1934 1367 δὴ

348 1382 566 1453 νηπίοις
603 1383 932 1453 νομοθετῶν,
976 1385 1305 1452 ἐντέλλεται,
1352 1386 1428 1459 μὴ
1475 1387 1751 1459 ἀκαίρως,
1797 1389 1934 1460 μηδὲ

347 1474 442 1526 ἐπὶ
476 1474 613 1544 δόλῳ
655 1476 734 1545 τῷ
776 1476 991 1547 πλησίῳ
1028 1478 1269 1547 ὀμνύειν.
1332 1479 1494 1550 Ἦμίν
1540 1480 1595 1534 δὲ
1635 1482 1664 1534 ό
1722 1480 1929 1552 Κύριος

346 1564 505 1635 ἡμῶν
557 1566 653 1621 καὶ
704 1567 895 1639 Σωτὴρ
948 1569 1277 1637 ἐντέλλεται,
1338 1572 1477 1641 μήτε
1524 1571 1660 1634 ὅλως
1707 1571 1925 1643 ὀμόσαι,

351 1655 491 1726 μήτε
521 1656 821 1728 εὐκαίρως,
857 1660 993 1730 μήτε
1022 1661 1288 1731 ἀκαίρως.
1323 1680 1340 1713 ι
1377 1664 1531 1717 Ἤτω
1562 1664 1693 1734 γὰρ,
1740 1664 1927 1733 φησὶν,

346 1746 406 1797 ἐν
432 1747 559 1816 ὑμῖν
580 1748 660 1813 τὸ,
683 1747 791 1814 ναὶ,
816 1750 924 1813 ναὶ,
952 1749 1046 1802 καὶ
1068 1750 1150 1815 τὸ,
1178 1750 1261 1815 οὒ,
1289 1749 1371 1807 οῦ.
1403 1751 1477 1805 Τὸ
1496 1752 1554 1805 δὲ
1578 1752 1924 1823 περισσεῦον,

346 1839 414 1889 ἐκ
451 1836 544 1890 τοῦ
580 1838 817 1910 πονηροῦ
844 1841 1012 1895 ἐστιν.
1048 1860 1067 1892 ι
1102 1842 1210 1895 Καὶ
1242 1842 1319 1913 τῷ
1350 1842 1574 1916 πρώτῳ,
1606 1843 1791 1914 φησὶν,
1813 1842 1928 1915 λαῷ

347 1931 422 1994 ὡς
464 1931 929 2004 σκληροτραχήλῳ
962 1934 1337 2005 ἐνετειλάμην,
1365 1953 1383 1986 ι
1412 1936 1527 1989 Οὐκ
1556 1937 1926 2005 ἐπιορκήσεις,

347 2022 654 2087 ἀποδώσεις
702 2023 758 2077 δὲ
813 2024 1005 2095 Κυρίῳ
1037 2024 1165 2089 τοὺς
1206 2026 1404 2095 ὅρκους
1434 2043 1563 2080 σου·
1600 2046 1619 2079 ι
1659 2027 1735 2092 ὡς
1767 2028 1931 2098 σκλη-

350 2114 660 2185 ροκαρδίοις
689 2116 783 2169 καὶ
810 2116 1132 2171 ἀπειθοῦσίν
1157 2134 1269 2188 μοι.
1310 2118 1471 2188 Ὑμῖν
1489 2119 1546 2172 δὲ
1570 2120 1686 2183 τοῖς
1709 2119 1932 2173 πιστεύ-

349 2222 507 2258 σασιν
540 2208 619 2268 είς
650 2207 771 2276 ἐμὲ,
800 2200 883 2270 οἷς
917 2208 1127 2263 δέδωκα
1152 2208 1402 2273 ἐξουσίαν
1423 2210 1587 2265 τέκνα
1616 2211 1752 2266 Θεοῦ
1781 2212 1933 2280 γενέ-

348 2298 495 2360 σθαι,
519 2301 632 2363 τοῖς
661 2301 997 2372 ἀναγεγεννη
1010 2300 1192 2371 μένοις
1209 2305 1272 2355 ἐκ
1292 2305 1386 2355 τοῦ
1408 2304 1564 2372 ἁγίου
1589 2305 1730 2359 Πνεύ
1739 2322 1927 2377 ματος,

349 2392 804 2463 παρακελεύομαι
841 2396 1052 2464 μήποτε
1095 2394 1232 2458 ὅλως
1263 2396 1460 2465 ὀμόσαι
1493 2396 1585 2450 τὸν
1617 2399 1929 2471 οίονδήποτε

352 2482 548 2550 μικρὸν
576 2481 607 2550 ἦ
639 2482 817 2552 μέγαν
847 2483 1030 2554 ὅρκον,
1084 2483 1169 2536 ἴνα
1202 2484 1386 2554 δειχθῇ
1427 2484 1486 2537 τὸ
1526 2485 1780 2555 διάφορον
1821 2488 1931 2540 τῶν

348 2573 520 2626 νόθων
562 2574 655 2627 καὶ
696 2574 806 2627 τῶν
873 2575 1115 2643 γνησίων
1170 2592 1272 2642 μου
1317 2575 1543 2629 τέκνων.
1585 2575 1932 2648 Αίδεσθῶμεν

347 2661 464 2727 οὖν,
493 2663 787 2733 ἀγαπητοὶ,
818 2662 911 2715 τὸν
941 2661 1114 2725 οὕτως
1151 2662 1460 2733 τιμήσαντα
1491 2665 1635 2733 ἡμᾶς
1654 2662 1932 2730 Δεσπότην

349 2756 446 2808 καὶ
474 2755 711 2824 Πατέρα,
737 2756 832 2808 καὶ
869 2753 1009 2825 μετὰ
1043 2754 1245 2817 παντὸς
1283 2755 1449 2824 φόϐου
1485 2757 1560 2819 ὡς
1598 2755 1772 2809 δοῦλοι
1802 2757 1933 2826 γνή-

352 2865 456 2900 σιοι
484 2847 809 2917 φυλάξωμεν
842 2847 943 2917 τὴν
995 2846 1215 2917 ἐντολὴν
1262 2848 1427 2901 αὑτοῦ
1478 2848 1573 2901 τοῦ
1631 2848 1754 2919 μηδ’
1795 2850 1932 2910 ὅλως

354 2941 579 3010 ὀμνύειν
602 2957 618 2971 ·
653 2940 868 3010 μήποτε
900 2939 994 2992 καὶ
1028 2939 1156 3009 περὶ
1182 2940 1340 3009 ἡμῶν
1365 2939 1516 3013 εἴπῃ,
1548 2960 1567 2992 ι
1600 2942 1760 3004 Υίοὺς
1783 2941 1934 3009 ἐγέν-

350 3049 491 3102 νησα
546 3032 642 3086 καὶ
688 3030 903 3101 ὕψωσα,
964 3033 1120 3086 αὐτοὶ
1172 3033 1230 3086 δέ
1285 3050 1352 3103 με
1406 3033 1929 3103 ἠθέτησανΛαΚαὶ,

358 3141 375 3174 ι
411 3123 529 3176 Υἱοὶ
553 3123 822 3193 ἀλλότριοι
858 3122 1155 3192 ἑψεύσαντό
1189 3141 1297 3193 μοι.
1338 3142 1358 3176 ι
1402 3124 1493 3196 Μὴ
1523 3120 1616 3179 οὗν
1644 3125 1932 3196 γενώμεθα

355 3214 541 3283 ἰταμοὶ
568 3214 663 3266 καὶ
700 3215 1109 3285 καταφρονηταὶ
1136 3214 1238 3283 τῆς
1269 3215 1491 3284 ἐντολῆς
1526 3214 1621 3268 τοῦ
1656 3216 1930 3270 Δεσπότου
1960 3241 2003 3297 C

354 3305 530 3376 ἡμῶν.
562 3305 643 3359 Τὰ
676 3305 783 3376 γὰρ
827 3306 998 3376 χωρὶς
1038 3306 1202 3375 ὅρκου
1252 3306 1519 3375 γενόμενα
1575 3306 1607 3377 ἢ
1641 3307 1929 3379 λεγόμενα,

354 3396 755 3467 εύπειθέστερά
801 3398 951 3450 ἐστιν
999 3398 1111 3459 τοῖς
1164 3395 1498 3466 ἀνθρώποις,
1548 3398 1643 3449 καὶ
1696 3395 1774 3466 τῷ
1815 3394 1935 3465 Θεῷ

356 3490 648 3559 εὑάρεστα.
679 3488 876 3551 Καλῶς
907 3482 1001 3542 οὖν
1032 3489 1066 3560 ἡ
1110 3488 1282 3556 Σοφία
1324 3487 1654 3555 διαγγέλλει,
1690 3506 1708 3539 ι
1746 3489 1936 3559 Ὄρκῳ

359 3582 434 3652 μὴ
466 3580 656 3651 ἐθίσῃς
678 3579 740 3632 τὸ
771 3579 948 3650 στόμα
980 3596 1097 3643 σου,
1129 3580 1224 3632 καὶ
1261 3579 1527 3650 ὀνομασίᾳ
1548 3579 1643 3633 τοῦ
1671 3580 1827 3646 ἁγίου
1862 3583 1936 3652 μὴ

356 3670 665 3742 συνεθίσῃς.
717 3671 777 3724 'U
823 3671 933 3742 γὰρ
986 3670 1204 3742 ὀμνύων
1251 3670 1311 3725 ού
1368 3671 1443 3742 μὴ
1473 3671 1782 3743 καθαρισθῇ
1828 3673 1938 3726 ἀπὸ

358 3763 656 3834 ἁμαρτίας.
689 3781 707 3813 ι
740 3762 853 3815 Καὶ
881 3762 1066 3829 πάλιν,
1095 3780 1113 3813 ι
1142 3762 1311 3832 Ἀνὴρ
1342 3762 1646 3833 πολύορκος
1693 3763 1938 3835 πλησθή-

360 3871 513 3908 σεται
569 3854 831 3924 ἀνομίας,
885 3854 982 3909 καὶ
1047 3855 1148 3907 οὐκ
1197 3856 1569 3925 ἀποστήσεται
1622 3857 1717 3909 ἀπ’
1772 3857 1938 3911 αὐτοῦ

361 3945 580 4017 μάστιξ.
608 3965 627 3998 ι
654 3946 818 4001 Ἀλλὰ
848 3948 945 4001 καὶ
972 3949 1005 4018 ἡ
1037 3946 1197 4001 λαλιὰ
1228 3945 1324 4000 τοῦ
1351 3947 1654 4019 πολυόρκου
1685 3950 1745 4002 οὐ
1778 3949 1940 4020 μόνον

359 4039 556 4109 τρίχας
588 4039 829 4110 ἀνορθοϊ,
873 4040 1013 4094 ἀλλά
1051 4040 1147 4093 καὶ
1176 4040 1364 4101 ἀκοαῖς
1402 4039 1658 4111 πολεμία.
1690 4042 1860 4111 Φησὶν
1883 4042 1941 4095 δὲ

357 4132 454 4185 καὶ
480 4133 508 4184 6
526 4133 708 4203 νόμος,
740 4150 760 4183 ι
790 4133 904 4191 Οὐκ
928 4132 1153 4201 όμεῖσθε
1179 4132 1242 4185 τὸ
1269 4133 1441 4204 ὄνομά
1468 4150 1568 4204 μου
1594 4133 1689 4187 ἐπὶ
1709 4134 1935 4205 ἀδίκῳ.»

358 4225 471 4279 Καὶ
519 4225 548 4278 ό
602 4227 888 4297 προφήτης
949 4225 1245 4296 Ζαχαρίας,
1313 4246 1331 4277 ι
1366 4227 1569 4298 Ὅρκον
1620 4228 1791 4301 ψευδῆ
1864 4228 1940 4301 μὴ

357 4317 606 4383 ἀγαπᾶτε
635 4333 648 4347 ο
678 4316 782 4388 τὴν
815 4315 1075 4387 ἀλήθειαν
1105 4317 1182 4381 δὲ,
1208 4320 1303 4370 καὶ
1331 4316 1431 4388 τὴν
1461 4318 1687 4389 εἰρήνην
1720 4321 1941 4388 ἀγαπᾶ-

358 4423 440 4463 τε.
478 4425 496 4458 ι
530 4406 695 4476 Λέγει
732 4407 910 4461 δὲκαὶ
940 4410 968 4461 6
994 4398 1178 4477 "ﬂans,
1216 4427 1235 4460 ι
1264 4410 1375 4463 Καὶ
1408 4408 1483 4481 μὴ
1515 4410 1745 4482 ὀμνύετε
1767 4411 1944 4477 ζῶντα

360 4500 589 4571 Κύριον.
631 4519 650 4552 ι
697 4499 756 4554 Ὀ
802 4500 860 4555 δὲ
909 4501 1172 4572 Μιχαίας,
1230 4521 1249 4554 ι
1286 4503 1398 4555 Καὶ
1450 4502 1685 4575 ἔσομαι,
1741 4506 1941 4577 φησὶν,

363 4593 573 4663 μάρτυς
602 4594 772 4664 ταχὺς
796 4594 889 4647 ἐπὶ
918 4594 1044 4657 τοὺς
1071 4593 1374 4664 ὀμνύοντας
1404 4595 1483 4666 τῷ
1517 4596 1742 4667 ὀνόματί
1775 4616 1898 4669 μου.
1916 4618 1934 4650 ι
1974 4580 2020 4638 D

372 4684 707 4738 Ἐπιστέλλει
734 4684 792 4739 δὲ
830 4685 926 4738 καὶ
954 4688 982 4739 ό
1021 4685 1301 4750 Ἰάκωϐος,
1350 4686 1543 4756 λέγων,
1592 4707 1612 4740 ι
1646 4688 1760 4760 Πρὸ
1799 4693 1939 4744 πάν-

359 4795 492 4840 των,
529 4778 769 4847 ἀδελφοὶ,
809 4777 885 4849 μὴ
927 4778 1179 4849 ὀμνύετε,
1224 4780 1360 4851 μήτε
1396 4781 1489 4834 τὸν
1519 4781 1770 4853 οὐρανὸν,
1805 4785 1940 4853 μήτε

362 4868 462 4940 τὴν
489 4871 616 4939 γῆν,
648 4872 786 4942 μήτε
831 4871 954 4925 τινὰ
995 4871 1155 4926 ἄλλον
1201 4872 1388 4943 ὅρκον·
1443 4874 1558 4944 ἧτω
1586 4874 1644 4928 δὲ
1678 4876 1834 4947 ὑμῶν
1858 4876 1940 4941 τὸ,

364 4965 471 5027 ναὶ,
513 4963 623 5030 ναὶ,
651 4965 745 5017 καὶ
774 4962 854 5030 τὸ,
884 4962 966 5027 οὒ,
996 4962 1090 5017 οΰο
1137 4965 1225 5018 ἵνα
1265 4966 1340 5036 μὴ
1384 4968 1465 5030 είς
1513 4967 1804 5037 ὑπόκρισιν
1843 4970 1943 5023 πέ-

366 5074 520 5128 σητε.
554 5077 572 5111 ι
628 5058 908 5123 Ὡσαύτως
961 5059 1055 5112 καὶ
1085 5059 1113 5111 6
1151 5057 1357 5130 Κύριος
1399 5059 1557 5130 ἡμῶν
1587 5062 1680 5114 καὶ
1727 5063 1939 5134 Σωτὴρ,

373 5167 392 5201 ι
438 5148 581 5219 Ἐγὼ
606 5149 663 5203 δὲ
692 5151 838 5218 λέγω
874 5151 1025 5221 ὑμῖν,
1068 5149 1144 5221 μὴ
1177 5151 1373 5221 ὀμόσαι
1413 5151 1570 5216 ὅλως,
1605 5155 1742 5223 μήτε
1784 5155 1843 5207 ἐν
1868 5157 1945 5226 τῷ

364 5244 600 5315 οὐρανῷ,
626 5245 708 5298 ὅτι
751 5245 938 5316 θρόνος
960 5246 1108 5299 ἐστὶν
1138 5244 1233 5298 τοῦ
1267 5245 1425 5310 Θεοῦ,
1469 5246 1605 5317 μήτε
1643 5247 1702 5300 ἐν
1745 5251 1810 5319 τῇ
1853 5250 1946 5319 γῇ,

364 5336 449 5389 ὅτι
481 5335 775 5388 ὑποπόδιον
819 5334 928 5388 τῶν
978 5336 1156 5388 ποδῶν
1213 5332 1378 5389 αὑτοῦ
1426 5337 1614 5390 ἐστιν·
1675 5337 1812 5407 μήτε
1869 5340 1950 5401 είς

380 5422 749 5494 Ἰεροσόλυμα,
782 5424 865 5477 ὅτι
900 5424 1055 5489 πόλις
1087 5426 1235 5479 ἐστὶν
1282 5424 1409 5493 ἁγία
1443 5424 1535 5478 τοῦ
1568 5427 1807 5494 μεγάλου
1841 5429 1948 5481 Βα-

370 5516 603 5579 σιλέως·
648 5518 786 5586 μήτε
840 5518 898 5571 ἐν
950 5520 1016 5589 τῇ
1070 5518 1280 5588 κεφαλῇ
1319 5535 1413 5570 σου
1465 5519 1708 5589 ὀμόσεις,
1757 5521 1837 5574 ὅτι
1888 5522 1948 5573 οὐ

445 5649 659 5704 "Psal.
718 5665 858 5714 χιιι,
932 5648 1017 5714 16,
1060 5650 1147 5704 I7.
1226 5651 1267 5682 "
1303 5650 1438 5706 Luc.
1496 5654 1685 5713 v1.43.

374 5720 539 5774 "Isa.
567 5735 600 5783 I,
624 5721 658 5771 ‘2
791 5721 833 5750 θ’
858 5719 995 5775 I‘sal.
1024 5738 1151 5787 xvn,
1183 5720 1265 5779 ιϐ.
1342 5724 1385 5753 ³³
1422 5723 1588 5779 Eccli.
1620 5740 1763 5787 χχιιι,
1800 5726 1851 5789 9,
1897 5725 1976 5777 ιι.

376 5790 419 5861 ³7
449 5790 589 5847 Osce
622 5805 692 5856 tv,
726 5792 808 5847 l5.

1959 1895 2007 1955 Β

1758 5653 1803 5683 ’⁸
1829 5653 2015 5708 Matth.
2050 5671 2101 5717 v,
2128 5654 2224 5717 5'7;
2253 5655 2367 5707 Jac.
2423 5670 2497 5715 tv,
2556 5653 2636 5708 12.

2038 536 2220 592 stitias
2244 553 2413 603 meas,
2435 547 2491 593 et
2523 536 2761 593 assumis
2796 543 3186 592 testamentum
3221 547 3401 587 mourn
3426 545 3526 602 per
3554 546 3617 583 os

2036 630 2232 684 tuum?
2265 639 2322 685 tu
2355 646 2485 686 vero
2508 630 2675 686 odisti
2715 628 3085 698 disciplinam,
3105 633 3161 682 et
3193 625 3471 696 projecisti
3498 639 3616 677 ser-

2035 734 2228 775 mones
2278 738 2431 776 meos
2486 730 2795 777 retrorsum
2819 721 2888 775 “.
2926 740 2943 771 ›
2985 750 3052 761 -—-
3101 718 3288 774 Bonus
3341 715 3616 787 siquidem

2032 811 2198 867 homo
2249 812 2463 884 1125.
2495 813 2562 868 de
2592 814 2739 868 bono
2775 812 3034 868 thesauro
3084 808 3268 864 cordis
3319 807 3426 873 sui,
3459 825 3477 857 ι
3510 805 3617 860 hoc

2030 910 2137 970 est,
2193 903 2339 959 dono
2382 905 2625 975 Spiritus
2666 904 2879 968 sancti,
2935 921 2953 953 ι
2990 901 3198 972 profert
3244 900 3449 954 bonum
3477 897 3543 949 ".
3590 916 3606 948 ι

2031 990 2139 1064 Ipsi
2168 994 2339 1065 gloria
2362 995 2418 1049 in
2441 995 2660 1050 saecula.
2693 994 2888 1048 Amen.

2563 1085 2849 1144 HOMILIA
2892 1085 3076 1140 LXIII.

2518 1178 2639 1233 Non
2673 1193 2780 1231 esse
2806 1177 3127 1247 jurandum.

2102 1290 2220 1345 Jam
2250 1290 2722 1362 quodjurandum
2749 1304 2859 1342 non
2884 1289 2974 1342 sit.
3010 1288 3080 1341 Et
3102 1289 3328 1358 quidem
3363 1298 3525 1343 vetus
3550 1289 3615 1341 il-

2034 1381 2083 1436 la
2120 1381 2227 1445 lex,
2255 1382 2413 1451 quasi
2438 1396 2537 1436 sua
2582 1379 2824 1435 sanciret
2862 1378 3086 1434 decreta
3126 1378 3479 1448 pusionibus,
3515 1380 3611 1449 qui

2032 1472 2272 1527 necdum
2330 1482 2517 1528 essent
2550 1487 2648 1541 per
2698 1479 2919 1527 aetatem
2973 1469 3267 1525 sanctioris
3307 1470 3613 1540 disciplima

2026 1578 2285 1633 capaces.
2319 1573 2530 1620 tantum
2555 1564 2693 1618 illud
2730 1570 2908 1628 cavet,
2942 1568 3005 1615 ut
3027 1561 3227 1631 nequis
3275 1576 3375 1631 per
3407 1562 3611 1617 intem-

2034 1653 2299 1723 pestivam
2327 1653 2701 1717 occasionem,
2730 1668 2839 1708 neu
2867 1666 2968 1722 per
2988 1650 3178 1706 dolum
3196 1650 3613 1720 juretproximo

2033 1759 2170 1811 suo;
2205 1746 2366 1800 nobis
2419 1758 2602 1801 autem
2650 1757 2854 1800 nostrae
2877 1744 3126 1799 omnium
3168 1743 3373 1797 vindex
3417 1742 3611 1797 salutis

2033 1836 2303 1891 Dominus
2335 1836 2494 1899 dicit,
2532 1837 2762 1891 omnino
2795 1842 2858 1890 ut
2886 1850 2955 1890 ne
2994 1836 3270 1905 juremus.
3298 1832 3390 1887 Ait
3410 1833 3558 1887 enim
3593 1849 3607 1884 :

2039 1948 2058 1981 ι
2094 1929 2175 1985 Sit
2199 1945 2383 1985 sermo
2432 1938 2639 1994 vester,
2668 1936 2881 1993 estest,
2911 1944 3023 1981 non
3071 1942 3207 1991 non,
3242 1925 3393 1996 quod
3424 1934 3610 1979 autem

2030 2017 2408 2073 abundantius
2433 2002 2540 2081 est,
2573 2018 2771 2071 aman
2794 2024 2881 2072 est
2903 2014 2973 2069 ’⁸.
3013 2035 3032 2067 ι
3066 2019 3146 2070 Ac
3180 2014 3227 2069 si
3264 2014 3496 2075 diceret,
3531 2012 3609 2065 illi

2028 2110 2233 2180 populo
2251 2109 2427 2180 priori
2450 2110 2667 2166 callosae
2702 2107 2999 2164 admodum
3023 2107 3258 2163 cervicis
3295 2122 3358 2161 ac
3389 2105 3611 2175 praedu-

2029 2216 2124 2265 rat,
2161 2201 2417 2256 mandavi
2440 2202 2522 2256 sic
2557 2221 2569 2255 :
2621 2220 2639 2253 ι
2672 2201 2795 2256 Νοιι
2848 2201 3147 2272 pejerabis,
3192 2199 3395 2255 reddes
3428 2206 3610 2252 autem

2031 2292 2267 2346 Domino
2290 2292 2607 2362 iuramenta
2636 2304 2727 2347 tua
2758 2293 2803 2324 ’³
2841 2308 2854 2345 :
2896 2310 2914 2343 ι
2948 2291 3156 2362 populo
3188 2306 3387 2359 nempe
3420 2290 3497 2343 illi
3520 2290 3609 2343 cui

2031 2398 2128 2437 cor
2152 2398 2327 2453 usque
2386 2383 2526 2438 adeo
2559 2383 2919 2446 occalluerat,
2960 2390 3021 2436 ut
3047 2390 3342 2437 contumax
3391 2396 3612 2449 semper

2029 2475 2198 2530 fuerit
2245 2491 2349 2530 nec
2376 2475 2639 2531 credulus
2677 2475 2865 2530 verbis
2919 2475 3081 2530 meis.
3113 2474 3224 2530 Vos
3270 2482 3455 2529 autem
3512 2473 3611 2543 qui

2031 2569 2196 2624 Iidem
2229 2584 2352 2639 quae
2388 2569 2445 2624 in
2498 2584 2587 2624 me
2627 2576 2733 2634 est,
2785 2569 2925 2623 nihil
2978 2568 3245 2639 gravatim
3291 2567 3429 2621 estis
3464 2581 3614 2621 com-

2032 2661 2201 2730 plexi,
2236 2660 2439 2729 quibus
2461 2671 2527 2716 eti
2551 2661 2678 2716 dedi
2721 2668 3049 2731 potestatem
3082 2660 3225 2716 ﬁlios
3250 2660 3346 2715 Dei
3403 2659 3520 2714 ﬁeri
3544 2660 3611 2722 ³ο,

2032 2753 2370 2821 regeneratis
2411 2754 2523 2822 jam
2553 2768 2622 2807 ex
2684 2751 2898 2823 Spiritu
2943 2760 3175 2808 sancto:
3206 2767 3325 2817 vos,
3362 2751 3610 2821 inquam,

2033 2845 2319 2908 adhortor,
2353 2845 2580 2900 omnino
2604 2854 2665 2900 ut
2699 2861 2769 2901 ne
2792 2845 2995 2917 juretis
3021 2845 3147 2917 [nisi
3180 2845 3292 2900 illa:
3317 2846 3496 2898 adsint
3523 2859 3612 2896 co-

2033 2938 2182 2990 mites
2215 2954 2232 2991 :
2261 2938 2475 3001 veritas,
2490 2937 2756 3008 judicium
2777 2946 2825 2992 et
2846 2936 3108 3008 justitid],
3166 2945 3225 2991 ut
3250 2936 3337 2992 vel
3368 2936 3474 2990 hoc
3497 2935 3613 2990 diss

2033 3029 2319 3084 cerniculo
2345 3038 2401 3082 et
2427 3030 2629 3099 insigni
2655 3030 2991 3093 declaretur,
3034 3030 3468 3100 quidegeneres
3504 3029 3617 3084 sint

2033 3122 2200 3191 quive
2230 3123 2461 3193 legitimi
2493 3123 2601 3178 mei
2635 3123 2757 3178 ﬁlii.
2786 3123 3188 3186 Revereamur,
3237 3120 3614 3185 dilectissimi,

2033 3228 2160 3268 eum
2186 3212 2280 3284 qui
2309 3229 2411 3268 nos
2450 3221 2608 3268 tanto
2625 3213 2887 3285 dignatus
2928 3215 3137 3268 honore
3164 3221 3273 3279 est,
3320 3212 3614 3266 Dominum

2034 3307 2182 3371 dico,
2223 3314 2280 3361 et
2309 3306 2487 3376 ipsius
2512 3306 2753 3361 Patrem.
2800 3306 2908 3361 Sed
2940 3315 2996 3360 et
3041 3305 3190 3359 omni
3220 3320 3346 3360 cum
3397 3304 3615 3366 timore,

2040 3405 2297 3466 tanquam
2324 3397 2547 3468 ingenui
2576 3412 2641 3451 ac
2671 3412 2897 3452 veraces
2923 3397 3068 3452 servi
3097 3397 3206 3452 hoc
3229 3397 3353 3467 ejus
3380 3396 3617 3450 verbum

2036 3490 2230 3545 sedulo
2286 3490 2669 3554 observemus,
2706 3500 2769 3545 ut
2820 3506 2891 3545 ne
2930 3492 3186 3561 iuremus
3228 3490 3453 3544 omnino
3499 3504 3637 3543 :»ne~

2038 3582 2260 3651 quando
2300 3583 2357 3637 in
2389 3598 2491 3638 nos
2516 3583 2654 3637 illud
2683 3582 3039 3652 intorqueat:
3080 3601 3099 3635 ‹
3140 3583 3312 3637 Filios
3342 3583 3507 3652 genui
3562 3592 3620 3639 et

2038 3677 2297 3743 exaltavi,
2358 3677 2463 3748 ipsi
2518 3686 2706 3732 autem
2762 3684 3095 3747 spreverunt
3150 3692 3237 3731 me
3295 3677 3360 3730 ⁸¹.
3429 3695 3447 3727 ι
3479 3675 3548 3729 Ει
3601 3692 3615 3728 :

2045 3790 2064 3823 ι
2101 3771 2225 3825 Filii
2283 3771 2448 3826 alieni
2480 3770 2697 3826 mentiti
2739 3778 2868 3825 sunt
2909 3770 3044 3825 mihi
3077 3770 3142 3824 ".
3184 3789 3201 3820 ι
3256 3770 3356 3835 Ne,
3409 3784 3617 3839 quaeso,

2039 3863 2307 3917 adversus
2336 3877 2649 3917 sermonem
2674 3861 2825 3916 hunc
2855 3862 3201 3916 Dominicum
3225 3871 3429 3916 temere
3444 3862 3623 3931 quid—

2041 3971 2206 4025 quam
2256 3962 2353 4009 aut
2388 3970 2491 4025 per
2541 3962 2921 4024 contemptum
2970 3955 3346 4010 admittamus.
3402 3954 3624 4009 Etenim

2041 4061 2163 4115 qua:
2186 4061 2218 4100 a
2239 4045 2405 4100 nobis
2429 4045 2514 4100 vel
2550 4044 2691 4099 ﬁunt
2721 4044 2806 4098 vel
2836 4044 3098 4098 dicuntur
3131 4043 3270 4097 citra
3322 4044 3620 4114 juramenti

2042 4139 2443 4202 accessionem,
2464 4136 2626 4192 ﬁdem
2659 4138 2835 4192 multo
2875 4136 3019 4206 apud
3050 4136 3307 4190 homines
3358 4136 3621 4205 majorem

2046 4232 2366 4301 impetrant,
2400 4237 2639 4299 suntque
2658 4230 2771 4285 Deo
2794 4230 2953 4299 longe
2973 4228 3235 4299 gratiora.
3266 4227 3435 4281 Recte
3457 4226 3623 4296 igitur

2047 4322 2338 4379 denuntiat
2379 4320 2663 4392 Sapientia
2705 4338 2719 4374 :
2761 4340 2780 4372 ι
2813 4320 3135 4375 Juramento
3162 4334 3272 4372 non
3291 4316 3626 4372 assuefacias

2045 4431 2108 4470 os
2138 4424 2294 4469 tuum
2319 4422 2376 4468 et
2410 4412 2623 4467 nomini
2652 4419 2845 4467 sancto
2882 4427 2952 4465 ne
2999 4425 3321 4473 assuescas;
3354 4409 3449 4478 qui
3476 4407 3624 4462 enim

2048 4524 2146 4578 per
2192 4504 2612 4562 assuetudinem
2660 4506 2831 4576 jurat,
2878 4519 3163 4573 nunquam
3228 4500 3555 4572 purgabitur
3596 4516 3627 4554 a

2050 4609 2279 4672 peccato
2306 4601 2371 4655 ⁸³.
2413 4621 2431 4653 ι
2483 4602 2725 4656 Rursum
2756 4616 2771 4652 :
2807 4617 2825 4649 ι
2875 4596 2971 4652 Vir
3001 4596 3235 4651 multum
3269 4595 3485 4665 jurans,
3519 4594 3625 4646 im~

2048 4696 2289 4765 plebitur
2319 4693 2638 4765 ignominia,
2696 4700 2752 4747 et
2808 4707 2919 4745 non
2955 4689 3180 4745 recedet
3229 4688 3299 4742 ab
3346 4703 3415 4741 eo
3454 4685 3632 4757 ﬂagel-

2048 4789 2161 4842 lum
2188 4789 2253 4842 ³⁵.
2301 4806 2319 4839 ι
2358 4788 2467 4844 Sed
2492 4788 2580 4841 vel
2624 4786 2739 4841 sola
2786 4783 2997 4839 locutio
3022 4781 3124 4835 viri
3174 4778 3509 4852 iuramentis
3543 4792 3632 4832 as-

2050 4881 2214 4944 sueti,
2251 4896 2363 4934 non
2417 4879 2597 4933 solum
2642 4876 2870 4947 capillos
2914 4872 3164 4943 surrigit,
3228 4885 3426 4925 verum
3464 4883 3632 4925 aures

2054 4975 2286 5044 insuper
2315 4971 2529 5026 infense
2555 4977 2611 5024 et
2646 4967 2974 5039 pugnaciter
3010 4964 3234 5020 vellieat
3262 4960 3628 5017 audientium.

2055 5066 2167 5122 Lex
2191 5079 2413 5135 quoque
2437 5062 2574 5117 dicit
2606 5079 2623 5115 ι
2647 5080 2664 5112 ι
2694 5060 2814 5115 Non
2829 5060 3109 5131 juresper
3137 5070 3337 5110 nomen
3364 5051 3632 5109 meumin

2055 5172 2114 5210 re
2146 5155 2349 5225 injusta
2373 5152 2438 5205 ³⁵.
2481 5172 2498 5203 ι
2540 5151 2818 5220 Propheta
2868 5155 3054 5205 autem
3084 5144 3378 5200 Zacharias
3428 5161 3442 5196 :
3482 5161 3500 5193 ι
3532 5141 3633 5196 Ju-

2055 5254 2369 5301 ramentum
2392 5241 2627 5299 mendax
2650 5256 2718 5295 ne
2744 5238 3008 5310 diligatis,
3034 5236 3328 5291 veritatem
3352 5241 3408 5289 et
3442 5246 3635 5303 pacem

2055 5337 2266 5408 diligite
2298 5335 2361 5390 '°.
2404 5353 2422 5385 ι
2456 5332 2600 5391 Dicit
2634 5341 2687 5389 et
2725 5331 2865 5389 Osee
2896 5348 2909 5384 :
2948 5348 2965 5379 ι
3000 5328 3078 5384 Ne
3102 5327 3303 5399 juretis
3357 5324 3633 5379 viventem

2057 5429 2352 5483 Dominum
2387 5427 2449 5481 ³⁷.
2487 5444 2505 5477 ι
2539 5426 2795 5480 Michteas
2830 5440 2844 5477 :
2877 5442 2895 5474 ι
2926 5423 2994 5477 Et
3020 5437 3117 5477 ero
3136 5419 3295 5476 testis
3337 5417 3495 5473 velox
3543 5415 3638 5468 ad-

2059 5537 2255 5577 versus
2310 5535 2408 5576 eos
2440 5519 2535 5591 qui
2579 5520 2767 5590 jurant
2814 5518 2871 5572 in
2923 5515 3146 5570 nomine
3180 5526 3301 5567 meo
3358 5504 3638 5563 mendaci-

2745 5653 2788 5682 ”
2824 5649 2968 5703 1ι›ῑ‹ι.·
3011 5648 3099 5701 55.
3215 5644 3256 5673 ³⁰
3289 5640 3444 5693 Joun.
3484 5653 3519 5699 l,
3552 5637 3636 5690 1‘2.

2058 5706 2101 5756 πεί
2142 5706 2433 5779 imagis.
2484 5706 2752 5780 risui.
2792 5739 2897 5787 .m,
2942 5720 3019 5774 ιε.
3101 5716 3144 5747 ³6
3181 5712 3344 5766 Zach.
3386 5724 3513 5772 γιιι,
3553 5706 3634 5759 Πι
