  <div class='ocr_page' id='page_1' title='image "/cluster/home/n/w/nwhite01/storage/ocr_20150623/89/hvd.32044010610574/819.png"; bbox 0 0 4028 6584; ppageno 0'>
   <div class='ocr_carea' id='block_1_1' title="bbox 536 302 671 366">
    <p class='ocr_par' dir='ltr' id='par_1_1' title="bbox 536 302 671 366">
     <span class='ocr_line' id='line_1_1' title="bbox 536 302 671 366; baseline 0.022 -4"><span class='ocrx_word' id='word_1_1' title='bbox 536 302 554 362; x_wconf 84' lang='lat' dir='ltr'><strong>l</strong></span> <span class='ocrx_word' id='word_1_2' title='bbox 566 305 671 366; x_wconf 73' lang='lat'><strong>6°23</strong></span> 
     </span>
    </p>
   </div>
   <div class='ocr_carea' id='block_1_2' title="bbox 1787 291 3724 378">
    <p class='ocr_par' dir='ltr' id='par_1_2' title="bbox 1787 291 3724 378">
     <span class='ocr_line' id='line_1_2' title="bbox 1787 291 3724 378; baseline 0.003 -7"><span class='ocrx_word' id='word_1_3' title='bbox 1787 313 2150 373; x_wconf 79' lang='lat' dir='ltr'><strong>ANTIOCHI</strong></span> <span class='ocrx_word' id='word_1_4' title='bbox 2188 291 2534 375; x_wconf 63' lang='lat' dir='ltr'><strong>MONACHI</strong></span> <span class='ocrx_word' id='word_1_5' title='bbox 3610 313 3724 378; x_wconf 65' lang='lat' dir='ltr'><strong>152i</strong></span> 
     </span>
    </p>
   </div>
   <div class='ocr_carea' id='block_1_3' title="bbox 529 417 2083 495">
    <p class='ocr_par' dir='ltr' id='par_1_3' title="bbox 529 417 2083 490">
     <span class='ocr_line' id='line_1_3' title="bbox 529 417 2083 490; baseline 0.005 -20"><span class='ocrx_word' id='word_1_6' title='bbox 529 428 612 470; x_wconf 86' lang='lat' dir='ltr'><strong>ter</strong></span> <span class='ocrx_word' id='word_1_7' title='bbox 639 417 705 471; x_wconf 78' lang='lat'><strong>&quot;.</strong></span> <span class='ocrx_word' id='word_1_8' title='bbox 739 435 758 458; x_wconf 76' lang='grc' dir='ltr'><strong>ι</strong></span> <span class='ocrx_word' id='word_1_9' title='bbox 795 417 939 472; x_wconf 90' lang='lat' dir='ltr'><strong>Dicit</strong></span> <span class='ocrx_word' id='word_1_10' title='bbox 973 429 1032 473; x_wconf 90' lang='lat' dir='ltr'><strong>et</strong></span> <span class='ocrx_word' id='word_1_11' title='bbox 1072 420 1309 474; x_wconf 80' lang='lat' dir='ltr'><strong>Jacobus</strong></span> <span class='ocrx_word' id='word_1_12' title='bbox 1361 438 1457 490; x_wconf 88' lang='lat' dir='ltr'><strong>per</strong></span> <span class='ocrx_word' id='word_1_13' title='bbox 1496 424 1784 490; x_wconf 71' lang='lat' dir='ltr'><strong>epistolam</strong></span> <span class='ocrx_word' id='word_1_14' title='bbox 1836 442 1851 478; x_wconf 91' lang='lat'><strong>:</strong></span> <span class='ocrx_word' id='word_1_15' title='bbox 1884 443 1902 475; x_wconf 82' lang='grc' dir='ltr'><strong>ι</strong></span> <span class='ocrx_word' id='word_1_16' title='bbox 1951 425 2083 478; x_wconf 81' lang='lat' dir='ltr'><strong>Ante</strong></span> 
     </span>
    </p>
   </div>
   <div class='ocr_carea' id='block_1_4' title="bbox 2187 417 3728 495">
    <p class='ocr_par' dir='ltr' id='par_1_4' title="bbox 2189 420 3728 495">
     <span class='ocr_line' id='line_1_4' title="bbox 2189 420 3728 495; baseline -0.001 -18"><span class='ocrx_word' id='word_1_17' title='bbox 2189 424 2414 477; x_wconf 89' lang='grc' dir='ltr'>δύνασαι</span> <span class='ocrx_word' id='word_1_18' title='bbox 2449 423 2576 495; x_wconf 88' lang='grc' dir='ltr'>μίαν</span> <span class='ocrx_word' id='word_1_19' title='bbox 2621 420 2779 494; x_wconf 85' lang='grc' dir='ltr'><strong>τρίχα</strong></span> <span class='ocrx_word' id='word_1_20' title='bbox 2817 420 3038 492; x_wconf 81' lang='grc' dir='ltr'>λευκὴν,</span> <span class='ocrx_word' id='word_1_21' title='bbox 3090 421 3122 492; x_wconf 79' lang='grc' dir='ltr'>ἦ</span> <span class='ocrx_word' id='word_1_22' title='bbox 3179 421 3457 485; x_wconf 80' lang='grc' dir='ltr'>μέλαιναν,</span> <span class='ocrx_word' id='word_1_23' title='bbox 3503 425 3728 491; x_wconf 70' lang='grc' dir='ltr'>ποιῆσαι·</span> 
     </span>
    </p>
   </div>
   <div class='ocr_carea' id='block_1_5' title="bbox 524 507 2086 582">
    <p class='ocr_par' dir='ltr' id='par_1_5' title="bbox 524 507 2086 582">
     <span class='ocr_line' id='line_1_5' title="bbox 524 507 2086 582; baseline 0.004 -24"><span class='ocrx_word' id='word_1_24' title='bbox 524 507 732 569; x_wconf 89' lang='lat' dir='ltr'><strong>omnia,</strong></span> <span class='ocrx_word' id='word_1_25' title='bbox 785 507 1004 573; x_wconf 77' lang='lat' dir='ltr'><strong>fratres,</strong></span> <span class='ocrx_word' id='word_1_26' title='bbox 1043 509 1211 563; x_wconf 81' lang='lat' dir='ltr'><strong>nolite</strong></span> <span class='ocrx_word' id='word_1_27' title='bbox 1254 512 1473 579; x_wconf 88' lang='lat' dir='ltr'><strong>jurarc,</strong></span> <span class='ocrx_word' id='word_1_28' title='bbox 1511 529 1686 580; x_wconf 87' lang='lat' dir='ltr'><strong>neque</strong></span> <span class='ocrx_word' id='word_1_29' title='bbox 1718 529 1813 582; x_wconf 89' lang='lat' dir='ltr'><strong>per</strong></span> <span class='ocrx_word' id='word_1_30' title='bbox 1863 513 2086 578; x_wconf 78' lang='lat' dir='ltr'><strong>coelum,</strong></span> 
     </span>
    </p>
   </div>
   <div class='ocr_carea' id='block_1_6' title="bbox 524 604 2087 677">
    <p class='ocr_par' dir='ltr' id='par_1_6' title="bbox 524 604 2087 677">
     <span class='ocr_line' id='line_1_6' title="bbox 524 604 2087 677; baseline 0.005 -25"><span class='ocrx_word' id='word_1_31' title='bbox 524 614 704 669; x_wconf 86' lang='lat' dir='ltr'><strong>neque</strong></span> <span class='ocrx_word' id='word_1_32' title='bbox 742 613 841 671; x_wconf 88' lang='lat' dir='ltr'><strong>per</strong></span> <span class='ocrx_word' id='word_1_33' title='bbox 864 613 1088 667; x_wconf 88' lang='lat' dir='ltr'><strong>terram,</strong></span> <span class='ocrx_word' id='word_1_34' title='bbox 1128 617 1306 672; x_wconf 90' lang='lat' dir='ltr'><strong>neque</strong></span> <span class='ocrx_word' id='word_1_35' title='bbox 1337 604 1482 658; x_wconf 85' lang='lat' dir='ltr'><strong>aliud</strong></span> <span class='ocrx_word' id='word_1_36' title='bbox 1533 607 1903 676; x_wconf 80' lang='lat' dir='ltr'><strong>quodcunque</strong></span> <span class='ocrx_word' id='word_1_37' title='bbox 1933 607 2087 677; x_wconf 81' lang='lat' dir='ltr'><strong>jura-</strong></span> 
     </span>
    </p>
   </div>
   <div class='ocr_carea' id='block_1_7' title="bbox 523 693 2085 762">
    <p class='ocr_par' dir='ltr' id='par_1_7' title="bbox 523 693 2085 762">
     <span class='ocr_line' id='line_1_7' title="bbox 523 693 2085 762; baseline 0.006 -22"><span class='ocrx_word' id='word_1_38' title='bbox 523 701 768 746; x_wconf 87' lang='lat' dir='ltr'><strong>mentum</strong></span> <span class='ocrx_word' id='word_1_39' title='bbox 804 709 818 745; x_wconf 76' lang='grc' dir='ltr'><strong>Ξ</strong></span> <span class='ocrx_word' id='word_1_40' title='bbox 849 693 918 747; x_wconf 55' lang='lat' dir='ltr'><strong>Si!</strong></span> <span class='ocrx_word' id='word_1_41' title='bbox 940 700 1123 748; x_wconf 89' lang='lat' dir='ltr'><strong>autem</strong></span> <span class='ocrx_word' id='word_1_42' title='bbox 1143 710 1325 748; x_wconf 89' lang='lat' dir='ltr'><strong>sermo</strong></span> <span class='ocrx_word' id='word_1_43' title='bbox 1353 705 1558 761; x_wconf 85' lang='lat' dir='ltr'><strong>vester,</strong></span> <span class='ocrx_word' id='word_1_44' title='bbox 1587 706 1672 751; x_wconf 90' lang='lat' dir='ltr'><strong>est</strong></span> <span class='ocrx_word' id='word_1_45' title='bbox 1698 706 1801 758; x_wconf 74' lang='grc' dir='ltr'>εει,</span> <span class='ocrx_word' id='word_1_46' title='bbox 1822 713 1930 750; x_wconf 93' lang='lat' dir='ltr'><strong>non</strong></span> <span class='ocrx_word' id='word_1_47' title='bbox 1953 713 2085 762; x_wconf 90' lang='lat' dir='ltr'><strong>non,</strong></span> 
     </span>
    </p>
   </div>
   <div class='ocr_carea' id='block_1_8' title="bbox 522 785 2903 855">
    <p class='ocr_par' dir='ltr' id='par_1_8' title="bbox 522 785 2903 855">
     <span class='ocr_line' id='line_1_8' title="bbox 522 785 2903 855; baseline 0.005 -21"><span class='ocrx_word' id='word_1_48' title='bbox 522 792 718 838; x_wconf 88' lang='lat' dir='ltr'><strong>utnon</strong></span> <span class='ocrx_word' id='word_1_49' title='bbox 743 787 845 840; x_wconf 89' lang='lat' dir='ltr'><strong>sub</strong></span> <span class='ocrx_word' id='word_1_50' title='bbox 890 785 1099 855; x_wconf 85' lang='lat' dir='ltr'><strong>judicio</strong></span> <span class='ocrx_word' id='word_1_51' title='bbox 1150 785 1503 844; x_wconf 76' lang='lat' dir='ltr'><strong>decidatis”.</strong></span> <span class='ocrx_word' id='word_1_52' title='bbox 1548 808 1567 842; x_wconf 76' lang='grc' dir='ltr'><strong>ι</strong></span> <span class='ocrx_word' id='word_1_53' title='bbox 1635 790 1889 846; x_wconf 76' lang='lat' dir='ltr'><strong>Concinit</strong></span> <span class='ocrx_word' id='word_1_54' title='bbox 1957 791 2046 844; x_wconf 86' lang='lat' dir='ltr'><strong>his</strong></span> <span class='ocrx_word' id='word_1_55' title='bbox 2082 798 2138 846; x_wconf 91' lang='lat' dir='ltr'><strong>et</strong></span> <span class='ocrx_word' id='word_1_56' title='bbox 2175 792 2437 848; x_wconf 87' lang='lat' dir='ltr'><strong>Dominus</strong></span> <span class='ocrx_word' id='word_1_57' title='bbox 2477 808 2542 847; x_wconf 89' lang='lat' dir='ltr'><strong>ac</strong></span> <span class='ocrx_word' id='word_1_58' title='bbox 2596 791 2850 848; x_wconf 82' lang='lat' dir='ltr'><strong>Salvator</strong></span> <span class='ocrx_word' id='word_1_59' title='bbox 2890 809 2903 845; x_wconf 90' lang='lat'><strong>:</strong></span> 
     </span>
    </p>
   </div>
   <div class='ocr_carea' id='block_1_9' title="bbox 2191 511 3734 588">
    <p class='ocr_par' dir='ltr' id='par_1_9' title="bbox 2191 511 3734 588">
     <span class='ocr_line' id='line_1_9' title="bbox 2191 511 3734 588; baseline 0.001 -23"><span class='ocrx_word' id='word_1_60' title='bbox 2191 515 2304 583; x_wconf 76' lang='grc' dir='ltr'>ἧτω</span> <span class='ocrx_word' id='word_1_61' title='bbox 2331 515 2388 567; x_wconf 80' lang='grc' dir='ltr'><strong>δὲ</strong></span> <span class='ocrx_word' id='word_1_62' title='bbox 2420 514 2572 584; x_wconf 80' lang='grc' dir='ltr'>ὑμῶν</span> <span class='ocrx_word' id='word_1_63' title='bbox 2598 514 2680 577; x_wconf 82' lang='grc' dir='ltr'>τὸ,</span> <span class='ocrx_word' id='word_1_64' title='bbox 2721 513 2832 578; x_wconf 79' lang='grc' dir='ltr'>ναὶ,</span> <span class='ocrx_word' id='word_1_65' title='bbox 2859 515 2966 579; x_wconf 80' lang='grc' dir='ltr'>ναὶ,</span> <span class='ocrx_word' id='word_1_66' title='bbox 2999 513 3092 566; x_wconf 80' lang='grc' dir='ltr'>καὶ</span> <span class='ocrx_word' id='word_1_67' title='bbox 3137 511 3218 577; x_wconf 79' lang='grc' dir='ltr'>τὸ,</span> <span class='ocrx_word' id='word_1_68' title='bbox 3251 512 3336 575; x_wconf 80' lang='lat'><strong>06,</strong></span> <span class='ocrx_word' id='word_1_69' title='bbox 3374 511 3455 588; x_wconf 61' lang='grc' dir='ltr'>ού.</span> <span class='ocrx_word' id='word_1_70' title='bbox 3484 514 3553 563; x_wconf 75' lang='grc' dir='ltr'>Τδ</span> <span class='ocrx_word' id='word_1_71' title='bbox 3575 515 3625 565; x_wconf 80' lang='grc' dir='ltr'>δὲ</span> <span class='ocrx_word' id='word_1_72' title='bbox 3653 533 3734 568; x_wconf 78' lang='grc' dir='ltr'>πε-</span> 
     </span>
    </p>
   </div>
   <div class='ocr_carea' id='block_1_10' title="bbox 2195 603 3738 678">
    <p class='ocr_par' dir='ltr' id='par_1_10' title="bbox 2195 603 3738 678">
     <span class='ocr_line' id='line_1_10' title="bbox 2195 603 3738 678; baseline 0.001 -20"><span class='ocrx_word' id='word_1_73' title='bbox 2195 607 2377 676; x_wconf 78' lang='grc' dir='ltr'>ρισσὸν</span> <span class='ocrx_word' id='word_1_74' title='bbox 2404 607 2628 670; x_wconf 89' lang='grc' dir='ltr'>τούτων,</span> <span class='ocrx_word' id='word_1_75' title='bbox 2657 607 2722 659; x_wconf 80' lang='grc' dir='ltr'>ἐκ</span> <span class='ocrx_word' id='word_1_76' title='bbox 2751 605 2846 658; x_wconf 81' lang='grc' dir='ltr'>τοῦ</span> <span class='ocrx_word' id='word_1_77' title='bbox 2874 603 3111 676; x_wconf 87' lang='grc' dir='ltr'>πονηροῦ</span> <span class='ocrx_word' id='word_1_78' title='bbox 3145 604 3308 659; x_wconf 77' lang='grc' dir='ltr'>ἐστιν.</span> <span class='ocrx_word' id='word_1_79' title='bbox 3348 623 3367 656; x_wconf 75' lang='grc' dir='ltr'><strong>ι</strong></span> <span class='ocrx_word' id='word_1_80' title='bbox 3415 605 3502 673; x_wconf 84' lang='grc' dir='ltr'><strong>Τῷ</strong></span> <span class='ocrx_word' id='word_1_81' title='bbox 3537 605 3588 659; x_wconf 74' lang='grc' dir='ltr'><strong>δὲ</strong></span> <span class='ocrx_word' id='word_1_82' title='bbox 3625 609 3738 678; x_wconf 81' lang='grc' dir='ltr'>Χρι-</span> 
     </span>
    </p>
   </div>
   <div class='ocr_carea' id='block_1_11' title="bbox 2195 697 3438 768">
    <p class='ocr_par' dir='ltr' id='par_1_11' title="bbox 2195 697 3438 768">
     <span class='ocr_line' id='line_1_11' title="bbox 2195 697 3438 768; baseline -0.002 -18"><span class='ocrx_word' id='word_1_83' title='bbox 2195 697 2304 768; x_wconf 83' lang='grc' dir='ltr'><strong>στῷ</strong></span> <span class='ocrx_word' id='word_1_84' title='bbox 2329 699 2527 767; x_wconf 79' lang='grc' dir='ltr'>πρέπει</span> <span class='ocrx_word' id='word_1_85' title='bbox 2561 698 2686 762; x_wconf 78' lang='grc' dir='ltr'>δόξα</span> <span class='ocrx_word' id='word_1_86' title='bbox 2719 699 2799 760; x_wconf 86' lang='grc' dir='ltr'>είς</span> <span class='ocrx_word' id='word_1_87' title='bbox 2824 697 2950 759; x_wconf 79' lang='grc' dir='ltr'>τοὺς</span> <span class='ocrx_word' id='word_1_88' title='bbox 2983 697 3204 758; x_wconf 82' lang='grc' dir='ltr'>αἰῶνας.</span> <span class='ocrx_word' id='word_1_89' title='bbox 3243 697 3438 766; x_wconf 83' lang='grc' dir='ltr'>Ἀμήν.</span> 
     </span>
    </p>
   </div>
   <div class='ocr_carea' id='block_1_12' title="bbox 2959 792 3734 861">
    <p class='ocr_par' dir='ltr' id='par_1_12' title="bbox 2959 792 3734 861">
     <span class='ocr_line' id='line_1_12' title="bbox 2959 792 3734 861; baseline 0.009 -20"><span class='ocrx_word' id='word_1_90' title='bbox 2959 810 2976 841; x_wconf 80' lang='grc' dir='ltr'><strong>ι</strong></span> <span class='ocrx_word' id='word_1_91' title='bbox 3013 792 3124 861; x_wconf 87' lang='lat' dir='ltr'><strong>Ego</strong></span> <span class='ocrx_word' id='word_1_92' title='bbox 3164 800 3349 845; x_wconf 87' lang='lat' dir='ltr'><strong>autem</strong></span> <span class='ocrx_word' id='word_1_93' title='bbox 3392 792 3513 846; x_wconf 80' lang='lat' dir='ltr'><strong>dico</strong></span> <span class='ocrx_word' id='word_1_94' title='bbox 3559 794 3734 848; x_wconf 79' lang='lat' dir='ltr'><strong>vobis:</strong></span> 
     </span>
    </p>
   </div>
   <div class='ocr_carea' id='block_1_13' title="bbox 525 874 3736 951">
    <p class='ocr_par' dir='ltr' id='par_1_13' title="bbox 525 874 3736 951">
     <span class='ocr_line' id='line_1_13' title="bbox 525 874 3736 951; baseline 0.002 -20"><span class='ocrx_word' id='word_1_95' title='bbox 525 874 736 946; x_wconf 78' lang='lat'><strong>1125</strong></span> <span class='ocrx_word' id='word_1_96' title='bbox 771 877 949 931; x_wconf 87' lang='lat' dir='ltr'><strong>Nolite</strong></span> <span class='ocrx_word' id='word_1_97' title='bbox 981 877 1170 945; x_wconf 85' lang='lat' dir='ltr'><strong>jurare</strong></span> <span class='ocrx_word' id='word_1_98' title='bbox 1205 880 1451 943; x_wconf 89' lang='lat' dir='ltr'><strong>omnino,</strong></span> <span class='ocrx_word' id='word_1_99' title='bbox 1493 897 1671 951; x_wconf 91' lang='lat' dir='ltr'><strong>neque</strong></span> <span class='ocrx_word' id='word_1_100' title='bbox 1727 898 1824 951; x_wconf 91' lang='lat' dir='ltr'><strong>per</strong></span> <span class='ocrx_word' id='word_1_101' title='bbox 1858 882 2080 944; x_wconf 71' lang='lat' dir='ltr'><strong>coelum,</strong></span> <span class='ocrx_word' id='word_1_102' title='bbox 2119 882 2251 949; x_wconf 90' lang='lat' dir='ltr'><strong>quia</strong></span> <span class='ocrx_word' id='word_1_103' title='bbox 2284 882 2444 937; x_wconf 87' lang='lat' dir='ltr'><strong>sedes</strong></span> <span class='ocrx_word' id='word_1_104' title='bbox 2500 884 2594 936; x_wconf 92' lang='lat' dir='ltr'><strong>Dei</strong></span> <span class='ocrx_word' id='word_1_105' title='bbox 2668 891 2785 945; x_wconf 86' lang='lat' dir='ltr'><strong>est;</strong></span> <span class='ocrx_word' id='word_1_106' title='bbox 2840 896 3016 949; x_wconf 89' lang='lat' dir='ltr'><strong>neque</strong></span> <span class='ocrx_word' id='word_1_107' title='bbox 3046 898 3144 950; x_wconf 89' lang='lat' dir='ltr'><strong>per</strong></span> <span class='ocrx_word' id='word_1_108' title='bbox 3192 890 3416 945; x_wconf 88' lang='lat' dir='ltr'><strong>terram,</strong></span> <span class='ocrx_word' id='word_1_109' title='bbox 3463 883 3584 949; x_wconf 89' lang='lat' dir='ltr'><strong>quia</strong></span> <span class='ocrx_word' id='word_1_110' title='bbox 3633 899 3736 936; x_wconf 76' lang='lat' dir='ltr'><strong>sca-</strong></span> 
     </span>
    </p>
   </div>
   <div class='ocr_carea' id='block_1_14' title="bbox 522 969 3735 1045">
    <p class='ocr_par' dir='ltr' id='par_1_14' title="bbox 522 969 3735 1045">
     <span class='ocr_line' id='line_1_14' title="bbox 522 969 3735 1045; baseline 0.003 -24"><span class='ocrx_word' id='word_1_111' title='bbox 522 969 725 1024; x_wconf 84' lang='lat' dir='ltr'><strong>hellum</strong></span> <span class='ocrx_word' id='word_1_112' title='bbox 750 970 949 1040; x_wconf 89' lang='lat' dir='ltr'><strong>pedum</strong></span> <span class='ocrx_word' id='word_1_113' title='bbox 975 971 1148 1040; x_wconf 89' lang='lat' dir='ltr'><strong>ipsius</strong></span> <span class='ocrx_word' id='word_1_114' title='bbox 1173 983 1294 1039; x_wconf 84' lang='lat' dir='ltr'><strong>est;</strong></span> <span class='ocrx_word' id='word_1_115' title='bbox 1349 990 1528 1044; x_wconf 89' lang='lat' dir='ltr'><strong>neque</strong></span> <span class='ocrx_word' id='word_1_116' title='bbox 1557 991 1654 1045; x_wconf 88' lang='lat' dir='ltr'><strong>per</strong></span> <span class='ocrx_word' id='word_1_117' title='bbox 1702 975 2156 1044; x_wconf 80' lang='lat' dir='ltr'><strong>Hierosolymam,</strong></span> <span class='ocrx_word' id='word_1_118' title='bbox 2198 977 2326 1044; x_wconf 83' lang='lat' dir='ltr'><strong>quia</strong></span> <span class='ocrx_word' id='word_1_119' title='bbox 2355 976 2551 1031; x_wconf 88' lang='lat' dir='ltr'><strong>civitas</strong></span> <span class='ocrx_word' id='word_1_120' title='bbox 2573 985 2658 1030; x_wconf 89' lang='lat' dir='ltr'><strong>est</strong></span> <span class='ocrx_word' id='word_1_121' title='bbox 2692 974 2854 1045; x_wconf 73' lang='lat' dir='ltr'><strong>[tegis</strong></span> <span class='ocrx_word' id='word_1_122' title='bbox 2875 975 3087 1042; x_wconf 80' lang='lat' dir='ltr'><strong>magni;</strong></span> <span class='ocrx_word' id='word_1_123' title='bbox 3120 984 3176 1028; x_wconf 88' lang='lat' dir='ltr'><strong>et</strong></span> <span class='ocrx_word' id='word_1_124' title='bbox 3199 989 3268 1028; x_wconf 90' lang='lat' dir='ltr'><strong>ne</strong></span> <span class='ocrx_word' id='word_1_125' title='bbox 3294 989 3394 1042; x_wconf 89' lang='lat' dir='ltr'><strong>per</strong></span> <span class='ocrx_word' id='word_1_126' title='bbox 3413 984 3575 1041; x_wconf 87' lang='lat' dir='ltr'><strong>caput</strong></span> <span class='ocrx_word' id='word_1_127' title='bbox 3603 985 3735 1031; x_wconf 90' lang='lat' dir='ltr'><strong>tuum</strong></span> 
     </span>
    </p>
   </div>
   <div class='ocr_carea' id='block_1_15' title="bbox 516 1052 3737 1137">
    <p class='ocr_par' dir='ltr' id='par_1_15' title="bbox 516 1052 3737 1137">
     <span class='ocr_line' id='line_1_15' title="bbox 516 1052 3737 1137; baseline -0 -16"><span class='ocrx_word' id='word_1_128' title='bbox 516 1052 807 1124; x_wconf 70' lang='lat' dir='ltr'><strong>iuraveris.</strong></span> <span class='ocrx_word' id='word_1_129' title='bbox 847 1065 974 1133; x_wconf 91' lang='lat' dir='ltr'><strong>quia</strong></span> <span class='ocrx_word' id='word_1_130' title='bbox 999 1082 1109 1119; x_wconf 91' lang='lat' dir='ltr'><strong>non</strong></span> <span class='ocrx_word' id='word_1_131' title='bbox 1138 1074 1295 1135; x_wconf 86' lang='lat' dir='ltr'><strong>potes</strong></span> <span class='ocrx_word' id='word_1_132' title='bbox 1349 1083 1518 1120; x_wconf 91' lang='lat' dir='ltr'><strong>unum</strong></span> <span class='ocrx_word' id='word_1_133' title='bbox 1568 1067 1824 1136; x_wconf 85' lang='lat' dir='ltr'><strong>capillum</strong></span> <span class='ocrx_word' id='word_1_134' title='bbox 1881 1067 2064 1120; x_wconf 90' lang='lat' dir='ltr'><strong>album</strong></span> <span class='ocrx_word' id='word_1_135' title='bbox 2107 1063 2285 1119; x_wconf 80' lang='lat' dir='ltr'><strong>facere</strong></span> <span class='ocrx_word' id='word_1_136' title='bbox 2346 1077 2441 1123; x_wconf 91' lang='lat' dir='ltr'><strong>aut</strong></span> <span class='ocrx_word' id='word_1_137' title='bbox 2495 1067 3051 1137; x_wconf 73' lang='lat' dir='ltr'><strong>nigrumzsitautem</strong></span> <span class='ocrx_word' id='word_1_138' title='bbox 3087 1081 3267 1119; x_wconf 90' lang='lat' dir='ltr'><strong>sermo</strong></span> <span class='ocrx_word' id='word_1_139' title='bbox 3287 1073 3492 1125; x_wconf 87' lang='lat' dir='ltr'><strong>vester,</strong></span> <span class='ocrx_word' id='word_1_140' title='bbox 3538 1076 3617 1118; x_wconf 89' lang='lat' dir='ltr'><strong>est</strong></span> <span class='ocrx_word' id='word_1_141' title='bbox 3646 1079 3737 1120; x_wconf 74' lang='lat' dir='ltr'><strong>cst.</strong></span> 
     </span>
    </p>
   </div>
   <div class='ocr_carea' id='block_1_16' title="bbox 520 1157 3526 1233">
    <p class='ocr_par' dir='ltr' id='par_1_16' title="bbox 520 1157 3526 1233">
     <span class='ocr_line' id='line_1_16' title="bbox 520 1157 3526 1233; baseline 0 -21"><span class='ocrx_word' id='word_1_142' title='bbox 520 1171 629 1212; x_wconf 83' lang='grc' dir='ltr'>ιιοιι</span> <span class='ocrx_word' id='word_1_143' title='bbox 657 1171 766 1211; x_wconf 91' lang='lat' dir='ltr'><strong>non</strong></span> <span class='ocrx_word' id='word_1_144' title='bbox 793 1157 978 1226; x_wconf 90' lang='lat' dir='ltr'><strong>:quod</strong></span> <span class='ocrx_word' id='word_1_145' title='bbox 1001 1167 1185 1212; x_wconf 90' lang='lat' dir='ltr'><strong>autem</strong></span> <span class='ocrx_word' id='word_1_146' title='bbox 1218 1160 1307 1214; x_wconf 90' lang='lat' dir='ltr'><strong>his</strong></span> <span class='ocrx_word' id='word_1_147' title='bbox 1333 1160 1708 1215; x_wconf 84' lang='lat' dir='ltr'><strong>abundantius</strong></span> <span class='ocrx_word' id='word_1_148' title='bbox 1750 1170 1854 1226; x_wconf 91' lang='lat' dir='ltr'><strong>est,</strong></span> <span class='ocrx_word' id='word_1_149' title='bbox 1913 1177 1942 1214; x_wconf 92' lang='lat' dir='ltr'><strong>a</strong></span> <span class='ocrx_word' id='word_1_150' title='bbox 1978 1157 2122 1212; x_wconf 89' lang='lat' dir='ltr'><strong>malo</strong></span> <span class='ocrx_word' id='word_1_151' title='bbox 2157 1167 2242 1212; x_wconf 88' lang='lat' dir='ltr'><strong>est</strong></span> <span class='ocrx_word' id='word_1_152' title='bbox 2267 1159 2335 1214; x_wconf 76' lang='lat'><strong>“.</strong></span> <span class='ocrx_word' id='word_1_153' title='bbox 2381 1180 2401 1215; x_wconf 77' lang='grc' dir='ltr'><strong>ι</strong></span> <span class='ocrx_word' id='word_1_154' title='bbox 2434 1162 2548 1217; x_wconf 93' lang='lat' dir='ltr'><strong>Deo</strong></span> <span class='ocrx_word' id='word_1_155' title='bbox 2569 1170 2759 1216; x_wconf 88' lang='lat' dir='ltr'><strong>nostro</strong></span> <span class='ocrx_word' id='word_1_156' title='bbox 2791 1161 2964 1233; x_wconf 80' lang='lat' dir='ltr'><strong>gloria</strong></span> <span class='ocrx_word' id='word_1_157' title='bbox 3001 1160 3056 1213; x_wconf 90' lang='lat' dir='ltr'><strong>in</strong></span> <span class='ocrx_word' id='word_1_158' title='bbox 3087 1159 3300 1214; x_wconf 67' lang='lat' dir='ltr'><strong>saecula.</strong></span> <span class='ocrx_word' id='word_1_159' title='bbox 3329 1160 3526 1214; x_wconf 85' lang='lat' dir='ltr'><strong>Amen.</strong></span> 
     </span>
    </p>
   </div>
   <div class='ocr_carea' id='block_1_17' title="bbox 1051 1269 1561 1327">
    <p class='ocr_par' dir='ltr' id='par_1_17' title="bbox 1051 1269 1561 1327">
     <span class='ocr_line' id='line_1_17' title="bbox 1051 1269 1561 1327; baseline 0.006 -4"><span class='ocrx_word' id='word_1_160' title='bbox 1051 1269 1336 1326; x_wconf 79' lang='lat' dir='ltr'><strong>IIOMlLlA</strong></span> <span class='ocrx_word' id='word_1_161' title='bbox 1376 1271 1561 1327; x_wconf 81' lang='lat' dir='ltr'><strong>LXIV.</strong></span> 
     </span>
    </p>
   </div>
   <div class='ocr_carea' id='block_1_18' title="bbox 769 1378 1842 1446">
    <p class='ocr_par' dir='ltr' id='par_1_18' title="bbox 769 1378 1842 1446">
     <span class='ocr_line' id='line_1_18' title="bbox 769 1378 1842 1446; baseline 0.006 -14"><span class='ocrx_word' id='word_1_162' title='bbox 769 1378 844 1432; x_wconf 90' lang='lat' dir='ltr'><strong>De</strong></span> <span class='ocrx_word' id='word_1_163' title='bbox 880 1379 1026 1446; x_wconf 78' lang='lat' dir='ltr'><strong>ﬁdeli</strong></span> <span class='ocrx_word' id='word_1_164' title='bbox 1063 1382 1299 1436; x_wconf 77' lang='lat' dir='ltr'><strong>custodia</strong></span> <span class='ocrx_word' id='word_1_165' title='bbox 1333 1385 1595 1438; x_wconf 78' lang='lat' dir='ltr'><strong>commissi</strong></span> <span class='ocrx_word' id='word_1_166' title='bbox 1637 1385 1842 1438; x_wconf 85' lang='lat' dir='ltr'><strong>arcani.</strong></span> 
     </span>
    </p>
   </div>
   <div class='ocr_carea' id='block_1_19' title="bbox 592 1491 2088 1567">
    <p class='ocr_par' dir='ltr' id='par_1_19' title="bbox 592 1491 2088 1567">
     <span class='ocr_line' id='line_1_19' title="bbox 592 1491 2088 1567; baseline 0.005 -22"><span class='ocrx_word' id='word_1_167' title='bbox 592 1491 868 1546; x_wconf 78' lang='lat' dir='ltr'><strong>Arcanum</strong></span> <span class='ocrx_word' id='word_1_168' title='bbox 895 1493 1140 1563; x_wconf 82' lang='lat' dir='ltr'><strong>pectoris</strong></span> <span class='ocrx_word' id='word_1_169' title='bbox 1157 1495 1322 1551; x_wconf 89' lang='lat' dir='ltr'><strong>unius</strong></span> <span class='ocrx_word' id='word_1_170' title='bbox 1343 1497 1650 1567; x_wconf 89' lang='lat' dir='ltr'><strong>cujuspiam</strong></span> <span class='ocrx_word' id='word_1_171' title='bbox 1684 1496 1810 1552; x_wconf 91' lang='lat' dir='ltr'><strong>ﬁdei</strong></span> <span class='ocrx_word' id='word_1_172' title='bbox 1858 1512 2088 1552; x_wconf 87' lang='lat' dir='ltr'><strong>concre-</strong></span> 
     </span>
    </p>
   </div>
   <div class='ocr_carea' id='block_1_20' title="bbox 520 1584 2083 1657">
    <p class='ocr_par' dir='ltr' id='par_1_20' title="bbox 520 1584 2083 1657">
     <span class='ocr_line' id='line_1_20' title="bbox 520 1584 2083 1657; baseline 0.003 -18"><span class='ocrx_word' id='word_1_173' title='bbox 520 1584 676 1650; x_wconf 84' lang='lat' dir='ltr'><strong>dere,</strong></span> <span class='ocrx_word' id='word_1_174' title='bbox 701 1600 898 1640; x_wconf 90' lang='lat' dir='ltr'><strong>eorum</strong></span> <span class='ocrx_word' id='word_1_175' title='bbox 924 1596 1010 1642; x_wconf 88' lang='lat' dir='ltr'><strong>est</strong></span> <span class='ocrx_word' id='word_1_176' title='bbox 1029 1587 1124 1657; x_wconf 89' lang='lat' dir='ltr'><strong>qui</strong></span> <span class='ocrx_word' id='word_1_177' title='bbox 1162 1596 1290 1643; x_wconf 88' lang='lat' dir='ltr'><strong>sunt</strong></span> <span class='ocrx_word' id='word_1_178' title='bbox 1319 1588 1497 1643; x_wconf 89' lang='lat' dir='ltr'><strong>intimi</strong></span> <span class='ocrx_word' id='word_1_179' title='bbox 1526 1599 1583 1644; x_wconf 89' lang='lat' dir='ltr'><strong>et</strong></span> <span class='ocrx_word' id='word_1_180' title='bbox 1611 1589 1912 1644; x_wconf 86' lang='lat' dir='ltr'><strong>domestice</strong></span> <span class='ocrx_word' id='word_1_181' title='bbox 1944 1591 2083 1654; x_wconf 91' lang='lat' dir='ltr'><strong>noti,</strong></span> 
     </span>
    </p>
   </div>
   <div class='ocr_carea' id='block_1_21' title="bbox 521 1674 2088 1744">
    <p class='ocr_par' dir='ltr' id='par_1_21' title="bbox 521 1674 2088 1744">
     <span class='ocr_line' id='line_1_21' title="bbox 521 1674 2088 1744; baseline 0.004 -15"><span class='ocrx_word' id='word_1_182' title='bbox 521 1674 627 1730; x_wconf 90' lang='lat' dir='ltr'><strong>hoc</strong></span> <span class='ocrx_word' id='word_1_183' title='bbox 647 1685 754 1740; x_wconf 87' lang='lat' dir='ltr'><strong>est,</strong></span> <span class='ocrx_word' id='word_1_184' title='bbox 781 1690 920 1744; x_wconf 90' lang='lat' dir='ltr'><strong>quos</strong></span> <span class='ocrx_word' id='word_1_185' title='bbox 945 1677 1178 1732; x_wconf 67' lang='lat' dir='ltr'><strong>sincerae</strong></span> <span class='ocrx_word' id='word_1_186' title='bbox 1199 1678 1451 1734; x_wconf 82' lang='lat' dir='ltr'><strong>veritatis</strong></span> <span class='ocrx_word' id='word_1_187' title='bbox 1480 1693 1545 1735; x_wconf 88' lang='lat' dir='ltr'><strong>ac</strong></span> <span class='ocrx_word' id='word_1_188' title='bbox 1590 1678 1718 1734; x_wconf 90' lang='lat' dir='ltr'><strong>ﬁdei</strong></span> <span class='ocrx_word' id='word_1_189' title='bbox 1771 1680 2088 1735; x_wconf 82' lang='lat' dir='ltr'><strong>indelibatae</strong></span> 
     </span>
    </p>
   </div>
   <div class='ocr_carea' id='block_1_22' title="bbox 521 1749 2087 1840">
    <p class='ocr_par' dir='ltr' id='par_1_22' title="bbox 521 1749 2087 1840">
     <span class='ocr_line' id='line_1_22' title="bbox 521 1749 2087 1840; baseline 0 -16"><span class='ocrx_word' id='word_1_190' title='bbox 521 1766 871 1825; x_wconf 82' lang='lat' dir='ltr'><strong>commendat</strong></span> <span class='ocrx_word' id='word_1_191' title='bbox 889 1749 1199 1838; x_wconf 86' lang='lat' dir='ltr'><strong>integritas,</strong></span> <span class='ocrx_word' id='word_1_192' title='bbox 1229 1783 1341 1823; x_wconf 92' lang='lat' dir='ltr'><strong>non</strong></span> <span class='ocrx_word' id='word_1_193' title='bbox 1368 1769 1498 1824; x_wconf 88' lang='lat' dir='ltr'><strong>item</strong></span> <span class='ocrx_word' id='word_1_194' title='bbox 1533 1785 1724 1824; x_wconf 92' lang='lat' dir='ltr'><strong>eorum</strong></span> <span class='ocrx_word' id='word_1_195' title='bbox 1754 1771 1847 1840; x_wconf 91' lang='lat' dir='ltr'><strong>qui</strong></span> <span class='ocrx_word' id='word_1_196' title='bbox 1873 1772 2087 1824; x_wconf 82' lang='lat' dir='ltr'><strong>externi</strong></span> 
     </span>
    </p>
   </div>
   <div class='ocr_carea' id='block_1_23' title="bbox 2794 1273 3150 1328">
    <p class='ocr_par' dir='ltr' id='par_1_23' title="bbox 2794 1273 3150 1328">
     <span class='ocr_line' id='line_1_23' title="bbox 2794 1273 3150 1328; baseline -0.006 0"><span class='ocrx_word' id='word_1_197' title='bbox 2794 1274 3011 1328; x_wconf 78' lang='grc' dir='ltr'><strong>ΛΟΓΟΣ</strong></span> <span class='ocrx_word' id='word_1_198' title='bbox 3036 1273 3150 1326; x_wconf 80' lang='grc' dir='ltr'><strong>ΞΔ’.</strong></span> 
     </span>
    </p>
   </div>
   <div class='ocr_carea' id='block_1_24' title="bbox 2435 1385 3493 1456">
    <p class='ocr_par' dir='ltr' id='par_1_24' title="bbox 2435 1385 3493 1456">
     <span class='ocr_line' id='line_1_24' title="bbox 2435 1385 3493 1456; baseline -0.001 -16"><span class='ocrx_word' id='word_1_199' title='bbox 2435 1437 2438 1440; x_wconf 9' lang='grc' dir='ltr'><strong>ι</strong></span> <span class='ocrx_word' id='word_1_200' title='bbox 2464 1387 2602 1456; x_wconf 77' lang='grc' dir='ltr'>Περί</span> <span class='ocrx_word' id='word_1_201' title='bbox 2639 1387 2746 1442; x_wconf 82' lang='grc' dir='ltr'>τοῦ</span> <span class='ocrx_word' id='word_1_202' title='bbox 2768 1387 3114 1456; x_wconf 73' lang='grc' dir='ltr'><em>φυλάσσειν</em></span> <span class='ocrx_word' id='word_1_203' title='bbox 3134 1385 3493 1454; x_wconf 77' lang='grc' dir='ltr'>μυστήριον.</span> 
     </span>
    </p>
   </div>
   <div class='ocr_carea' id='block_1_25' title="bbox 2267 1497 3743 1571">
    <p class='ocr_par' dir='ltr' id='par_1_25' title="bbox 2267 1497 3743 1571">
     <span class='ocr_line' id='line_1_25' title="bbox 2267 1497 3743 1571; baseline 0.001 -16"><span class='ocrx_word' id='word_1_204' title='bbox 2267 1500 2340 1555; x_wconf 84' lang='grc' dir='ltr'><strong>Τὸ</strong></span> <span class='ocrx_word' id='word_1_205' title='bbox 2386 1499 2711 1571; x_wconf 78' lang='grc' dir='ltr'>Θαρῤεἶσθαι</span> <span class='ocrx_word' id='word_1_206' title='bbox 2738 1499 3057 1568; x_wconf 83' lang='grc' dir='ltr'>μυστήριον,</span> <span class='ocrx_word' id='word_1_207' title='bbox 3103 1497 3213 1550; x_wconf 82' lang='grc' dir='ltr'>τῶν</span> <span class='ocrx_word' id='word_1_208' title='bbox 3253 1497 3365 1552; x_wconf 75' lang='grc' dir='ltr'>ἔσω</span> <span class='ocrx_word' id='word_1_209' title='bbox 3412 1501 3578 1564; x_wconf 72' lang='grc' dir='ltr'>ἐστὶν,</span> <span class='ocrx_word' id='word_1_210' title='bbox 3614 1517 3743 1556; x_wconf 75' lang='grc' dir='ltr'>τουτ-</span> 
     </span>
    </p>
   </div>
   <div class='ocr_carea' id='block_1_26' title="bbox 2194 1589 3739 1660">
    <p class='ocr_par' dir='ltr' id='par_1_26' title="bbox 2194 1589 3739 1660">
     <span class='ocr_line' id='line_1_26' title="bbox 2194 1589 3739 1660; baseline 0.003 -17"><span class='ocrx_word' id='word_1_211' title='bbox 2194 1594 2365 1652; x_wconf 79' lang='grc' dir='ltr'>έστιν,</span> <span class='ocrx_word' id='word_1_212' title='bbox 2423 1591 2532 1644; x_wconf 85' lang='grc' dir='ltr'>τῶν</span> <span class='ocrx_word' id='word_1_213' title='bbox 2559 1592 2801 1659; x_wconf 76' lang='grc' dir='ltr'><strong>γνησίων</strong></span> <span class='ocrx_word' id='word_1_214' title='bbox 2845 1591 2938 1644; x_wconf 81' lang='grc' dir='ltr'><strong>καὶ</strong></span> <span class='ocrx_word' id='word_1_215' title='bbox 2969 1589 3196 1652; x_wconf 79' lang='grc' dir='ltr'><strong>πιστῶν,</strong></span> <span class='ocrx_word' id='word_1_216' title='bbox 3248 1591 3369 1660; x_wconf 77' lang='grc' dir='ltr'>οὐχὶ</span> <span class='ocrx_word' id='word_1_217' title='bbox 3414 1591 3472 1643; x_wconf 81' lang='grc' dir='ltr'>δὲ</span> <span class='ocrx_word' id='word_1_218' title='bbox 3507 1591 3612 1644; x_wconf 85' lang='grc' dir='ltr'>τῶν</span> <span class='ocrx_word' id='word_1_219' title='bbox 3634 1593 3739 1657; x_wconf 72' lang='grc' dir='ltr'>ἔξω.</span> 
     </span>
    </p>
   </div>
   <div class='ocr_carea' id='block_1_27' title="bbox 2201 1679 3743 1753">
    <p class='ocr_par' dir='ltr' id='par_1_27' title="bbox 2201 1679 3743 1753">
     <span class='ocr_line' id='line_1_27' title="bbox 2201 1679 3743 1753; baseline 0.003 -22"><span class='ocrx_word' id='word_1_220' title='bbox 2201 1700 2218 1731; x_wconf 87' lang='grc' dir='ltr'><strong>ι</strong></span> <span class='ocrx_word' id='word_1_221' title='bbox 2256 1679 2415 1750; x_wconf 79' lang='grc' dir='ltr'>Ὑμῖν</span> <span class='ocrx_word' id='word_1_222' title='bbox 2444 1680 2551 1748; x_wconf 80' lang='grc' dir='ltr'><strong>γὰρ</strong></span> <span class='ocrx_word' id='word_1_223' title='bbox 2581 1681 2810 1744; x_wconf 83' lang='grc' dir='ltr'>δέδοται,</span> <span class='ocrx_word' id='word_1_224' title='bbox 2843 1680 3008 1750; x_wconf 75' lang='grc' dir='ltr'>φησὶν</span> <span class='ocrx_word' id='word_1_225' title='bbox 3037 1679 3306 1749; x_wconf 79' lang='grc' dir='ltr'>δΚύριος,</span> <span class='ocrx_word' id='word_1_226' title='bbox 3338 1680 3540 1746; x_wconf 81' lang='grc' dir='ltr'>γνῶναι</span> <span class='ocrx_word' id='word_1_227' title='bbox 3562 1683 3626 1735; x_wconf 80' lang='grc' dir='ltr'>τὰ</span> <span class='ocrx_word' id='word_1_228' title='bbox 3657 1701 3743 1753; x_wconf 82' lang='grc' dir='ltr'>μυ-</span> 
     </span>
    </p>
   </div>
   <div class='ocr_carea' id='block_1_28' title="bbox 2197 1767 3741 1844">
    <p class='ocr_par' dir='ltr' id='par_1_28' title="bbox 2197 1767 3741 1844">
     <span class='ocr_line' id='line_1_28' title="bbox 2197 1767 3741 1844; baseline 0.001 -21"><span class='ocrx_word' id='word_1_229' title='bbox 2197 1773 2394 1841; x_wconf 83' lang='grc' dir='ltr'>στήρια</span> <span class='ocrx_word' id='word_1_230' title='bbox 2432 1772 2530 1840; x_wconf 81' lang='grc' dir='ltr'><strong>τῆς</strong></span> <span class='ocrx_word' id='word_1_231' title='bbox 2582 1771 2885 1840; x_wconf 79' lang='grc' dir='ltr'><strong>βασιλείας.</strong></span> <span class='ocrx_word' id='word_1_232' title='bbox 2926 1790 2945 1823; x_wconf 78' lang='grc' dir='ltr'><strong>ι</strong></span> <span class='ocrx_word' id='word_1_233' title='bbox 3008 1771 3135 1825; x_wconf 78' lang='grc' dir='ltr'><strong>Ἐὰν</strong></span> <span class='ocrx_word' id='word_1_234' title='bbox 3187 1767 3279 1825; x_wconf 76' lang='grc' dir='ltr'>οὖν</span> <span class='ocrx_word' id='word_1_235' title='bbox 3339 1772 3632 1842; x_wconf 66' lang='grc' dir='ltr'><strong>θαῤῥηθεὶς</strong></span> <span class='ocrx_word' id='word_1_236' title='bbox 3679 1779 3741 1844; x_wconf 74' lang='grc' dir='ltr'>μὴ</span> 
     </span>
    </p>
   </div>
   <div class='ocr_carea' id='block_1_29' title="bbox 517 1845 2083 1933">
    <p class='ocr_par' dir='ltr' id='par_1_29' title="bbox 517 1859 2083 1931">
     <span class='ocr_line' id='line_1_29' title="bbox 517 1859 2083 1931; baseline 0.003 -19"><span class='ocrx_word' id='word_1_237' title='bbox 517 1865 670 1917; x_wconf 85' lang='lat' dir='ltr'><strong>sunt.</strong></span> <span class='ocrx_word' id='word_1_238' title='bbox 690 1873 928 1928; x_wconf 87' lang='lat' dir='ltr'><strong>quorum</strong></span> <span class='ocrx_word' id='word_1_239' title='bbox 961 1859 1216 1914; x_wconf 78' lang='lat' dir='ltr'><strong>videlicet</strong></span> <span class='ocrx_word' id='word_1_240' title='bbox 1239 1859 1402 1915; x_wconf 91' lang='lat' dir='ltr'><strong>ﬁdem</strong></span> <span class='ocrx_word' id='word_1_241' title='bbox 1437 1861 1680 1915; x_wconf 92' lang='lat' dir='ltr'><strong>nondum</strong></span> <span class='ocrx_word' id='word_1_242' title='bbox 1711 1862 1882 1916; x_wconf 87' lang='lat' dir='ltr'><strong>habes</strong></span> <span class='ocrx_word' id='word_1_243' title='bbox 1903 1863 2083 1931; x_wconf 80' lang='lat' dir='ltr'><strong>explo-</strong></span> 
     </span>
    </p>
   </div>
   <div class='ocr_carea' id='block_1_30' title="bbox 2187 1845 3743 1933">
    <p class='ocr_par' dir='ltr' id='par_1_30' title="bbox 2194 1860 3743 1933">
     <span class='ocr_line' id='line_1_30' title="bbox 2194 1860 3743 1933; baseline 0.001 -20"><span class='ocrx_word' id='word_1_244' title='bbox 2194 1861 2424 1933; x_wconf 82' lang='grc' dir='ltr'>φυλάξῃ,</span> <span class='ocrx_word' id='word_1_245' title='bbox 2455 1861 2720 1932; x_wconf 79' lang='grc' dir='ltr'><strong>προδότης</strong></span> <span class='ocrx_word' id='word_1_246' title='bbox 2746 1861 2846 1930; x_wconf 79' lang='grc' dir='ltr'><strong>τῆς</strong></span> <span class='ocrx_word' id='word_1_247' title='bbox 2875 1860 3136 1931; x_wconf 84' lang='grc' dir='ltr'>ἀληθείας</span> <span class='ocrx_word' id='word_1_248' title='bbox 3163 1861 3413 1928; x_wconf 82' lang='grc' dir='ltr'>γέγονεν.</span> <span class='ocrx_word' id='word_1_249' title='bbox 3440 1861 3743 1928; x_wconf 80' lang='grc' dir='ltr'>’Δναγκαῖον</span> 
     </span>
    </p>
   </div>
   <div class='ocr_carea' id='block_1_31' title="bbox 517 1948 2088 2020">
    <p class='ocr_par' dir='ltr' id='par_1_31' title="bbox 517 1948 2088 2020">
     <span class='ocr_line' id='line_1_31' title="bbox 517 1948 2088 2020; baseline 0.004 -20"><span class='ocrx_word' id='word_1_250' title='bbox 517 1957 692 2002; x_wconf 91' lang='lat' dir='ltr'><strong>ratam</strong></span> <span class='ocrx_word' id='word_1_251' title='bbox 722 1965 738 2002; x_wconf 89' lang='lat'>:</span> <span class='ocrx_word' id='word_1_252' title='bbox 775 1967 796 2000; x_wconf 80' lang='grc' dir='ltr'><strong>ι</strong></span> <span class='ocrx_word' id='word_1_253' title='bbox 826 1948 995 2004; x_wconf 81' lang='lat' dir='ltr'><strong>Vobis</strong></span> <span class='ocrx_word' id='word_1_254' title='bbox 1032 1949 1179 2003; x_wconf 90' lang='lat' dir='ltr'><strong>enim</strong></span> <span class='ocrx_word' id='word_1_255' title='bbox 1205 1949 1394 2003; x_wconf 88' lang='lat' dir='ltr'><strong>datum</strong></span> <span class='ocrx_word' id='word_1_256' title='bbox 1426 1959 1512 2004; x_wconf 90' lang='lat' dir='ltr'><strong>est</strong></span> <span class='ocrx_word' id='word_1_257' title='bbox 1565 1965 1729 2006; x_wconf 89' lang='lat' dir='ltr'><strong>nosse</strong></span> <span class='ocrx_word' id='word_1_258' title='bbox 1762 1952 2088 2020; x_wconf 84' lang='lat' dir='ltr'><strong>mysterium</strong></span> 
     </span>
    </p>
   </div>
   <div class='ocr_carea' id='block_1_32' title="bbox 519 2039 2089 2111">
    <p class='ocr_par' dir='ltr' id='par_1_32' title="bbox 519 2039 2089 2111">
     <span class='ocr_line' id='line_1_32' title="bbox 519 2039 2089 2111; baseline 0.003 -19"><span class='ocrx_word' id='word_1_259' title='bbox 519 2039 671 2110; x_wconf 91' lang='lat' dir='ltr'><strong>regni</strong></span> <span class='ocrx_word' id='word_1_260' title='bbox 705 2041 771 2103; x_wconf 72' lang='grc'><strong>⁵⁸,</strong></span> <span class='ocrx_word' id='word_1_261' title='bbox 804 2059 823 2092; x_wconf 78' lang='grc' dir='ltr'><strong>ι</strong></span> <span class='ocrx_word' id='word_1_262' title='bbox 849 2039 926 2094; x_wconf 88' lang='lat' dir='ltr'><strong>ait</strong></span> <span class='ocrx_word' id='word_1_263' title='bbox 946 2041 1228 2095; x_wconf 90' lang='lat' dir='ltr'><strong>Dominus.</strong></span> <span class='ocrx_word' id='word_1_264' title='bbox 1260 2040 1364 2107; x_wconf 88' lang='lat' dir='ltr'><strong>Qui</strong></span> <span class='ocrx_word' id='word_1_265' title='bbox 1391 2040 1558 2111; x_wconf 84' lang='lat' dir='ltr'><strong>igitur</strong></span> <span class='ocrx_word' id='word_1_266' title='bbox 1589 2058 1702 2097; x_wconf 74' lang='lat' dir='ltr'><strong>sua:</strong></span> <span class='ocrx_word' id='word_1_267' title='bbox 1748 2042 1872 2097; x_wconf 84' lang='lat' dir='ltr'><strong>ﬁdei</strong></span> <span class='ocrx_word' id='word_1_268' title='bbox 1935 2059 2089 2097; x_wconf 88' lang='lat' dir='ltr'><strong>com-</strong></span> 
     </span>
    </p>
   </div>
   <div class='ocr_carea' id='block_1_33' title="bbox 517 2130 2086 2203">
    <p class='ocr_par' dir='ltr' id='par_1_33' title="bbox 517 2130 2086 2203">
     <span class='ocr_line' id='line_1_33' title="bbox 517 2130 2086 2203; baseline 0.003 -20"><span class='ocrx_word' id='word_1_269' title='bbox 517 2130 744 2185; x_wconf 91' lang='lat' dir='ltr'><strong>missum</strong></span> <span class='ocrx_word' id='word_1_270' title='bbox 800 2131 984 2186; x_wconf 84' lang='lat' dir='ltr'><strong>minus</strong></span> <span class='ocrx_word' id='word_1_271' title='bbox 1034 2131 1270 2185; x_wconf 88' lang='lat' dir='ltr'><strong>ﬁdeliter</strong></span> <span class='ocrx_word' id='word_1_272' title='bbox 1320 2132 1672 2197; x_wconf 88' lang='lat' dir='ltr'><strong>custodierit,</strong></span> <span class='ocrx_word' id='word_1_273' title='bbox 1703 2133 1956 2203; x_wconf 90' lang='lat' dir='ltr'><strong>proditor</strong></span> <span class='ocrx_word' id='word_1_274' title='bbox 1976 2134 2086 2203; x_wconf 89' lang='lat' dir='ltr'><strong>jam</strong></span> 
     </span>
    </p>
   </div>
   <div class='ocr_carea' id='block_1_34' title="bbox 516 2222 2088 2294">
    <p class='ocr_par' dir='ltr' id='par_1_34' title="bbox 516 2222 2088 2294">
     <span class='ocr_line' id='line_1_34' title="bbox 516 2222 2088 2294; baseline 0.003 -19"><span class='ocrx_word' id='word_1_275' title='bbox 516 2222 694 2277; x_wconf 79' lang='lat' dir='ltr'><strong>factus</strong></span> <span class='ocrx_word' id='word_1_276' title='bbox 711 2236 796 2278; x_wconf 89' lang='lat' dir='ltr'><strong>est</strong></span> <span class='ocrx_word' id='word_1_277' title='bbox 836 2223 1014 2293; x_wconf 81' lang='lat' dir='ltr'><strong>regni.</strong></span> <span class='ocrx_word' id='word_1_278' title='bbox 1038 2222 1181 2278; x_wconf 86' lang='lat' dir='ltr'><strong>Sane</strong></span> <span class='ocrx_word' id='word_1_279' title='bbox 1211 2224 1541 2294; x_wconf 87' lang='lat' dir='ltr'><strong>nimisquam</strong></span> <span class='ocrx_word' id='word_1_280' title='bbox 1590 2226 1966 2281; x_wconf 88' lang='lat' dir='ltr'><strong>necessarium</strong></span> <span class='ocrx_word' id='word_1_281' title='bbox 2017 2225 2088 2280; x_wconf 89' lang='lat' dir='ltr'><strong>sit</strong></span> 
     </span>
    </p>
   </div>
   <div class='ocr_carea' id='block_1_35' title="bbox 515 2314 2089 2389">
    <p class='ocr_par' dir='ltr' id='par_1_35' title="bbox 515 2314 2089 2389">
     <span class='ocr_line' id='line_1_35' title="bbox 515 2314 2089 2389; baseline 0.004 -23"><span class='ocrx_word' id='word_1_282' title='bbox 515 2314 664 2368; x_wconf 87' lang='lat' dir='ltr'><strong>omni</strong></span> <span class='ocrx_word' id='word_1_283' title='bbox 703 2329 826 2368; x_wconf 93' lang='lat' dir='ltr'><strong>cum</strong></span> <span class='ocrx_word' id='word_1_284' title='bbox 865 2315 1367 2386; x_wconf 86' lang='lat' dir='ltr'><strong>circumspectione</strong></span> <span class='ocrx_word' id='word_1_285' title='bbox 1417 2317 1716 2386; x_wconf 87' lang='lat' dir='ltr'><strong>providere</strong></span> <span class='ocrx_word' id='word_1_286' title='bbox 1749 2327 1822 2382; x_wconf 90' lang='lat' dir='ltr'><strong>te,</strong></span> <span class='ocrx_word' id='word_1_287' title='bbox 1872 2327 1934 2371; x_wconf 90' lang='lat' dir='ltr'><strong>ut</strong></span> <span class='ocrx_word' id='word_1_288' title='bbox 1973 2333 2089 2389; x_wconf 86' lang='lat' dir='ltr'><strong>my-</strong></span> 
     </span>
    </p>
   </div>
   <div class='ocr_carea' id='block_1_36' title="bbox 516 2407 2084 2474">
    <p class='ocr_par' dir='ltr' id='par_1_36' title="bbox 516 2407 2084 2474">
     <span class='ocr_line' id='line_1_36' title="bbox 516 2407 2084 2474; baseline 0.003 -14"><span class='ocrx_word' id='word_1_289' title='bbox 516 2407 745 2461; x_wconf 83' lang='lat' dir='ltr'><strong>sterium</strong></span> <span class='ocrx_word' id='word_1_290' title='bbox 785 2416 894 2464; x_wconf 59' lang='lat' dir='ltr'><strong>tua;</strong></span> <span class='ocrx_word' id='word_1_291' title='bbox 942 2408 1110 2464; x_wconf 89' lang='lat' dir='ltr'><strong>semel</strong></span> <span class='ocrx_word' id='word_1_292' title='bbox 1157 2408 1539 2464; x_wconf 87' lang='lat' dir='ltr'><strong>concreditum</strong></span> <span class='ocrx_word' id='word_1_293' title='bbox 1587 2409 1715 2465; x_wconf 89' lang='lat' dir='ltr'><strong>ﬁdei</strong></span> <span class='ocrx_word' id='word_1_294' title='bbox 1772 2411 2084 2474; x_wconf 87' lang='lat' dir='ltr'><strong>contineas,</strong></span> 
     </span>
    </p>
   </div>
   <div class='ocr_carea' id='block_1_37' title="bbox 515 2502 2085 2574">
    <p class='ocr_par' dir='ltr' id='par_1_37' title="bbox 515 2502 2085 2574">
     <span class='ocr_line' id='line_1_37' title="bbox 515 2502 2085 2574; baseline 0.003 -20"><span class='ocrx_word' id='word_1_295' title='bbox 515 2515 684 2569; x_wconf 89' lang='lat' dir='ltr'><strong>penes</strong></span> <span class='ocrx_word' id='word_1_296' title='bbox 707 2508 758 2555; x_wconf 93' lang='lat' dir='ltr'><strong>te</strong></span> <span class='ocrx_word' id='word_1_297' title='bbox 782 2515 1035 2555; x_wconf 86' lang='lat' dir='ltr'><strong>asserves</strong></span> <span class='ocrx_word' id='word_1_298' title='bbox 1057 2507 1113 2555; x_wconf 92' lang='lat' dir='ltr'><strong>et</strong></span> <span class='ocrx_word' id='word_1_299' title='bbox 1139 2516 1378 2570; x_wconf 85' lang='lat' dir='ltr'><strong>premas,</strong></span> <span class='ocrx_word' id='word_1_300' title='bbox 1411 2518 1481 2556; x_wconf 89' lang='lat' dir='ltr'><strong>ne</strong></span> <span class='ocrx_word' id='word_1_301' title='bbox 1505 2503 1552 2559; x_wconf 90' lang='lat' dir='ltr'><strong>is</strong></span> <span class='ocrx_word' id='word_1_302' title='bbox 1578 2502 1674 2572; x_wconf 88' lang='lat' dir='ltr'><strong>qui</strong></span> <span class='ocrx_word' id='word_1_303' title='bbox 1701 2503 1802 2558; x_wconf 89' lang='lat' dir='ltr'><strong>tibi</strong></span> <span class='ocrx_word' id='word_1_304' title='bbox 1827 2518 2085 2574; x_wconf 83' lang='lat' dir='ltr'><strong>germane</strong></span> 
     </span>
    </p>
   </div>
   <div class='ocr_carea' id='block_1_38' title="bbox 513 2592 2084 2664">
    <p class='ocr_par' dir='ltr' id='par_1_38' title="bbox 513 2592 2084 2664">
     <span class='ocr_line' id='line_1_38' title="bbox 513 2592 2084 2664; baseline 0 -14"><span class='ocrx_word' id='word_1_305' title='bbox 513 2592 724 2650; x_wconf 82' lang='lat' dir='ltr'><strong>amicus</strong></span> <span class='ocrx_word' id='word_1_306' title='bbox 744 2601 847 2657; x_wconf 90' lang='lat' dir='ltr'><strong>est,</strong></span> <span class='ocrx_word' id='word_1_307' title='bbox 873 2609 938 2648; x_wconf 80' lang='lat' dir='ltr'><strong>ex</strong></span> <span class='ocrx_word' id='word_1_308' title='bbox 963 2593 1142 2648; x_wconf 88' lang='lat' dir='ltr'><strong>amico</strong></span> <span class='ocrx_word' id='word_1_309' title='bbox 1161 2593 1422 2649; x_wconf 86' lang='lat' dir='ltr'><strong>inimicus</strong></span> <span class='ocrx_word' id='word_1_310' title='bbox 1440 2603 1756 2664; x_wconf 80' lang='lat' dir='ltr'><strong>perseveret</strong></span> <span class='ocrx_word' id='word_1_311' title='bbox 1801 2611 2084 2664; x_wconf 89' lang='lat' dir='ltr'><strong>nunquam</strong></span> 
     </span>
    </p>
   </div>
   <div class='ocr_carea' id='block_1_39' title="bbox 513 2683 2084 2757">
    <p class='ocr_par' dir='ltr' id='par_1_39' title="bbox 513 2683 2084 2757">
     <span class='ocr_line' id='line_1_39' title="bbox 513 2683 2084 2757; baseline 0.003 -19"><span class='ocrx_word' id='word_1_312' title='bbox 513 2683 893 2740; x_wconf 90' lang='lat' dir='ltr'><strong>conciliandus</strong></span> <span class='ocrx_word' id='word_1_313' title='bbox 934 2701 948 2738; x_wconf 92' lang='lat'><strong>:</strong></span> <span class='ocrx_word' id='word_1_314' title='bbox 980 2684 1445 2753; x_wconf 89' lang='lat' dir='ltr'><strong>quemadmodum</strong></span> <span class='ocrx_word' id='word_1_315' title='bbox 1471 2695 1528 2741; x_wconf 92' lang='lat' dir='ltr'><strong>et</strong></span> <span class='ocrx_word' id='word_1_316' title='bbox 1571 2686 1759 2742; x_wconf 88' lang='lat' dir='ltr'><strong>divina</strong></span> <span class='ocrx_word' id='word_1_317' title='bbox 1793 2686 2084 2757; x_wconf 85' lang='lat' dir='ltr'><strong>Scriptura</strong></span> 
     </span>
    </p>
   </div>
   <div class='ocr_carea' id='block_1_40' title="bbox 513 2775 2085 2845">
    <p class='ocr_par' dir='ltr' id='par_1_40' title="bbox 513 2775 2085 2845">
     <span class='ocr_line' id='line_1_40' title="bbox 513 2775 2085 2845; baseline 0.001 -15"><span class='ocrx_word' id='word_1_318' title='bbox 513 2775 756 2830; x_wconf 88' lang='lat' dir='ltr'><strong>doctrice</strong></span> <span class='ocrx_word' id='word_1_319' title='bbox 803 2775 1112 2836; x_wconf 88' lang='lat' dir='ltr'><strong>erudimur,</strong></span> <span class='ocrx_word' id='word_1_320' title='bbox 1143 2792 1265 2845; x_wconf 77' lang='lat' dir='ltr'><strong>quae</strong></span> <span class='ocrx_word' id='word_1_321' title='bbox 1292 2784 1349 2832; x_wconf 88' lang='lat' dir='ltr'><strong>et</strong></span> <span class='ocrx_word' id='word_1_322' title='bbox 1407 2775 1572 2832; x_wconf 88' lang='lat' dir='ltr'><strong>docet</strong></span> <span class='ocrx_word' id='word_1_323' title='bbox 1618 2787 1893 2833; x_wconf 81' lang='lat' dir='ltr'><strong>secretum</strong></span> <span class='ocrx_word' id='word_1_324' title='bbox 1928 2778 2085 2832; x_wconf 91' lang='lat' dir='ltr'><strong>nullo</strong></span> 
     </span>
    </p>
   </div>
   <div class='ocr_carea' id='block_1_41' title="bbox 514 2864 2082 2936">
    <p class='ocr_par' dir='ltr' id='par_1_41' title="bbox 514 2864 2082 2936">
     <span class='ocr_line' id='line_1_41' title="bbox 514 2864 2082 2936; baseline 0.003 -18"><span class='ocrx_word' id='word_1_325' title='bbox 514 2873 676 2935; x_wconf 86' lang='lat' dir='ltr'><strong>pacto</strong></span> <span class='ocrx_word' id='word_1_326' title='bbox 695 2864 1084 2936; x_wconf 85' lang='lat' dir='ltr'><strong>evulgandum.</strong></span> <span class='ocrx_word' id='word_1_327' title='bbox 1107 2866 1250 2922; x_wconf 89' lang='lat' dir='ltr'><strong>Dicit</strong></span> <span class='ocrx_word' id='word_1_328' title='bbox 1277 2868 1426 2922; x_wconf 91' lang='lat' dir='ltr'><strong>enim</strong></span> <span class='ocrx_word' id='word_1_329' title='bbox 1453 2868 1844 2924; x_wconf 68' lang='lat' dir='ltr'><strong>Parwmiastes</strong></span> <span class='ocrx_word' id='word_1_330' title='bbox 1876 2885 1889 2922; x_wconf 88' lang='lat'><strong>:</strong></span> <span class='ocrx_word' id='word_1_331' title='bbox 1925 2887 1944 2919; x_wconf 80' lang='grc' dir='ltr'><strong>ι</strong></span> <span class='ocrx_word' id='word_1_332' title='bbox 1978 2867 2082 2934; x_wconf 87' lang='lat' dir='ltr'><strong>Qui</strong></span> 
     </span>
    </p>
   </div>
   <div class='ocr_carea' id='block_1_42' title="bbox 513 2956 2084 3029">
    <p class='ocr_par' dir='ltr' id='par_1_42' title="bbox 513 2956 2084 3029">
     <span class='ocr_line' id='line_1_42' title="bbox 513 2956 2084 3029; baseline 0.003 -20"><span class='ocrx_word' id='word_1_333' title='bbox 513 2956 659 3011; x_wconf 80' lang='lat' dir='ltr'><strong>celat</strong></span> <span class='ocrx_word' id='word_1_334' title='bbox 687 2956 968 3024; x_wconf 74' lang='lat' dir='ltr'><strong>iniuriam,</strong></span> <span class='ocrx_word' id='word_1_335' title='bbox 1007 2958 1205 3028; x_wconf 65' lang='lat' dir='ltr'><strong>quaerit</strong></span> <span class='ocrx_word' id='word_1_336' title='bbox 1241 2959 1576 3025; x_wconf 87' lang='lat' dir='ltr'><strong>amicitiam;</strong></span> <span class='ocrx_word' id='word_1_337' title='bbox 1609 2959 1705 3029; x_wconf 92' lang='lat' dir='ltr'><strong>qui</strong></span> <span class='ocrx_word' id='word_1_338' title='bbox 1749 2971 1935 3013; x_wconf 91' lang='lat' dir='ltr'><strong>autem</strong></span> <span class='ocrx_word' id='word_1_339' title='bbox 1992 2975 2084 3014; x_wconf 88' lang='lat' dir='ltr'><strong>re-</strong></span> 
     </span>
    </p>
   </div>
   <div class='ocr_carea' id='block_1_43' title="bbox 515 3047 2084 3112">
    <p class='ocr_par' dir='ltr' id='par_1_43' title="bbox 515 3047 2084 3112">
     <span class='ocr_line' id='line_1_43' title="bbox 515 3047 2084 3112; baseline -0.003 -5"><span class='ocrx_word' id='word_1_340' title='bbox 515 3047 638 3107; x_wconf 85' lang='lat' dir='ltr'><strong>nuit</strong></span> <span class='ocrx_word' id='word_1_341' title='bbox 666 3047 867 3112; x_wconf 88' lang='lat' dir='ltr'><strong>celare,</strong></span> <span class='ocrx_word' id='word_1_342' title='bbox 903 3048 1164 3104; x_wconf 86' lang='lat' dir='ltr'><strong>dissociat</strong></span> <span class='ocrx_word' id='word_1_343' title='bbox 1193 3049 1401 3104; x_wconf 86' lang='lat' dir='ltr'><strong>amicos</strong></span> <span class='ocrx_word' id='word_1_344' title='bbox 1427 3057 1484 3104; x_wconf 89' lang='lat' dir='ltr'><strong>et</strong></span> <span class='ocrx_word' id='word_1_345' title='bbox 1515 3049 1848 3104; x_wconf 87' lang='lat' dir='ltr'><strong>domesticos</strong></span> <span class='ocrx_word' id='word_1_346' title='bbox 1868 3050 1934 3103; x_wconf 68' lang='grc' dir='ltr'><strong>δ’.</strong></span> <span class='ocrx_word' id='word_1_347' title='bbox 1969 3049 2084 3104; x_wconf 82' lang='lat' dir='ltr'><strong>Au-</strong></span> 
     </span>
    </p>
   </div>
   <div class='ocr_carea' id='block_1_44' title="bbox 2191 1950 3740 2024">
    <p class='ocr_par' dir='ltr' id='par_1_44' title="bbox 2191 1950 3740 2024">
     <span class='ocr_line' id='line_1_44' title="bbox 2191 1950 3740 2024; baseline 0.001 -18"><span class='ocrx_word' id='word_1_348' title='bbox 2191 1950 2284 2007; x_wconf 78' lang='lat' dir='ltr'><strong>06v</strong></span> <span class='ocrx_word' id='word_1_349' title='bbox 2314 1955 2460 2006; x_wconf 78' lang='grc' dir='ltr'>ἐστιν</span> <span class='ocrx_word' id='word_1_350' title='bbox 2494 1954 2656 2020; x_wconf 71' lang='grc' dir='ltr'>ἄγαν,</span> <span class='ocrx_word' id='word_1_351' title='bbox 2713 1953 2860 2024; x_wconf 81' lang='grc' dir='ltr'>πάσῃ</span> <span class='ocrx_word' id='word_1_352' title='bbox 2915 1952 3132 2022; x_wconf 77' lang='grc' dir='ltr'>φυλακῇ</span> <span class='ocrx_word' id='word_1_353' title='bbox 3191 1953 3618 2020; x_wconf 83' lang='grc' dir='ltr'>ὲγκρατεύεσθαι</span> <span class='ocrx_word' id='word_1_354' title='bbox 3664 1957 3740 2008; x_wconf 68' lang='grc' dir='ltr'><strong>καὶ</strong></span> 
     </span>
    </p>
   </div>
   <div class='ocr_carea' id='block_1_45' title="bbox 2195 2042 3740 2113">
    <p class='ocr_par' dir='ltr' id='par_1_45' title="bbox 2195 2042 3740 2113">
     <span class='ocr_line' id='line_1_45' title="bbox 2195 2042 3740 2113; baseline 0.001 -17"><span class='ocrx_word' id='word_1_355' title='bbox 2195 2047 2386 2111; x_wconf 84' lang='grc' dir='ltr'>τηρεῖν</span> <span class='ocrx_word' id='word_1_356' title='bbox 2409 2044 2470 2096; x_wconf 83' lang='grc' dir='ltr'>τὺ</span> <span class='ocrx_word' id='word_1_357' title='bbox 2499 2043 2679 2112; x_wconf 69' lang='grc' dir='ltr'>ἑαυτῷ</span> <span class='ocrx_word' id='word_1_358' title='bbox 2712 2042 2982 2113; x_wconf 75' lang='grc' dir='ltr'><strong>Θαῤῥηθὲν</strong></span> <span class='ocrx_word' id='word_1_359' title='bbox 3016 2044 3334 2112; x_wconf 80' lang='grc' dir='ltr'>μυστήριον,</span> <span class='ocrx_word' id='word_1_360' title='bbox 3376 2043 3468 2095; x_wconf 80' lang='grc' dir='ltr'>ἵνα</span> <span class='ocrx_word' id='word_1_361' title='bbox 3511 2043 3583 2112; x_wconf 81' lang='grc' dir='ltr'><strong>μὴ</strong></span> <span class='ocrx_word' id='word_1_362' title='bbox 3614 2045 3740 2098; x_wconf 77' lang='grc' dir='ltr'>καὶό</span> 
     </span>
    </p>
   </div>
   <div class='ocr_carea' id='block_1_46' title="bbox 2190 2133 3739 2206">
    <p class='ocr_par' dir='ltr' id='par_1_46' title="bbox 2190 2133 3739 2206">
     <span class='ocr_line' id='line_1_46' title="bbox 2190 2133 3739 2206; baseline 0 -19"><span class='ocrx_word' id='word_1_363' title='bbox 2190 2137 2413 2206; x_wconf 83' lang='grc' dir='ltr'>γνήσιος</span> <span class='ocrx_word' id='word_1_364' title='bbox 2445 2135 2611 2188; x_wconf 84' lang='grc' dir='ltr'>αὑτοῦ</span> <span class='ocrx_word' id='word_1_365' title='bbox 2651 2135 2823 2202; x_wconf 84' lang='grc' dir='ltr'>φίλος,</span> <span class='ocrx_word' id='word_1_366' title='bbox 2855 2133 3209 2197; x_wconf 71' lang='grc' dir='ltr'><strong>ἀδιάλλακτος</strong></span> <span class='ocrx_word' id='word_1_367' title='bbox 3238 2133 3405 2186; x_wconf 79' lang='grc' dir='ltr'>αὐτοῦ</span> <span class='ocrx_word' id='word_1_368' title='bbox 3439 2134 3624 2204; x_wconf 72' lang='grc' dir='ltr'><strong>ἐχθρὸς</strong></span> <span class='ocrx_word' id='word_1_369' title='bbox 3643 2134 3739 2187; x_wconf 81' lang='grc' dir='ltr'>δια-</span> 
     </span>
    </p>
   </div>
   <div class='ocr_carea' id='block_1_47' title="bbox 2193 2222 3740 2294">
    <p class='ocr_par' dir='ltr' id='par_1_47' title="bbox 2193 2222 3740 2294">
     <span class='ocr_line' id='line_1_47' title="bbox 2193 2222 3740 2294; baseline 0.001 -19"><span class='ocrx_word' id='word_1_370' title='bbox 2193 2223 2373 2294; x_wconf 82' lang='grc' dir='ltr'>μείνῃ,</span> <span class='ocrx_word' id='word_1_371' title='bbox 2414 2222 2592 2286; x_wconf 84' lang='grc' dir='ltr'>καθὼς</span> <span class='ocrx_word' id='word_1_372' title='bbox 2625 2224 2722 2276; x_wconf 72' lang='grc' dir='ltr'><strong>καὶ</strong></span> <span class='ocrx_word' id='word_1_373' title='bbox 2754 2223 2862 2276; x_wconf 83' lang='grc' dir='ltr'><strong>ὑπὸ</strong></span> <span class='ocrx_word' id='word_1_374' title='bbox 2899 2223 2998 2291; x_wconf 80' lang='grc' dir='ltr'><strong>τῆς</strong></span> <span class='ocrx_word' id='word_1_375' title='bbox 3051 2223 3204 2286; x_wconf 82' lang='grc' dir='ltr'><strong>θείας</strong></span> <span class='ocrx_word' id='word_1_376' title='bbox 3251 2225 3478 2294; x_wconf 80' lang='grc' dir='ltr'>Γραφῆς</span> <span class='ocrx_word' id='word_1_377' title='bbox 3516 2226 3740 2278; x_wconf 79' lang='grc' dir='ltr'>παιδευό-</span> 
     </span>
    </p>
   </div>
   <div class='ocr_carea' id='block_1_48' title="bbox 2193 2313 3738 2386">
    <p class='ocr_par' dir='ltr' id='par_1_48' title="bbox 2193 2313 3738 2386">
     <span class='ocr_line' id='line_1_48' title="bbox 2193 2313 3738 2386; baseline -0.001 -18"><span class='ocrx_word' id='word_1_378' title='bbox 2193 2314 2350 2386; x_wconf 87' lang='grc' dir='ltr'>μεθα,</span> <span class='ocrx_word' id='word_1_379' title='bbox 2390 2315 2518 2385; x_wconf 76' lang='grc' dir='ltr'>περὶ</span> <span class='ocrx_word' id='word_1_380' title='bbox 2546 2313 2640 2367; x_wconf 80' lang='grc' dir='ltr'>τοῦ</span> <span class='ocrx_word' id='word_1_381' title='bbox 2673 2314 2747 2385; x_wconf 85' lang='grc' dir='ltr'>μὴ</span> <span class='ocrx_word' id='word_1_382' title='bbox 2777 2313 3056 2381; x_wconf 83' lang='grc' dir='ltr'><strong>ἐκφαίνειν</strong></span> <span class='ocrx_word' id='word_1_383' title='bbox 3095 2315 3422 2384; x_wconf 77' lang='grc' dir='ltr'>μυστήριον.</span> <span class='ocrx_word' id='word_1_384' title='bbox 3460 2314 3614 2381; x_wconf 81' lang='grc' dir='ltr'><strong>Λέγει</strong></span> <span class='ocrx_word' id='word_1_385' title='bbox 3649 2315 3738 2383; x_wconf 83' lang='grc' dir='ltr'><strong>γὰρ</strong></span> 
     </span>
    </p>
   </div>
   <div class='ocr_carea' id='block_1_49' title="bbox 2186 2403 3740 2476">
    <p class='ocr_par' dir='ltr' id='par_1_49' title="bbox 2186 2403 3740 2476">
     <span class='ocr_line' id='line_1_49' title="bbox 2186 2403 3740 2476; baseline -0.003 -15"><span class='ocrx_word' id='word_1_386' title='bbox 2186 2409 2215 2461; x_wconf 88' lang='lat'><em>6</em></span> <span class='ocrx_word' id='word_1_387' title='bbox 2244 2403 2673 2476; x_wconf 80' lang='grc' dir='ltr'>Παροιμιαστής,</span> <span class='ocrx_word' id='word_1_388' title='bbox 2689 2405 2771 2458; x_wconf 77' lang='grc' dir='ltr'><strong>ὅτι</strong></span> <span class='ocrx_word' id='word_1_389' title='bbox 2797 2424 2812 2454; x_wconf 83' lang='grc' dir='ltr'><strong>ι</strong></span> <span class='ocrx_word' id='word_1_390' title='bbox 2831 2407 2934 2467; x_wconf 62' lang='lat' dir='ltr'><strong>“Or;</strong></span> <span class='ocrx_word' id='word_1_391' title='bbox 2953 2404 3188 2475; x_wconf 80' lang='grc' dir='ltr'><strong>κρύπτει</strong></span> <span class='ocrx_word' id='word_1_392' title='bbox 3218 2405 3487 2474; x_wconf 83' lang='grc' dir='ltr'>ἀδίκημα,</span> <span class='ocrx_word' id='word_1_393' title='bbox 3506 2406 3650 2473; x_wconf 81' lang='grc' dir='ltr'><strong>ζητεί</strong></span> <span class='ocrx_word' id='word_1_394' title='bbox 3671 2424 3740 2472; x_wconf 68' lang='grc' dir='ltr'>φι-</span> 
     </span>
    </p>
   </div>
   <div class='ocr_carea' id='block_1_50' title="bbox 2186 2496 3739 2568">
    <p class='ocr_par' dir='ltr' id='par_1_50' title="bbox 2186 2496 3739 2568">
     <span class='ocr_line' id='line_1_50' title="bbox 2186 2496 3739 2568; baseline -0.001 -16"><span class='ocrx_word' id='word_1_395' title='bbox 2186 2499 2338 2552; x_wconf 83' lang='grc' dir='ltr'>λίαν’</span> <span class='ocrx_word' id='word_1_396' title='bbox 2375 2497 2432 2561; x_wconf 78' lang='grc' dir='ltr'><strong>ὃς</strong></span> <span class='ocrx_word' id='word_1_397' title='bbox 2475 2498 2532 2551; x_wconf 81' lang='grc' dir='ltr'>δὲ</span> <span class='ocrx_word' id='word_1_398' title='bbox 2591 2500 2740 2567; x_wconf 90' lang='grc' dir='ltr'>μισεῖ</span> <span class='ocrx_word' id='word_1_399' title='bbox 2779 2498 3076 2568; x_wconf 82' lang='grc' dir='ltr'>κρύπτειν,</span> <span class='ocrx_word' id='word_1_400' title='bbox 3129 2496 3402 2565; x_wconf 79' lang='grc' dir='ltr'>διίστησιν</span> <span class='ocrx_word' id='word_1_401' title='bbox 3447 2497 3627 2565; x_wconf 78' lang='grc' dir='ltr'>φίλους</span> <span class='ocrx_word' id='word_1_402' title='bbox 3662 2500 3739 2550; x_wconf 80' lang='grc' dir='ltr'>καὶ</span> 
     </span>
    </p>
   </div>
   <div class='ocr_carea' id='block_1_51' title="bbox 2184 2585 3739 2656">
    <p class='ocr_par' dir='ltr' id='par_1_51' title="bbox 2184 2585 3739 2656">
     <span class='ocr_line' id='line_1_51' title="bbox 2184 2585 3739 2656; baseline -0.003 -15"><span class='ocrx_word' id='word_1_403' title='bbox 2184 2587 2439 2649; x_wconf 84' lang='grc' dir='ltr'>οίκείους.</span> <span class='ocrx_word' id='word_1_404' title='bbox 2471 2605 2489 2638; x_wconf 77' lang='grc' dir='ltr'><strong>ι</strong></span> <span class='ocrx_word' id='word_1_405' title='bbox 2520 2587 2632 2639; x_wconf 82' lang='grc' dir='ltr'>Καὶ</span> <span class='ocrx_word' id='word_1_406' title='bbox 2650 2585 2829 2650; x_wconf 76' lang='grc' dir='ltr'>ἄλλος,</span> <span class='ocrx_word' id='word_1_407' title='bbox 2857 2603 2876 2636; x_wconf 81' lang='grc' dir='ltr'><strong>ι</strong></span> <span class='ocrx_word' id='word_1_408' title='bbox 2903 2586 3170 2655; x_wconf 84' lang='grc' dir='ltr'>Ἀκήκοας</span> <span class='ocrx_word' id='word_1_409' title='bbox 3201 2585 3380 2652; x_wconf 82' lang='grc' dir='ltr'>λόγον,</span> <span class='ocrx_word' id='word_1_410' title='bbox 3423 2586 3604 2656; x_wconf 76' lang='grc' dir='ltr'>φησὶν,</span> <span class='ocrx_word' id='word_1_411' title='bbox 3636 2603 3739 2638; x_wconf 84' lang='grc' dir='ltr'><strong>συν-</strong></span> 
     </span>
    </p>
   </div>
   <div class='ocr_carea' id='block_1_52' title="bbox 2185 2677 3738 2748">
    <p class='ocr_par' dir='ltr' id='par_1_52' title="bbox 2185 2677 3738 2748">
     <span class='ocr_line' id='line_1_52' title="bbox 2185 2677 3738 2748; baseline -0.001 -15"><span class='ocrx_word' id='word_1_412' title='bbox 2185 2678 2504 2733; x_wconf 82' lang='grc' dir='ltr'>αποθανέτω</span> <span class='ocrx_word' id='word_1_413' title='bbox 2549 2693 2663 2731; x_wconf 88' lang='grc' dir='ltr'>σοι·</span> <span class='ocrx_word' id='word_1_414' title='bbox 2715 2679 2744 2730; x_wconf 97' lang='lat'><em>6</em></span> <span class='ocrx_word' id='word_1_415' title='bbox 2791 2677 2900 2748; x_wconf 80' lang='grc' dir='ltr'><strong>γὰρ</strong></span> <span class='ocrx_word' id='word_1_416' title='bbox 2955 2677 3362 2731; x_wconf 84' lang='grc' dir='ltr'><strong>ἀποκαλύπτων</strong></span> <span class='ocrx_word' id='word_1_417' title='bbox 3445 2679 3738 2748; x_wconf 78' lang='grc' dir='ltr'>μυστήριον,</span> 
     </span>
    </p>
   </div>
   <div class='ocr_carea' id='block_1_53' title="bbox 2141 2765 3739 2838">
    <p class='ocr_par' dir='ltr' id='par_1_53' title="bbox 2141 2765 3739 2838">
     <span class='ocr_line' id='line_1_53' title="bbox 2141 2765 3739 2838; baseline -0.003 -13"><span class='ocrx_word' id='word_1_418' title='bbox 2141 2766 2152 2780; x_wconf 87' lang='grc'><strong>”</strong></span> <span class='ocrx_word' id='word_1_419' title='bbox 2184 2771 2375 2827; x_wconf 80' lang='grc' dir='ltr'>ἀπολεῖ</span> <span class='ocrx_word' id='word_1_420' title='bbox 2403 2769 2607 2823; x_wconf 90' lang='grc' dir='ltr'>πίστιν.</span> <span class='ocrx_word' id='word_1_421' title='bbox 2647 2790 2664 2821; x_wconf 82' lang='grc' dir='ltr'><strong>ι</strong></span> <span class='ocrx_word' id='word_1_422' title='bbox 2709 2770 2821 2823; x_wconf 77' lang='grc' dir='ltr'>Καὶ</span> <span class='ocrx_word' id='word_1_423' title='bbox 2853 2765 3030 2834; x_wconf 77' lang='grc' dir='ltr'>αὖθις,</span> <span class='ocrx_word' id='word_1_424' title='bbox 3065 2788 3084 2820; x_wconf 80' lang='grc' dir='ltr'><strong>ι</strong></span> <span class='ocrx_word' id='word_1_425' title='bbox 3118 2768 3242 2820; x_wconf 76' lang='grc' dir='ltr'><strong>Ἐὰν</strong></span> <span class='ocrx_word' id='word_1_426' title='bbox 3275 2767 3628 2838; x_wconf 75' lang='grc' dir='ltr'>ἁποκαλύψῃς</span> <span class='ocrx_word' id='word_1_427' title='bbox 3654 2787 3739 2838; x_wconf 84' lang='grc' dir='ltr'>μν-</span> 
     </span>
    </p>
   </div>
   <div class='ocr_carea' id='block_1_54' title="bbox 2187 2856 3740 2930">
    <p class='ocr_par' dir='ltr' id='par_1_54' title="bbox 2187 2856 3740 2930">
     <span class='ocr_line' id='line_1_54' title="bbox 2187 2856 3740 2930; baseline -0.003 -16"><span class='ocrx_word' id='word_1_428' title='bbox 2187 2861 2407 2929; x_wconf 88' lang='grc' dir='ltr'>στήριον</span> <span class='ocrx_word' id='word_1_429' title='bbox 2435 2860 2532 2912; x_wconf 85' lang='grc' dir='ltr'><strong>τοῦ</strong></span> <span class='ocrx_word' id='word_1_430' title='bbox 2565 2859 2722 2928; x_wconf 82' lang='grc' dir='ltr'>φίλου</span> <span class='ocrx_word' id='word_1_431' title='bbox 2756 2875 2872 2921; x_wconf 77' lang='grc' dir='ltr'>σου,</span> <span class='ocrx_word' id='word_1_432' title='bbox 2903 2859 2964 2910; x_wconf 84' lang='grc' dir='ltr'><strong>οὐ</strong></span> <span class='ocrx_word' id='word_1_433' title='bbox 2993 2857 3065 2928; x_wconf 85' lang='grc' dir='ltr'>μὴ</span> <span class='ocrx_word' id='word_1_434' title='bbox 3099 2856 3446 2930; x_wconf 81' lang='grc' dir='ltr'>καταδιώξῃς</span> <span class='ocrx_word' id='word_1_435' title='bbox 3477 2858 3640 2910; x_wconf 82' lang='grc' dir='ltr'>ὀπίσω</span> <span class='ocrx_word' id='word_1_436' title='bbox 3663 2859 3740 2910; x_wconf 81' lang='grc' dir='ltr'>αύ-</span> 
     </span>
    </p>
   </div>
   <div class='ocr_carea' id='block_1_55' title="bbox 2182 2945 3737 3018">
    <p class='ocr_par' dir='ltr' id='par_1_55' title="bbox 2182 2945 3737 3018">
     <span class='ocr_line' id='line_1_55' title="bbox 2182 2945 3737 3018; baseline -0.003 -17"><span class='ocrx_word' id='word_1_437' title='bbox 2182 2947 2299 3002; x_wconf 79' lang='grc' dir='ltr'><strong>τοῦ.</strong></span> <span class='ocrx_word' id='word_1_438' title='bbox 2318 2949 2529 3017; x_wconf 84' lang='grc' dir='ltr'>Ὥσπερ</span> <span class='ocrx_word' id='word_1_439' title='bbox 2543 2945 2652 3018; x_wconf 85' lang='grc' dir='ltr'><strong>γὰρ</strong></span> <span class='ocrx_word' id='word_1_440' title='bbox 2666 2945 2916 2998; x_wconf 75' lang='grc' dir='ltr'>πετεινὸν</span> <span class='ocrx_word' id='word_1_441' title='bbox 2933 2945 2998 2998; x_wconf 79' lang='grc' dir='ltr'><strong>ὲκ</strong></span> <span class='ocrx_word' id='word_1_442' title='bbox 3013 2946 3111 3014; x_wconf 85' lang='grc' dir='ltr'><strong>τῆς</strong></span> <span class='ocrx_word' id='word_1_443' title='bbox 3130 2945 3311 3015; x_wconf 78' lang='grc' dir='ltr'>χειρός</span> <span class='ocrx_word' id='word_1_444' title='bbox 3341 2963 3436 2998; x_wconf 84' lang='grc' dir='ltr'><strong>σου</strong></span> <span class='ocrx_word' id='word_1_445' title='bbox 3461 2946 3737 3006; x_wconf 73' lang='grc' dir='ltr'>ἁπωλέσας,</span> 
     </span>
    </p>
   </div>
   <div class='ocr_carea' id='block_1_56' title="bbox 2186 3036 3738 3111">
    <p class='ocr_par' dir='ltr' id='par_1_56' title="bbox 2186 3036 3738 3111">
     <span class='ocr_line' id='line_1_56' title="bbox 2186 3036 3738 3111; baseline -0.003 -17"><span class='ocrx_word' id='word_1_446' title='bbox 2186 3037 2514 3111; x_wconf 74' lang='grc' dir='ltr'>[ἀπέλυσας]</span> <span class='ocrx_word' id='word_1_447' title='bbox 2537 3038 2710 3101; x_wconf 76' lang='grc' dir='ltr'>οὕτως</span> <span class='ocrx_word' id='word_1_448' title='bbox 2743 3036 2962 3107; x_wconf 84' lang='grc' dir='ltr'><strong>ἀφῆκας</strong></span> <span class='ocrx_word' id='word_1_449' title='bbox 3011 3037 3104 3089; x_wconf 76' lang='grc' dir='ltr'><strong>τὸν</strong></span> <span class='ocrx_word' id='word_1_450' title='bbox 3130 3038 3363 3107; x_wconf 80' lang='grc' dir='ltr'>πλησίον</span> <span class='ocrx_word' id='word_1_451' title='bbox 3414 3055 3534 3101; x_wconf 87' lang='grc' dir='ltr'>σου,</span> <span class='ocrx_word' id='word_1_452' title='bbox 3579 3038 3661 3091; x_wconf 79' lang='grc' dir='ltr'>καὶ</span> <span class='ocrx_word' id='word_1_453' title='bbox 3688 3038 3738 3089; x_wconf 81' lang='grc' dir='ltr'>οὐ</span> 
     </span>
    </p>
   </div>
   <div class='ocr_carea' id='block_1_57' title="bbox 515 3124 2083 3233">
    <p class='ocr_par' dir='ltr' id='par_1_57' title="bbox 515 3138 2081 3210">
     <span class='ocr_line' id='line_1_57' title="bbox 515 3138 2081 3210; baseline 0.004 -21"><span class='ocrx_word' id='word_1_454' title='bbox 515 3138 646 3194; x_wconf 86' lang='lat' dir='ltr'><strong>disti</strong></span> <span class='ocrx_word' id='word_1_455' title='bbox 691 3139 968 3194; x_wconf 84' lang='lat' dir='ltr'><strong>verbum?</strong></span> <span class='ocrx_word' id='word_1_456' title='bbox 1022 3139 1418 3196; x_wconf 88' lang='lat' dir='ltr'><strong>commoriatur</strong></span> <span class='ocrx_word' id='word_1_457' title='bbox 1461 3141 1518 3196; x_wconf 92' lang='lat' dir='ltr'><strong>in</strong></span> <span class='ocrx_word' id='word_1_458' title='bbox 1545 3149 1620 3206; x_wconf 91' lang='lat' dir='ltr'><strong>te,</strong></span> <span class='ocrx_word' id='word_1_459' title='bbox 1656 3141 1768 3206; x_wconf 85' lang='lat' dir='ltr'><strong>ait;</strong></span> <span class='ocrx_word' id='word_1_460' title='bbox 1802 3141 1897 3210; x_wconf 93' lang='lat' dir='ltr'><strong>qui</strong></span> <span class='ocrx_word' id='word_1_461' title='bbox 1934 3141 2081 3195; x_wconf 88' lang='lat' dir='ltr'><strong>enim</strong></span> 
     </span>
    </p>
   </div>
   <div class='ocr_carea' id='block_1_58' title="bbox 2187 3124 3739 3233">
    <p class='ocr_par' dir='ltr' id='par_1_58' title="bbox 2188 3124 3739 3202">
     <span class='ocr_line' id='line_1_58' title="bbox 2188 3124 3739 3202; baseline -0.005 -15"><span class='ocrx_word' id='word_1_462' title='bbox 2188 3132 2476 3202; x_wconf 83' lang='grc' dir='ltr'>θηρεύσεις</span> <span class='ocrx_word' id='word_1_463' title='bbox 2500 3131 2683 3185; x_wconf 82' lang='grc' dir='ltr'>αὐτόν.</span> <span class='ocrx_word' id='word_1_464' title='bbox 2715 3129 2807 3199; x_wconf 82' lang='grc' dir='ltr'><strong>Μὴ</strong></span> <span class='ocrx_word' id='word_1_465' title='bbox 2852 3124 2944 3183; x_wconf 80' lang='grc' dir='ltr'><strong>οὖν</strong></span> <span class='ocrx_word' id='word_1_466' title='bbox 2975 3129 3138 3183; x_wconf 82' lang='grc' dir='ltr'>αὐτὸν</span> <span class='ocrx_word' id='word_1_467' title='bbox 3166 3128 3390 3200; x_wconf 80' lang='grc' dir='ltr'><strong>διώξῃς,</strong></span> <span class='ocrx_word' id='word_1_468' title='bbox 3438 3132 3521 3183; x_wconf 80' lang='grc' dir='ltr'>ὅτι</span> <span class='ocrx_word' id='word_1_469' title='bbox 3552 3130 3739 3199; x_wconf 73' lang='grc' dir='ltr'>μακρὰν</span> 
     </span>
    </p>
   </div>
   <div class='ocr_carea' id='block_1_59' title="bbox 514 3217 2083 3303">
    <p class='ocr_par' dir='ltr' id='par_1_59' title="bbox 514 3231 2083 3303">
     <span class='ocr_line' id='line_1_59' title="bbox 514 3231 2083 3303; baseline -0.001 -15"><span class='ocrx_word' id='word_1_470' title='bbox 514 3240 790 3288; x_wconf 80' lang='lat' dir='ltr'><strong>secretum</strong></span> <span class='ocrx_word' id='word_1_471' title='bbox 837 3232 1065 3292; x_wconf 87' lang='lat' dir='ltr'><strong>revelat,</strong></span> <span class='ocrx_word' id='word_1_472' title='bbox 1093 3231 1276 3303; x_wconf 87' lang='lat' dir='ltr'><strong>perdit</strong></span> <span class='ocrx_word' id='word_1_473' title='bbox 1308 3231 1473 3286; x_wconf 87' lang='lat' dir='ltr'><strong>ﬁdem</strong></span> <span class='ocrx_word' id='word_1_474' title='bbox 1508 3233 1576 3286; x_wconf 69' lang='lat'><strong>“.</strong></span> <span class='ocrx_word' id='word_1_475' title='bbox 1633 3251 1652 3283; x_wconf 76' lang='grc' dir='ltr'><strong>ι</strong></span> <span class='ocrx_word' id='word_1_476' title='bbox 1681 3232 1937 3286; x_wconf 85' lang='lat' dir='ltr'><strong>Rursus:</strong></span> <span class='ocrx_word' id='word_1_477' title='bbox 1977 3250 1996 3283; x_wconf 77' lang='grc' dir='ltr'><strong>ι</strong></span> <span class='ocrx_word' id='word_1_478' title='bbox 2026 3231 2083 3286; x_wconf 94' lang='lat' dir='ltr'><strong>Si</strong></span> 
     </span>
    </p>
   </div>
   <div class='ocr_carea' id='block_1_60' title="bbox 2187 3217 3741 3303">
    <p class='ocr_par' dir='ltr' id='par_1_60' title="bbox 2189 3217 3741 3292">
     <span class='ocr_line' id='line_1_60' title="bbox 2189 3217 3741 3292; baseline -0.005 -17"><span class='ocrx_word' id='word_1_479' title='bbox 2189 3223 2420 3292; x_wconf 80' lang='grc' dir='ltr'>ἀπέχει.</span> <span class='ocrx_word' id='word_1_480' title='bbox 2460 3240 2479 3273; x_wconf 77' lang='grc' dir='ltr'><strong>ι</strong></span> <span class='ocrx_word' id='word_1_481' title='bbox 2522 3221 2634 3274; x_wconf 76' lang='grc' dir='ltr'>Καὶ</span> <span class='ocrx_word' id='word_1_482' title='bbox 2673 3221 2889 3288; x_wconf 84' lang='grc' dir='ltr'>ὲπάγει,</span> <span class='ocrx_word' id='word_1_483' title='bbox 2934 3220 3014 3272; x_wconf 85' lang='grc' dir='ltr'>ὅτι</span> <span class='ocrx_word' id='word_1_484' title='bbox 3060 3236 3079 3268; x_wconf 85' lang='grc' dir='ltr'><strong>ι</strong></span> <span class='ocrx_word' id='word_1_485' title='bbox 3133 3217 3372 3288; x_wconf 78' lang='grc' dir='ltr'>Τραῦμά</span> <span class='ocrx_word' id='word_1_486' title='bbox 3423 3221 3565 3270; x_wconf 75' lang='grc' dir='ltr'>ἐστιν</span> <span class='ocrx_word' id='word_1_487' title='bbox 3601 3235 3741 3269; x_wconf 73' lang='grc' dir='ltr'>κειτα-</span> 
     </span>
    </p>
   </div>
   <div class='ocr_carea' id='block_1_61' title="bbox 515 3322 2087 3397">
    <p class='ocr_par' dir='ltr' id='par_1_61' title="bbox 515 3322 2087 3397">
     <span class='ocr_line' id='line_1_61' title="bbox 515 3322 2087 3397; baseline 0.001 -19"><span class='ocrx_word' id='word_1_488' title='bbox 515 3322 851 3389; x_wconf 83' lang='lat' dir='ltr'><strong>revelaveris</strong></span> <span class='ocrx_word' id='word_1_489' title='bbox 886 3330 1163 3379; x_wconf 85' lang='lat' dir='ltr'><strong>secretum</strong></span> <span class='ocrx_word' id='word_1_490' title='bbox 1195 3323 1360 3378; x_wconf 91' lang='lat' dir='ltr'><strong>amici</strong></span> <span class='ocrx_word' id='word_1_491' title='bbox 1401 3324 1506 3388; x_wconf 86' lang='lat' dir='ltr'><strong>tui,</strong></span> <span class='ocrx_word' id='word_1_492' title='bbox 1562 3339 1844 3394; x_wconf 85' lang='lat' dir='ltr'><strong>nunquam</strong></span> <span class='ocrx_word' id='word_1_493' title='bbox 1897 3340 2087 3397; x_wconf 84' lang='lat' dir='ltr'><strong>perse-</strong></span> 
     </span>
    </p>
   </div>
   <div class='ocr_carea' id='block_1_62' title="bbox 514 3413 2086 3484">
    <p class='ocr_par' dir='ltr' id='par_1_62' title="bbox 514 3413 2086 3484">
     <span class='ocr_line' id='line_1_62' title="bbox 514 3413 2086 3484; baseline 0.002 -17"><span class='ocrx_word' id='word_1_494' title='bbox 514 3413 702 3483; x_wconf 87' lang='lat' dir='ltr'><strong>quaris</strong></span> <span class='ocrx_word' id='word_1_495' title='bbox 723 3421 848 3484; x_wconf 85' lang='lat' dir='ltr'><strong>post</strong></span> <span class='ocrx_word' id='word_1_496' title='bbox 867 3429 1026 3480; x_wconf 90' lang='lat' dir='ltr'><strong>eum;</strong></span> <span class='ocrx_word' id='word_1_497' title='bbox 1057 3415 1205 3470; x_wconf 89' lang='lat' dir='ltr'><strong>sicut</strong></span> <span class='ocrx_word' id='word_1_498' title='bbox 1231 3415 1378 3469; x_wconf 91' lang='lat' dir='ltr'><strong>enim</strong></span> <span class='ocrx_word' id='word_1_499' title='bbox 1414 3429 1572 3469; x_wconf 89' lang='lat' dir='ltr'><strong>avem</strong></span> <span class='ocrx_word' id='word_1_500' title='bbox 1595 3430 1628 3469; x_wconf 92' lang='lat' dir='ltr'><strong>e</strong></span> <span class='ocrx_word' id='word_1_501' title='bbox 1660 3431 1826 3470; x_wconf 91' lang='lat' dir='ltr'><strong>manu</strong></span> <span class='ocrx_word' id='word_1_502' title='bbox 1848 3423 1944 3470; x_wconf 91' lang='lat' dir='ltr'><strong>tua</strong></span> <span class='ocrx_word' id='word_1_503' title='bbox 1985 3415 2086 3470; x_wconf 93' lang='lat' dir='ltr'><strong>de-</strong></span> 
     </span>
    </p>
   </div>
   <div class='ocr_carea' id='block_1_63' title="bbox 516 3503 2086 3575">
    <p class='ocr_par' dir='ltr' id='par_1_63' title="bbox 516 3503 2086 3575">
     <span class='ocr_line' id='line_1_63' title="bbox 516 3503 2086 3575; baseline 0.002 -18"><span class='ocrx_word' id='word_1_504' title='bbox 516 3503 738 3569; x_wconf 91' lang='lat' dir='ltr'><strong>misisti,</strong></span> <span class='ocrx_word' id='word_1_505' title='bbox 761 3504 842 3572; x_wconf 86' lang='lat' dir='ltr'><strong>sic</strong></span> <span class='ocrx_word' id='word_1_506' title='bbox 864 3503 1156 3573; x_wconf 85' lang='lat' dir='ltr'><strong>perdidisti</strong></span> <span class='ocrx_word' id='word_1_507' title='bbox 1188 3505 1498 3575; x_wconf 86' lang='lat' dir='ltr'><strong>proximum</strong></span> <span class='ocrx_word' id='word_1_508' title='bbox 1527 3514 1680 3559; x_wconf 90' lang='lat' dir='ltr'><strong>tuum</strong></span> <span class='ocrx_word' id='word_1_509' title='bbox 1707 3524 1721 3560; x_wconf 90' lang='lat'><strong>:</strong></span> <span class='ocrx_word' id='word_1_510' title='bbox 1762 3514 1819 3560; x_wconf 87' lang='lat' dir='ltr'><strong>et</strong></span> <span class='ocrx_word' id='word_1_511' title='bbox 1855 3521 1964 3560; x_wconf 90' lang='lat' dir='ltr'><strong>non</strong></span> <span class='ocrx_word' id='word_1_512' title='bbox 1996 3520 2086 3560; x_wconf 55' lang='lat' dir='ltr'><strong>ca-</strong></span> 
     </span>
    </p>
   </div>
   <div class='ocr_carea' id='block_1_64' title="bbox 513 3595 2079 3667">
    <p class='ocr_par' dir='ltr' id='par_1_64' title="bbox 513 3595 2079 3667">
     <span class='ocr_line' id='line_1_64' title="bbox 513 3595 2079 3667; baseline 0 -19"><span class='ocrx_word' id='word_1_513' title='bbox 513 3603 636 3665; x_wconf 86' lang='lat' dir='ltr'><strong>ptcs</strong></span> <span class='ocrx_word' id='word_1_514' title='bbox 662 3610 789 3650; x_wconf 89' lang='lat' dir='ltr'><strong>eum</strong></span> <span class='ocrx_word' id='word_1_515' title='bbox 815 3611 830 3649; x_wconf 87' lang='lat'><strong>:</strong></span> <span class='ocrx_word' id='word_1_516' title='bbox 860 3595 972 3649; x_wconf 88' lang='lat' dir='ltr'><strong>noli</strong></span> <span class='ocrx_word' id='word_1_517' title='bbox 1005 3595 1262 3665; x_wconf 88' lang='lat' dir='ltr'><strong>persequi</strong></span> <span class='ocrx_word' id='word_1_518' title='bbox 1288 3611 1416 3650; x_wconf 88' lang='lat' dir='ltr'><strong>eum</strong></span> <span class='ocrx_word' id='word_1_519' title='bbox 1437 3596 1567 3665; x_wconf 88' lang='lat' dir='ltr'><strong>quia</strong></span> <span class='ocrx_word' id='word_1_520' title='bbox 1597 3597 1755 3667; x_wconf 88' lang='lat' dir='ltr'><strong>longe</strong></span> <span class='ocrx_word' id='word_1_521' title='bbox 1776 3596 1936 3651; x_wconf 88' lang='lat' dir='ltr'><strong>abest</strong></span> <span class='ocrx_word' id='word_1_522' title='bbox 1958 3596 2023 3650; x_wconf 75' lang='lat'><strong>“.</strong></span> <span class='ocrx_word' id='word_1_523' title='bbox 2061 3615 2079 3648; x_wconf 77' lang='grc' dir='ltr'><strong>ι</strong></span> 
     </span>
    </p>
   </div>
   <div class='ocr_carea' id='block_1_65' title="bbox 515 3685 2087 3756">
    <p class='ocr_par' dir='ltr' id='par_1_65' title="bbox 515 3685 2087 3756">
     <span class='ocr_line' id='line_1_65' title="bbox 515 3685 2087 3756; baseline 0.001 -16"><span class='ocrx_word' id='word_1_524' title='bbox 515 3685 769 3740; x_wconf 88' lang='lat' dir='ltr'><strong>luducit:</strong></span> <span class='ocrx_word' id='word_1_525' title='bbox 806 3705 825 3737; x_wconf 82' lang='grc' dir='ltr'><strong>ι</strong></span> <span class='ocrx_word' id='word_1_526' title='bbox 859 3685 1070 3741; x_wconf 83' lang='lat' dir='ltr'><strong>Vulnus</strong></span> <span class='ocrx_word' id='word_1_527' title='bbox 1117 3686 1282 3740; x_wconf 87' lang='lat' dir='ltr'><strong>liceat</strong></span> <span class='ocrx_word' id='word_1_528' title='bbox 1319 3686 1566 3756; x_wconf 84' lang='lat' dir='ltr'><strong>alligare,</strong></span> <span class='ocrx_word' id='word_1_529' title='bbox 1613 3695 1670 3741; x_wconf 91' lang='lat' dir='ltr'><strong>et</strong></span> <span class='ocrx_word' id='word_1_530' title='bbox 1723 3687 1951 3742; x_wconf 86' lang='lat' dir='ltr'><strong>convitii</strong></span> <span class='ocrx_word' id='word_1_531' title='bbox 2001 3697 2087 3742; x_wconf 87' lang='lat' dir='ltr'><strong>est</strong></span> 
     </span>
    </p>
   </div>
   <div class='ocr_carea' id='block_1_66' title="bbox 512 3776 2085 3847">
    <p class='ocr_par' dir='ltr' id='par_1_66' title="bbox 512 3776 2085 3847">
     <span class='ocr_line' id='line_1_66' title="bbox 512 3776 2085 3847; baseline 0.001 -15"><span class='ocrx_word' id='word_1_532' title='bbox 512 3776 868 3843; x_wconf 88' lang='lat' dir='ltr'><strong>conciliatio;</strong></span> <span class='ocrx_word' id='word_1_533' title='bbox 901 3777 996 3846; x_wconf 92' lang='lat' dir='ltr'><strong>qui</strong></span> <span class='ocrx_word' id='word_1_534' title='bbox 1028 3787 1212 3833; x_wconf 87' lang='lat' dir='ltr'><strong>autem</strong></span> <span class='ocrx_word' id='word_1_535' title='bbox 1235 3777 1499 3832; x_wconf 86' lang='lat' dir='ltr'><strong>revelavit</strong></span> <span class='ocrx_word' id='word_1_536' title='bbox 1530 3793 1814 3841; x_wconf 89' lang='lat' dir='ltr'><strong>arcanum,</strong></span> <span class='ocrx_word' id='word_1_537' title='bbox 1843 3778 2085 3847; x_wconf 87' lang='lat' dir='ltr'><strong>perdidit</strong></span> 
     </span>
    </p>
   </div>
   <div class='ocr_carea' id='block_1_67' title="bbox 514 3867 2082 3940">
    <p class='ocr_par' dir='ltr' id='par_1_67' title="bbox 514 3867 2082 3940">
     <span class='ocr_line' id='line_1_67' title="bbox 514 3867 2082 3940; baseline 0.003 -18"><span class='ocrx_word' id='word_1_538' title='bbox 514 3869 676 3929; x_wconf 88' lang='lat' dir='ltr'><strong>ﬁdem</strong></span> <span class='ocrx_word' id='word_1_539' title='bbox 699 3869 765 3924; x_wconf 76' lang='grc'><strong>⁸⁸.</strong></span> <span class='ocrx_word' id='word_1_540' title='bbox 801 3887 820 3921; x_wconf 81' lang='grc' dir='ltr'><strong>ι</strong></span> <span class='ocrx_word' id='word_1_541' title='bbox 875 3867 1168 3924; x_wconf 71' lang='grc' dir='ltr'>ϐειιειοειιι</span> <span class='ocrx_word' id='word_1_542' title='bbox 1201 3869 1372 3940; x_wconf 85' lang='lat' dir='ltr'><strong>igitur</strong></span> <span class='ocrx_word' id='word_1_543' title='bbox 1418 3885 1482 3924; x_wconf 90' lang='lat' dir='ltr'><strong>ac</strong></span> <span class='ocrx_word' id='word_1_544' title='bbox 1513 3869 1694 3925; x_wconf 88' lang='lat' dir='ltr'><strong>virilis</strong></span> <span class='ocrx_word' id='word_1_545' title='bbox 1747 3870 1946 3926; x_wconf 73' lang='lat' dir='ltr'><strong>animae</strong></span> <span class='ocrx_word' id='word_1_546' title='bbox 1974 3881 2082 3938; x_wconf 91' lang='lat' dir='ltr'><strong>est,</strong></span> 
     </span>
    </p>
   </div>
   <div class='ocr_carea' id='block_1_68' title="bbox 510 3962 2082 4034">
    <p class='ocr_par' dir='ltr' id='par_1_68' title="bbox 510 3962 2082 4034">
     <span class='ocr_line' id='line_1_68' title="bbox 510 3962 2082 4034; baseline 0.003 -18"><span class='ocrx_word' id='word_1_547' title='bbox 510 3963 693 4028; x_wconf 84' lang='lat' dir='ltr'><strong>modis</strong></span> <span class='ocrx_word' id='word_1_548' title='bbox 709 3962 973 4018; x_wconf 87' lang='lat' dir='ltr'><strong>omnibus</strong></span> <span class='ocrx_word' id='word_1_549' title='bbox 1005 3963 1238 4019; x_wconf 87' lang='lat' dir='ltr'><strong>alterius</strong></span> <span class='ocrx_word' id='word_1_550' title='bbox 1261 3972 1539 4020; x_wconf 89' lang='lat' dir='ltr'><strong>secretum</strong></span> <span class='ocrx_word' id='word_1_551' title='bbox 1575 3980 1746 4034; x_wconf 85' lang='lat' dir='ltr'><strong>penes</strong></span> <span class='ocrx_word' id='word_1_552' title='bbox 1794 3980 1854 4020; x_wconf 85' lang='lat' dir='ltr'><strong>se</strong></span> <span class='ocrx_word' id='word_1_553' title='bbox 1885 3982 2082 4021; x_wconf 90' lang='lat' dir='ltr'><strong>recon-</strong></span> 
     </span>
    </p>
   </div>
   <div class='ocr_carea' id='block_1_69' title="bbox 511 4054 2083 4116">
    <p class='ocr_par' dir='ltr' id='par_1_69' title="bbox 511 4054 2083 4116">
     <span class='ocr_line' id='line_1_69' title="bbox 511 4054 2083 4116; baseline 0 -4"><span class='ocrx_word' id='word_1_554' title='bbox 511 4054 667 4116; x_wconf 82' lang='lat' dir='ltr'><strong>dere,</strong></span> <span class='ocrx_word' id='word_1_555' title='bbox 687 4069 792 4110; x_wconf 91' lang='lat' dir='ltr'><strong>nec</strong></span> <span class='ocrx_word' id='word_1_556' title='bbox 817 4055 982 4109; x_wconf 89' lang='lat' dir='ltr'><strong>ullam</strong></span> <span class='ocrx_word' id='word_1_557' title='bbox 1012 4055 1084 4110; x_wconf 89' lang='lat' dir='ltr'><strong>ob</strong></span> <span class='ocrx_word' id='word_1_558' title='bbox 1119 4070 1342 4111; x_wconf 87' lang='lat' dir='ltr'><strong>causam</strong></span> <span class='ocrx_word' id='word_1_559' title='bbox 1374 4065 1473 4110; x_wconf 89' lang='lat' dir='ltr'><strong>aut</strong></span> <span class='ocrx_word' id='word_1_560' title='bbox 1526 4057 1806 4111; x_wconf 86' lang='lat' dir='ltr'><strong>invectum</strong></span> <span class='ocrx_word' id='word_1_561' title='bbox 1841 4057 2083 4112; x_wconf 67' lang='lat' dir='ltr'><strong>tristitiae</strong></span> 
     </span>
    </p>
   </div>
   <div class='ocr_carea' id='block_1_70' title="bbox 512 4145 2083 4216">
    <p class='ocr_par' dir='ltr' id='par_1_70' title="bbox 512 4145 2083 4216">
     <span class='ocr_line' id='line_1_70' title="bbox 512 4145 2083 4216; baseline 0.002 -16"><span class='ocrx_word' id='word_1_562' title='bbox 512 4145 764 4200; x_wconf 86' lang='lat' dir='ltr'><strong>nubilum</strong></span> <span class='ocrx_word' id='word_1_563' title='bbox 798 4146 1035 4216; x_wconf 81' lang='lat' dir='ltr'><strong>prodere</strong></span> <span class='ocrx_word' id='word_1_564' title='bbox 1061 4155 1120 4202; x_wconf 89' lang='lat' dir='ltr'><strong>et</strong></span> <span class='ocrx_word' id='word_1_565' title='bbox 1134 4147 1393 4215; x_wconf 87' lang='lat' dir='ltr'><strong>evulgare</strong></span> <span class='ocrx_word' id='word_1_566' title='bbox 1423 4162 1684 4202; x_wconf 90' lang='lat' dir='ltr'><strong>arcanum</strong></span> <span class='ocrx_word' id='word_1_567' title='bbox 1721 4163 1848 4202; x_wconf 88' lang='lat' dir='ltr'><strong>cum</strong></span> <span class='ocrx_word' id='word_1_568' title='bbox 1885 4149 2083 4204; x_wconf 87' lang='lat' dir='ltr'><strong>ﬁducia</strong></span> 
     </span>
    </p>
   </div>
   <div class='ocr_carea' id='block_1_71' title="bbox 510 4237 2080 4308">
    <p class='ocr_par' dir='ltr' id='par_1_71' title="bbox 510 4237 2080 4308">
     <span class='ocr_line' id='line_1_71' title="bbox 510 4237 2080 4308; baseline 0 -14"><span class='ocrx_word' id='word_1_569' title='bbox 510 4237 913 4294; x_wconf 87' lang='lat' dir='ltr'><strong>concreditum.</strong></span> <span class='ocrx_word' id='word_1_570' title='bbox 939 4238 997 4293; x_wconf 94' lang='lat' dir='ltr'><strong>ln</strong></span> <span class='ocrx_word' id='word_1_571' title='bbox 1020 4239 1342 4298; x_wconf 81' lang='lat' dir='ltr'><strong>sustinendo</strong></span> <span class='ocrx_word' id='word_1_572' title='bbox 1363 4239 1586 4308; x_wconf 91' lang='lat' dir='ltr'><strong>quidem</strong></span> <span class='ocrx_word' id='word_1_573' title='bbox 1626 4239 1714 4294; x_wconf 86' lang='lat' dir='ltr'><strong>vel</strong></span> <span class='ocrx_word' id='word_1_574' title='bbox 1750 4239 1817 4294; x_wconf 89' lang='lat' dir='ltr'><strong>ad</strong></span> <span class='ocrx_word' id='word_1_575' title='bbox 1861 4239 2080 4305; x_wconf 90' lang='lat' dir='ltr'><strong>horam,</strong></span> 
     </span>
    </p>
   </div>
   <div class='ocr_carea' id='block_1_72' title="bbox 509 4328 2082 4401">
    <p class='ocr_par' dir='ltr' id='par_1_72' title="bbox 509 4328 2082 4401">
     <span class='ocr_line' id='line_1_72' title="bbox 509 4328 2082 4401; baseline 0.002 -18"><span class='ocrx_word' id='word_1_576' title='bbox 509 4328 930 4394; x_wconf 84' lang='lat' dir='ltr'><strong>etcontinenter</strong></span> <span class='ocrx_word' id='word_1_577' title='bbox 947 4328 1253 4399; x_wconf 84' lang='lat' dir='ltr'><strong>premendo</strong></span> <span class='ocrx_word' id='word_1_578' title='bbox 1293 4339 1591 4391; x_wconf 78' lang='lat' dir='ltr'><strong>secretum,</strong></span> <span class='ocrx_word' id='word_1_579' title='bbox 1625 4331 1879 4386; x_wconf 89' lang='lat' dir='ltr'><strong>nonnihil</strong></span> <span class='ocrx_word' id='word_1_580' title='bbox 1926 4331 2082 4401; x_wconf 88' lang='lat' dir='ltr'><strong>prin-</strong></span> 
     </span>
    </p>
   </div>
   <div class='ocr_carea' id='block_1_73' title="bbox 509 4419 2081 4492">
    <p class='ocr_par' dir='ltr' id='par_1_73' title="bbox 509 4419 2081 4492">
     <span class='ocr_line' id='line_1_73' title="bbox 509 4419 2081 4492; baseline 0.001 -18"><span class='ocrx_word' id='word_1_581' title='bbox 509 4419 656 4488; x_wconf 83' lang='lat' dir='ltr'><strong>cipio</strong></span> <span class='ocrx_word' id='word_1_582' title='bbox 695 4419 878 4474; x_wconf 80' lang='lat' dir='ltr'><strong>aditur</strong></span> <span class='ocrx_word' id='word_1_583' title='bbox 903 4420 1402 4478; x_wconf 77' lang='lat' dir='ltr'><strong>laboriszdemum</strong></span> <span class='ocrx_word' id='word_1_584' title='bbox 1458 4421 1838 4478; x_wconf 83' lang='lat' dir='ltr'><strong>incredibilem</strong></span> <span class='ocrx_word' id='word_1_585' title='bbox 1894 4422 2081 4492; x_wconf 83' lang='lat' dir='ltr'><strong>gaudii</strong></span> 
     </span>
    </p>
   </div>
   <div class='ocr_carea' id='block_1_74' title="bbox 2189 3308 3738 3381">
    <p class='ocr_par' dir='ltr' id='par_1_74' title="bbox 2189 3308 3738 3381">
     <span class='ocr_line' id='line_1_74' title="bbox 2189 3308 3738 3381; baseline -0.003 -18"><span class='ocrx_word' id='word_1_586' title='bbox 2189 3310 2368 3381; x_wconf 87' lang='grc' dir='ltr'>δῆσαι,</span> <span class='ocrx_word' id='word_1_587' title='bbox 2393 3310 2489 3364; x_wconf 84' lang='grc' dir='ltr'>καὶ</span> <span class='ocrx_word' id='word_1_588' title='bbox 2513 3309 2781 3380; x_wconf 79' lang='grc' dir='ltr'><strong>λοιδορίας</strong></span> <span class='ocrx_word' id='word_1_589' title='bbox 2816 3310 2966 3363; x_wconf 78' lang='grc' dir='ltr'>ἐστὶν</span> <span class='ocrx_word' id='word_1_590' title='bbox 3007 3308 3331 3379; x_wconf 77' lang='grc' dir='ltr'><strong>καταλλαγὴ</strong></span> <span class='ocrx_word' id='word_1_591' title='bbox 3353 3325 3366 3338; x_wconf 92' lang='grc'><strong>·</strong></span> <span class='ocrx_word' id='word_1_592' title='bbox 3411 3311 3440 3360; x_wconf 92' lang='lat'><em>6</em></span> <span class='ocrx_word' id='word_1_593' title='bbox 3475 3310 3531 3362; x_wconf 85' lang='grc' dir='ltr'>δὲ</span> <span class='ocrx_word' id='word_1_594' title='bbox 3561 3310 3738 3360; x_wconf 68' lang='lat' dir='ltr'><strong>amm-</strong></span> 
     </span>
    </p>
   </div>
   <div class='ocr_carea' id='block_1_75' title="bbox 2190 3394 3740 3471">
    <p class='ocr_par' dir='ltr' id='par_1_75' title="bbox 2190 3394 3740 3471">
     <span class='ocr_line' id='line_1_75' title="bbox 2190 3394 3740 3471; baseline -0.001 -19"><span class='ocrx_word' id='word_1_595' title='bbox 2190 3400 2362 3468; x_wconf 77' lang='grc' dir='ltr'>λύψας</span> <span class='ocrx_word' id='word_1_596' title='bbox 2391 3402 2710 3471; x_wconf 83' lang='grc' dir='ltr'>μυστήριον,</span> <span class='ocrx_word' id='word_1_597' title='bbox 2756 3399 3038 3453; x_wconf 84' lang='grc' dir='ltr'>ἀπώλεσεν</span> <span class='ocrx_word' id='word_1_598' title='bbox 3071 3399 3276 3455; x_wconf 86' lang='grc' dir='ltr'>πίστιν.</span> <span class='ocrx_word' id='word_1_599' title='bbox 3309 3418 3329 3451; x_wconf 74' lang='grc' dir='ltr'><strong>ι</strong></span> <span class='ocrx_word' id='word_1_600' title='bbox 3382 3399 3631 3460; x_wconf 84' lang='grc' dir='ltr'>Γενναίας</span> <span class='ocrx_word' id='word_1_601' title='bbox 3663 3394 3740 3463; x_wconf 75' lang='grc' dir='ltr'><strong>οὖν</strong></span> 
     </span>
    </p>
   </div>
   <div class='ocr_carea' id='block_1_76' title="bbox 2190 3490 3737 3564">
    <p class='ocr_par' dir='ltr' id='par_1_76' title="bbox 2190 3490 3737 3564">
     <span class='ocr_line' id='line_1_76' title="bbox 2190 3490 3737 3564; baseline -0.004 -16"><span class='ocrx_word' id='word_1_602' title='bbox 2190 3494 2286 3548; x_wconf 78' lang='grc' dir='ltr'>καὶ</span> <span class='ocrx_word' id='word_1_603' title='bbox 2307 3494 2556 3564; x_wconf 79' lang='grc' dir='ltr'>ἀνδρείας</span> <span class='ocrx_word' id='word_1_604' title='bbox 2581 3493 2678 3546; x_wconf 78' lang='grc' dir='ltr'>καὶ</span> <span class='ocrx_word' id='word_1_605' title='bbox 2703 3492 2904 3560; x_wconf 78' lang='grc' dir='ltr'>πιστῆς</span> <span class='ocrx_word' id='word_1_606' title='bbox 2929 3490 3110 3561; x_wconf 76' lang='grc' dir='ltr'><strong>ψυχῆς</strong></span> <span class='ocrx_word' id='word_1_607' title='bbox 3152 3491 3300 3544; x_wconf 79' lang='grc' dir='ltr'>ἐστιν</span> <span class='ocrx_word' id='word_1_608' title='bbox 3328 3492 3393 3544; x_wconf 84' lang='grc' dir='ltr'>τὸ</span> <span class='ocrx_word' id='word_1_609' title='bbox 3422 3491 3561 3544; x_wconf 84' lang='grc' dir='ltr'>κατὰ</span> <span class='ocrx_word' id='word_1_610' title='bbox 3587 3494 3737 3543; x_wconf 72' lang='grc' dir='ltr'>πάντα</span> 
     </span>
    </p>
   </div>
   <div class='ocr_carea' id='block_1_77' title="bbox 2187 3583 3736 3657">
    <p class='ocr_par' dir='ltr' id='par_1_77' title="bbox 2187 3583 3736 3657">
     <span class='ocr_line' id='line_1_77' title="bbox 2187 3583 3736 3657; baseline -0.003 -18"><span class='ocrx_word' id='word_1_611' title='bbox 2187 3591 2388 3657; x_wconf 74' lang='grc' dir='ltr'>τρόπον</span> <span class='ocrx_word' id='word_1_612' title='bbox 2414 3585 2681 3657; x_wconf 87' lang='grc' dir='ltr'>κρύπτειν</span> <span class='ocrx_word' id='word_1_613' title='bbox 2712 3586 3010 3656; x_wconf 84' lang='grc' dir='ltr'>μυστήριον</span> <span class='ocrx_word' id='word_1_614' title='bbox 3029 3601 3045 3616; x_wconf 89' lang='grc'><strong>·</strong></span> <span class='ocrx_word' id='word_1_615' title='bbox 3076 3601 3172 3637; x_wconf 81' lang='grc' dir='ltr'><strong>και</strong></span> <span class='ocrx_word' id='word_1_616' title='bbox 3197 3585 3272 3654; x_wconf 83' lang='grc' dir='ltr'>μὴ</span> <span class='ocrx_word' id='word_1_617' title='bbox 3295 3583 3386 3638; x_wconf 82' lang='grc' dir='ltr'>διά</span> <span class='ocrx_word' id='word_1_618' title='bbox 3405 3600 3548 3646; x_wconf 81' lang='grc' dir='ltr'>τινος</span> <span class='ocrx_word' id='word_1_619' title='bbox 3568 3584 3736 3646; x_wconf 74' lang='grc' dir='ltr'>αἰτίας,</span> 
     </span>
    </p>
   </div>
   <div class='ocr_carea' id='block_1_78' title="bbox 2189 3675 3732 3750">
    <p class='ocr_par' dir='ltr' id='par_1_78' title="bbox 2189 3675 3732 3750">
     <span class='ocr_line' id='line_1_78' title="bbox 2189 3675 3732 3750; baseline -0.004 -18"><span class='ocrx_word' id='word_1_620' title='bbox 2189 3679 2222 3750; x_wconf 80' lang='grc' dir='ltr'>ἦ</span> <span class='ocrx_word' id='word_1_621' title='bbox 2253 3679 2447 3748; x_wconf 84' lang='grc' dir='ltr'>λύπης,</span> <span class='ocrx_word' id='word_1_622' title='bbox 2478 3678 2556 3741; x_wconf 81' lang='grc' dir='ltr'>ὡς</span> <span class='ocrx_word' id='word_1_623' title='bbox 2577 3677 2746 3741; x_wconf 74' lang='grc' dir='ltr'>εἰκὸς,</span> <span class='ocrx_word' id='word_1_624' title='bbox 2778 3677 3060 3745; x_wconf 73' lang='grc' dir='ltr'>ἐκφαίνειν</span> <span class='ocrx_word' id='word_1_625' title='bbox 3087 3676 3153 3728; x_wconf 79' lang='grc' dir='ltr'>τὰ</span> <span class='ocrx_word' id='word_1_626' title='bbox 3186 3675 3334 3744; x_wconf 85' lang='grc' dir='ltr'><strong>αύτῴ</strong></span> <span class='ocrx_word' id='word_1_627' title='bbox 3376 3675 3732 3746; x_wconf 74' lang='grc' dir='ltr'>θαρροῦμενα·</span> 
     </span>
    </p>
   </div>
   <div class='ocr_carea' id='block_1_79' title="bbox 2193 3765 3736 3840">
    <p class='ocr_par' dir='ltr' id='par_1_79' title="bbox 2193 3765 3736 3840">
     <span class='ocr_line' id='line_1_79' title="bbox 2193 3765 3736 3840; baseline -0.005 -18"><span class='ocrx_word' id='word_1_628' title='bbox 2193 3769 2388 3840; x_wconf 84' lang='grc' dir='ltr'>μικρὸν</span> <span class='ocrx_word' id='word_1_629' title='bbox 2429 3767 2540 3838; x_wconf 85' lang='grc' dir='ltr'><strong>γὰρ</strong></span> <span class='ocrx_word' id='word_1_630' title='bbox 2591 3767 2728 3839; x_wconf 84' lang='grc' dir='ltr'>πρὸς</span> <span class='ocrx_word' id='word_1_631' title='bbox 2781 3767 2930 3838; x_wconf 85' lang='grc' dir='ltr'>ὥραν</span> <span class='ocrx_word' id='word_1_632' title='bbox 2985 3765 3261 3837; x_wconf 78' lang='grc' dir='ltr'>βαστάξας</span> <span class='ocrx_word' id='word_1_633' title='bbox 3340 3767 3442 3820; x_wconf 72' lang='grc' dir='ltr'><strong>καὶ</strong></span> <span class='ocrx_word' id='word_1_634' title='bbox 3492 3767 3736 3835; x_wconf 81' lang='grc' dir='ltr'>κρατήσας</span> 
     </span>
    </p>
   </div>
   <div class='ocr_carea' id='block_1_80' title="bbox 2191 3858 3734 3933">
    <p class='ocr_par' dir='ltr' id='par_1_80' title="bbox 2191 3858 3734 3933">
     <span class='ocr_line' id='line_1_80' title="bbox 2191 3858 3734 3933; baseline -0.006 -17"><span class='ocrx_word' id='word_1_635' title='bbox 2191 3862 2418 3933; x_wconf 79' lang='grc' dir='ltr'>ὕστερον</span> <span class='ocrx_word' id='word_1_636' title='bbox 2465 3863 2672 3932; x_wconf 82' lang='grc' dir='ltr'>τρυγᾷς</span> <span class='ocrx_word' id='word_1_637' title='bbox 2715 3860 3033 3930; x_wconf 74' lang='grc' dir='ltr'>γλυκασμδν</span> <span class='ocrx_word' id='word_1_638' title='bbox 3083 3861 3257 3930; x_wconf 80' lang='grc' dir='ltr'>χαρᾶς</span> <span class='ocrx_word' id='word_1_639' title='bbox 3306 3860 3373 3912; x_wconf 76' lang='grc' dir='ltr'>ἐκ</span> <span class='ocrx_word' id='word_1_640' title='bbox 3415 3859 3509 3914; x_wconf 82' lang='grc' dir='ltr'><strong>τού</strong></span> <span class='ocrx_word' id='word_1_641' title='bbox 3550 3858 3734 3925; x_wconf 67' lang='grc' dir='ltr'>καρποῦ</span> 
     </span>
    </p>
   </div>
   <div class='ocr_carea' id='block_1_81' title="bbox 2167 3951 3735 4024">
    <p class='ocr_par' dir='ltr' id='par_1_81' title="bbox 2167 3951 3735 4024">
     <span class='ocr_line' id='line_1_81' title="bbox 2167 3951 3735 4024; baseline -0.006 -15"><span class='ocrx_word' id='word_1_642' title='bbox 2167 3955 2286 4024; x_wconf 33' lang='grc' dir='ltr'>,τῆς</span> <span class='ocrx_word' id='word_1_643' title='bbox 2311 3955 2657 4023; x_wconf 71' lang='grc' dir='ltr'>ἐγκρατείας.</span> <span class='ocrx_word' id='word_1_644' title='bbox 2703 3953 2761 4005; x_wconf 84' lang='grc' dir='ltr'>Ὃ</span> <span class='ocrx_word' id='word_1_645' title='bbox 2793 3953 2902 4022; x_wconf 85' lang='grc' dir='ltr'><strong>γὰρ</strong></span> <span class='ocrx_word' id='word_1_646' title='bbox 2932 3953 3117 4015; x_wconf 81' lang='grc' dir='ltr'>πιστὸς</span> <span class='ocrx_word' id='word_1_647' title='bbox 3155 3951 3339 4016; x_wconf 83' lang='grc' dir='ltr'>δοῦλος</span> <span class='ocrx_word' id='word_1_648' title='bbox 3370 3952 3436 4005; x_wconf 84' lang='grc' dir='ltr'><strong>τὸ</strong></span> <span class='ocrx_word' id='word_1_649' title='bbox 3469 3953 3735 4021; x_wconf 68' lang='grc' dir='ltr'>μυστήριον</span> 
     </span>
    </p>
   </div>
   <div class='ocr_carea' id='block_1_82' title="bbox 2187 4043 3734 4114">
    <p class='ocr_par' dir='ltr' id='par_1_82' title="bbox 2187 4043 3734 4114">
     <span class='ocr_line' id='line_1_82' title="bbox 2187 4043 3734 4114; baseline -0.005 -14"><span class='ocrx_word' id='word_1_650' title='bbox 2187 4046 2282 4100; x_wconf 79' lang='grc' dir='ltr'><strong>τοῦ</strong></span> <span class='ocrx_word' id='word_1_651' title='bbox 2309 4047 2582 4100; x_wconf 82' lang='grc' dir='ltr'>Δεσπότου</span> <span class='ocrx_word' id='word_1_652' title='bbox 2609 4045 2775 4099; x_wconf 82' lang='grc' dir='ltr'>αὐτοῦ</span> <span class='ocrx_word' id='word_1_653' title='bbox 2813 4046 3100 4114; x_wconf 85' lang='grc' dir='ltr'>φυλάσσει.</span> <span class='ocrx_word' id='word_1_654' title='bbox 3148 4045 3317 4114; x_wconf 78' lang='grc' dir='ltr'>Φησὶν</span> <span class='ocrx_word' id='word_1_655' title='bbox 3353 4045 3466 4114; x_wconf 80' lang='grc' dir='ltr'><strong>γὰρ</strong></span> <span class='ocrx_word' id='word_1_656' title='bbox 3510 4045 3536 4097; x_wconf 91' lang='lat'><em>6</em></span> <span class='ocrx_word' id='word_1_657' title='bbox 3564 4043 3734 4113; x_wconf 78' lang='grc' dir='ltr'>Κύριος</span> 
     </span>
    </p>
   </div>
   <div class='ocr_carea' id='block_1_83' title="bbox 2187 4134 3734 4207">
    <p class='ocr_par' dir='ltr' id='par_1_83' title="bbox 2187 4134 3734 4207">
     <span class='ocr_line' id='line_1_83' title="bbox 2187 4134 3734 4207; baseline -0.005 -15"><span class='ocrx_word' id='word_1_658' title='bbox 2187 4140 2298 4201; x_wconf 82' lang='grc' dir='ltr'>τοῖς</span> <span class='ocrx_word' id='word_1_659' title='bbox 2339 4138 2532 4192; x_wconf 77' lang='grc' dir='ltr'>ἑαυτοῦ</span> <span class='ocrx_word' id='word_1_660' title='bbox 2565 4137 2868 4207; x_wconf 81' lang='grc' dir='ltr'><strong>μαθηταῖς,</strong></span> <span class='ocrx_word' id='word_1_661' title='bbox 2913 4155 2931 4189; x_wconf 82' lang='grc' dir='ltr'><strong>ι</strong></span> <span class='ocrx_word' id='word_1_662' title='bbox 2969 4137 3134 4207; x_wconf 81' lang='grc' dir='ltr'><strong>Ὑμῖν</strong></span> <span class='ocrx_word' id='word_1_663' title='bbox 3189 4135 3402 4188; x_wconf 80' lang='grc' dir='ltr'>δέδοται</span> <span class='ocrx_word' id='word_1_664' title='bbox 3452 4135 3638 4202; x_wconf 84' lang='grc' dir='ltr'>γνῶναι</span> <span class='ocrx_word' id='word_1_665' title='bbox 3681 4134 3734 4185; x_wconf 75' lang='grc' dir='ltr'>τὰ</span> 
     </span>
    </p>
   </div>
   <div class='ocr_carea' id='block_1_84' title="bbox 2190 4225 3731 4300">
    <p class='ocr_par' dir='ltr' id='par_1_84' title="bbox 2190 4225 3731 4300">
     <span class='ocr_line' id='line_1_84' title="bbox 2190 4225 3731 4300; baseline -0.004 -18"><span class='ocrx_word' id='word_1_666' title='bbox 2190 4229 2464 4300; x_wconf 77' lang='grc' dir='ltr'>μυστήρια</span> <span class='ocrx_word' id='word_1_667' title='bbox 2498 4230 2596 4293; x_wconf 82' lang='grc' dir='ltr'><strong>τῆς</strong></span> <span class='ocrx_word' id='word_1_668' title='bbox 2629 4226 2906 4296; x_wconf 85' lang='grc' dir='ltr'>βασιλείας</span> <span class='ocrx_word' id='word_1_669' title='bbox 2943 4226 3038 4280; x_wconf 78' lang='grc' dir='ltr'>τοῦ</span> <span class='ocrx_word' id='word_1_670' title='bbox 3071 4225 3230 4291; x_wconf 82' lang='grc' dir='ltr'>Θεοῦ,</span> <span class='ocrx_word' id='word_1_671' title='bbox 3284 4227 3518 4288; x_wconf 74' lang='grc' dir='ltr'>ἐκείνοις</span> <span class='ocrx_word' id='word_1_672' title='bbox 3559 4225 3609 4277; x_wconf 80' lang='grc' dir='ltr'>δὲ</span> <span class='ocrx_word' id='word_1_673' title='bbox 3643 4226 3731 4283; x_wconf 81' lang='grc' dir='ltr'>τοῖς</span> 
     </span>
    </p>
   </div>
   <div class='ocr_carea' id='block_1_85' title="bbox 2187 4317 3730 4392">
    <p class='ocr_par' dir='ltr' id='par_1_85' title="bbox 2187 4317 3730 4392">
     <span class='ocr_line' id='line_1_85' title="bbox 2187 4317 3730 4392; baseline -0.007 -16"><span class='ocrx_word' id='word_1_674' title='bbox 2187 4323 2310 4388; x_wconf 77' lang='grc' dir='ltr'>ἔξω,</span> <span class='ocrx_word' id='word_1_675' title='bbox 2346 4323 2404 4374; x_wconf 71' lang='grc' dir='ltr'><strong>ἐν</strong></span> <span class='ocrx_word' id='word_1_676' title='bbox 2428 4320 2764 4392; x_wconf 76' lang='grc' dir='ltr'>παραϐολαῖς</span> <span class='ocrx_word' id='word_1_677' title='bbox 2787 4319 2856 4373; x_wconf 78' lang='grc' dir='ltr'>τὰ</span> <span class='ocrx_word' id='word_1_678' title='bbox 2887 4319 3068 4374; x_wconf 83' lang='grc' dir='ltr'>πάντα</span> <span class='ocrx_word' id='word_1_679' title='bbox 3093 4318 3332 4385; x_wconf 83' lang='grc' dir='ltr'>λέγεται,</span> <span class='ocrx_word' id='word_1_680' title='bbox 3362 4319 3452 4371; x_wconf 75' lang='grc' dir='ltr'>ἵνα</span> <span class='ocrx_word' id='word_1_681' title='bbox 3482 4317 3730 4388; x_wconf 77' lang='grc' dir='ltr'>βλέποντες</span> 
     </span>
    </p>
   </div>
   <div class='ocr_carea' id='block_1_86' title="bbox 2188 4410 3727 4487">
    <p class='ocr_par' dir='ltr' id='par_1_86' title="bbox 2188 4410 3727 4487">
     <span class='ocr_line' id='line_1_86' title="bbox 2188 4410 3727 4487; baseline -0.006 -19"><span class='ocrx_word' id='word_1_682' title='bbox 2188 4415 2476 4487; x_wconf 87' lang='grc' dir='ltr'>βλέπωσιν,</span> <span class='ocrx_word' id='word_1_683' title='bbox 2507 4415 2600 4468; x_wconf 75' lang='grc' dir='ltr'><strong>καὶ</strong></span> <span class='ocrx_word' id='word_1_684' title='bbox 2628 4413 2702 4484; x_wconf 81' lang='grc' dir='ltr'>μὴ</span> <span class='ocrx_word' id='word_1_685' title='bbox 2733 4413 2936 4477; x_wconf 75' lang='grc' dir='ltr'>ἴδωσιν,</span> <span class='ocrx_word' id='word_1_686' title='bbox 2973 4412 3066 4464; x_wconf 80' lang='grc' dir='ltr'>καὶ</span> <span class='ocrx_word' id='word_1_687' title='bbox 3094 4410 3405 4476; x_wconf 81' lang='grc' dir='ltr'>ἀκούοντες,</span> <span class='ocrx_word' id='word_1_688' title='bbox 3439 4412 3727 4466; x_wconf 80' lang='grc' dir='ltr'>ἀκούσωσιν,</span> 
     </span>
    </p>
   </div>
   <div class='ocr_carea' id='block_1_87' title="bbox 508 4497 2083 4585">
    <p class='ocr_par' dir='ltr' id='par_1_87' title="bbox 508 4512 2082 4580">
     <span class='ocr_line' id='line_1_87' title="bbox 508 4512 2082 4580; baseline 0.001 -14"><span class='ocrx_word' id='word_1_689' title='bbox 508 4512 873 4580; x_wconf 80' lang='lat' dir='ltr'><strong>vindemiabis</strong></span> <span class='ocrx_word' id='word_1_690' title='bbox 899 4512 1248 4568; x_wconf 83' lang='lat' dir='ltr'><strong>dulcedinem</strong></span> <span class='ocrx_word' id='word_1_691' title='bbox 1273 4530 1341 4570; x_wconf 81' lang='lat' dir='ltr'><strong>ex</strong></span> <span class='ocrx_word' id='word_1_692' title='bbox 1379 4513 1562 4568; x_wconf 89' lang='lat' dir='ltr'><strong>fructu</strong></span> <span class='ocrx_word' id='word_1_693' title='bbox 1603 4514 1940 4569; x_wconf 86' lang='lat' dir='ltr'><strong>continentis</strong></span> <span class='ocrx_word' id='word_1_694' title='bbox 1971 4515 2082 4568; x_wconf 89' lang='lat' dir='ltr'><strong>lin-</strong></span> 
     </span>
    </p>
   </div>
   <div class='ocr_carea' id='block_1_88' title="bbox 2187 4497 3728 4585">
    <p class='ocr_par' dir='ltr' id='par_1_88' title="bbox 2189 4497 3728 4579">
     <span class='ocr_line' id='line_1_88' title="bbox 2189 4497 3728 4579; baseline -0.008 -16"><span class='ocrx_word' id='word_1_695' title='bbox 2189 4508 2284 4563; x_wconf 75' lang='grc' dir='ltr'><strong>καὶ</strong></span> <span class='ocrx_word' id='word_1_696' title='bbox 2316 4508 2390 4579; x_wconf 78' lang='grc' dir='ltr'>μὴ</span> <span class='ocrx_word' id='word_1_697' title='bbox 2413 4503 2685 4559; x_wconf 80' lang='grc' dir='ltr'>σονιῶσιν.</span> <span class='ocrx_word' id='word_1_698' title='bbox 2715 4525 2734 4556; x_wconf 75' lang='grc' dir='ltr'><strong>ι</strong></span> <span class='ocrx_word' id='word_1_699' title='bbox 2763 4503 2921 4574; x_wconf 79' lang='grc' dir='ltr'><strong>Αὐτῷ</strong></span> <span class='ocrx_word' id='word_1_700' title='bbox 2944 4505 2977 4574; x_wconf 81' lang='grc' dir='ltr'>ἡ</span> <span class='ocrx_word' id='word_1_701' title='bbox 3005 4502 3133 4569; x_wconf 79' lang='grc' dir='ltr'>δόξα</span> <span class='ocrx_word' id='word_1_702' title='bbox 3151 4502 3230 4572; x_wconf 83' lang='grc' dir='ltr'>τῷ</span> <span class='ocrx_word' id='word_1_703' title='bbox 3251 4502 3612 4574; x_wconf 76' lang='grc' dir='ltr'>φιλανθρώπῳ</span> <span class='ocrx_word' id='word_1_704' title='bbox 3632 4497 3728 4567; x_wconf 83' lang='grc' dir='ltr'><strong>Θεῷ</strong></span> 
     </span>
    </p>
   </div>
   <div class='ocr_carea' id='block_1_89' title="bbox 507 4603 2069 4675">
    <p class='ocr_par' dir='ltr' id='par_1_89' title="bbox 507 4603 2069 4675">
     <span class='ocr_line' id='line_1_89' title="bbox 507 4603 2069 4675; baseline -0.001 -16"><span class='ocrx_word' id='word_1_705' title='bbox 507 4619 646 4675; x_wconf 62' lang='lat' dir='ltr'><strong>gum.</strong></span> <span class='ocrx_word' id='word_1_706' title='bbox 669 4603 876 4659; x_wconf 84' lang='lat' dir='ltr'><strong>Servus</strong></span> <span class='ocrx_word' id='word_1_707' title='bbox 893 4604 1041 4662; x_wconf 88' lang='lat' dir='ltr'><strong>enim</strong></span> <span class='ocrx_word' id='word_1_708' title='bbox 1058 4603 1237 4660; x_wconf 88' lang='lat' dir='ltr'><strong>ﬁdelis</strong></span> <span class='ocrx_word' id='word_1_709' title='bbox 1254 4605 1300 4660; x_wconf 91' lang='lat' dir='ltr'><strong>si</strong></span> <span class='ocrx_word' id='word_1_710' title='bbox 1315 4613 1420 4673; x_wconf 74' lang='lat' dir='ltr'><strong>est,</strong></span> <span class='ocrx_word' id='word_1_711' title='bbox 1443 4605 1778 4660; x_wconf 87' lang='lat' dir='ltr'><strong>dominicum</strong></span> <span class='ocrx_word' id='word_1_712' title='bbox 1806 4620 2069 4660; x_wconf 88' lang='lat' dir='ltr'><strong>arcanum</strong></span> 
     </span>
    </p>
   </div>
   <div class='ocr_carea' id='block_1_90' title="bbox 2178 4595 2903 4665">
    <p class='ocr_par' dir='ltr' id='par_1_90' title="bbox 2178 4595 2903 4665">
     <span class='ocr_line' id='line_1_90' title="bbox 2178 4595 2903 4665; baseline -0.017 -9"><span class='ocrx_word' id='word_1_713' title='bbox 2178 4603 2256 4664; x_wconf 85' lang='grc' dir='ltr'><strong>εἰς</strong></span> <span class='ocrx_word' id='word_1_714' title='bbox 2282 4597 2412 4661; x_wconf 79' lang='grc' dir='ltr'>τοὺς</span> <span class='ocrx_word' id='word_1_715' title='bbox 2448 4595 2671 4658; x_wconf 77' lang='grc' dir='ltr'>αἰῶνας.</span> <span class='ocrx_word' id='word_1_716' title='bbox 2711 4595 2903 4665; x_wconf 81' lang='grc' dir='ltr'><strong>’Δμήν.</strong></span> 
     </span>
    </p>
   </div>
   <div class='ocr_carea' id='block_1_91' title="bbox 508 4684 3726 4769">
    <p class='ocr_par' dir='ltr' id='par_1_91' title="bbox 508 4684 3726 4769">
     <span class='ocr_line' id='line_1_91' title="bbox 508 4684 3726 4769; baseline -0.005 -13"><span class='ocrx_word' id='word_1_717' title='bbox 508 4715 678 4769; x_wconf 88' lang='lat' dir='ltr'><strong>penes</strong></span> <span class='ocrx_word' id='word_1_718' title='bbox 697 4714 756 4754; x_wconf 85' lang='lat' dir='ltr'><strong>se</strong></span> <span class='ocrx_word' id='word_1_719' title='bbox 785 4699 984 4758; x_wconf 85' lang='lat' dir='ltr'><strong>tacitus</strong></span> <span class='ocrx_word' id='word_1_720' title='bbox 1008 4709 1210 4762; x_wconf 86' lang='lat' dir='ltr'><strong>servat.</strong></span> <span class='ocrx_word' id='word_1_721' title='bbox 1271 4701 1362 4758; x_wconf 88' lang='lat' dir='ltr'><strong>Ait</strong></span> <span class='ocrx_word' id='word_1_722' title='bbox 1390 4701 1540 4754; x_wconf 88' lang='lat' dir='ltr'><strong>enim</strong></span> <span class='ocrx_word' id='word_1_723' title='bbox 1583 4708 1641 4758; x_wconf 91' lang='lat' dir='ltr'><strong>et</strong></span> <span class='ocrx_word' id='word_1_724' title='bbox 1674 4700 1939 4754; x_wconf 90' lang='lat' dir='ltr'><strong>Dominus</strong></span> <span class='ocrx_word' id='word_1_725' title='bbox 2002 4695 2287 4768; x_wconf 88' lang='lat' dir='ltr'><strong>discipulis</strong></span> <span class='ocrx_word' id='word_1_726' title='bbox 2325 4691 2443 4747; x_wconf 89' lang='lat' dir='ltr'><strong>suis</strong></span> <span class='ocrx_word' id='word_1_727' title='bbox 2471 4707 2487 4742; x_wconf 71' lang='grc' dir='ltr'>ε</span> <span class='ocrx_word' id='word_1_728' title='bbox 2513 4709 2532 4742; x_wconf 75' lang='grc' dir='ltr'><strong>ι</strong></span> <span class='ocrx_word' id='word_1_729' title='bbox 2559 4690 2730 4745; x_wconf 84' lang='lat' dir='ltr'><strong>Vobis</strong></span> <span class='ocrx_word' id='word_1_730' title='bbox 2756 4689 2945 4744; x_wconf 89' lang='lat' dir='ltr'><strong>datum</strong></span> <span class='ocrx_word' id='word_1_731' title='bbox 2972 4696 3057 4742; x_wconf 89' lang='lat' dir='ltr'><strong>est</strong></span> <span class='ocrx_word' id='word_1_732' title='bbox 3113 4700 3275 4740; x_wconf 90' lang='lat' dir='ltr'><strong>nosse</strong></span> <span class='ocrx_word' id='word_1_733' title='bbox 3300 4684 3553 4754; x_wconf 84' lang='lat' dir='ltr'><strong>mysteria</strong></span> <span class='ocrx_word' id='word_1_734' title='bbox 3603 4687 3726 4753; x_wconf 81' lang='lat' dir='ltr'><strong>regni</strong></span> 
     </span>
    </p>
   </div>
   <div class='ocr_carea' id='block_1_92' title="bbox 507 4779 3718 4860">
    <p class='ocr_par' dir='ltr' id='par_1_92' title="bbox 507 4779 3718 4860">
     <span class='ocr_line' id='line_1_92' title="bbox 507 4779 3718 4860; baseline -0.004 -15"><span class='ocrx_word' id='word_1_735' title='bbox 507 4790 642 4855; x_wconf 87' lang='lat' dir='ltr'><strong>Dei;</strong></span> <span class='ocrx_word' id='word_1_736' title='bbox 681 4790 792 4846; x_wconf 89' lang='lat' dir='ltr'><strong>illis</strong></span> <span class='ocrx_word' id='word_1_737' title='bbox 825 4800 1031 4854; x_wconf 86' lang='lat' dir='ltr'><strong>autem,</strong></span> <span class='ocrx_word' id='word_1_738' title='bbox 1069 4809 1090 4841; x_wconf 73' lang='grc' dir='ltr'><strong>ι</strong></span> <span class='ocrx_word' id='word_1_739' title='bbox 1147 4806 1344 4860; x_wconf 87' lang='lat' dir='ltr'><strong>nempe</strong></span> <span class='ocrx_word' id='word_1_740' title='bbox 1398 4790 1666 4854; x_wconf 82' lang='lat' dir='ltr'><strong>externis,</strong></span> <span class='ocrx_word' id='word_1_741' title='bbox 1713 4793 1898 4844; x_wconf 85' lang='lat' dir='ltr'><strong>omnia</strong></span> <span class='ocrx_word' id='word_1_742' title='bbox 1932 4809 1950 4842; x_wconf 80' lang='grc' dir='ltr'><strong>ι</strong></span> <span class='ocrx_word' id='word_1_743' title='bbox 1984 4789 2041 4844; x_wconf 91' lang='lat' dir='ltr'><strong>in</strong></span> <span class='ocrx_word' id='word_1_744' title='bbox 2082 4784 2362 4860; x_wconf 87' lang='lat' dir='ltr'><strong>parabolis</strong></span> <span class='ocrx_word' id='word_1_745' title='bbox 2409 4803 2428 4836; x_wconf 72' lang='grc' dir='ltr'><strong>ι</strong></span> <span class='ocrx_word' id='word_1_746' title='bbox 2465 4781 2748 4844; x_wconf 87' lang='lat' dir='ltr'><strong>dicuntur,</strong></span> <span class='ocrx_word' id='word_1_747' title='bbox 2788 4798 2806 4832; x_wconf 84' lang='grc' dir='ltr'><strong>ι</strong></span> <span class='ocrx_word' id='word_1_748' title='bbox 2843 4789 2905 4835; x_wconf 86' lang='grc' dir='ltr'><strong>ιιι</strong></span> <span class='ocrx_word' id='word_1_749' title='bbox 2924 4779 3178 4842; x_wconf 84' lang='lat' dir='ltr'><strong>videntes</strong></span> <span class='ocrx_word' id='word_1_750' title='bbox 3239 4781 3490 4847; x_wconf 83' lang='lat' dir='ltr'><strong>videant,</strong></span> <span class='ocrx_word' id='word_1_751' title='bbox 3553 4786 3601 4832; x_wconf 89' lang='lat' dir='ltr'><strong>et</strong></span> <span class='ocrx_word' id='word_1_752' title='bbox 3629 4788 3718 4828; x_wconf 83' lang='lat' dir='ltr'><strong>mm</strong></span> 
     </span>
    </p>
   </div>
   <div class='ocr_carea' id='block_1_93' title="bbox 508 4881 2310 4956">
    <p class='ocr_par' dir='ltr' id='par_1_93' title="bbox 508 4881 2310 4956">
     <span class='ocr_line' id='line_1_93' title="bbox 508 4881 2310 4956; baseline -0.003 -18"><span class='ocrx_word' id='word_1_753' title='bbox 508 4884 815 4956; x_wconf 72' lang='lat' dir='ltr'><strong>intelligant</strong></span> <span class='ocrx_word' id='word_1_754' title='bbox 854 4884 920 4939; x_wconf 68' lang='grc' dir='ltr'><strong>δ’.</strong></span> <span class='ocrx_word' id='word_1_755' title='bbox 959 4903 977 4936; x_wconf 78' lang='grc' dir='ltr'><strong>ι</strong></span> <span class='ocrx_word' id='word_1_756' title='bbox 1018 4884 1124 4954; x_wconf 91' lang='lat' dir='ltr'><strong>Ipsi</strong></span> <span class='ocrx_word' id='word_1_757' title='bbox 1157 4884 1327 4954; x_wconf 84' lang='lat' dir='ltr'><strong>gloria</strong></span> <span class='ocrx_word' id='word_1_758' title='bbox 1375 4882 1428 4937; x_wconf 92' lang='lat' dir='ltr'><strong>in</strong></span> <span class='ocrx_word' id='word_1_759' title='bbox 1476 4884 1676 4950; x_wconf 80' lang='lat' dir='ltr'><strong>saecula</strong></span> <span class='ocrx_word' id='word_1_760' title='bbox 1725 4883 2073 4942; x_wconf 68' lang='lat' dir='ltr'><strong>saeculorum.</strong></span> <span class='ocrx_word' id='word_1_761' title='bbox 2115 4881 2310 4937; x_wconf 87' lang='lat' dir='ltr'><strong>Amen.</strong></span> 
     </span>
    </p>
   </div>
   <div class='ocr_carea' id='block_1_94' title="bbox 943 4994 1644 5067">
    <p class='ocr_par' dir='ltr' id='par_1_94' title="bbox 943 4994 1644 5067">
     <span class='ocr_line' id='line_1_94' title="bbox 943 4994 1644 5067; baseline -0.013 -11"><span class='ocrx_word' id='word_1_762' title='bbox 943 4996 986 5064; x_wconf 83' lang='grc' dir='ltr'><strong>ι</strong></span> <span class='ocrx_word' id='word_1_763' title='bbox 1000 4997 1158 5067; x_wconf 77' lang='grc'><strong>126</strong></span> <span class='ocrx_word' id='word_1_764' title='bbox 1175 4994 1460 5061; x_wconf 73' lang='lat' dir='ltr'><strong>HOMILIA</strong></span> <span class='ocrx_word' id='word_1_765' title='bbox 1489 4994 1644 5048; x_wconf 73' lang='lat' dir='ltr'><strong>LXV.</strong></span> 
     </span>
    </p>
   </div>
   <div class='ocr_carea' id='block_1_95' title="bbox 509 5107 2079 5179">
    <p class='ocr_par' dir='ltr' id='par_1_95' title="bbox 509 5107 2079 5179">
     <span class='ocr_line' id='line_1_95' title="bbox 509 5107 2079 5179; baseline -0.003 -15"><span class='ocrx_word' id='word_1_766' title='bbox 509 5108 627 5164; x_wconf 81' lang='lat' dir='ltr'><strong>Non</strong></span> <span class='ocrx_word' id='word_1_767' title='bbox 656 5110 814 5163; x_wconf 79' lang='lat' dir='ltr'><strong>cuivis</strong></span> <span class='ocrx_word' id='word_1_768' title='bbox 835 5110 1264 5179; x_wconf 76' lang='lat' dir='ltr'><strong>intempestiviter</strong></span> <span class='ocrx_word' id='word_1_769' title='bbox 1307 5117 1399 5162; x_wconf 86' lang='lat' dir='ltr'><strong>aut</strong></span> <span class='ocrx_word' id='word_1_770' title='bbox 1421 5116 1615 5161; x_wconf 83' lang='lat' dir='ltr'><strong>temere</strong></span> <span class='ocrx_word' id='word_1_771' title='bbox 1653 5107 2079 5175; x_wconf 77' lang='lat' dir='ltr'><strong>committendum</strong></span> 
     </span>
    </p>
   </div>
   <div class='ocr_carea' id='block_1_96' title="bbox 1154 5195 1434 5233">
    <p class='ocr_par' dir='ltr' id='par_1_96' title="bbox 1154 5195 1434 5233">
     <span class='ocr_line' id='line_1_96' title="bbox 1154 5195 1434 5233; baseline -0.004 0"><span class='ocrx_word' id='word_1_772' title='bbox 1154 5195 1434 5233; x_wconf 82' lang='lat' dir='ltr'><strong>arcanum.</strong></span> 
     </span>
    </p>
   </div>
   <div class='ocr_carea' id='block_1_97' title="bbox 580 5292 2080 5362">
    <p class='ocr_par' dir='ltr' id='par_1_97' title="bbox 580 5292 2080 5362">
     <span class='ocr_line' id='line_1_97' title="bbox 580 5292 2080 5362; baseline -0.004 -11"><span class='ocrx_word' id='word_1_773' title='bbox 580 5293 918 5351; x_wconf 88' lang='lat' dir='ltr'><strong>Unicuilibet</strong></span> <span class='ocrx_word' id='word_1_774' title='bbox 951 5293 1112 5349; x_wconf 86' lang='lat' dir='ltr'><strong>obvio</strong></span> <span class='ocrx_word' id='word_1_775' title='bbox 1145 5292 1481 5348; x_wconf 89' lang='lat' dir='ltr'><strong>concredere</strong></span> <span class='ocrx_word' id='word_1_776' title='bbox 1510 5293 1595 5348; x_wconf 88' lang='lat' dir='ltr'><strong>sui</strong></span> <span class='ocrx_word' id='word_1_777' title='bbox 1626 5292 1867 5362; x_wconf 84' lang='lat' dir='ltr'><strong>pectoris</strong></span> <span class='ocrx_word' id='word_1_778' title='bbox 1927 5306 2080 5346; x_wconf 88' lang='lat' dir='ltr'><strong>arca-</strong></span> 
     </span>
    </p>
   </div>
   <div class='ocr_carea' id='block_1_98' title="bbox 512 5383 2080 5456">
    <p class='ocr_par' dir='ltr' id='par_1_98' title="bbox 512 5383 2080 5456">
     <span class='ocr_line' id='line_1_98' title="bbox 512 5383 2080 5456; baseline 0 -18"><span class='ocrx_word' id='word_1_779' title='bbox 512 5400 664 5450; x_wconf 92' lang='lat' dir='ltr'><strong>num,</strong></span> <span class='ocrx_word' id='word_1_780' title='bbox 697 5385 751 5441; x_wconf 90' lang='lat' dir='ltr'><strong>id</strong></span> <span class='ocrx_word' id='word_1_781' title='bbox 785 5385 1063 5456; x_wconf 90' lang='lat' dir='ltr'><strong>peculiare</strong></span> <span class='ocrx_word' id='word_1_782' title='bbox 1093 5393 1177 5444; x_wconf 86' lang='lat' dir='ltr'><strong>est</strong></span> <span class='ocrx_word' id='word_1_783' title='bbox 1205 5385 1402 5439; x_wconf 67' lang='lat' dir='ltr'><strong>animae</strong></span> <span class='ocrx_word' id='word_1_784' title='bbox 1432 5400 1660 5454; x_wconf 89' lang='lat' dir='ltr'><strong>prorsus</strong></span> <span class='ocrx_word' id='word_1_785' title='bbox 1690 5383 2000 5443; x_wconf 67' lang='lat' dir='ltr'><strong>ineruditze.</strong></span> <span class='ocrx_word' id='word_1_786' title='bbox 2024 5394 2080 5448; x_wconf 85' lang='lat' dir='ltr'><strong>et</strong></span> 
     </span>
    </p>
   </div>
   <div class='ocr_carea' id='block_1_99' title="bbox 509 5475 2076 5559">
    <p class='ocr_par' dir='ltr' id='par_1_99' title="bbox 509 5475 2076 5559">
     <span class='ocr_line' id='line_1_99' title="bbox 509 5475 2076 5559; baseline 0.003 -30"><span class='ocrx_word' id='word_1_787' title='bbox 509 5492 630 5545; x_wconf 63' lang='lat' dir='ltr'><strong>qua:</strong></span> <span class='ocrx_word' id='word_1_788' title='bbox 664 5477 897 5544; x_wconf 82' lang='lat' dir='ltr'><strong>nihilum</strong></span> <span class='ocrx_word' id='word_1_789' title='bbox 939 5485 1166 5545; x_wconf 83' lang='lat' dir='ltr'><strong>experta</strong></span> <span class='ocrx_word' id='word_1_790' title='bbox 1216 5484 1300 5539; x_wconf 78' lang='lat' dir='ltr'><strong>est</strong></span> <span class='ocrx_word' id='word_1_791' title='bbox 1339 5475 1523 5530; x_wconf 84' lang='lat' dir='ltr'><strong>decori</strong></span> <span class='ocrx_word' id='word_1_792' title='bbox 1554 5484 1718 5559; x_wconf 82' lang='lat' dir='ltr'><strong>atque</strong></span> <span class='ocrx_word' id='word_1_793' title='bbox 1752 5476 2076 5544; x_wconf 81' lang='lat' dir='ltr'><strong>honestatis.</strong></span> 
     </span>
    </p>
   </div>
   <div class='ocr_carea' id='block_1_100' title="bbox 577 5637 2083 5704">
    <p class='ocr_par' dir='ltr' id='par_1_100' title="bbox 577 5637 2083 5701">
     <span class='ocr_line' id='line_1_100' title="bbox 577 5637 2083 5701; baseline -0.002 -7"><span class='ocrx_word' id='word_1_794' title='bbox 577 5639 991 5694; x_wconf 71' lang='lat' dir='ltr'><strong>&quot;lmo-Malach.</strong></span> <span class='ocrx_word' id='word_1_795' title='bbox 1018 5655 1096 5701; x_wconf 85' lang='grc' dir='ltr'>ιιι,</span> <span class='ocrx_word' id='word_1_796' title='bbox 1117 5638 1182 5701; x_wconf 77' lang='lat'><strong>5;</strong></span> <span class='ocrx_word' id='word_1_797' title='bbox 1209 5637 1373 5691; x_wconf 77' lang='lat' dir='ltr'><strong>Zach.</strong></span> <span class='ocrx_word' id='word_1_798' title='bbox 1405 5655 1457 5700; x_wconf 86' lang='lat' dir='ltr'><strong>v,</strong></span> <span class='ocrx_word' id='word_1_799' title='bbox 1484 5638 1533 5691; x_wconf 66' lang='lat'><strong>4.</strong></span> <span class='ocrx_word' id='word_1_800' title='bbox 1616 5639 1658 5670; x_wconf 81' lang='grc'><strong>³⁹</strong></span> <span class='ocrx_word' id='word_1_801' title='bbox 1685 5639 1798 5693; x_wconf 80' lang='lat' dir='ltr'><strong>Jac.</strong></span> <span class='ocrx_word' id='word_1_802' title='bbox 1829 5657 1880 5698; x_wconf 73' lang='grc' dir='ltr'><strong>γ,</strong></span> <span class='ocrx_word' id='word_1_803' title='bbox 1915 5641 1974 5692; x_wconf 73' lang='grc'><strong>12</strong></span> <span class='ocrx_word' id='word_1_804' title='bbox 2065 5643 2083 5672; x_wconf 72' lang='grc'><strong><em>⁸</em></strong></span> 
     </span>
    </p>
   </div>
   <div class='ocr_carea' id='block_1_101' title="bbox 2187 5637 3221 5704">
    <p class='ocr_par' dir='ltr' id='par_1_101' title="bbox 2187 5639 3221 5704">
     <span class='ocr_line' id='line_1_101' title="bbox 2187 5639 3221 5704; baseline -0.003 -8"><span class='ocrx_word' id='word_1_805' title='bbox 2187 5643 2319 5696; x_wconf 86' lang='lat' dir='ltr'><strong>atth.</strong></span> <span class='ocrx_word' id='word_1_806' title='bbox 2356 5642 2610 5704; x_wconf 46' lang='grc' dir='ltr'>κει-57.</span> <span class='ocrx_word' id='word_1_807' title='bbox 2687 5641 2728 5670; x_wconf 71' lang='grc'><strong>⁵¹</strong></span> <span class='ocrx_word' id='word_1_808' title='bbox 2758 5639 2944 5694; x_wconf 81' lang='lat' dir='ltr'><strong>Matth.</strong></span> <span class='ocrx_word' id='word_1_809' title='bbox 2983 5657 3092 5704; x_wconf 75' lang='lat' dir='ltr'><strong>xm,</strong></span> <span class='ocrx_word' id='word_1_810' title='bbox 3142 5640 3221 5703; x_wconf 83' lang='lat' dir='ltr'><strong>ll.</strong></span> 
     </span>
    </p>
   </div>
   <div class='ocr_carea' id='block_1_102' title="bbox 1115 5708 2883 5777">
    <p class='ocr_par' dir='ltr' id='par_1_102' title="bbox 1115 5708 2883 5777">
     <span class='ocr_line' id='line_1_102' title="bbox 1115 5708 2883 5777; baseline -0.003 -8"><span class='ocrx_word' id='word_1_811' title='bbox 1115 5710 1155 5740; x_wconf 64' lang='grc'><strong>³³</strong></span> <span class='ocrx_word' id='word_1_812' title='bbox 1197 5708 1361 5768; x_wconf 73' lang='grc' dir='ltr'>Ερρίι.</span> <span class='ocrx_word' id='word_1_813' title='bbox 1407 5723 1563 5771; x_wconf 57' lang='grc' dir='ltr'>χχι-ιι,</span> <span class='ocrx_word' id='word_1_814' title='bbox 1607 5709 1788 5762; x_wconf 65' lang='lat' dir='ltr'><strong>lii-‘22.</strong></span> <span class='ocrx_word' id='word_1_815' title='bbox 1865 5710 2066 5766; x_wconf 78' lang='lat' dir='ltr'><strong>&quot;Ibid.</strong></span> <span class='ocrx_word' id='word_1_816' title='bbox 2097 5713 2179 5777; x_wconf 76' lang='grc' dir='ltr'><strong>Π.</strong></span> <span class='ocrx_word' id='word_1_817' title='bbox 2258 5714 2300 5744; x_wconf 66' lang='grc'><strong>⁸⁸</strong></span> <span class='ocrx_word' id='word_1_818' title='bbox 2324 5712 2512 5768; x_wconf 80' lang='lat' dir='ltr'><strong>Matth.</strong></span> <span class='ocrx_word' id='word_1_819' title='bbox 2548 5728 2657 5774; x_wconf 69' lang='lat' dir='ltr'><strong>xm,</strong></span> <span class='ocrx_word' id='word_1_820' title='bbox 2693 5712 2771 5774; x_wconf 93' lang='lat' dir='ltr'><strong>ll,</strong></span> <span class='ocrx_word' id='word_1_821' title='bbox 2805 5711 2883 5772; x_wconf 64' lang='lat' dir='ltr'><strong>l2.</strong></span> 
     </span>
    </p>
   </div>
   <div class='ocr_carea' id='block_1_103' title="bbox 509 5705 1037 5776">
    <p class='ocr_par' dir='ltr' id='par_1_103' title="bbox 509 5705 1037 5776">
     <span class='ocr_line' id='line_1_103' title="bbox 509 5705 1037 5776; baseline -0.002 -12"><span class='ocrx_word' id='word_1_822' title='bbox 509 5705 553 5740; x_wconf 67' lang='grc'><strong>⁸³</strong></span> <span class='ocrx_word' id='word_1_823' title='bbox 587 5709 751 5768; x_wconf 66' lang='grc' dir='ltr'><strong>Ειυιί.</strong></span> <span class='ocrx_word' id='word_1_824' title='bbox 806 5727 913 5776; x_wconf 73' lang='lat' dir='ltr'><strong>xix,</strong></span> <span class='ocrx_word' id='word_1_825' title='bbox 957 5713 1037 5766; x_wconf 82' lang='lat' dir='ltr'><strong>l0.</strong></span> 
     </span>
    </p>
   </div>
   <div class='ocr_carea' id='block_1_104' title="bbox 2794 4984 3161 5039">
    <p class='ocr_par' dir='ltr' id='par_1_104' title="bbox 2794 4984 3161 5039">
     <span class='ocr_line' id='line_1_104' title="bbox 2794 4984 3161 5039; baseline -0.003 -1"><span class='ocrx_word' id='word_1_826' title='bbox 2794 4984 3013 5038; x_wconf 85' lang='grc' dir='ltr'><strong>ΛΟΓΟΣ</strong></span> <span class='ocrx_word' id='word_1_827' title='bbox 3040 4984 3161 5039; x_wconf 74' lang='lat' dir='ltr'><strong>EE&#39;.</strong></span> 
     </span>
    </p>
   </div>
   <div class='ocr_carea' id='block_1_105' title="bbox 2494 5091 3451 5164">
    <p class='ocr_par' dir='ltr' id='par_1_105' title="bbox 2494 5091 3451 5164">
     <span class='ocr_line' id='line_1_105' title="bbox 2494 5091 3451 5164; baseline -0.005 -14"><span class='ocrx_word' id='word_1_828' title='bbox 2494 5094 2631 5164; x_wconf 77' lang='grc' dir='ltr'>Περὶ</span> <span class='ocrx_word' id='word_1_829' title='bbox 2669 5095 2774 5148; x_wconf 87' lang='grc' dir='ltr'>τοῦ</span> <span class='ocrx_word' id='word_1_830' title='bbox 2792 5093 2878 5162; x_wconf 77' lang='grc' dir='ltr'>μὴ</span> <span class='ocrx_word' id='word_1_831' title='bbox 2908 5093 3164 5159; x_wconf 74' lang='grc' dir='ltr'>ἀκαίρως</span> <span class='ocrx_word' id='word_1_832' title='bbox 3194 5091 3451 5160; x_wconf 73' lang='grc' dir='ltr'><strong>θαῤῥεῖν.</strong></span> 
     </span>
    </p>
   </div>
   <div class='ocr_carea' id='block_1_106' title="bbox 2255 5201 3718 5275">
    <p class='ocr_par' dir='ltr' id='par_1_106' title="bbox 2255 5201 3718 5275">
     <span class='ocr_line' id='line_1_106' title="bbox 2255 5201 3718 5275; baseline -0.008 -15"><span class='ocrx_word' id='word_1_833' title='bbox 2255 5207 2329 5260; x_wconf 77' lang='lat' dir='ltr'><strong>T6</strong></span> <span class='ocrx_word' id='word_1_834' title='bbox 2364 5205 2608 5274; x_wconf 76' lang='grc' dir='ltr'>ἀκαίρως</span> <span class='ocrx_word' id='word_1_835' title='bbox 2638 5204 2858 5275; x_wconf 77' lang='grc' dir='ltr'>Θαῤῥεῖν</span> <span class='ocrx_word' id='word_1_836' title='bbox 2887 5219 3015 5266; x_wconf 84' lang='grc' dir='ltr'>τινι,</span> <span class='ocrx_word' id='word_1_837' title='bbox 3047 5201 3375 5253; x_wconf 78' lang='grc' dir='ltr'>ἀπαιδεύτου</span> <span class='ocrx_word' id='word_1_838' title='bbox 3404 5201 3499 5254; x_wconf 75' lang='grc' dir='ltr'><strong>καὶ</strong></span> <span class='ocrx_word' id='word_1_839' title='bbox 3532 5201 3718 5268; x_wconf 70' lang='grc' dir='ltr'>ἀπειρη·</span> 
     </span>
    </p>
   </div>
   <div class='ocr_carea' id='block_1_107' title="bbox 2185 5291 3720 5367">
    <p class='ocr_par' dir='ltr' id='par_1_107' title="bbox 2185 5291 3720 5367">
     <span class='ocr_line' id='line_1_107' title="bbox 2185 5291 3720 5367; baseline -0.01 -14"><span class='ocrx_word' id='word_1_840' title='bbox 2185 5299 2352 5353; x_wconf 80' lang='grc' dir='ltr'>κάλον</span> <span class='ocrx_word' id='word_1_841' title='bbox 2377 5298 2552 5367; x_wconf 65' lang='grc' dir='ltr'><strong>ψυχῆς</strong></span> <span class='ocrx_word' id='word_1_842' title='bbox 2585 5297 2735 5350; x_wconf 82' lang='grc' dir='ltr'>ἴδιον.</span> <span class='ocrx_word' id='word_1_843' title='bbox 2769 5293 2960 5348; x_wconf 73' lang='grc' dir='ltr'>Πολλοὶ</span> <span class='ocrx_word' id='word_1_844' title='bbox 2984 5293 3092 5363; x_wconf 68' lang='grc' dir='ltr'><strong>γὰρ</strong></span> <span class='ocrx_word' id='word_1_845' title='bbox 3129 5294 3193 5345; x_wconf 82' lang='grc' dir='ltr'>ὲκ</span> <span class='ocrx_word' id='word_1_846' title='bbox 3222 5291 3314 5344; x_wconf 82' lang='grc' dir='ltr'>τοῦ</span> <span class='ocrx_word' id='word_1_847' title='bbox 3342 5291 3720 5361; x_wconf 78' lang='grc' dir='ltr'>ἀπερισκέπτως</span> 
     </span>
    </p>
   </div>
   <div class='ocr_carea' id='block_1_108' title="bbox 2185 5384 3716 5460">
    <p class='ocr_par' dir='ltr' id='par_1_108' title="bbox 2185 5384 3716 5460">
     <span class='ocr_line' id='line_1_108' title="bbox 2185 5384 3716 5460; baseline -0.006 -18"><span class='ocrx_word' id='word_1_848' title='bbox 2185 5389 2455 5460; x_wconf 72' lang='grc' dir='ltr'>θαρρῆσαι</span> <span class='ocrx_word' id='word_1_849' title='bbox 2489 5384 2570 5452; x_wconf 78' lang='grc' dir='ltr'><strong>οἷς</strong></span> <span class='ocrx_word' id='word_1_850' title='bbox 2594 5390 2694 5441; x_wconf 75' lang='grc' dir='ltr'><strong>οὐκ</strong></span> <span class='ocrx_word' id='word_1_851' title='bbox 2721 5387 2967 5456; x_wconf 76' lang='grc' dir='ltr'>ὤφειλον,</span> <span class='ocrx_word' id='word_1_852' title='bbox 3003 5385 3227 5456; x_wconf 79' lang='grc' dir='ltr'>ὕστερον</span> <span class='ocrx_word' id='word_1_853' title='bbox 3251 5389 3330 5448; x_wconf 88' lang='grc' dir='ltr'><strong>εἰς</strong></span> <span class='ocrx_word' id='word_1_854' title='bbox 3361 5386 3560 5456; x_wconf 70' lang='grc' dir='ltr'>Θλίψεις</span> <span class='ocrx_word' id='word_1_855' title='bbox 3582 5385 3716 5454; x_wconf 74' lang='grc' dir='ltr'>μεγά-</span> 
     </span>
    </p>
   </div>
   <div class='ocr_carea' id='block_1_109' title="bbox 2186 5473 3715 5551">
    <p class='ocr_par' dir='ltr' id='par_1_109' title="bbox 2186 5473 3715 5551">
     <span class='ocr_line' id='line_1_109' title="bbox 2186 5473 3715 5551; baseline -0.006 -19"><span class='ocrx_word' id='word_1_856' title='bbox 2186 5479 2282 5543; x_wconf 84' lang='grc' dir='ltr'>λας</span> <span class='ocrx_word' id='word_1_857' title='bbox 2315 5481 2408 5532; x_wconf 74' lang='grc' dir='ltr'><strong>καὶ</strong></span> <span class='ocrx_word' id='word_1_858' title='bbox 2438 5480 2746 5551; x_wconf 76' lang='grc' dir='ltr'>ἀφορήτους</span> <span class='ocrx_word' id='word_1_859' title='bbox 2773 5479 3055 5537; x_wconf 80' lang='grc' dir='ltr'>ὲνέπεσαν.</span> <span class='ocrx_word' id='word_1_860' title='bbox 3093 5477 3212 5548; x_wconf 81' lang='grc' dir='ltr'><strong>Χρὴ</strong></span> <span class='ocrx_word' id='word_1_861' title='bbox 3247 5473 3340 5531; x_wconf 82' lang='lat' dir='ltr'><strong>06v</strong></span> <span class='ocrx_word' id='word_1_862' title='bbox 3371 5479 3542 5532; x_wconf 80' lang='grc' dir='ltr'>πάντα</span> <span class='ocrx_word' id='word_1_863' title='bbox 3589 5491 3715 5542; x_wconf 83' lang='grc' dir='ltr'>περι-</span> 
     </span>
    </p>
   </div>
   <div class='ocr_carea' id='block_1_110' title="bbox 3301 5635 3707 5699">
    <p class='ocr_par' dir='ltr' id='par_1_110' title="bbox 3301 5635 3707 5699">
     <span class='ocr_line' id='line_1_110' title="bbox 3301 5635 3707 5699; baseline -0.02 -4"><span class='ocrx_word' id='word_1_864' title='bbox 3301 5641 3343 5671; x_wconf 67' lang='grc'><strong>³²</strong></span> <span class='ocrx_word' id='word_1_865' title='bbox 3374 5640 3528 5696; x_wconf 82' lang='lat' dir='ltr'><strong>Prov.</strong></span> <span class='ocrx_word' id='word_1_866' title='bbox 3548 5652 3652 5699; x_wconf 78' lang='lat' dir='ltr'><strong>xvu,</strong></span> <span class='ocrx_word' id='word_1_867' title='bbox 3668 5635 3707 5688; x_wconf 82' lang='lat'><strong>9.</strong></span> 
     </span>
    </p>
   </div>
  </div>
