3868 6508
49 297 232 365 1625
1123 320 1450 382 HOMILIA
1492 327 1694 388 LXVI.
1720 355 1787 364 -
1814 332 1912 391 DE
1947 335 2349 398 VERITATE.
3227 341 3365 408 1636

37 413 456 486 ασκεμμένως
497 415 593 471 καὶ
626 417 766 487 μετά
789 418 984 492 βουλῆς
1015 424 1303 494 πράσσειν,
1329 431 1421 481 καὶ
1446 431 1520 500 μὴ
1551 430 1636 501 Θαῤ

1755 481 1758 490 .
1792 436 2086 508 Plerosque
2116 441 2350 511 conligit
2380 443 2667 512 perplexas
2708 454 2874 514 atque
2925 446 3013 502 vix
3047 450 3362 510 tolerabiles

40 505 191 570 ῥεῖν
255 523 369 559 τινι
415 507 488 570 ὡς
540 508 746 578 ἔτυχεν,
807 511 894 565 ἵνα
953 513 1028 584 μὴ
1069 514 1296 586 ὕστερον
1344 521 1441 590 τῆς
1477 522 1636 574 ὲαυτο

1788 527 2032 585 incidere
2060 532 2112 585 in
2141 533 2487 598 atIlictiones,
2519 552 2588 590 ex
2620 552 2688 591 eo
2719 539 2864 608 quod
2895 542 3099 610 quibus
3132 561 3238 597 non
3259 546 3356 600 de-

37 595 460 660 κακοϐουλίας
507 600 758 669 καρποὺς
788 602 982 673 ὀδύνης
1033 605 1242 677 θερίσῃ.
1290 610 1381 670 Εἰς
1426 610 1534 681 γὰρ
1564 609 1636 664 {ut

1783 621 2006 685 behant,
2034 623 2364 692 nimisquam
2391 635 2594 681 temere
2620 644 2678 682 se
2716 630 3094 687 crediderunt.
3126 636 3359 694 Necesse

39 683 328 752 ἄφρονος
360 689 518 742 καλόν
551 693 696 746 ἐστιν
731 695 896 766 μηδὲν
926 697 1126 765 λέγειν,
1153 698 1229 762 ὥς
1254 719 1419 772 φησιν
1448 705 1474 756 ὁ
1516 706 1636 757 Σολο

42 795 78 798 ,Α
98 776 122 798 ,‘
152 796 162 798 μ
180 794 187 798 .
319 781 334 798 Ι
742 786 753 798 ο
920 789 931 798 ι
1087 792 1097 798 .
1174 792 1187 798 -
1221 793 1231 798 -
1494 797 1502 798 κ

1783 713 1951 779 igitur
1972 713 2066 777 sit,
2100 715 2542 785 eireumspeetim
2573 729 2630 772 et
2679 722 2880 776 comite
2923 726 3156 780 consilio
3196 743 3358 798 agere

41 776 218 843 μὼν,
264 781 477 850 μήποτε
513 786 826 859 μυκτηρίσῃ
857 789 979 852 τοὺς
1022 792 1147 854 σοὺς
1174 792 1384 860 λόγους.
1422 797 1636 850 Διδασκε

1805 776 1812 779 .
2057 776 2060 777 ν
2343 776 2357 785 .
3015 776 3024 777 κ
3065 776 3150 780 τη
3198 776 3356 798 νοην

1781 806 1986 867 omnia,
2031 823 2134 861 nec
2193 807 2528 871 inconsulte,
2581 820 2640 865 ut
2673 813 2787 868 fere
2820 813 2900 876 ﬁt,
2933 825 3208 871 secretum
3233 822 3356 873 cui-

33 868 105 920 δὲ
142 874 267 927 xz".
299 875 460 938 ἄλλος
487 879 669 946 σοφὸς,
707 898 724 929 ι
760 881 916 934 Μετά
948 883 1132 954 μωροῦ
1172 885 1247 955 μὴ
1275 887 1636 955 συμϐουλεύοι

1781 913 1944 966 quam
1972 897 2341 962 committere,
2371 910 2429 953 ut
2457 918 2523 956 ne
2550 903 2771 958 demum
2809 922 2907 975 per
2938 917 3084 961 tuam
3125 912 3352 963 temeri-

37 963 112 1013 οὐ
146 965 283 1034 γὰρ
306 967 601 1039 δυνήσεται
629 971 784 1038 λόγον
837 975 1079 1040 στέξαι.»
1108 977 1217 1029 Καὶ
1249 979 1428 1043 πάλιν,
1458 1000 1476 1031 ‹
1503 983 1636 1035 Πανσι

1781 963 1946 1042 tatem
2001 989 2214 1044 fructus
2256 991 2506 1047 demetas
2550 995 2781 1051 doloris.
2811 963 2920 1052 .Ad
2990 1015 3153 1054 aures
3205 1002 3352 1054 enim

35 1055 368 1130 ἀνθρώπῳ
423 1062 496 1132 μὴ
536 1062 763 1132 ἕκφαινε
823 1067 890 1119 τὰ
937 1068 1035 1138 τῆς
1079 1070 1304 1140 καρδίας
1356 1089 1485 1124 σου’
1538 1074 1636 1144 μηδ

1781 1080 2145 1148 imprudentis
2171 1083 2375 1136 bonum
2401 1093 2484 1137 est
2515 1086 2650 1138 nihil
2684 1087 2889 1153 dicere,
2918 1100 2977 1142 ut
3003 1099 3057 1144 et
3095 1091 3349 1145 Salomon

37 1146 265 1199 πάντα
304 1149 595 1220 ἄνθρωπον
622 1155 884 1222 είσόιγαγε
939 1158 1018 1220 είς
1045 1161 1138 1212 τὸν
1167 1154 1314 1212 οἶκόν
1347 1179 1462 1216 σου.
1494 1163 1634 1214 Πολλ

1777 1172 1874 1234 ait,
1927 1189 1994 1226 ne
2053 1173 2192 1228 forte
2241 1175 2544 1229 subsannet
2595 1179 2841 1234 eruditos
2879 1191 3000 1235 tuos
3046 1199 3344 1238 SCI‘IPM'LS.

35 1238 171 1304 γὰρ
195 1239 280 1292 τὰ
317 1242 506 1311 ἕνεδρα
539 1245 629 1297 τοῦ
664 1248 929 1302 διαϐόλου.
951 1269 970 1300 ι
1009 1251 1118 1304 Καὶ
1151 1250 1328 1317 αὖθις,
1367 1273 1384 1305 ι
1409 1255 1636 1308 Ἐνώπιο

1777 1264 1948 1318 Docet
1996 1272 2180 1318 autem
2216 1275 2272 1319 et
2321 1267 2463 1321 alius
2497 1269 2714 1337 sapiens
2747 1289 2759 1320 :
2796 1289 2814 1319 ι
2850 1274 2986 1325 Cum
3032 1277 3200 1329 stulto
3241 1279 3349 1331 noli

37 1329 374 1399 ἀλλοτρίου
411 1335 578 1405 μηδὲν
609 1339 840 1409 ποιήσῃς
861 1343 1122 1409 κρυπτόν*
1159 1345 1218 1396 οὐ
1242 1344 1351 1414 γὰρ
1381 1345 1636 1412 γινώσκει

1778 1355 1916 1410 inire
1981 1357 2306 1420 consilium,
2359 1374 2467 1412 non
2527 1361 2675 1414 enim
2736 1365 2940 1431 poterit
2996 1376 3177 1435 tegere
3231 1384 3353 1420 ver-

36 1419 98 1469 τί
135 1422 404 1488 τέξεται.
433 1445 450 1476 ι
499 1427 608 1479 Καὶ
645 1428 831 1495 πάλιν,
882 1451 900 1482 ι
929 1431 1095 1502 Ἀνὴρ
1135 1433 1428 1502 δίγλωσσος
1462 1437 1636 1488 ἀποκα

1776 1447 1906 1501 bum
1932 1447 1996 1501 ⁸⁷.
2037 1467 2054 1498 ι
2093 1449 2306 1503 Rursus
2342 1468 2354 1502 :
2407 1469 2425 1500 ι
2462 1449 2619 1505 Omni
2661 1452 2875 1507 homini
2905 1472 2974 1509 ne
3032 1458 3232 1525 prodas
3256 1475 3353 1513 cor

38 1510 268 1566 ἰώτττει
294 1515 498 1585 βουλὰς
514 1520 570 1570 ὲν
595 1522 887 1592 συνεδρίῳ’
915 1526 942 1577 ό
969 1523 1025 1576 δὲ
1056 1525 1246 1589 πιστὸς
1277 1530 1412 1598 πνοῇ
1435 1527 1636 1599 κρύπτε

1777 1551 1930 1595 tuum
1962 1542 2027 1602 "‘,
2057 1556 2236 1610 neque
2263 1557 2482 1596 omnem
2510 1545 2788 1600 hominem
2829 1547 2994 1602 induc
3019 1550 3074 1602 in
3122 1549 3347 1605 domum

36 1603 415 1674 πράγματα.
454 1628 471 1659 ι
511 1611 618 1663 Καὶ
649 1614 677 1665 ό
719 1616 1003 1685 προφήτης
1040 1618 1278 1687 Μιχαίας
1325 1618 1422 1690 βοᾷ
1469 1619 1636 1685 λέγων

1779 1644 1957 1696 tuam;
2002 1635 2187 1689 multa:
2211 1636 2358 1689 enim
2384 1646 2511 1690 sunt
2536 1637 2750 1693 insidiae
2772 1640 3198 1696 calumniatoris
3222 1643 3287 1696 ".
3321 1662 3340 1692 ι

45 1713 65 1742 σ
89 1696 197 1766 Μὴ
221 1703 673 1756 καταπιστεύετε
697 1705 753 1757 ὲν
769 1705 964 1773 φίλοις.
991 1709 1100 1762 Καὶ
1124 1710 1231 1763 ἀπὸ
1251 1712 1353 1780 τῆς
1376 1715 1632 1778 συγκοίτο

1776 1724 2014 1780 Rursum
2041 1743 2053 1778 :
2091 1744 2108 1776 ι
2145 1725 2342 1781 Coram
2366 1727 2548 1782 alieno
2571 1728 2709 1783 nihil
2727 1729 2896 1784 facias
2918 1733 3139 1796 secreti,
3168 1749 3346 1802 neque

34 1804 144 1840 σου
185 1791 449 1859 φύλαξον
476 1796 568 1847 τοῦ
627 1797 702 1866 μὴ
751 1799 1049 1854 ἀναθέσθαι
1098 1803 1236 1873 αὐτῇ
1288 1823 1405 1857 τι.»
1468 1807 1636 1859 Καλῶ

1769 1819 1916 1871 enim
1957 1819 2088 1882 scis,
2123 1819 2255 1888 quid
2292 1820 2470 1889 pariet
2497 1821 2570 1874 ⁸⁰.
2615 1841 2633 1872 ι
2671 1823 2874 1876 lterum
2910 1842 2924 1876 :
2971 1844 2987 1874 ι
3031 1826 3125 1878 Vir
3172 1825 3342 1879 bilin-

32 1879 188 1940 γοῦν
221 1885 336 1936 καὶ
377 1886 404 1938 ὁ
434 1888 719 1958 προφήτης
760 1895 1018 1961 παραινεῖ
1041 1893 1406 1962 φυλάττεσθαι
1434 1899 1542 1952 ἀπὸ
1566 1901 1664 1969 τῆς

33 1974 398 2042 συγκοίτου,
447 1979 657 2047 μήποτε
716 1982 1099 2055 ὑπομείνωμεν
1150 1988 1218 2041 τὰ
1257 1990 1350 2043 τοῦ
1399 1992 1661 2061 Σαμψών.

45 2064 378 2136 Ὀχληθεὶς
406 2069 515 2141 γὰρ
558 2074 586 2125 ὁ
633 2073 844 2138 δίκαιος
882 2076 986 2130 ὑπὸ
1034 2079 1133 2148 τῆς
1184 2081 1355 2133 αὑτοῦ
1405 2085 1661 2153 συμϐίου,

29 2157 407 2227 ἀνήγγειλεν
455 2163 592 2235 αὐτῇ
634 2167 694 2218 τὸ
746 2168 1064 2239 πρόϐλημα,
1123 2174 1217 2226 καὶ
1255 2174 1479 2242 γέγονεν
1512 2178 1662 2246 αύτῴ

29 2252 119 2312 εἰς
171 2253 383 2323 λύππλν
433 2258 696 2327 μεγάλην.
741 2261 1018 2326 Ὡσαύτως
1053 2265 1146 2318 καὶ
1173 2267 1205 2335 ὴ
1233 2267 1465 2335 δευτέρα
1493 2270 1658 2323 αὑτοῦ

31 2343 304 2411 σύμϐιος
351 2348 568 2414 Δαλιδά,
612 2351 915 2423 ἀπατηλοῖς
967 2355 1149 2423 λόγοις
1191 2360 1524 2428 ἀπατήσασα
1566 2363 1660 2416 τὸν

27 2433 294 2501 δίκαιον,
346 2436 628 2509 ὲπίχαρμα
687 2441 850 2494 αὑτὸν
901 2445 1236 2513 κατέστησεν
1285 2450 1395 2511 τοῖς
1445 2451 1658 2521 ἐχθροῖς

30 2527 248 2582 αὑτοῦ.
293 2529 412 2580 Καὶ
441 2532 468 2582 ό
496 2529 557 2597 ἐξ
586 2534 920 2602 ἐπαγγελίας
955 2536 1303 2607 συλληφθεὶς,
1331 2542 1425 2593 καὶ
1466 2542 1659 2612 κρίνας

26 2620 226 2673 εἴκοσι
262 2620 375 2691 ἐτη
402 2623 493 2676 τὸν
529 2625 765 2694 Ἰσραὴλ,
818 2629 913 2679 καλ⁵
958 2629 1260 2699 ἀνασχίσας
1297 2634 1422 2694 ταῖς
1477 2632 1657 2685 παλά-

30 2729 176 2777 μαις
210 2713 281 2764 τὸ
312 2713 495 2782 στόμα
521 2715 617 2768 τοῦ
667 2717 904 2783 λέοντος,
956 2721 1050 2772 καὶ
1093 2723 1150 2772 ἐν
1184 2722 1389 2789 σιαγόνι
1426 2722 1548 2775 ὄνου
1577 2741 1657 2793 χι-

29 2803 192 2864 λίους
227 2804 580 2869 ἀποκτείνας
625 2808 848 2878 ἄνδρας,
878 2811 972 2864 καὶ
1014 2810 1159 2879 ὕδωρ
1185 2813 1249 2864 ἐκ
1277 2813 1379 2881 τῆς
1408 2815 1658 2881 σιαγόνος

29 2894 210 2957 πιὼν,
243 2898 354 2948 καὶ
382 2897 450 2948 δι’
468 2897 774 2971 ὑπερϐολὴν
806 2901 990 2972 ἰσχύος
1017 2903 1114 2965 τὰς
1142 2903 1320 2968 πύλας
1343 2904 1525 2976 Γάζης
1559 2907 1654 2958 σὺν

39 2989 125 3058 τῷ
151 2988 368 3059 μοχλῷ
392 2992 479 3042 ἐπ’
495 2989 660 3060 ὤμων
689 2991 849 3062 ἄρας,
875 2995 969 3047 καὶ
992 2997 1070 3057 είς
1094 2995 1155 3047 τὸ
1179 2995 1304 3067 ὅρος
1331 2997 1652 3066 ἀνενέγκας,

32 3084 146 3132 ὑπὸ
189 3082 428 3151 φαύλης
456 3084 716 3152 γυναικὸς
739 3084 1068 3151 δελεασθεὶς,
1095 3087 1354 3159 ἐξαίφνης
1396 3089 1457 3141 οὐ
1493 3090 1652 3159 μόνον

28 3171 135 3240 τὴν
167 3170 464 3242 τοσαύτην
499 3173 653 3242 ἰσχὺν
700 3173 1005 3240 ἀπώλεσεν,
1039 3175 1176 3228 ἀλλὰ
1205 3177 1300 3229 καλ⁸
1330 3178 1396 3230 τὰ
1428 3178 1650 3247 ὄμματα

28 3265 403 3336 ὲξορυχθεὶς,
437 3263 688 3333 παίγνιον
715 3268 828 3322 τοῖς
870 3266 1182 3336 παιδαρίοις
1209 3268 1318 3320 τῶν
1341 3268 1655 3338 ἀλλοφύλων

28 3355 383 3425 γενόμενος,
405 3354 500 3408 σὺν
525 3356 708 3418 αὐτοῖς
733 3357 825 3410 τὸν
853 3356 967 3428 βίον
1000 3359 1316 3414 κατέλυσεν.
1356 3361 1483 3414 Ἐπό
1493 3379 1653 3431 μενον

29 3445 127 3500 οὖν
184 3448 360 3499 ἐστιν
410 3446 470 3499 τὸ
518 3446 611 3500 τοῦ
668 3449 877 3521 Κυρίου
927 3450 1092 3520 ῥητὸν
1135 3451 1196 3504 τὸ
1236 3453 1464 3520 φάσκον,
1501 3473 1519 3504 ι
1562 3452 1653 3523 Μὴ

29 3540 178 3592 δῶτε
209 3538 295 3590 τὰ
342 3537 472 3605 ἅγια
498 3540 612 3612 τοῖς
641 3540 822 3608 κυσὶν,
855 3543 993 3611 μηδὲ
1023 3541 1244 3612 βάλλετε
1275 3545 1402 3607 τοὺς
1433 3563 1651 3616 μαργα-

33 3631 202 3700 ρίτας
242 3628 436 3698 ὑμῶν,
476 3628 788 3701 ἔμπροσθεν
827 3632 938 3685 τῶν
964 3633 1188 3703 χοίρων,
1225 3636 1434 3704 μήποτε
1476 3653 1649 3690 κατα,

29 3725 386 3793 πατήσωσιν
417 3721 615 3785 αὐτοὺς
649 3724 762 3785 τοῖς
799 3725 958 3776 ποσὶν
1005 3723 1208 3787 αὐτῶν,
1241 3727 1336 3778 καὶ
1381 3728 1649 3796 στραφένο

28 3833 124 3876 τες
158 3814 422 3886 ῥήξωσιν
455 3813 618 3884 ὑμᾶς.
664 3834 683 3865 ι
722 3815 879 3883 Αὐτῷ
911 3817 943 3886 ή
977 3815 1106 3880 δόξα
1139 3817 1218 3880 είς
1264 3819 1389 3881 τοὺς
1419 3820 1642 3882 αἰῶνας.

42 3910 99 3958 Ἀ
114 3908 260 3976 μήν.

1767 1910 1890 1980 guis
1929 1911 2133 1965 revelat
2162 1913 2390 1966 consilia
2424 1913 2474 1966 in
2512 1914 2748 1968 concilio
2780 1916 3004 1981 habita;
3034 1918 3126 1986 qui
3158 1928 3341 1971 autem

1767 2002 1942 2056 ﬁdelis
1968 2011 2052 2057 est
2077 2004 2298 2072 spiritu,
2329 2006 2568 2060 occultat
2595 2022 2710 2060 rem
2750 2009 2816 2060 δι.
2855 2026 2874 2059 ι
2910 2009 3164 2064 Michzeas
3221 2026 3345 2078 pro-

1765 2096 1927 2164 pheta
1968 2097 2167 2150 clamat
2218 2114 2230 2150 :
2287 2118 2304 2148 ι
2351 2099 2472 2153 Noli
2529 2100 2690 2154 [idem
2728 2101 2933 2155 habere
2960 2103 3172 2158 amicis.
3227 2113 3276 2154 et
3312 2117 3341 2155 σι

1765 2189 2072 2242 conthorali
2106 2199 2198 2244 tua
2250 2206 2402 2255 cave,
2455 2198 2512 2244 et
2544 2192 2679 2246 nihil
2721 2193 2869 2248 illius
2918 2193 3046 2248 iidei
3082 2192 3340 2248 commin

1765 2287 1815 2333 te
1840 2280 1906 2333 “.
1946 2299 1963 2330 ι
1998 2279 2112 2334 lloc
2137 2296 2204 2335 eo
2229 2281 2389 2343 dixit,
2414 2297 2485 2336 ne
2516 2282 2657 2337 forte
2676 2284 2868 2340 eadem
2898 2286 3198 2339 toleremus
3218 2302 3340 2356 qua:

1760 2377 1815 2422 et
1850 2368 2080 2423 Samson
2116 2371 2302 2440 :justo
2329 2371 2479 2425 enim
2516 2373 2668 2437 huic,
2701 2389 2823 2443 quas
2869 2390 2993 2429 cum
3035 2375 3152 2444 ipso
3185 2377 3337 2429 vive-

1761 2457 1854 2510 bat
1901 2459 2292 2524 communiter,
2332 2460 2747 2530 inexplicabiles
2794 2465 3064 2520 conscivit
3127 2467 3334 2520 turbas.

1761 2549 1991 2603 Samson
2051 2551 2198 2604 enim
2247 2553 2516 2622 propositi
2573 2554 2936 2623 problematis
3005 2556 3337 2608 solutionem

1756 2639 2074 2692 cnuntiarat
2110 2657 2124 2692 :
2169 2639 2222 2693 id
2257 2640 2405 2709 quod
2442 2657 2549 2695 non
2596 2643 2932 2699 mediocrem
2974 2644 3184 2699 invexit
3215 2646 3340 2700 viro

1761 2731 2063 2785 tristitiam.
2107 2732 2218 2787 Nec
2261 2748 2423 2788 secus
2463 2735 2635 2789 altera
2689 2736 2793 2790 tori
2845 2752 3094 2796 consors,
3141 2754 3338 2806 nempe

1758 2823 1946 2877 Dalida
1972 2823 2224 2878 subdolis
2245 2834 2302 2880 et
2335 2827 2576 2882 illicibus
2609 2829 2796 2883 verbis
2824 2830 2974 2899 justo
3001 2846 3126 2884 cum
3157 2831 3336 2899 impo-

1757 2916 1980 2974 suisset.
2014 2916 2199 2972 eﬂ'ecit
2225 2927 2286 2971 ut
2317 2918 2406 2972 hic
2432 2929 2617 2974 tantus
2650 2921 2884 2989 publica:
2905 2931 3051 2975 esset
3105 2921 3336 2975 insulta-

1759 3007 1892 3061 tioni
1925 3007 2166 3063 inimicis
2210 3009 2374 3064 suis:
2411 3010 2458 3064 is
2515 3011 2610 3080 qui
2655 3012 2903 3082 angelica
2961 3014 3334 3082 promissione

1756 3105 2055 3164 conceptus
2082 3106 2189 3159 est,
2216 3114 2422 3167 perque
2446 3115 2624 3154 annos
2659 3101 2854 3171 viginti
2891 3103 3203 3158 Israelitica:
3246 3105 3336 3174 ju-

1755 3185 1858 3239 dex
1883 3186 2080 3242 fuerat.
2112 3188 2262 3242 Idem
2283 3190 2540 3245 manibus
2564 3191 2616 3245 in
2659 3192 2839 3248 leonis
2865 3209 2962 3247 ora
2991 3195 3210 3264 injectis
3242 3196 3328 3264 ip-

1751 3292 1872 3331 sum
1925 3277 2301 3345 dissecuerat;
2334 3281 2388 3334 in
2418 3282 2735 3338 mand-ibula
2757 3285 2898 3339 asini
2927 3287 3075 3342 mille
3097 3288 3335 3357 peremit

1753 3368 1938 3434 viros;
1970 3383 2038 3422 ex
2064 3369 2255 3423 eadem
2276 3371 2498 3425 maxilla
2521 3374 2916 3430 scaturientem
2939 3376 3326 3446 bibitaquam:

1754 3455 1845 3510 hic
1872 3458 2227 3526 exsuperanti
2272 3457 2448 3513 fretus
2487 3460 2708 3528 robore,
2747 3471 2937 3532 portas
2989 3464 3146 3519 Gaza:
3176 3465 3334 3520 urbis

1753 3562 1879 3601 cum
1911 3547 2208 3602 emovisset
2242 3549 2384 3617 loco,
2418 3567 2529 3606 una
2564 3567 2689 3607 eum
2711 3546 2724 3553 ’
2750 3553 2890 3609 seris
2926 3555 3175 3610 humeris
3222 3558 3328 3611 im-

1754 3638 1984 3706 positas,
2015 3637 2240 3691 sustulit
2261 3639 2316 3692 in
2341 3650 2620 3708 montem;
2668 3651 2726 3698 et
2753 3643 2844 3698 hic
2889 3653 3076 3700 tantus
3101 3646 3328 3717 abjeetze

1754 3739 1820 3779 ac
1851 3723 1978 3778 vilis
2013 3723 2347 3780 mulierculae
2388 3726 2668 3783 inescatus
2728 3728 3024 3797 illecebris,
3053 3739 3331 3786 momento

1755 3832 1865 3870 non
1911 3815 2291 3870 tantummodo
2334 3819 2578 3887 perdidit
2607 3819 3010 3887 fortitudinem,
3043 3825 3138 3878 sed
3164 3840 3329 3880 exca-

1754 3908 1899 3962 vatis
1920 3917 2082 3976 atque
2103 3907 2321 3962 etfossis
2345 3911 2633 3964 oculorum
2658 3913 2910 3978 orbibus,
2933 3914 3000 3967 ad
3025 3915 3328 3968 ludibrium

30 3999 353 4068 expositus
387 4008 472 4052 est
527 3998 756 4068 puerilis
785 4001 964 4071 gentis
1003 4001 1329 4069 Philistinze,
1377 4003 1482 4056 hoc
1537 4011 1622 4057 est
1681 4003 2024 4072 alienigenae,
2090 4003 2422 4072 quibuscum
2471 4021 2790 4075 oppressus,
2851 4009 2995 4063 diem
3037 4026 3194 4064 suum
3226 4011 3328 4064 ob-

33 4097 99 4168 iit
125 4095 200 4147 ‘9‘.
238 4093 420 4160 Sequi
452 4093 621 4162 igitur
650 4094 920 4159 debemus
987 4097 1325 4152 [)ominicam
1363 4098 1512 4151 illam
1559 4097 1910 4158 sententiam,
1976 4112 2098 4165 quas
2135 4097 2271 4152 dicit
2305 4116 2316 4150 :
2362 4117 2381 4149 ι
2416 4098 2597 4156 Nolite
2657 4101 2788 4154 dare
2839 4111 3026 4154 sancta
3077 4101 3326 4164 canibus,

33 4202 232 4256 neque
319 4185 622 4254 projiciatis
687 4188 1012 4256 margaritas
1038 4200 1248 4244 vestras
1311 4201 1439 4244 ante
1491 4203 1711 4258 porcos,
1755 4204 1824 4241 ne
1891 4188 2032 4242 forte
2091 4189 2420 4246 conculeent
2479 4206 2574 4246 eas
2635 4191 2903 4261 pedibus,
2959 4199 3017 4246 et
3071 4193 3322 4245 conversi

32 4283 412 4349 disrumpant
437 4295 532 4335 vos
563 4281 629 4336 ⁵⁵.
674 4300 692 4333 ›
745 4282 849 4352 Ipsi
897 4284 1072 4353 gloria
1118 4285 1171 4338 in
1203 4285 1400 4341 saecula
1421 4283 1771 4338 saeculorum.
1799 4280 1997 4336 Amen.

667 4408 886 4461 aeros
922 4408 1060 4476 εςν.

619 4518 757 4588 Περὶ
787 4519 998 4585 ἀληθεί
1000 4538 1093 4587 ας.

117 4638 327 4697 Ἴσως,
369 4633 518 4704 τίμιε
561 4634 738 4704 πάτερ
792 4632 1080 4700 Εύστάθιε,
1125 4635 1449 4704 θαυμάζεις,
1487 4634 1550 4687 σύ
1584 4652 1642 4688 τε

36 4731 138 4784 καλ.
170 4730 227 4782 οἱ
264 4725 655 4796 ὲντευξάμενοι
698 4730 760 4797 τῇ
802 4727 1051 4798 παρούσῃ
1084 4729 1460 4799 πραγματείᾳ,
1497 4729 1644 4790 τίνος

33 4823 238 4874 ἕνεκεν
273 4818 413 4885 παρ’
460 4817 614 4887 ὑμῶν
648 4819 1010 4888 προτραπεὶς,
1055 4820 1310 4886 καὶπρὸς
1356 4822 1499 4890 ὑμᾶς
1545 4821 1642 4890 τὴν

34 4914 229 4985 ἀρχὴν
262 4907 362 4962 τοῦ
399 4909 559 4977 λόγου
585 4910 976 4980 ποιησάμενος,
1004 4910 1206 4972 εὐθέως
1233 4911 1420 4981 ὥσπερ
1451 4911 1638 4963 ὲπιλαο

35 5007 288 5073 θόμενος
327 5002 542 5063 ἑαυτοῦ,
577 5002 650 5064 ὡς
687 5002 824 5072 πρός
853 5020 1007 5064 τινας
1040 5004 1301 5074 φοιτητὰς
1335 5002 1642 5073 χρῄζοντας

33 5093 429 5157 διδασκαλίας,
455 5093 553 5152 τὰς
577 5093 839 5159 διαλέξεις
871 5096 1236 5166 ἐποιησάμην.
1268 5095 1430 5148 Ἀλλὰ
1451 5096 1639 5166 μηδεὶς

39 5183 415 5256 θαυμαζέτω,
453 5184 589 5254 μηδὲ
621 5186 810 5246 ἀνοίας
859 5186 1108 5256 ἔγκλημα
1150 5187 1490 5257 ὲγγρόιψαιτό
1524 5205 1632 5257 μοι,

37 5277 142 5346 τὴν
175 5273 511 5344 ἐναλλαγὴν,
544 5274 680 5327 ἀλλά
709 5275 906 5344 μᾶλλον
940 5275 1268 5346 ἀποδέξηται
1293 5276 1392 5345 τῆς
1420 5278 1637 5330 ἐπαινε-

38 5371 143 5438 τῆς
174 5365 415 5427 δειλίας.
445 5366 520 5418 Οὐ
556 5366 665 5436 γὰρ
695 5366 1058 5436 ἐπιλέλησμαι
1086 5367 1344 5436 ἐμαυτοῦ,
1379 5367 1516 5422 ἀλλά
1539 5368 1636 5438 τὴν

39 5457 365 5526 ἀπολογίαν
389 5457 518 5527 ἐρῶ.
551 5458 662 5521 Τὰς
691 5458 791 5527 μὲν
822 5459 930 5529 γὰρ
958 5459 1213 5529 ἀφορμὰς
1238 5459 1332 5512 τοῦ
1370 5461 1636 5529 παρόντος

41 5549 382 5617 πονήματος
415 5547 511 5600 τοῦ
545 5548 918 5616 κεφαλαιῶσαι
953 5553 1010 5604 ἐν
1042 5551 1294 5619 συντόμῳ
1331 5553 1507 5603 πᾶσαν
1539 5555 1636 5620 τὴν

126 5688 169 5715 ⁸⁷
197 5683 376 5736 Κυνιί.
405 5698 535 5744 xx",
567 5685 644 5738 ll.
707 5686 748 5716 "‘
781 5685 953 5746 Eccli,
1005 5701 1114 5746 vm,
1143 5685 1232 5738 Ἡ.
1309 5685 1349 5715 ’δί’
1384 5685 1550 5738 Eccli.
1585 5702 1652 5749 τι,
1699 5685 1786 5738 3|.

56 5773 145 5816 vn,
182 5755 235 5811 ζὶ.
327 5755 370 5782 ⁸³
393 5755 568 5809 Judic.
598 5771 702 5818 ἰι-ι,
729 5756 948 5820 passim.
1033 5756 1073 5783 δ’·
1112 5755 1295 5809 Matth.
1325 5771 1415 5816 ιιι,
1442 5756 1491 5806 ii.

2173 4410 2216 4477 ι
2230 4410 2384 4478 127
2411 4408 2694 4464 HOMILIA
2721 4409 2905 4464 LXVI.

2373 4521 2448 4575 De
2469 4525 2711 4578 veritate.

1821 4632 2090 4689 Mirabere
2140 4635 2354 4698 forsan,
2393 4644 2550 4704 pater
2579 4636 2714 4689 mihi
2746 4636 3082 4692 venerabilis
3124 4639 3324 4694 Eusta-

1749 4724 1886 4789 thie,
1926 4733 2095 4795 tuque
2149 4735 2206 4780 et
2255 4726 2349 4795 qui
2406 4727 2604 4780 lecturi
2654 4735 2782 4781 sunt
2814 4730 3104 4797 praesentis
3140 4731 3326 4800 operis

1742 4816 2290 4882 commentationem,
2329 4833 2429 4871 cur
2460 4825 2640 4871 vestra
2665 4817 3046 4874 exhortatione
3071 4821 3322 4875 admoni-

1743 4913 1832 4959 tus
1868 4915 1926 4959 ut
1965 4907 2290 4970 scriberem,
2321 4914 2376 4960 et
2408 4922 2438 4959 a
2484 4907 2644 4960 vobis
2677 4923 2799 4962 cum
2847 4909 2949 4963 sim
3003 4911 3324 4980 auspicatus

1741 4999 1906 5053 telam
1937 5008 2224 5068 pertexere
2272 4997 2433 5052 istius
2492 4998 2698 5066 operis,
2747 5013 2871 5052 mox
2925 5008 3104 5054 tamen
3163 5005 3320 5071 quasi

1745 5089 1852 5142 mei
1887 5089 2064 5157 ipsius
2085 5089 2309 5153 oblitus,
2335 5088 2500 5143 hasce
2522 5089 2819 5143 conciones
2865 5089 2939 5144 ita
2964 5095 3212 5160 pertexui
3261 5105 3321 5149 ut

1745 5180 1922 5235 videri
1951 5180 2155 5250 possim
2199 5180 2492 5249 discipulis
2547 5181 2876 5250 quibusdam
2911 5183 3080 5253 loqui,
3114 5186 3320 5255 quibus

1737 5289 1876 5341 opus
1896 5273 2036 5327 lacte
2069 5273 2491 5328 siteruditionis
2531 5283 2588 5327 et
2620 5273 2904 5330 doctrinm.
2943 5277 3120 5345 Atque
3156 5295 3317 5333 nemo

1738 5365 1990 5425 miretur.
2042 5365 2224 5434 neque
2262 5365 2524 5420 vicariam
2566 5367 2707 5421 hanc
2752 5370 3211 5438 permutationem
3243 5380 3315 5424 te-

1739 5477 1890 5517 mere
1930 5462 2158 5532 ohjiciat
2187 5462 2384 5516 factam
2409 5477 2530 5521 esse
2559 5478 2658 5533 per
2699 5463 3060 5534 ignorantiam
3090 5473 3184 5517 aut
3225 5464 3308 5516 in-

1739 5553 2126 5623 cogitantiam;
2168 5553 2340 5624 magis
2369 5569 2503 5608 vero
2541 5565 2754 5625 gratum
2802 5557 3002 5610 habeat
3057 5557 3306 5610 timorem

1898 5686 1942 5716 ⁵⁰
1972 5686 2139 5741 Eceli.
2168 5703 2278 5750 vm,
2315 5689 2402 5741 2|.
2520 5691 2560 5720 δ’
2590 5689 2748 5746 Prov.
2784 5707 2855 5756 ιιι,
2915 5691 2992 5743 15.
3070 5690 3114 5719 δ’
3148 5689 3308 5746 Mich.
