4028 6524
620 334 754 400 1627

1880 340 2242 402 ANTIOCHI
2281 343 2625 404 MONACHI

3679 345 3784 411 ΠίΞὸ

618 462 727 499 non
786 460 1182 515 usquequaque
1230 445 1653 516 aspernabilem,
1705 461 1817 516 quo
1863 448 2181 503 subveritus

2296 450 2436 504 λείαν
2467 453 2712 523 Γραφὴν,
2747 451 2998 505 Παλαιὰν
3027 469 3086 504 τε
3135 452 3228 505 καὶ
3262 451 3484 519 Καινὴν,
3502 453 3584 504 καὶ
3625 456 3786 511 στεῖλαί

614 537 993 591 detrectabam
1036 552 1233 591 munus
1287 536 1599 601 scribendi;
1653 553 1833 606 neque
1871 539 2018 593 enim
2075 539 2180 592 mei

618 629 792 697 ipsius
815 628 1020 683 oblitus
1048 643 1190 682 sum.
1221 627 1327 682 Sed
1355 627 1468 697 jam
1507 627 1573 682 ad
1603 643 1780 682 causae
1816 628 2182 683 redditionem

616 717 800 770 venio.
835 717 1189 772 Occasionem
1209 717 1356 771 enim
1379 730 1624 784 operosa:
1659 715 1818 770 istius
1843 717 2185 770 lucubratio-

618 810 703 861 nis
741 809 820 862 sic
853 808 1077 878 digesta:
1100 807 1319 861 noverit
1356 807 1533 862 lector
1567 807 1736 860 fuisse
1790 806 1950 870 hanc,
1987 816 2047 861 ut
2085 824 2182 877 per

617 900 794 966 capita
826 898 1144 963 tibi,Pater,
1173 897 1567 969 distinguerem
1607 905 1665 952 et
1703 898 2092 952 contraherem
2127 899 2182 952 in

617 987 1001 1056 compendium
1061 987 1305 1042 divinam
1355 1003 1572 1042 omnem
1611 987 1979 1058 Scripturam,
2035 998 2186 1043 vete-

617 1091 844 1145 remque
886 1085 942 1130 et
978 1091 1198 1130 novam.
1236 1077 1367 1130 Tale
1414 1077 1563 1132 enim
1623 1078 1902 1132 scribendi
1958 1093 2180 1142 munus,

617 1175 795 1220 vestra
823 1167 1038 1236 suscepi
1069 1167 1476 1230 exhortatione,
1511 1168 1656 1237 quod
1685 1169 1978 1224 momentis
2000 1169 2187 1238 singu-

616 1257 685 1311 lis
713 1259 832 1312 loca
868 1267 924 1312 et
945 1258 1196 1314 civitates
1225 1268 1541 1328 permutare
1591 1260 1858 1330 cogimur,
1895 1276 1993 1330 per
2045 1242 2186 1316 hanc

615 1349 921 1404 Chaldaicae
956 1351 1132 1420 gentis
1162 1359 1564 1419 tempestatem.
1619 1366 1742 1419 qua:
1796 1359 1970 1404 totum
2010 1367 2183 1420 prope

620 1451 889 1495 terrarum
915 1442 1109 1496 orbem
1165 1457 1263 1496 sua
1295 1441 1496 1511 premit
1543 1441 1850 1512 tyrannide.
1887 1441 2026 1496 Cum
2055 1457 2186 1496 vero

619 1533 928 1587 testimonia
955 1532 1218 1587 doctrinae
1247 1532 1515 1586 divinitus
1567 1532 1842 1600 inspiratte
1867 1547 2036 1601 quam
2085 1549 2186 1586 ve—

617 1625 834 1679 rissime
869 1625 1092 1694 scripta,
1121 1624 1375 1677 nonnihil
1403 1633 1597 1694 egeant
1651 1639 1910 1678 sermone
1963 1625 2180 1688 morali,

615 1716 846 1782 perinde
871 1724 1034 1785 atque
1060 1715 1105 1770 si
1146 1715 1352 1770 fabrica
1377 1716 1642 1784 quaepiam
1685 1715 1969 1784 operosior
1997 1725 2051 1770 et
2104 1715 2180 1770 fa-

2287 558 2394 605 σοι,
2445 541 2532 594 διὰ
2567 541 2628 593 rb
2679 542 2920 612 συνεχῶς
2964 542 3148 612 χώρας
3202 542 3295 595 καὶ
3349 542 3524 605 πόλεις
3565 545 3788 613 ἀμείϐειν,

2281 631 2470 685 ἐνεκεν
2495 632 2589 685 τοῦ
2614 634 3037 705 ἐπικρατοῦντος
3056 633 3360 687 Χαλδαῖκοῦ
3383 635 3629 704 χειμῶνος
3649 640 3792 689 πᾶσαν

2281 726 2380 792 τὴν
2425 726 2782 794 οἰκουμένην,
2837 725 2895 790 ἐξ
2950 725 3218 795 ὑμετέρας
3266 725 3569 794 προτροπῆς
3615 728 3792 797 arms-1.

2295 815 2591 886 Ἐπειδὴδέ
2622 817 2677 868 αἱ
2712 817 2928 886 Γραφαὶ
2961 817 3054 870 καὶ
3076 816 3552 886 τῆςθεοπνεύστου
3581 818 3793 873 διδασκα-

2283 908 2404 968 λίας
2437 907 2736 978 μαρτυρίαι
2781 908 2990 960 ἐδέοντό
3039 925 3181 969 τινος
3227 905 3415 976 ἠθικοῦ
3455 907 3631 974 λόγου·
3661 909 3724 972 ὼς
3750 912 3796 962 ἂν

2282 998 2540 1069 οἰκοδομὴ
2591 1000 2656 1051 ἐκ
2703 998 2954 1069 μεγάλων
2999 1000 3091 1052 καὶ
3135 999 3370 1067 ἐντίμων
3402 998 3559 1050 λίθων
3589 1016 3797 1053 συνιστα-

2289 1085 2447 1156 μένη,
2481 1086 2667 1157 χρῄζοι
2691 1086 2790 1155 τῆς
2820 1087 2929 1140 τῶν
2960 1085 3194 1139 εὐτελῶν
3224 1087 3317 1139 καὶ
3350 1088 3554 1155 μικρῶν
3587 1085 3798 1156 βιζακίων

2288 1176 2673 1246 συνοικοδομῆς
2693 1191 2707 1205 ·
2743 1177 2936 1229 τούτου
2967 1177 3152 1228 ἕνεκεν
3185 1175 3357 1238 οὕτως
3386 1176 3480 1229 καὶ
3505 1178 3799 1248 ἐποιησάμην

2285 1267 2383 1336 τὴν
2435 1266 2782 1319 ὑποτύπωσιν
2837 1267 2938 1336 τῆς
2992 1267 3272 1338 παρούσης
3318 1267 3699 1337 πραγματείας,
3745 1271 3799 1338 μὴ

2283 1358 2559 1426 τολμήσας
2592 1357 2728 1428 πρὸς
2767 1357 2930 1426 ὑμᾶς,
2987 1356 3122 1409 ἀλλὰ
3173 1359 3328 1427 κοινῇ
3367 1357 3464 1418 τὰς
3506 1357 3800 1419 διδασκαλίας

2287 1447 2634 1518 ποιήσασθαι.
2679 1446 3005 1515 Ἐπίσταμαι
3035 1447 3141 1517 γὰρ
3179 1447 3272 1499 καὶ
3300 1446 3397 1514 τὴν
3425 1445 3651 1514 ἐμαυτοῦ
3680 1447 3803 1499 ἀσθέ-

2286 1557 2468 1599 νειαν,
2523 1539 2616 1591 καὶ
2662 1538 2722 1590 rb
2775 1538 2978 1590 τέλειον
3033 1539 3130 1606 τῆς
3185 1537 3453 1606 ὑμετέρας
3495 1536 3802 1605 πατρότητος.

2285 1628 2401 1680 Νῦν
2426 1628 2503 1693 δὲ,
2531 1628 2606 1689 ὠς
2632 1627 2864 1697 ἔφθασεν
2882 1629 2909 1679 6
2927 1627 3054 1697 περὶ
3079 1629 3178 1695 τῆς
3203 1626 3458 1696 ἀληθείας
3485 1625 3651 1693 λόγος,
3675 1628 3806 1694 ἀναγ-

2286 1722 2437 1773 καῖον
2490 1721 2619 1789 ὑμῖν
2667 1720 2893 1789 ἐνόμισα
2952 1719 3140 1771 τοῦτον
3178 1718 3463 1786 ἀναθῆναι,
3500 1718 3573 1778 ὡς
3603 1717 3749 1787 δῶρόν
3767 1737 3806 1772 τι

616 1806 838 1876 stigiosa
875 1807 1164 1877 magnifico
1208 1815 1427 1876 sumptu
1476 1806 1776 1876 ingentium
1831 1806 2075 1875 lapidum
2121 1823 2186 1862 ac

2296 1809 2432 1863 θεῖον
2493 1810 2585 1864 καὶ
2612 1809 2908 1878 ἐξαίρετον.
2943 1810 3005 1862 Ἢ
3028 1809 3194 1872 ὅντως
3223 1809 3446 1879 ἀλήθεια
3469 1810 3496 1861 6
3523 1807 3649 1870 Θεὸς
3673 1809 3804 1861 ἐστιν.

616 1900 986 1966 pretiosorum
1010 1901 1326 1954 substructa
1356 1899 1430 1954 sit
1471 1907 1526 1952 et
1557 1909 1864 1968 compacta,
1889 1907 2046 1969 egeat
2091 1900 2180 1953 ni—

616 1989 916 2046 hilominus
939 1991 1007 2046 ad
1046 1992 1350 2046 absolutam
1374 2000 1428 2046 et
1450 1990 1680 2044 solidam
1720 1991 2182 2045 substructionem

617 2080 906 2135 minutulis
932 2082 1143 2151 scrupis
1175 2091 1230 2136 et
1265 2079 1578 2134 rudusculis
1606 2095 1868 2148 perquam
1903 2079 2182 2142 tenuibus,

616 2171 845 2242 hujusce
881 2173 958 2226 rei
985 2174 1159 2243 gratia
1188 2173 1366 2226 visum
1415 2181 1500 2226 est
1525 2170 1884 2226 summariam
1939 2170 2185 2225 delinea-

618 2261 824 2314 tiouem
859 2262 1146 2331 praesentis
1181 2262 1429 2331 opusculi
1485 2261 1578 2315 tali
1629 2260 1772 2315 serie
1823 2260 2071 2329 digerere
2131 2268 2187 2313 et

617 2353 908 2408 efl'ormare
933 2370 946 2408 :
978 2354 1199 2409 interim
1220 2370 1327 2408 non
1349 2369 1517 2408 ausus
1539 2353 1635 2406 uni
1661 2368 1728 2407 ex
1762 2352 1918 2406 vobis
1944 2352 2186 2420 peculia—

2289 1902 2410 1973 Χρὴ
2431 1897 2523 1956 οὖν
2542 1901 2720 1954 πάντα
2740 1901 3027 1972 ἄνθρωπον
3052 1901 3339 1968 ἐρωτῶντα
3366 1901 3434 1952 τὰ
3456 1902 3552 1968 τῆς
3577 1898 3807 1967 ἀληθείας,

2289 1993 2502 2064 πρῶτον
2523 1990 2780 2059 εὔξασθαι
2804 1992 2896 2045 τοῦ
2929 1991 3225 2059 ἐπιγνῶναι
3255 1991 3354 2060 τὴν
3370 1990 3540 2050 ὄντως
3562 1989 3805 2058 ἀλήθειαν

2289 2081 2384 2132 καὶ
2417 2082 2590 2132 εἰπεῖν
2617 2081 2744 2150 περὶ
2773 2081 2965 2149 αὐτῆς,
2997 2081 3071 2142 ὠς
3107 2081 3307 2151 πρέπει
3354 2078 3434 2149 τῷ
3473 2079 3567 2146 τῆς
3599 2077 3810 2145 ἀληθείας

2289 2170 2514 2240 ἐραστῇ,
2567 2171 2708 2223 κατὰ
2749 2171 2840 2222 rbv
2895 2171 3138 2233 εἰπόντα,
3177 2189 3195 2221 ι
3227 2171 3320 2238 Μὴ
3373 2169 3629 2239 περιέλῃς
3666 2170 3719 2220 ὲκ
3741 2168 3808 2219 τοῦ

2293 2262 2559 2330 στόματός
2598 2280 2700 2332 μου
2736 2262 2893 2329 λόγον
2923 2262 3181 2330 ἀληθείας
3217 2262 3323 2324 ’έως
3349 2261 3573 2328 σφόδρα.
3601 2279 3616 2310 ι
3659 2259 3713 2311 Ἡ
3735 2259 3810 2328 γὰρ

2291 2351 2520 2418 ἀλήθεια
2552 2352 2688 2419 πρὸς
2733 2353 2856 2414 τοὺς
2916 2351 3314 2422 ἐργαζομένους
3350 2349 3526 2418 αὐτὴν
3579 2349 3809 2416 ἐπανήξει.

619 2447 774 2512 riter,
801 2449 897 2504 sed
912 2449 968 2503 in
994 2465 1280 2504 commune
1301 2450 1560 2503 omnibus
1584 2450 2023 2518 qualemcunque
2079 2448 2220 2501 hanc
2262 2447 2465 2502 inferre
2496 2447 2824 2501 doctrinam.
2874 2446 3160 2516 Siquidem
3231 2443 3494 2515 ingenioli
3525 2443 3626 2497 mei
3675 2442 3811 2495 imbe-

621 2540 820 2595 cillitas
851 2542 984 2595 mihi
1023 2541 1156 2596 satis
1183 2557 1458 2611 superque
1493 2555 1752 2610 persuasa
1813 2549 1898 2594 est
1965 2551 2023 2596 et
2079 2549 2384 2610 perspecta,
2432 2554 2535 2593 nec
2584 2544 2767 2593 minus
2801 2541 3140 2608 exploratam
3197 2538 3376 2592 habeo
3419 2544 3477 2591 et
3520 2546 3809 2605 compertam

621 2631 876 2685 eximiam
905 2631 1073 2686 animi
1104 2633 1271 2686 vestri
1301 2632 1605 2686 lenitatem.
1645 2631 1800 2685 Nunc
1833 2639 2017 2686 autem
2053 2646 2176 2685 cum
2215 2645 2282 2684 co
2302 2632 2372 2684 sit
2404 2638 2698 2698 provectus
2720 2630 2880 2693 liber,
2917 2639 2978 2684 ut
3007 2631 3073 2684 de
3097 2631 3326 2684 veritate
3354 2628 3494 2682 mihi
3557 2628 3624 2681 sit
3681 2627 3813 2681 disse-

623 2725 873 2787 rendum,
899 2726 1269 2782 necessarium
1295 2726 1442 2787 duxi,
1492 2741 1618 2780 eum
1647 2725 1745 2780 tibi
1779 2726 1962 2780 dicare
2012 2725 2367 2794 peculiariter
2421 2725 2576 2792 quasi
2645 2724 2896 2778 divinum
2929 2723 3202 2793 quoddam
3265 2731 3321 2776 et
3356 2721 3571 2791 insigne
3635 2736 3810 2773 munus.

623 2816 880 2870 Prorsum
914 2819 1116 2872 veritas
1165 2818 1308 2872 Deus
1350 2826 1434 2872 est
1481 2835 1494 2871 :
1533 2832 1756 2872 necesse
1789 2817 1956 2888 igitur
1985 2817 2076 2878 sit,
2126 2823 2186 2869 ut
2221 2816 2387 2870 homo
2415 2815 2595 2869 omnis
2663 2816 2728 2885 (si
2779 2815 2942 2870 modo
3009 2815 3258 2868 veritatis
3307 2821 3392 2867 est
3435 2811 3814 2872 amantissimus)

625 2907 682 2961 in
705 2909 846 2963 votis
868 2909 1066 2964 habeat
1098 2909 1203 2964 hoc
1249 2911 1508 2980 primum,
1543 2919 1599 2964 et
1627 2917 1748 2964 oret
1812 2910 1921 2964 sibi
1990 2908 2263 2980 indulgeri
2293 2925 2566 2978 germanae
2581 2909 2829 2963 veritatis
2846 2909 3242 2979 cognitionem,
3265 2906 3446 2976 deque
3471 2921 3534 2958 ea
3561 2913 3617 2958 ut
3651 2920 3816 2959 sermo-

624 3014 750 3053 nem
810 3011 1079 3056 eutsserat
1109 3017 1332 3070 prorsus
1361 3012 1604 3057 amatore
1634 3003 1882 3057 veritatis
1933 3003 2179 3074 dignum,
2218 3003 2372 3073 juxta
2432 3003 2580 3057 illius
2641 3004 2974 3058 sententiam
3012 3001 3108 3072 qui
3138 3001 3316 3054 dixit:
3359 3017 3375 3050 ε
3421 2997 3502 3051 Ne
3535 2998 3731 3051 auferas
3767 2997 3816 3049 de

625 3108 722 3146 ore
747 3109 870 3147 meo
904 3095 1132 3148 verbum
1171 3095 1420 3150 veritatis
1454 3109 1847 3164 usquequaque
1871 3096 1936 3147 ⁵³.
1972 3113 1990 3146 ν
2029 3095 2244 3149 Veritas
2301 3095 2450 3150 enim
2485 3094 2551 3148 ad
2608 3110 2704 3149 eos
2768 3095 2998 3164 recipiet
3065 3109 3146 3158 se,
3179 3101 3233 3146 et
3268 3092 3592 3156 illustrabit,
3622 3092 3706 3160 qui
3729 3105 3817 3146 eam

627 3201 790 3255 opere
827 3186 946 3254 ipso
971 3195 1251 3240 exercent.

697 3277 1166 3342 Quemadmodum
1216 3276 1382 3346 igitur
1408 3276 1501 3346 qui
1551 3275 1764 3346 profert
1817 3276 2189 3339 mendacium,
2219 3283 2262 3341 ο

627 3370 964 3423 contaminat
999 3383 1080 3421 .ac
1128 3367 1370 3422 defmdat
1407 3383 1504 3421 cor
1554 3376 1610 3422 et
1658 3382 1720 3421 os
1756 3365 1915 3434 (nihil
1949 3366 2096 3421 enim
2126 3366 2194 3420 ab

630 3461 784 3513 hoste
826 3459 1077 3513 humanae
1124 3459 1317 3513 salutis
1362 3458 1548 3513 diﬂ‘ert
1607 3457 1986 3522 mendacium,
2042 3465 2197 3526 pater

628 3552 777 3606 enim
805 3551 1073 3606 mendacii
1105 3535 1356 3605 diabolus
1383 3550 1512 3618 est),
1542 3550 1618 3604 ita
1669 3558 1726 3604 et
1757 3550 1852 3619 qui
1898 3549 2191 3604 veritatem

629 3641 894 3711 loquitur,
914 3641 1151 3695 animam
1183 3640 1508 3704 sanctiﬁcat,
1531 3650 1586 3694 et
1611 3656 1692 3704 os,
1721 3649 1776 3694 et
1808 3641 2020 3709 reliqua
2065 3654 2191 3693 cor-

629 3733 778 3802 poris
805 3733 1048 3787 membra
1083 3751 1096 3786 :
1127 3733 1331 3787 veritas
1371 3733 1516 3786 enim
1555 3731 1808 3786 Christus
1837 3739 1940 3786 est.
1994 3730 2198 3784 Admo—

630 3841 769 3880 nens
789 3834 968 3880 autem
994 3826 1262 3896 propheta
1279 3825 1570 3880 Zacharias
1594 3823 2034 3893 populum’illum
2057 3822 2198 3875 male

629 3923 982 3992 morigerum,
1009 3922 1125 3976 ait:
1180 3941 1198 3974 ι
1243 3921 1552 3991 Loquimini
1576 3919 1863 3974 veritatem
1898 3917 2198 3986 unusquis-

631 4028 740 4080 que
787 4029 910 4068 cum
942 4014 1194 4083 proximo
1237 4029 1360 4077 suo,
1395 4012 1611 4081 1128
1642 4019 1698 4064 et
1723 4008 1993 4081 judicium
2043 4007 2198 4078 paci-

635 4102 798 4156 ficum
821 4102 1064 4170 judicate
1085 4103 1186 4156 ⁸“.›
1208 4102 1364 4156 Alius
1393 4118 1406 4154 :
1439 4120 1457 4152 ι
1497 4100 1666 4155 Labia
1700 4099 1917 4153 veracia
1952 4090 2200 4167 dirigunt

635 4195 1032 4260 testimonium,
1066 4195 1160 4264 qui
1184 4203 1366 4248 autem
1395 4207 1724 4248 conservare
1752 4192 1941 4245 volunt
1986 4204 2197 4258 pacem,

633 4286 963 4340 irctabuntur
990 4286 1058 4341 "'.
1090 4305 1108 4336 ι
1131 4285 1336 4339 Iterum
1371 4302 1416 4336 τι
1447 4282 1746 4338 Veritatem
1782 4280 2022 4350 posside,
2048 4287 2104 4334 et
2132 4294 2201 4333 ne

634 4378 900 4448 abjeceris
951 4377 1270 4446 sapientiam
1304 4383 1467 4444 atque
1523 4374 1918 4443 disciplinam;
1964 4372 2093 4440 quia
2140 4386 2203 4425 os

634 4486 800 4524 verax
831 4468 1149 4538 implebitur
1177 4467 1289 4521 risu
1317 4467 1384 4530 ⁸⁸,
1422 4485 1440 4517 ι
1482 4465 1585 4519 hoc
1612 4473 1696 4520 est
1744 4463 1963 4534 gaudio.
1989 4461 2158 4517 David
2185 4481 2200 4517 :

643 4581 660 4611 ι
689 4562 938 4625 Domine,
963 4559 1088 4630 quis
1116 4558 1384 4613 habitabit
1408 4557 1462 4611 in
1513 4557 1866 4612 tabernaculo
1917 4563 2033 4620 tuo,
2099 4562 2195 4609 aut

635 4654 758 4722 quis
782 4652 1092 4721 requiescet
1130 4649 1185 4703 in
1236 4655 1423 4703 monte
1449 4656 1638 4702 sancto
1666 4654 1759 4701 tuo
1785 4646 1870 4700 l“’?
1902 4665 1919 4697 ι
1981 4644 2199 4706 Infert:

644 4765 661 4794 ι
697 4747 798 4812 Qui
831 4745 1141 4814 ingreditur
1165 4742 1282 4798 sine
1316 4741 1527 4795 macula
1556 4737 2198 4810 etoperaturjustitiam,

637 4839 730 4908 qui
762 4835 1005 4906 loquitur
1031 4835 1319 4890 veritatem
1344 4833 1396 4887 in
1428 4832 1593 4887 corde
1629 4847 1729 4886 suo
1754 4831 1822 4894 ⁶⁰,
1857 4850 1875 4881 ι
1938 4830 2045 4884 hoc
2097 4838 2202 4892 est,

640 4927 824 4983 corde.
848 4925 1183 4996 Principium
1224 4929 1537 4980 sermonum
1563 4933 1781 4976 tuorum
1807 4921 2035 4981 veritas,
2067 4927 2123 4974 et
2149 4919 2204 4973 in

639 5019 823 5074 omnia
843 5019 1039 5073 saecula
1057 5018 1266 5088 judicia
1280 5016 1508 5087 justitize
1533 5022 1658 5068 tuae.
1690 5014 1907 5068 Etenim
1934 5031 1947 5065 :
1984 5032 2001 5064 ι
2027 5011 2205 5081 Opera

641 5127 902 5165 manuum
969 5120 1182 5164 tuarum
1231 5109 1434 5163 veritas
1468 5118 1523 5162 et
1581 5106 1849 5177 judicium
1897 5106 1961 5158 “.
2001 5123 2018 5156 ι
2072 5105 2140 5158 Ει
2190 5120 2202 5156 :

651 5223 667 5254 ι
700 5202 1351 5256 Miscricordiaetveritas
1369 5198 1890 5270 prtecedentfaciem
1922 5206 2069 5252 tuam
2084 5197 2150 5251 “.
2182 5215 2199 5247 ι

642 5295 873 5362 Propter
899 5293 1001 5347 hoc
1037 5310 1050 5345 :
1081 5311 1097 5343 ι
1127 5291 1354 5347 Intende
1384 5306 1660 5361 prospere,
1725 5288 1985 5359 procede,
2028 5296 2084 5342 et:
2120 5302 2208 5340 re-

644 5402 746 5458 gna
770 5394 993 5455 propter
1028 5385 1314 5439 veritatem
1346 5393 1401 5439 et
1439 5383 1916 5439 mansuetudinem
1956 5391 2011 5435 et
2045 5380 2209 5451 justi-

647 5482 777 5535 tiam
811 5478 875 5533 ⁸³.
911 5478 968 5531 ln
997 5492 1094 5531 ore
1129 5496 1146 5527 ν
1177 5475 1323 5530 enim
1347 5477 1703 5530 inimicorum
1740 5489 1986 5530 meorum
2040 5491 2057 5521 ι
2096 5487 2206 5525 non

1371 5657 1416 5687 ⁸⁸
1453 5656 1614 5709 'I.ach.
1643 5671 1755 5716 vut,
1787 5654 1864 5706 lli.

1277 5729 1318 5756 ⁸³
1379 5728 1518 5780 l‘sal.
1557 5741 1802 5786 txxxvut,
1844 5722 1922 5776 iii.

714 5661 761 5692 ⁸⁵
807 5659 944 5713 Psal.
989 5673 1169 5714 ρει-ιιι.
1209 5657 1296 5711 45.

645 5730 700 5786 3.
774 5729 812 5759 ⁸¹
866 5730 1002 5783 l‘sul.
1033 5745 1117 5794 cx,
1146 5728 1196 5782 7.

1943 5652 1984 5681 ⁵⁷
2017 5651 2174 5702 Prov.
2214 5663 2305 5706 \ll,
2341 5645 2429 5698 20.

2002 5721 2046 5750 ⁸³
2076 5720 2214 5772 ινδειι.
2250 5733 2383 5779 xuv,
2417 5716 2470 5770 5.

2367 3279 2578 3348 Ὠσπερ
2599 3275 2691 3330 οὗν
2707 3279 2734 3330 6
2751 3277 2930 3330 λαλῶν
2948 3277 3008 3330 rb
3027 3275 3226 3346 ψεῦδος
3254 3275 3478 3347 μολύνει
3501 3274 3600 3345 τὴν
3639 3274 3822 3343 καρδίαν

2297 3367 2393 3421 καὶ
2418 3367 2477 3422 rb
2507 3367 2681 3437 στόμα
2724 3365 2805 3438 (rb
2826 3368 2939 3437 γὰρ
2957 3366 3164 3436 ψεῦμα,
3192 3368 3270 3436 τῷ
3295 3367 3558 3436 δυσμενεῐ
3586 3365 3820 3434 διαφέρειο

2296 3461 2325 3513 6
2352 3459 2463 3530 γὰρ
2501 3457 2685 3529 πατὴρ
2714 3455 2807 3510 τοῦ
2849 3457 3096 3527 ψεύδους,
3123 3461 3150 3510 6
3178 3457 3425 3521 διάϐολός
3464 3456 3655 3526 ἐστιν),
3691 3456 3822 3518 οὑτως

2297 3550 2391 3603 καὶ
2411 3552 2439 3603 6
2467 3548 2644 3602 λαλῶν
2671 3549 2770 3620 τὴν
2795 3548 3053 3619 ἀλήθειαν
3108 3549 3400 3616 ἁγιάζεται
3429 3548 3532 3621 τὴν
3553 3548 3732 3618 ψυχὴν,
3754 3551 3820 3600 καὶ

2295 3640 2356 3694 rb
2385 3640 2564 3710 σῶμα,
2599 3640 2697 3693 καὶ
2743 3641 2920 3695 πάντα
2957 3640 3028 3693 τὰ
3073 3642 3246 3710 μέλη·
3309 3642 3342 3710 ἡ
3397 3641 3513 3711 γὰρ
3569 3638 3821 3708 ἀλήθειαὸ

2297 3732 2534 3803 Χριστός
2562 3734 2731 3787 ἐστιν.
2762 3731 3047 3784 Νουθετῶν
3081 3733 3139 3785 δὲ
3187 3733 3278 3785 καὶ
3319 3733 3348 3784 6
3375 3733 3661 3802 προφήτης
3687 3733 3823 3799 Ζαχα-

2300 3824 2422 3895 ρίας
2451 3822 2542 3876 τὸν
2575 3824 2810 3894 ἀνήκοον
2861 3823 3008 3889 λαὸν,
3055 3823 3220 3891 φησὶν
3258 3823 3394 3894 πρὸς
3445 3824 3660 3886 αὑτοὺς,
3707 3839 3722 3870 ι
3747 3822 3826 3873 Aa-

2298 3918 2442 3972 λεῖτε
2485 3918 2746 3990 ἀλήθειαν
2797 3919 3027 3982 ἕκαστος
3077 3918 3213 3988 πρὸς
3263 3918 3354 3970 τὸν
3404 3918 3634 3986 πλησίον
3679 3914 3822 3976 αὑτοῦ,

2299 4012 2395 4065 καὶ
2424 4014 2597 4083 κρῖμα
2625 4011 2901 4082 εἰρηνικὸν
2945 4012 3192 4081 κρίνατε.
3224 4030 3242 4062 ν
3283 4011 3391 4064 Καὶ
3420 4009 3604 4072 ἄλλος,
3651 4027 3668 4059 ι
3698 4006 3824 4074 Χείλη

2299 4102 2529 4163 ἀληθινὰ
2557 4103 2816 4174 κατορθοῖ
2838 4102 3163 4173 μαρτυρίαν.
3197 4102 3259 4152 Οί
3287 4100 3344 4153 δὲ
3375 4099 3686 4170 βουλόμενοι
3712 4099 3826 4166 εἰρη-

2301 4193 2512 4256 νεύειν,
2548 4191 3035 4262 εὑφρανθήσονται.
3079 4209 3096 4241 ι
3135 4190 3244 4241 Καὶ
3274 4188 3440 4243 πάλιν
3463 4230 3478 4254 ,
3537 4206 3555 4238 ι
3597 4185 3826 4254 Ἀλήθειαν

2303 4285 2525 4355 κτῆσαι,
2557 4283 2652 4337 καὶ
2703 4282 2777 4352 μὴ
2829 4281 3026 4354 ἀπὼσῃ
3075 4282 3268 4348 σοφίαν
3325 4281 3421 4333 καὶ
3480 4277 3824 4332 παιδείανοᾱι

2305 4377 2481 4445 στόμα
2529 4373 2808 4442 ἀληθινοῦ,
2853 4371 3303 4443 ἐμπλησθήσεται
3365 4371 3624 4439 γέλωτος,
3655 4387 3671 4419 ι
3706 4381 3823 4418 τουτ·

2305 4468 2472 4533 ἐστιν,
2495 4468 2689 4538 χαρᾶς.
2733 4465 2791 4518 '0
2832 4465 2889 4518 δὲ
2923 4463 3106 4530 Δαυῒδ,
3149 4483 3166 4514 ι
3205 4462 3396 4532 Κύριε,
3426 4462 3516 4524 τίς
3552 4459 3824 4529 παροικήσει

2307 4561 2364 4613 ἐν
2392 4560 2471 4631 τῷ
2506 4557 2827 4629 σκηνώματι
2857 4574 2983 4619 σου;
3023 4557 3056 4626 ἦ
3103 4555 3188 4616 τίς
3222 4551 3641 4622 κατασκηνώσει
3673 4550 3722 4600 ἐν
3743 4547 3825 4614 ὂμι

2308 4652 2447 4722 ἁγίῳ
2487 4667 2618 4716 σου;
2654 4669 2672 4701 ι
2706 4649 2818 4703 Καὶ
2865 4648 3134 4717 ἐπιφέρει,
3174 4664 3193 4696 ι
3223 4644 3600 4714 Πορευόμενος
3627 4642 3824 4709 ἄμωμος.

2311 4743 2405 4797 καὶ
2435 4741 2822 4812 ἐργαζόμενος
2857 4737 3225 4809 δικαιοσύνην,
3286 4735 3465 4788 λαλῶν
3522 4733 3757 4802 ἀλήθειαν
3788 4729 3826 4777 ἐν

2309 4834 2506 4905 καρδία
2559 4831 2745 4896 αὑτοῦ,
2777 4851 2795 4882 ι
2830 4831 3132 4894 τουτέστιν,
3159 4827 3265 4881 ἀπὸ
3294 4826 3544 4895 καρδίας.
3577 4824 3728 4892 Ἀρχὴ
3752 4821 3825 4888 γὰρ

2307 4925 2416 4979 τῶν
2448 4924 2620 4992 λόγων
2655 4940 2748 4976 σου
2800 4919 3049 4990 ἀλήθεια,
3085 4919 3180 4973 καὶ
3234 4921 3315 4980 είς
3355 4915 3446 4970 τὸν
3487 4916 3657 4969 αἰῶνα
3694 4913 3825 4964 πάντα

2309 5017 2379 5070 τὰ
2422 5017 2664 5087 κρίματα
2700 5016 2799 5084 τῆς
2849 5011 3195 5081 δικαιοσύνης
3248 5027 3364 5063 σου.
3419 5009 3534 5062 Καὶ
3577 5006 3697 5075 γὰρ,
3731 5022 3747 5048 σ
3773 5001 3826 5050 Τὰ

2308 5107 2446 5178 ἔργα
2493 5106 2604 5159 τῶν
2646 5104 2847 5175 χειρῶν
2881 5121 2974 5158 σου
3019 5101 3268 5172 ἀληθινὰ,
3305 5099 3399 5152 καὶ
3446 5098 3672 5168 κρίσεις.
3705 5111 3720 5143 ι
3749 5090 3827 5144 Καὶ

2315 5219 2333 5251 ι
2375 5200 2564 5259 Ἔλεος
2623 5197 2720 5249 καὶ
2785 5193 3010 5266 ἀλήθεια
3082 5189 3518 5264 προπορεύσεται
3564 5186 3666 5256 πρὸ
3704 5197 3830 5250 προς·

2310 5288 2457 5341 ώπου
2483 5305 2596 5341 σου.
2633 5307 2650 5338 ν
2680 5286 2791 5338 Καὶ
2817 5285 2906 5338 διὰ
2932 5283 3090 5337 τοῦτο
3117 5301 3135 5332 ι
3152 5282 3420 5334 Ἐντεινον
3445 5278 3542 5331 καὶ
3565 5268 3828 5328 κατευοδοῦ.

2310 5379 2404 5432 καὶ
2439 5376 2712 5446 βασίλευε,
2743 5375 2929 5428 ἱνεκεν
2960 5369 3240 5440 ἀληθείας,
3277 5368 3372 5422 καὶ
3417 5366 3728 5436 πραότητος,
3764 5355 3832 5410 καὶ

2310 5467 2674 5535 δικαιοσύνης.
2749 5466 2838 5518 Ἐν
2860 5464 2939 5534 τῷ
2971 5463 3201 5533 στόματι
3254 5479 3273 5512 ι
3343 5459 3449 5529 γάρ
3498 5456 3607 5510 τῶν
3665 5449 3830 5520 ἐχθρῶν

3585 5630 3628 5660 ⁸⁸
3652 5625 3770 5684 Ibid.
3790 5622 3828 5679 ἓν

2511 5647 2554 5678 ’⁸
2602 5645 2761 5697 Prov.
2803 5659 2874 5704 tv,
2901 5641 2951 5694 fi.
3028 5640 3072 5671 ’τ’
3116 5638 3255 5693 Psal.
3294 5651 3399 5699 xw,
3439 5633 3486 5688 1.
