4028 6548
260 377 385 450 1629

1157 381 1483 440 HOMILIA
1524 383 1847 443 LXVIL—
1881 383 1978 442 DE
2015 381 2570 451 CORREPTIONE.
2677 381 2682 384 “

3342 383 3478 449 1630

248 509 342 562 μου
377 508 395 540 ι
424 487 524 541 οὐκ
573 487 717 542 ἐστιν
750 489 998 561 ἀλήθεια,
1043 492 1124 546 ὅτι
1169 495 1202 562 ἡ
1241 495 1438 563 καρδία
1477 495 1658 548 αὐτῶν
1702 511 1807 565 μα-

1913 504 1997 550 est
2035 496 2256 560 veritas,
2287 498 2417 566 quia
2457 513 2555 553 cor
2579 512 2774 553 eorum
2792 513 2992 552 vanum
3015 505 3097 552 est
3127 506 3476 567 :sepulcrum

244 581 394 634 ταία’
461 579 554 631 καὶ
606 578 776 646 τάφος
837 581 1180 651 ἀνεῳγμένος
1248 583 1278 633 6
1334 582 1541 653 λάρυγξ
1590 582 1805 635 αὐτῶν·

245 672 353 731 ταῖς
383 666 654 736 γλώσσαις
699 670 878 723 αὐτῶν
922 670 1234 724 ἐδολιοῦσαν
1263 689 1276 701 ·
1314 672 1400 726 διὰ
1428 672 1587 726 τοῦτο
1625 675 1810 742 κρῖνον

246 762 458 823 αὐτοὺς,
487 764 514 815 6
541 763 696 824 Θεός.
727 781 746 812 ι
781 763 948 830 Φησὶν
974 763 1031 815 δὲ
1059 763 1152 815 καὶ
1184 763 1212 814 6
1244 763 1497 832 ἀληθινὸς
1521 763 1664 828 Ἰὼϐ,
1702 783 1719 814 ι
1747 764 1808 816 El

244 855 294 908 δὲ
325 855 418 907 καὶ
448 855 770 925 ἐψευσάμην
802 856 1023 924 ῥήματα
1051 855 1207 923 ἁγίου
1237 855 1372 908 Θεοῦ
1423 872 1545 925 μου.
1583 875 1602 907 ι
1649 855 1757 908 Καὶ
1783 857 1810 908 ὁ

247 945 686 1014 Παροιμιαστὴς,
729 963 747 995 ι
785 945 1076 1014 Κρείσσων
1104 945 1318 1014 πτωχὸς
1349 947 1407 998 ἐν
1441 944 1670 1015 ἀληθείᾳ
1708 961 1810 996 πο-

247 1035 532 1107 ρευόμενος
591 1037 842 1089 πλουσίου
875 1035 1128 1104 ψεύστου,
1169 1055 1187 1088 ›
1240 1038 1418 1090 Ποιεῖν
1467 1036 1576 1107 γάρ
1603 1036 1808 1099 δίκαια,

247 1126 334 1178 καὶ
356 1123 664 1192 ἀληθεύειν,
696 1125 902 1194 ἀρεστά
937 1124 1089 1195 παρά
1119 1125 1198 1195 τῷ
1234 1125 1354 1196 Θεῷ
1391 1127 1612 1196 μᾶλλον,
1645 1126 1678 1195 ἢ
1720 1124 1812 1178 θυ-

247 1217 372 1270 σιῶν
385 1213 543 1286 αἷμα.
562 1219 668 1271 Καὶ
681 1214 856 1284 αὖθις,
891 1236 909 1268 ι
939 1219 1418 1289 Ἀνοίγων,φησὶν,
1448 1220 1557 1272 ἀπὸ
1589 1219 1810 1289 χειλέων

244 1308 398 1379 ὀρθά,
441 1311 522 1363 ὅτι
557 1310 806 1380 ἀλήθειαν
853 1309 1138 1381 μελετήσει
1182 1311 1210 1361 6
1249 1311 1455 1380 λάρυγξ
1487 1327 1586 1379 μου
1612 1327 1627 1341 ’
1661 1310 1810 1362 ἐϐδε-

241 1402 480 1471 λυγμένα
506 1403 562 1455 δὲ
606 1402 837 1456 ἐνώπιόν
872 1419 974 1470 μου
1007 1402 1156 1473 χείλη
1183 1402 1370 1471 ψευδῆ.
1408 1421 1425 1452 ι
1451 1401 1509 1454 'O
1551 1401 1608 1454 δὲ
1652 1401 1813 1454 Ἀπό-

247 1493 424 1556 στολος
445 1511 458 1525 ·
488 1513 506 1545 ‹
529 1493 885 1563 Ἀποθέμενοι
906 1492 998 1546 οὖν
1021 1493 1080 1545 τὸ
1101 1492 1295 1562 ψεῦδος
1320 1491 1528 1544 λαλεῖτε
1551 1491 1811 1561 ἀλήθειαν

242 1583 466 1647 ἕκαστος
495 1584 630 1653 μετά
656 1583 750 1636 τοῦ
780 1584 1006 1654 πλησίον
1046 1581 1233 1648 αὐτοῦ,
1263 1583 1344 1634 ὃτι
1374 1581 1539 1650 ἐσμὲν
1570 1579 1813 1650 ἀλλήλων

245 1671 402 1741 μέλη.
433 1692 450 1722 ι
490 1673 619 1738 Καὶ,
658 1691 675 1723 ι
715 1673 804 1726 Ἐν
831 1673 1018 1743 ἀγάπῃ
1049 1672 1420 1742 ἀνυποκρίτῳ,
1452 1670 1548 1724 καὶ
1576 1674 1633 1724 ὲν
1669 1669 1813 1740 λόγῳ

239 1762 516 1832 ἀληθείας.
552 1783 570 1814 ιι
619 1763 678 1815 '0
710 1763 768 1816 δὲ
811 1762 1088 1832 Ἰωάννης,
1120 1782 1138 1814 ι
1168 1763 1424 1830 Οἴδαμεν,
1459 1762 1643 1832 φησὶν,
1675 1763 1756 1815 ὅτι
1783 1761 1812 1813 6

242 1852 370 1915 Υἱὸς
399 1852 491 1904 τοῦ
524 1852 662 1905 Θεοῦ
707 1853 853 1922 ἥκει,
895 1855 989 1907 καὶ
1015 1854 1214 1906 ἔδωκεν
1245 1856 1378 1924 ἡμῖν
1423 1853 1681 1919 διάνοιαν,
1724 1853 1811 1906 ἵνα

237 1943 594 2014 γινώσκωμεν
627 1946 718 1998 τὸν
765 1946 1023 2017 ἀληθινὸν
1068 1947 1222 2000 Θεόν.
1253 1949 1358 2001 Καὶ
1407 1947 1573 2016 ἐσμὲν
1622 1947 1680 1999 ἐν
1731 1945 1810 2018 τῷ

236 2036 476 2108 ἀληθινῷ
487 2036 600 2108 Υἱῷ
619 2036 782 2091 αὑτοῦ
806 2038 983 2108 Ἰησοῦ
1005 2039 1245 2110 Χριστῷ,
1270 2039 1328 2101 ὃς
1349 2039 1492 2090 ἐστιν
1509 2040 1536 2090 6
1561 2036 1809 2108 ἀληθινὸς

236 2123 388 2186 Θεὸς,
427 2125 520 2178 καὶ
553 2127 586 2193 ἡ
614 2125 726 2196 ζωὴ
749 2130 782 2196 ή
815 2127 1053 2190 αἰώνιος.
1095 2129 1152 2183 Ὀ
1182 2127 1293 2196 γάρ
1320 2127 1498 2180 λαλῶν
1531 2126 1806 2197 ἀλήθειαν,

235 2219 292 2269 ἐν
334 2218 412 2288 τῷ
442 2217 559 2288 Θεῷ
594 2219 765 2287 μένει.
800 2237 818 2269 ι
851 2217 970 2289 Χρὴ
999 2213 1093 2271 οῦν
1126 2220 1306 2270 πᾶσαν
1349 2218 1602 2287 ἀλήθειαν
1631 2219 1693 2269 ἐκ
1715 2214 1808 2270 τοῦ

237 2309 506 2378 στὸματος
526 2309 620 2362 τοῦ
635 2308 922 2380 ἀνθρώπου
948 2309 1363 2379 ἐκπορεύεσθαι,
1382 2311 1467 2362 ἵνα
1489 2310 1548 2362 τὸ
1569 2309 1806 2377 πνεῦμα,

231 2399 258 2452 ὃ
307 2403 339 2453 ὁ
381 2400 510 2464 Θεὸς
563 2401 866 2471 κατῴκισεν
917 2405 973 2454 ἐν
1035 2404 1100 2471 τῇ
1155 2403 1321 2472 σαρκὶ
1373 2401 1566 2473 ταύτῃ,
1612 2401 1809 2472 ἀληθὲς

231 2490 434 2560 εὐρεθῇ
475 2493 627 2562 παρά
659 2493 827 2544 πᾶσιν
867 2491 1198 2564 ἀνθρώποις,
1241 2493 1337 2546 καὶ
1369 2491 1541 2556 οὕτως
1577 2492 1806 2564 δοξασθῇ

229 2583 256 2633 6
297 2582 504 2651 Κύριος
539 2585 566 2636 ὁ
604 2585 663 2636 ἐν
691 2583 767 2655 τῷ
795 2583 1067 2654 ἀνθρώπῳ
1101 2581 1391 2646 κατοικῶν,
1431 2583 1512 2636 ὃτι
1547 2585 1575 2637 6
1607 2582 1809 2655 Κύριος

229 2671 485 2739 ἀληθινὸς
541 2673 600 2724 ἐν
653 2675 815 2726 παντὶ
851 2676 1079 2745 ῥήματι,
1125 2673 1220 2726 καὶ⁸
1269 2672 1423 2725 οὐδὲν
1481 2675 1612 2742 παρ’
1659 2673 1810 2744 αὐτῷ

227 2763 446 2831 ψεῦδος.
502 2765 564 2817 Ol
603 2760 696 2817 οὖν
729 2765 1073 2834 ψευδόμενοι,
1131 2764 1416 2818 ἀθετοῦσιν
1455 2765 1546 2816 τὸν
1583 2763 1806 2834 Κύριον,

229 2853 328 2905 καὶ
357 2852 596 2920 γίνονται
619 2854 990 2925 ἀποστερηταὶ
1005 2853 1098 2906 τοῦ
1116 2853 1345 2922 Κυρίου,
1377 2853 1452 2923 μὴ
1471 2853 1810 2916 ἀποδιδόντες

227 2946 385 3017 αὐτῷ
411 2947 510 3016 τὴν
538 2945 865 3016 παραθήκην
891 2947 956 3016 ἣν
984 2944 1174 2998 ἔλαϐον
1200 2961 1212 2974 ·
1240 2944 1429 2997 ἔλαδον
1453 2945 1561 3014 γάρ
1595 2943 1811 3013 πνεῦμα

229 3036 525 3104 ἄψευστον.
548 3035 717 3089 Τοῦτο
742 3037 836 3089 ἐὰν
851 3036 1044 3106 ψευδὲς
1065 3036 1438 3100 ἀποδώσωσιν,
1461 3036 1691 3105 ἐμίαναν
1711 3035 1809 3104 τήν

225 3127 325 3178 τοῦ
364 3127 497 3179 Θεοῦ
532 3127 880 3200 παραθήκην,
916 3130 1011 3182 καὶ
1043 3131 1290 3197 ἐγένοντο
1315 3128 1706 3198 ἀποστερηταί.
1752 3127 1810 3180 '0

226 3217 343 3286 γὰρ
379 3217 665 3285 φυλάττων
710 3219 807 3290 τὴν
855 3218 1142 3290 ἀλήθειαν,
1181 3219 1404 3273 δύναται
1446 3219 1628 3289 ἐαυτῷ
1665 3219 1808 3291 ζωὴν

229 3312 702 3381 περιποιήσασθαι
723 3328 737 3342 ⁸
772 3312 1099 3380 φυλάττεται
1127 3314 1232 3383 γὰρ
1263 3313 1366 3364 ὑπὸ
1402 3314 1500 3378 τῆς
1529 3312 1807 3382 ἀληθείας.

227 3403 476 3464 Εἰκότως
531 3400 625 3457 οῦν
656 3391 817 3458 ἀκατά
864 3406 1038 3472 τάξιν,
1088 3406 1236 3474 τίμιε
1289 3405 1464 3476 πάτερ
1520 3404 1806 3468 Εὐστάθιε,

224 3499 366 3567 ύμῖν
398 3497 744 3568 ἀνεθήκαμεν
767 3499 857 3552 τὸν
887 3499 1016 3569 περὶ
1057 3499 1156 3568 τῆς
1199 3497 1457 3566 ἀληθείας
1485 3499 1660 3564 λόγον.
1697 3494 1812 3550 Ἀεὶ

223 3590 342 3660 γάρ
377 3589 466 3643 τὸν
501 3589 733 3659 Χριστὸν
779 3589 1146 3660 ἐνδεδυμένος,
1187 3591 1245 3642 ὲν
1283 3587 1431 3659 αύτῷ
1468 3587 1566 3658 ζῇς
1601 3587 1696 3641 καὶ
1727 3605 1812 3639 κι‹

223 3681 422 3750 νῆσαι,
439 3681 531 3733 καὶ
552 3673 602 3733 εἷ
617 3680 692 3744 ὡς
716 3681 970 3753 ἀληθινὸς
991 3679 1086 3735 ἄνθ
1097 3697 1299 3751 ρωπος,
1326 3678 1537 3748 καὶτῆς
1554 3677 1810 3748 ἀληθείας

221 3774 474 3842 ἐραστὴς
515 3773 908 3843 μανικώτατος.
941 3772 1077 3844 [Νῦν
1106 3772 1214 3842 γὰρ
1254 3770 1473 3842 θαρρεῖν
1507 3788 1598 3842 μοι
1628 3788 1808 3842 παρα-

222 3865 516 3918 κελεύεται
543 3865 716 3917 ταῦτα
761 3865 891 3935 περὶ
922 3865 1014 3917 σοῦ
1061 3862 1444 3934 ἀποφήνασθαι
1475 3865 1502 3916 ὁ
1531 3861 1700 3915 εἰπὼν
1732 3860 1810 3933 τῷ

217 3955 459 4024 Θωμᾷ,‹
482 3951 624 4021 Ἐγὼ
647 3955 760 4022 είμι
792 3955 825 4024 ἡ
853 3953 990 4017 ὁδὸς,
1019 3952 1115 4006 καὶ
1155 3954 1188 4012 ἡ
1224 3952 1469 4022 ἀλήθεια,
1505 3949 1773 4021 καὶήζωή
1795 3965 1810 3981 ⁸

219 4045 328 4098 καὶ
347 4045 525 4107 οὐδεὶς
550 4045 765 4115 ἔρχεται
793 4046 929 4116 πρὸς
954 4044 1043 4098 τὸν
1057 4045 1355 4112 Πατέρα,εί
1387 4043 1462 4113 μὴ
1487 4043 1554 4096 δι’
1581 4043 1734 4113 ἐμοῦ.
1755 4041 1805 4115 ι]

217 4133 394 4203 Αὐτῷ
425 4134 624 4204 πρέπει
654 4134 779 4201 δόξα
804 4135 900 4188 σὺν
931 4135 1108 4206 Πατρὶ
1138 4134 1234 4189 κα)⁸
1259 4131 1398 4203 ἀγίῳ
1428 4132 1704 4205 Πνεύματι
1731 4136 1812 4198 εἰς

214 4227 358 4287 τοὺς
399 4227 620 4290 αίῷνας.
667 4227 861 4297 ’Δμήν.

1912 591 2104 653 patens
2131 594 2318 655 guttur
2339 602 2555 655 eorum,
2587 590 2790 660 linguis
2822 589 2937 644 suis
2958 589 3144 644 dolose
3167 599 3418 660 egerunt,
3451 610 3469 642 ι

1910 684 2135 745 propter
2166 678 2269 732 hoc
2300 697 2318 728 ‹
2349 680 2535 748 judica
2569 681 2710 745 illos,
2751 683 2893 735 Deus
2917 684 3011 735 ⁸⁵.)
3047 681 3150 736 Sed
3187 689 3243 734 et
3268 681 3475 734 veridi-

1910 783 2009 822 cus
2039 768 2142 823 Job
2172 785 2184 822 :
2215 788 2234 820 ‹
2262 769 2382 822 Νοη
2411 771 2559 824 enim
2597 771 2736 826 elusi
2764 771 2928 825 verba
2952 771 3125 825 sancti
3152 771 3246 824 Dei
3283 770 3409 824 mei.
3450 789 3468 820 ι

1910 862 2331 916 Partemiastes:
2374 881 2392 912 ι
2432 862 2624 916 Melior
2671 869 2754 916 est
2781 877 2985 931 pauper
3013 862 3067 915 in
3097 863 3327 916 veritate
3361 875 3477 914 am-

1910 954 2106 1008 bulans
2135 952 2304 1007 divite
2339 954 2600 1009 mendace
2626 956 2690 1009 ⁶⁸.
2729 975 2746 1006 ι
2785 955 2985 1009 Facere
3012 954 3159 1008 enim
3190 970 3310 1023 quae
3327 954 3475 1024 justa

1909 1054 2057 1108 sunt,
2088 1054 2143 1100 et
2179 1046 2326 1115 loqui
2365 1046 2674 1110 veritatem,
2726 1054 2949 1115 accepta
2979 1056 3108 1101 sunt
3159 1047 3268 1099 Deo
3302 1045 3476 1115 magis

1909 1151 2073 1206 quam
2101 1139 2320 1206 sanguis
2346 1137 2716 1190 victimarum.
2758 1137 2971 1190 Rursus
3005 1153 3018 1188 :
3067 1155 3084 1186 ι
3117 1135 3383 1205 Aperiens
3443 1151 3474 1189 e

1910 1228 2075 1282 labiis
2135 1235 2304 1292 recta,
2360 1227 2488 1297 quia
2545 1229 2836 1282 veritatem
2897 1226 3253 1281 meditabitur
3287 1235 3476 1296 guttur

1913 1335 2117 1383 meum,
2142 1319 2500 1372 exsecrabilia
2535 1326 2716 1373 autem
2757 1318 2812 1371 in
2846 1328 3142 1388 conspectu
3184 1335 3304 1372 meo
3331 1319 3475 1371 labia

1912 1409 2194 1464 mendacia
2225 1410 2292 1464 “.
2329 1430 2347 1460 ›
2393 1410 2526 1464 ltem
2557 1410 2851 1479 Apostolus
2887 1427 2899 1462 :
2947 1427 2964 1459 ι
2999 1410 3346 1479 Deponentes
3371 1408 3475 1478 igi-

1913 1509 2003 1554 tur
2035 1500 2379 1554 mendacium
2423 1499 2711 1570 loquimini
2753 1499 3038 1554 veritatem
3095 1498 3474 1566 unusquisque

1911 1608 2034 1648 cum
2059 1592 2308 1660 proximo
2337 1608 2455 1652 suo,
2474 1592 2601 1660 quia
2615 1590 3068 1656 sumusinvicem
3096 1588 3338 1642 membra
3357 1589 3423 1640 θ’.
3449 1607 3467 1638 ι

1911 1683 2017 1738 Et:
2057 1701 2076 1733 ι
2113 1682 2170 1736 ln
2191 1683 2458 1737 charitate
2485 1698 2594 1736 non
2620 1681 2766 1745 ficta,
2795 1684 2850 1736 in
2879 1682 3046 1736 verbo
3065 1679 3319 1734 veritatis
3348 1677 3414 1731 ε⁸.
3451 1697 3469 1729 ι

1911 1773 2148 1826 Joannes
2178 1787 2397 1840 quoque
2430 1789 2444 1824 :
2490 1790 2507 1822 ι
2551 1771 2769 1825 Scimus
2797 1771 2924 1840 quia
2960 1769 3132 1824 Filius
3165 1769 3261 1824 Dei
3328 1768 3476 1821 venit

1911 1871 1967 1918 et
2000 1862 2154 1916 dedit
2206 1862 2367 1916 nobis
2424 1877 2666 1924 sensum,
2723 1869 2782 1915 ut
2831 1875 3226 1931 cognoscamus
3283 1875 3474 1913 verum

1911 1954 2103 2017 Deum,
2141 1961 2197 2007 et
2240 1953 2412 2006 simus
2440 1952 2494 2006 in
2543 1966 2676 2005 vero
2711 1951 2851 2005 Filio
2884 1954 3002 2020 ejus
3029 1951 3157 2005 Jesu
3203 1949 3424 2005 Christo
3457 1966 3471 2002 :

1910 2043 2003 2098 hic
2032 2051 2117 2098 est
2144 2057 2307 2098 verus
2328 2044 2493 2106 Deus,
2519 2052 2574 2097 et
2601 2042 2713 2097 vita
2743 2051 2946 2096 aeterna
2978 2043 3021 2074 ⁸⁸⁸
3053 2058 3066 2094 :
3097 2040 3190 2110 qui
3213 2041 3357 2095 enim
3384 2057 3476 2095 ve-

1913 2135 2129 2189 ritatem
2164 2135 2430 2203 loquitur,
2463 2134 2517 2188 in
2551 2135 2665 2188 Deo
2691 2143 2876 2187 manet
2902 2134 2970 2187 7°.
3003 2153 3020 2184 ι
3053 2133 3284 2187 Necesse
3308 2132 3476 2201 igitur

1911 2225 2002 2289 sit,
2025 2241 2093 2280 ex
2129 2225 2367 2280 hominis
2407 2241 2502 2280 ore
2529 2226 2739 2279 nullum
2793 2225 2999 2280 etIundi
3045 2240 3352 2279 sermonem
3381 2224 3473 2294 qui

1909 2331 2019 2368 non
2039 2316 2268 2368 veritate
2300 2315 2613 2369 omnimoda
2641 2315 2871 2380 nitatur,
2907 2326 2968 2368 ut
2989 2314 3228 2384 Spiritus
3258 2315 3350 2367 ille
3372 2329 3472 2367 ve-

1913 2407 2089 2461 ritatis
2113 2407 2206 2476 qui
2234 2406 2378 2460 idem
2400 2408 2544 2460 Deus
2571 2419 2673 2469 est,
2707 2407 3042 2475 intelligatur
3069 2406 3124 2458 in
3154 2405 3259 2459 hac
3283 2406 3477 2459 etiam-

1910 2513 2040 2550 num
2076 2511 2241 2551 carne
2271 2497 2372 2551 sibi
2397 2495 2661 2566 delegisse
2706 2496 3044 2550 domicilium
3081 2513 3094 2549 :
3127 2495 3218 2564 qui
3247 2509 3345 2563 per
3373 2493 3478 2547 hoc

1909 2587 2053 2658 apud
2074 2603 2235 2642 omne
2263 2588 2546 2641 hominum
2580 2603 2753 2658 genus
2779 2587 3117 2656 comperitur
3147 2585 3429 2640 veridicus
3457 2601 3471 2636 :

1909 2689 2072 2750 atque
2104 2681 2178 2735 ita
2203 2681 2423 2735 demum
2448 2679 2848 2751 gloriﬁcabitur
2873 2679 3136 2734 Dominus
3163 2677 3478 2732 inhabitans

1911 2773 2207 2828 hominem.
2238 2775 2296 2827 ln
2331 2773 2478 2827 omni
2514 2772 2685 2827 verbo
2725 2788 2889 2826 verax
2945 2781 3030 2826 est
3060 2770 3341 2829 Dominus,
3370 2781 3478 2822 nec

1912 2864 2080 2917 ullum
2114 2863 2287 2930 possit
2319 2862 2375 2915 in
2417 2861 2535 2930 ipso
2588 2860 2928 2930 deprehendi
2987 2859 3262 2914 mendacii
3302 2857 3478 2912 vesti-

1911 2955 2079 3025 gium.
2111 2953 2392 3022 Quotquot
2452 2953 2617 3022 igitur
2644 2962 2818 3006 semet
2855 2951 3115 3006 irretiunt
3156 2948 3476 3004 mendacio.

1913 3061 2032 3100 rum
2058 3045 2340 3106 funiculis,
2375 3043 2714 3096 frustrantur
2778 3051 2832 3097 et
2869 3043 3103 3097 eludunt
3157 3041 3474 3103 Dominum,

1915 3137 2161 3204 liuntque
2195 3135 2481 3204 praedones
2508 3133 2743 3193 Domini,
2779 3133 2905 3187 dum
2938 3133 2991 3186 id
3025 3132 3172 3202 quod
3219 3147 3389 3202 penes
3419 3147 3479 3186 se

1915 3226 2224 3295 depositum
2252 3235 2356 3288 est,
2392 3240 2502 3278 non
2562 3224 2799 3278 reddunt
2834 3223 3108 3277 incolume
3152 3230 3210 3277 et
3261 3237 3477 3276 sanum.

1915 3317 2179 3387 Spiritum
2205 3317 2350 3370 enim
2385 3323 2715 3383 acceperunt
2743 3314 2892 3368 nulla
2933 3323 3162 3383 contage
3208 3311 3480 3367 mendacii

1915 3409 2249 3463 decolorem.
2275 3407 2431 3460 llunc
2461 3407 2506 3461 si
2537 3405 2877 3460 reddiderint
2913 3405 3146 3458 Domino
3194 3403 3481 3457 interstin-

1916 3507 2066 3555 ctum
2099 3497 2266 3552 variis
2293 3496 2702 3552 mendaciorum
2735 3495 2901 3560 notis,
2941 3495 3126 3563 utique
3151 3494 3331 3548 videri
3353 3509 3481 3562 pos-

1915 3599 2044 3645 sunt
2071 3588 2474 3644 contaminasse
2497 3587 2808 3658 depositum
2837 3603 2851 3639 :
2883 3600 2994 3655 quo
3025 3586 3103 3648 lit,
3139 3594 3200 3640 ut
3241 3585 3351 3639 diei
3380 3584 3482 3638 de-

1914 3682 2081 3736 beant
2113 3679 2194 3735 rei
2228 3680 2418 3734 alienae
2450 3680 2835 3749 suppilatores.
2867 3679 2986 3734 Jam
3010 3678 3297 3731 veritatem
3322 3675 3478 3745 quis-

1913 3773 2040 3842 quis
2078 3771 2318 3826 custodit
2349 3786 2414 3825 ae
2450 3779 2658 3834 tuetur,
2699 3772 2838 3825 citra
2890 3769 3263 3825 dillicultatem
3313 3767 3480 3820 ullam

1912 3871 2095 3932 potest
2133 3861 2239 3915 sibi
2267 3861 2500 3915 emereri
2559 3860 2777 3916 beatam
2824 3861 3011 3914 vitam.
3053 3859 3134 3913 Ab
3170 3857 3284 3927 ipsa
3332 3856 3480 3910 enim

1910 3952 2216 4024 protegitur
2235 3950 2492 4015 veritate,
2529 3951 2778 4006 necunde
2808 3950 2968 4004 talem
2991 3949 3272 4004 adoriatur
3296 3957 3352 4002 et
3392 3962 3485 4000 ur—
3573 4007 3584 4012 _

1911 4052 2035 4114 geat
2067 4042 2348 4112 quidpiam
2401 4042 2552 4096 mali.
2601 4042 2733 4096 Jure
2784 4041 2971 4109 igitur.
3036 4049 3094 4095 et
3151 4053 3250 4108 pro
3277 4039 3482 4091 decoro

1915 4135 2102 4190 tuendi
2137 4135 2404 4189 hactenus
2424 4133 2586 4202 coepti
2612 4132 2825 4186 ordinis
2849 4146 3158 4186 sermonem
3191 4130 3340 4184 hunc
3363 4127 3479 4196 (qui

1915 4224 1983 4277 de
2044 4223 2280 4277 veritate
2338 4221 2442 4288 est)
2478 4220 2880 4275 succedaneum
2931 4218 3053 4284 tibi,
3089 4233 3122 4272 ο
3154 4215 3482 4273 venerabilis

215 4322 396 4383 pater
449 4316 724 4382 Eustathi,
781 4313 1253 4371 consecravimus.
1292 4314 1508 4383 1129
1566 4313 1795 4382 Semper
1833 4311 1980 4367 enim
2006 4310 2289 4365 Christum
2350 4307 2600 4372 indutus,
2639 4308 2694 4362 in
2762 4309 2880 4378 ipso
2919 4307 3062 4362 vivis
3107 4316 3163 4362 et
3215 4305 3477 4370 moveris,

219 4414 407 4472 utque
433 4404 596 4457 homo
629 4419 814 4468 verax,
884 4401 1165 4472 praecipuo
1223 4410 1279 4456 et
1311 4401 1634 4457 exuberanti
1683 4417 1868 4456 amore
1904 4402 2073 4470 ipsam
2103 4398 2322 4470 deperis
2343 4398 2634 4454 veritatem
2659 4397 2940 4454 Christum
2967 4415 2984 4453 :
3012 4414 3179 4469 quem
3210 4413 3320 4453 una
3353 4413 3478 4452 eum

216 4498 399 4551 Patre
423 4503 480 4550 et
506 4495 714 4565 Spiritu
747 4503 937 4550 sancto
991 4510 1215 4565 compar
1253 4494 1484 4550 addecet
1529 4493 1703 4565 gloria
1751 4492 1807 4548 in
1842 4493 2040 4549 saecula
2066 4493 2410 4547 saeculorum.
2434 4489 2631 4547 Amen.

833 4629 1050 4684 ΛΟΓΟΣ
1087 4629 1204 4683 ΞΖ⁹.

720 4740 859 4808 Περὶ
891 4741 998 4794 τοῦ
1036 4740 1326 4810 ἐλέγχειν.

302 4913 387 4966 Τὸ
420 4914 562 4968 κατὰ
611 4913 743 4968 Θεὸν
791 4914 1034 4984 ἐλέγχειν
1077 4915 1171 4968 τὸν
1219 4915 1465 4984 πλησίον,
1517 4915 1811 4986 εὐάρεστόν

207 5009 384 5061 ἐστιν
415 5006 493 5077 τῷ
524 5005 644 5077 Θεῷ
697 5007 792 5060 καὶ
822 5008 992 5075 φίλον.
1027 5008 1340 5079 Τεκμήριον
1370 5009 1480 5079 γάρ
1512 5009 1657 5062 ἐστιν
1676 5008 1798 5078 φιλ-

203 5097 516 5166 αδελφίας,
565 5097 662 5150 καὶ
702 5096 1022 5167 συμπαθοῦς
1055 5099 1301 5168 γνώμης,
1349 5098 1510 5168 μόνον
1563 5099 1620 5151 ὲν
1669 5097 1803 5152 εἰλι-

206 5192 418 5259 κρινεί
439 5189 638 5260 καρδίᾳ
672 5189 766 5242 καὶ
795 5188 1020 5259 καθαρῷ
1050 5189 1344 5242 συνειδότι·
1375 5193 1432 5242 ἐν
1474 5189 1623 5260 φόϐῳ
1651 5188 1809 5253 Θεοῦ,

210 5279 384 5352 μετά
410 5280 590 5351 πάσης
618 5280 1015 5350 εὐσπλαγχνίας
1048 5280 1310 5352 ἐλέγχειν,
1337 5281 1524 5350 σκοπῷ
1572 5280 1665 5334 τοῦ
1692 5282 1810 5333 ἐπι-

207 5371 470 5441 στρέψαι
495 5372 586 5425 τδν
613 5373 1016 5442 ἁμαρτάνοντα,
1063 5374 1144 5426 δεῖ
1189 5374 1344 5426 τοῦτο
1376 5377 1550 5426 ποιεῖν
1571 5390 1584 5403 ⁸
1616 5373 1721 5446 χρὴ
1754 5372 1809 5424 δὲ

199 5464 327 5517 καὶ
369 5463 666 5532 διακρίνειν
697 5466 829 5518 ὃπου
873 5464 954 5516 δεῖ
991 5464 1232 5533 ἐλέγχειν
1255 5482 1270 5495 ·
1304 5466 1426 5517 ἐπεὶ
1455 5465 1621 5535 ἀνδρα
1653 5465 1811 5517 δυνα-

198 5555 323 5607 τὸν
359 5555 420 5607 ού
466 5555 572 5625 χρὴ
627 5557 867 5626 ἐλέγχειν
903 5556 996 5608 ἐπὶ
1020 5555 1363 5621 κενοδοξίαν·
1420 5555 1557 5610 ἀλλά
1612 5557 1810 5626 μᾶλλον

2427 4626 2711 4682 HOMILIA
2749 4626 2956 4683 LXVII.

1912 4740 2184 4796 Neminem
2220 4751 2422 4806 prater
2468 4741 2710 4864 demit-iuga
2765 4750 2811 4793 ct
2857 4741 3217 4795 discretionem
3265 4741 3482 4811 coargui

2632 4828 2662 4864 e
2692 4827 2796 4864 ere.

2632 4827 2796 4865 ευενε.

1985 4919 2298 4974 Proximum
2337 4933 2633 4988 coarguere
2669 4917 2972 4972 secundum
3012 4917 3204 4980 Deum,
3235 4916 3349 4970 Deo
3375 4914 3479 4986 ipsi

1913 5027 2079 5080 quam
2132 5011 2204 5066 sit
2257 5012 2554 5082 gratiosum
2607 5017 2664 5066 et
2707 5008 2977 5072 amabile,
3029 5008 3154 5078 quis
3207 5007 3481 5077 explicet?

1922 5101 2081 5156 Aliud
2121 5103 2268 5156 enim
2302 5111 2387 5156 est
2415 5101 2553 5155 nihil
2585 5116 2746 5170 quam
2794 5100 3007 5170 insigne
3057 5098 3314 5153 fraterna:
3345 5097 3482 5152 dile-

1911 5193 2115 5246 ctionis
2143 5203 2546 5264 argumentum,
2579 5206 2642 5247 ac
2671 5191 2776 5260 piae
2800 5205 2926 5260 erga
2947 5189 3257 5259 proximum
3287 5188 3483 5241 volun-

1912 5285 2040 5339 tatis
2071 5284 2282 5339 illustre
2308 5285 2546 5355 signmn,
2567 5283 2750 5337 alieno
2774 5281 3025 5352 periculo
3066 5279 3479 5342 indolescentis,

1911 5377 2128 5430 sincero
2155 5377 2336 5432 cordis
2363 5377 2566 5430 aﬂ‘ectu
2595 5385 2650 5429 et
2685 5373 2890 5428 munda
2920 5389 3148 5444 prorsus
3194 5371 3482 5427 conscien-

1911 5466 2008 5520 tia.
2039 5466 2099 5520 ln
2139 5467 2335 5522 timore
2367 5476 2551 5522 autem
2584 5466 2681 5522 Dei
2720 5465 2773 5519 id
2823 5465 2935 5529 ﬁat,
2968 5480 3072 5522 nec
3107 5463 3226 5519 sine
3275 5461 3482 5516 indivi-

1912 5557 2021 5611 dua
2060 5559 2180 5629 ejus
2213 5559 2415 5613 comite
2467 5557 2869 5619 misericordia,
2904 5573 3073 5612 unum
3108 5555 3349 5624 aliquem
3386 5566 3478 5604 ar-

294 5707 355 5739 “
395 5707 534 5762 Psal.
572 5724 624 5767 ν,
660 5706 744 5771 10,
779 5707 861 5761 ll.
941 5709 985 5739 “
1007 5707 1166 5763 Prov.
1196 5722 1305 5773 χιχ,
1350 5707 1395 5761 l.
1476 5707 1520 5739 ⁸⁸
1559 5707 1720 5762 Prov.
1749 5722 1862 5771 vm,
1897 5705 2008 5772 6,7.
2083 5707 2126 5740 "
2161 5707 2362 5777 Ephes.
2395 5707 2579 5773 tv,25.
2653 5708 2700 5743 ⁸⁸
2729 5708 2774 5764 ll
2822 5706 2948 5766 Cor.
2979 5723 3054 5775 v1,
3101 5707 3153 5764 6.
3195 5706 3242 5740 "
3273 5705 3477 5762 lJoan.

190 5771 274 5842 ‘v.
326 5777 422 5833 ‘20.
501 5779 543 5808 ⁷⁸
566 5778 724 5832 Prov.
762 5778 974 5842 xvr,l3.
