4028 6536
566 352 695 415 1631

1825 348 2188 412 ANTIOCHI
2233 350 2577 412 MONACIII
3632 373 3737 436 "-33

562 480 750 536 guere,
781 464 884 518 hoc
917 463 1178 519 nimirum
1201 464 1402 521 mentis
1433 480 1620 534 scopo,
1657 474 1718 520 ut
1746 464 1814 518 ad
1844 461 2132 519 rectitudi-

2249 461 2337 529 τὴν
2372 462 2638 530 ἐπιφορὰν
2676 464 2772 530 τῆς
2806 462 3107 531 μελλούσης
3137 463 3350 531 ἀτιμίας
3390 471 3633 540 ἐπιδεῖξαι,
3669 487 3740 538 τε,

564 559 650 610 nis
683 571 911 610 revoces
935 557 1074 610 viam
1119 566 1174 612 et
1204 566 1495 611 convertas
1520 566 1888 626 peccatorem.
1921 557 1978 610 ld
2016 556 2140 625 qui-

563 650 688 702 dem
725 648 819 701 fiat
869 655 1123 717 oportet;
1160 647 1258 702 sed
1293 657 1350 702 et
1401 663 1630 702 necesse
1670 647 1743 702 sit
1785 648 2139 702 discretionis

564 743 738 796 aciem
786 741 1098 805 intendere,
1157 741 1248 795 ubi
1293 750 1350 795 et
1396 757 1506 810 quo
1544 741 1652 795 loci
1701 741 1774 796 sit
1824 742 2138 796 necessaria

567 835 945 904 reprehensio.
1000 835 1096 889 Vir
1145 844 1341 904 potens
1386 835 1748 898 auctoritate,
1777 835 1892 889 sive
1930 834 2138 889 divitiis

565 929 953 982 suffarcinatus
985 929 1305 998 neutiquam
1339 928 1826 998 reprehendendus
1845 929 1998 983 venit
2025 929 2140 983 ina-

565 1021 653 1073 nis
685 1019 872 1089 gloriae
894 1037 907 1073 :
929 1021 1112 1089 potius
1143 1020 1289 1074 enim
1327 1021 1455 1074 huic
1483 1021 1810 1089 impendens
1835 1019 2139 1088 periculum

567 1113 767 1166 futurae
803 1113 1118 1181 ignominiae
1162 1115 1424 1169 convenit
1464 1113 1706 1168 inductis
1739 1113 2006 1182 exemplis
2039 1113 2137 1168 dc-

565 1215 917 1260 monstrare:
951 1207 1058 1261 hoc
1104 1207 1250 1260 enim
1304 1216 1462 1276 pacto
1516 1195 1652 1261 tales
1698 1223 1808 1260 non
1863 1207 2140 1261 illibentcr

565 1298 863 1352 admittent
892 1300 1401 1368 reprehensionem.
1433 1299 1720 1355 Consimili
1753 1300 1968 1354 ratione
2001 1300 2138 1353 nihil

567 1391 844 1458 profuerit
872 1407 998 1444 eum
1051 1391 1358 1460 increpare,
1391 1392 1483 1461 qui
1523 1408 1553 1445 a
1586 1392 1826 1460 peccatis
1875 1391 2142 1459 interqui-

565 1481 700 1544 evit,
733 1497 1011 1550 quemque
1044 1481 1247 1550 prioris
1285 1482 1515 1550 poenitet
1546 1481 1688 1534 vita.
1741 1479 1896 1545 Quod
1925 1479 1970 1532 si
2003 1479 2142 1533 dicis

569 1570 976 1638 reprehendere
1031 1580 1082 1624 te
1141 1585 1243 1640 per
1293 1571 1617 1625 charitatem
1671 1586 1800 1639 erga
1859 1570 2029 1623 Deum
2086 1577 2142 1622 et

566 1660 916 1728 proximum;
939 1655 1177 1730 primum
1237 1661 1322 1716 fac
1351 1663 1427 1716 illi
1456 1655 1782 1717 inclarescat
1811 1661 2139 1715 delictorum

568 1751 828 1820 gravitas,
860 1767 962 1806 nec
984 1754 1093 1822 jam
1127 1769 1362 1807 mmrore
1391 1761 1488 1807 aut
1530 1753 1758 1807 tristitia
1801 1752 2141 1807 contabescit

569 1842 958 1910 reprehensus.
1006 1842 1282 1912 Scriptum
1323 1844 1526 1913 quippe
1558 1851 1643 1897 est
1683 1843 1735 1896 in
1780 1843 2136 1898 Proverbiis:

576 1954 595 1984 ι
645 1936 836 1989 Melior
865 1944 948 1988 est
986 1935 1342 2004 reprehensio
1377 1935 1662 1990 manifesta
1696 1952 1858 2004 quam
1903 1938 2138 1992 abscon-

569 2028 682 2082 dita
719 2028 994 2090 amicitia;
1043 2027 1290 2082 fideliora
1341 2029 1487 2083 enim
1535 2040 1663 2083 sunt
1705 2031 1933 2085 vulnera
1978 2032 2140 2086 amici

569 2133 734 2187 quam
761 2117 1072 2171 voluntaria
1105 2119 1291 2171 oscula
1336 2119 1544 2172 inimici
1576 2113 1656 2182 7‘:
1709 2139 1724 2169 ι
1767 2120 1964 2173 melior
1994 2123 2142 2174 cnim

568 2211 664 2278 qui
718 2210 1075 2279 reprehendit
1124 2210 1245 2264 viro
1322 2211 1526 2279 injusto
1581 2221 1636 2266 et
1686 2213 1921 2266 cervicis
1969 2213 2139 2267 durae.

568 2303 701 2371 Ejus
732 2302 879 2356 enim
911 2303 1004 2372 qui
1053 2313 1281 2371 repente
1313 2303 1698 2360 inflammescit
1754 2307 1855 2369 ira,
1915 2322 2026 2358 non
2056 2318 2141 2358 est

569 2392 798 2447 sanitas.
836 2393 1049 2447 Rursus
1080 2409 1093 2446 :
1133 2410 1152 2444 ι
1193 2391 1297 2459 Qui
1326 2393 1569 2448 ostendit
1600 2395 1808 2447 homini
1846 2395 1964 2448 vias
1995 2411 2140 2455 suas,

569 2481 695 2550 plus
740 2480 969 2534 habebit
1009 2479 1196 2549 gratia:
1243 2495 1310 2534 eo
1356 2480 1451 2549 qui
1495 2480 1560 2533 ad
1609 2481 1836 2550 gratiam
1900 2481 2142 2550 linguam

568 2584 724 2624 suam
759 2569 1044 2639 componit
1086 2571 1149 2624 τ’.
1204 2588 1223 2620 ι
1259 2570 1469 2624 lterum
1499 2587 1512 2622 :
1548 2588 1568 2620 ι
1604 2569 1723 2624 Noli
1759 2586 1990 2640 arguere
2025 2587 2144 2625 ma-

567 2660 673 2725 los,
707 2662 1001 2730 nequando
1027 2660 1248 2715 oderint
1269 2671 1340 2725 te,
1373 2677 1542 2731 argue
1577 2661 1904 2731 sapientem,
1929 2672 1985 2716 et
2013 2664 2141 2717 dili-

569 2761 658 2823 get
693 2762 786 2818 te;
822 2752 891 2807 da
917 2753 1152 2822 sapienti
1177 2753 1544 2818 occasionem,
1570 2762 1626 2808 et
1668 2753 1975 2823 sapientior
2003 2754 2141 2820 erit;

569 2844 799 2900 notifica
836 2846 1008 2916 justo,
1043 2853 1099 2900 et
1144 2845 1308 2900 addet
1352 2853 1416 2898 .ut
1455 2845 1690 2914 accipiat
1735 2847 1800 2898 ⁷³.
1837 2865 1855 2896 ι
1892 2846 2096 2901 lterum
2130 2864 2141 2898 :

575 2956 594 2987 ι
665 2937 769 3004 Qui
821 2937 1012 2992 annuit
1062 2939 1223 2992 oculo
1267 2953 1392 2993 cum
1440 2939 1600 3003 dolo,
1654 2946 1952 3008 congregat
2009 2939 2146 2994 viris

570 3029 825 3084 tristitias
855 3028 927 3095 "‘;
961 3030 1054 3098 qui
1086 3037 1269 3082 autem
1309 3044 1433 3083 cum
1471 3029 1723 3084 libertate
1763 3032 2141 3100 reprehendit,

2244 551 2350 620 γὰρ
2398 553 2584 622 τρόπῳ
2632 554 2806 623 τούτῳ
2885 555 2936 606 οἱ
2981 553 3213 606 τοιοῦτοι
3263 558 3419 626 ἡδέως
3465 551 3741 639 ἐλέγχονται.

2252 641 2530 707 Ὡσαύτως
2579 644 2672 697 τὸν
2718 646 3092 714 παυσάμενον,
3143 647 3234 699 καὶ
3285 658 3630 725 μετανοοῦντα,
3663 669 3744 720 om

2241 735 2388 788 ἐστιν
2441 737 2604 790 καλὸν
2656 737 2921 806 ἐλέγχειν.
2976 739 3038 790 ΕΞ
3085 738 3142 790 δὲ
3189 738 3377 808 λέγεις,
3408 745 3488 798 διὰ
3531 749 3646 804 Θεὸν
3673 761 3748 811 καὶ

2239 828 2337 895 τὴν
2371 829 2450 890 εἰς
2497 828 2586 881 τὸν
2624 829 2856 896 πλησίον
2882 830 3106 898 ἀγάπην
3146 831 3396 901 ἐλέγχειν,
3445 849 3750 918 φανεροποίτδ.

2243 936 2332 971 σον
2366 919 2514 990 αύτῷ
2547 920 2762 990 πρῶτον
2791 923 2857 974 τὰ
2888 922 2956 975 σὰ
3003 923 3107 993 πλη
3119 925 3456 995 μμελήματα,
3487 935 3570 985 καὶ
3595 937 3647 988 οὐ
3681 939 3753 991 λυ-

2241 1013 2423 1064 πεῖται
2455 1011 2828 1082 ἐλεγχόμενος.
2863 1015 3176 1086 Γέγραπται
3223 1019 3279 1069 ἐν
3309 1024 3423 1082 ταῖς
3457 1024 3752 1096 Παροιμίαις,

2240 1104 2322 1154 ὃτι
2377 1123 2394 1154 ι
2439 1105 2709 1174 Κρεῖσσον
2753 1105 2964 1176 ἔλεγχοι
3009 1109 3520 1180 ἀποκαλυπτόμενοι,
3559 1135 3754 1185 κρυπτο.

2245 1195 2410 1264 μένης
2445 1196 2650 1264 φιλίας.
2698 1199 3139 1269 Ἀξιοπιστότερα
3182 1202 3288 1272 γὰρ
3316 1205 3584 1275 τραύματα
3611 1213 3753 1279 φίλου,

2239 1286 2272 1354 ἢ
2314 1287 2534 1340 ἐκούσια
2573 1289 2854 1358 φιλήματα
2907 1292 3125 1362 ἐχθροῦ,
3166 1313 3184 1344 ι
3231 1295 3323 1347 καὶ
3373 1302 3604 1366 κρεῖσσον
3646 1306 3757 1377 ἀνὴρ

2241 1377 2501 1447 ἐλέγχων,
2531 1380 2724 1451 ἀνδρὸς
2762 1383 2948 1436 ἀδίκου
2986 1385 3476 1456 σκληροτραχήλου.
3513 1391 3758 1464 Ἐξαπίνης

2241 1471 2350 1538 γὰρ
2381 1471 2718 1541 φλεγομένου
2748 1475 2847 1527 οὐκ
2884 1475 3033 1528 ἔστιν
3080 1477 3240 1540 ἴασις.
3296 1481 3402 1532 Καὶ
3451 1484 3615 1547 πάλιν,
3654 1506 3670 1538 ι
3718 1490 3761 1543 '0

2243 1562 2480 1632 ἐλέγχων
2505 1564 2795 1635 ἀνθρώπου
2825 1566 2978 1631 ὁδοὺς
3011 1568 3199 1631 αὑτοῦ,
3236 1569 3454 1640 χάριτας
3474 1573 3574 1638 ἔξει
3600 1578 3762 1645 μᾶλλον

2243 1652 2336 1706 τοῦ
2374 1654 2508 1723 πρὸς
2541 1656 2703 1726 χάριν
2751 1657 3338 1728 γλωσσοχαριτοῦντος.
3398 1681 3416 1714 ι
3470 1665 3573 1719 Καὶ
3609 1670 3762 1732 πάλιν,

2253 1763 2270 1794 ι
2312 1745 2402 1815 Μὴ
2436 1745 2625 1816 ἔλεγχε
2657 1750 2883 1815 κακοὺς,
2913 1750 3000 1803 ἵνα
3033 1750 3105 1820 μὴ
3141 1752 3440 1822 μισήσωσίν
3485 1772 3571 1808 σε’
3612 1758 3764 1831 ἔλεγχε

2251 1837 2432 1906 σοφὸν,
2463 1839 2557 1890 καὶ
2582 1839 2858 1908 ἀγαπήσει
2892 1857 2952 1892 σε
2973 1857 2986 1871 ⁸
3012 1842 3236 1909 ἄσοφον,
3273 1844 3367 1895 καὶ
3396 1846 3669 1916 προσθήσει
3695 1853 3767 1904 τοῦ

2250 1929 2476 1998 μισῆσαι
2525 1947 2605 1984 σε.
2655 1932 2810 1984 Δίδου
2858 1932 3008 2002 σοφῷ
3059 1934 3332 2004 ἀφορμὴν,
3368 1937 3459 1988 καὶ
3509 1940 3767 2010 σοφώτερος

2245 2017 2418 2070 ἔσται.
2446 2017 2682 2089 Γνὼριζε
2711 2019 2925 2089 δικαίῳ,
2959 2021 3053 2072 καὶ
3076 2021 3378 2090 προσθήσει
3400 2021 3489 2074 τοῦ
3510 2023 3764 2093 δέχεσθαι.»

2247 2109 2356 2161 Καὶ
2411 2109 2592 2175 πάλιν,
2645 2129 2662 2161 ι
2743 2111 2801 2163 Ὁ
2853 2110 3086 2163 ἐννεύων
3122 2111 3401 2180 ὀφθαλμὸν
3458 2114 3590 2182 μετὰ
3629 2115 3767 2179 δόλου,

2247 2201 2470 2269 συνάγει
2521 2202 2748 2271 ἀνδράσι
2774 2201 2952 2262 λύπας
2971 2219 2985 2234 ο
3015 2205 3042 2256 6
3067 2201 3123 2255 δὲ
3162 2204 3402 2272 ἐλέγχων
3434 2205 3565 2273 μετὰ
3587 2208 3772 2277 παρῤη-

2250 2295 2405 2360 σίας,
2461 2295 2814 2364 είρηνοποιεῖ.
2867 2295 3124 2363 Ἐλεγξον
3179 2297 3338 2365 φίλον
3406 2299 3476 2367 μή
3532 2315 3650 2350 ποτε
3697 2301 3771 2351 οὐκ

2247 2386 2533 2456 ἐποίησενο
2591 2387 2684 2439 καὶ
2737 2387 2784 2438 εί
2827 2386 3104 2455 ἐποίησεν,
3158 2387 3245 2440 ἵνα
3295 2387 3368 2456 μὴ
3419 2389 3678 2458 προσθήσῃ
3725 2391 3773 2442 τὰ

2247 2477 2404 2531 αὑτά.
2443 2495 2460 2528 ι
2491 2478 2600 2530 Καὶ
2628 2479 2657 2530 6
2683 2476 2846 2547 νόμος
2881 2477 3068 2547 φησὶν,
3117 2495 3136 2527 ι
3180 2476 3452 2545 Ἐλέγξεις
3475 2480 3560 2532 τὸν
3593 2479 3774 2549 πλησίον

2249 2588 2365 2634 σου,
2399 2570 2472 2640 μή
2504 2587 2634 2622 ποτε
2668 2570 2767 2622 οὐκ
2792 2570 3067 2639 ἐποίησεν.
3094 2571 3154 2623 Εἰ
3201 2571 3258 2623 δέ
3305 2572 3400 2624 καὶ
3429 2572 3682 2641 ἐποίησεν,
3711 2574 3776 2624 ἵνα

2250 2664 2323 2732 μὴ
2373 2662 2677 2732 προσθήσῃ.
2723 2681 2741 2713 ι
2779 2663 2888 2715 Καὶ
2941 2659 3118 2727 αὖθις,
3167 2682 3186 2714 ι
3219 2664 3432 2732 ’Ὠσπερ
3476 2665 3625 2717 καλὸν
3667 2668 3778 2717 ἐστιν

2246 2751 2510 2820 ἐλέγχειν,
2541 2749 2573 2820 ἢ
2607 2751 3206 2821 θυμοῦσθαικρυπτῶς.
3241 2771 3258 2803 ι
3283 2752 3395 2806 Καὶ
3421 2753 3625 2820 ἐπάγει,
3656 2773 3672 2804 ι
3714 2753 3780 2806 Ἐν

2249 2845 2534 2914 συμποσίῳ
2591 2844 2737 2897 οἴνου
2798 2843 2871 2916 μὴ
2899 2844 3125 2917 ἐλέγξῃς
3155 2845 3246 2898 τὸν
3294 2845 3553 2914 πλησίον·
3609 2846 3689 2898 καὶ
3725 2848 3782 2916 μὴ

2248 2937 2612 3008 ὲξουδενὼσῃς
2638 2936 2799 2992 αὐτὸν
2833 2922 2891 2990 ἐν
2922 2937 3230 3009 εὐφροσύνῃ
3251 2937 3442 2991 αὐτοῦ.
3467 2957 3484 2988 ι
3512 2939 3611 2990 Καὶ
3635 2939 3782 3000 πάλιν,

2253 3051 2270 3082 ι
2295 3031 2420 3083 Ἐὰν
2452 3031 2696 3098 ἐλέγχεις
2716 3029 2884 3100 ἄνδρα
2907 3029 3191 3099 φρόνιμον,
3207 3029 3663 3099 νοήσειαῑσθησινο
3680 3048 3787 3100 καρο

569 3119 736 3172 habet
767 3134 957 3188 pacem
987 3136 1001 3171 :
1038 3134 1206 3188 argue
1238 3119 1501 3183 amicum,
1549 3134 1619 3173 ne
1667 3119 1808 3177 forte
1846 3137 1954 3176 non
1986 3123 2134 3178 fece-

2249 3123 2333 3177 δία
2349 3121 2783 3196 γὰραίσθητικὴ,
2810 3121 3028 3192 λυπηρὰ
3053 3120 3200 3192 ψυχὴ
3227 3121 3397 3174 αὑτοῦ
3413 3139 3425 3151 ·
3442 3123 3490 3173 oi
3517 3122 3568 3174 δέ
3591 3122 3790 3191 ἐλέγχον-

571 3210 665 3274 rit,
707 3217 763 3263 et
804 3209 850 3263 si
897 3209 1047 3271 fecit,
1095 3220 1160 3263 ut
1189 3225 1258 3264 ne
1302 3210 1468 3266 addat
1507 3211 1572 3266 ⁷⁸.
1610 3231 1629 3264 ι
1665 3213 1871 3269 Eadem
1916 3232 2146 3286 prorsus

571 3299 658 3352 lex
687 3298 810 3352 ait:
855 3316 873 3347 (
920 3300 1133 3368 Argues
1174 3300 1484 3368 proximum
1535 3310 1711 3368 tuum,
1753 3320 1826 3359 ne
1862 3305 2004 3362 forte
2036 3325 2146 3365 non

573 3391 804 3444 fecerit:
837 3390 985 3460 quod
1013 3391 1058 3445 si
1085 3389 1236 3453 fecit,
1267 3407 1338 3446 ne
1362 3392 1587 3463 adjiciat
1623 3396 1691 3448 ⁷⁸.
1730 3395 1903 3463 Quam
1941 3399 2144 3456 bonum

572 3490 656 3535 est
683 3497 913 3550 arguere
953 3483 1141 3552 p0tius
1169 3498 1334 3552 quam
1365 3483 1528 3540 irasci
1555 3488 1772 3543 occulte
1799 3489 1842 3520 ⁷⁷
1858 3491 1874 3561 ri
1917 3509 1934 3543 ι
1975 3492 2143 3548 ludu-

575 3574 687 3626 cit:
721 3591 740 3625 ι
773 3573 835 3627 'lu
869 3575 1124 3628 convivio
1151 3576 1266 3629 vini
1298 3592 1370 3631 ne
1397 3593 1594 3648 arguas
1635 3582 1968 3649 proximum,
1995 3596 2148 3642 etne

574 3664 850 3732 spreveris
902 3680 1028 3720 eum
1065 3666 1121 3720 in
1172 3666 1360 3722 laetitia
1409 3661 1531 3738 ejus
1568 3669 1634 3722 ⁷⁸.
1675 3690 1693 3722 ι
1744 3671 1875 3726 Item
1925 3691 1938 3727 :
2005 3695 2023 3726 ι
2092 3677 2148 3731 Si

575 3756 826 3826 argueris
869 3756 1220 3827 prudentem,
1251 3761 1627 3818 considerabit
1655 3779 1874 3821 sensum
1915 3769 2000 3821 ":
2055 3785 2152 3825 cor

575 3849 922 3914 sensitivum,
950 3852 1130 3906 anima
1167 3852 1316 3907 illius
1343 3854 1518 3911 tristis
1547 3867 1664 3922 est;
1707 3859 1800 3928 qui
1844 3868 2029 3916 autem
2067 3879 2153 3918 re-

573 3937 960 4006 prehendunt,
1011 3943 1256 4012 sibiipsis
1301 3945 1584 4013 videntur,
1633 3965 1795 4019 quam
1847 3953 1977 4019 sint,
2032 3970 2152 4010 esse

575 4028 834 4084 meliores
861 4031 926 4084 3°.
965 4050 984 4084 ι
1019 4034 1223 4088 Paulus
1271 4034 1400 4091 item
1447 4038 1738 4095 Timotheo
1781 4042 1900 4096 ait:
1941 4061 1959 4094 ι
2017 4046 2152 4100 Pec-

575 4129 764 4175 cantes
813 4136 998 4177 coram
1023 4126 1282 4181 omnibus
1301 4143 1490 4198 argue,
1524 4139 1584 4184 ut
1605 4141 1662 4186 et
1683 4135 1865 4187 caeteri
1899 4135 2150 4191 timorem

575 4212 816 4268 habeant
845 4216 910 4269 ⁸¹.
963 4235 982 4268 ι
1035 4218 1249 4290 1130
1300 4221 1560 4277 Rursus:
1599 4241 1618 4272 ι
1654 4224 1854 4294 Argue,
1905 4226 2150 4297 increpa,

575 4305 805 4362 obsecra
823 4308 922 4362 ⁸⁸.»
953 4309 1058 4364 Sed
1086 4320 1142 4366 et
1168 4313 1214 4367 is
1231 4313 1324 4382 qui
1347 4330 1448 4370 nos
1475 4315 1540 4369 ad
1569 4317 1800 4372 salutem
1822 4336 2154 4392 magnopere

576 4398 765 4453 studet
822 4403 1130 4468 provehere
1187 4404 1454 4460 Dominus
1507 4422 1571 4460 ac
1638 4407 1890 4464 Salvator
1944 4423 2153 4479 noster,

2249 3210 2620 3281 τες,βελτίους
2640 3210 2999 3280 φανεροῦνται
3022 3211 3107 3264 ἐπ’
3132 3211 3349 3273 αὐτούς.
3380 3231 3397 3263 ι
3438 3212 3588 3265 Καὶό
3619 3211 3789 3267 Παῦλος

2249 3303 2497 3375 Τιμοθέῳ
2518 3304 2740 3373 φησ¹ιν,‹
2771 3302 2912 3365 Τοὺς
2934 3303 3346 3374 ἁμαρτάνοντας
3374 3304 3594 3356 ἐνώπιον
3613 3305 3790 3356 παντων

2248 3397 2458 3468 ἔλεγχε,
2496 3398 2583 3450 ἵνα
2612 3397 2708 3450 καὶ
2732 3398 2780 3450 οἱ
2821 3397 2997 3449 λοιποὶ
3026 3395 3188 3466 φόεον
3217 3396 3437 3467 ἔχωσιν.
3470 3417 3488 3449 ι
3517 3396 3620 3451 Καὶ
3647 3392 3788 3458 αὖθις,

2255 3509 2274 3542 ι
2313 3488 2952 3560 Ἐλεγξον,ἐπιτίμησον,
2980 3488 3367 3559 παρακάλεσον
3387 3506 3402 3520 ·
3447 3508 3464 3540 ι
3501 3491 3588 3542 καὶ
3615 3488 3792 3541 ὁθέλων

2248 3584 2398 3653 ἡμᾶς
2443 3582 2682 3652 σωθῆναι
2711 3581 2938 3654 Κύριος,
2970 3583 3064 3635 καὶ
3114 3581 3309 3652 Σωτὴρ
3361 3581 3539 3652 ἡμῶν,
3582 3597 3793 3652 παρακε-

2249 3679 2466 3731 λεύεται
2511 3679 2646 3747 ἡμῖν
2675 3675 2873 3744 λέγων,
2930 3694 2950 3727 ‹
3021 3675 3151 3728 Ἐὰν
3198 3675 3518 3746 ἁμαρτήσει
3571 3675 3645 3737 εἰς
3688 3673 3795 3725 σέὁ

2250 3766 2481 3834 ἁδελφός
2516 3783 2634 3830 σου,
2677 3763 2880 3830 ὕπαγε,
2917 3763 3134 3833 ἔλεγξον
3167 3765 3331 3819 αὑτὸν
3366 3762 3571 3835 μεταξὺ
3610 3761 3694 3816 σοῦ
3719 3763 3795 3816 καὶ

2251 3857 2417 3912 αὑτοῦ
2486 3857 2671 3927 μόνου.
2746 3856 2873 3910 Ἐάν
2925 3873 3018 3909 σου
3090 3857 3340 3929 ἀκούσῃ,
3393 3858 3682 3926 ἐκέρδησας
3727 3856 3799 3908 τὸν

2252 3950 2482 4018 ἀδελφόν
2535 3965 2664 4001 σου·
2707 3947 2802 4000 ἐὰν
2845 3948 2901 4001 δὲ
2954 3948 3028 4020 μὴ
3061 3949 3294 4020 ἀκούσῃ,
3349 3948 3634 4019 παράλαϐε
3686 3947 3796 4018 μετὰ

2255 4040 2482 4096 σεαυτοῦ
2540 4040 2621 4093 ἔτι
2668 4040 2830 4111 ἔναῆ
2889 4040 3012 4104 δύο,
3065 4041 3154 4094 ἵνα
3200 4041 3294 4093 ἐπὶ
3350 4041 3616 4109 στόματος
3659 4039 3799 4107 δύοῆ

2254 4134 2422 4206 τριῶν
2473 4132 2770 4204 μαρτύρων
2828 4132 3169 4202 σταθὴσηται
3228 4133 3340 4186 πᾶν
3396 4133 3579 4204 ῥῆμα·
3627 4131 3713 4183 ἐὰν
3758 4129 3803 4181 δὲ

2257 4224 2583 4297 παρακούσῃ
2634 4223 2839 4287 αὐτῶν,
2871 4223 2993 4275 είπέ
3036 4225 3102 4293 τῇ
3145 4222 3482 4294 Ἐκκλησίᾳ·
3518 4223 3608 4276 ἐὰν
3653 4218 3805 4274 δὲκαὶ

2254 4320 2320 4388 τῇ
2352 4315 3006 4386 Ἐγκλησίᾳπαρακούσῃ,
3037 4313 3176 4366 ἔστω
3208 4330 3291 4366 σοι
3322 4316 3514 4385 ὥσπερ
3568 4315 3595 4366 6
3627 4309 3805 4371 ἐθνικὸς

2258 4411 2352 4465 καὶ
2402 4413 2429 4463 ὁ
2478 4407 2739 4479 τελώνης.
2798 4427 2815 4459 ι
2870 4405 3026 4476 Αύτῷ
3079 4407 3111 4476 ἠ
3159 4404 3282 4469 δόξα
3334 4407 3416 4469 είς
3449 4405 3574 4468 τοὺς
3615 4403 3803 4463 αἰῶνας.

582 4491 724 4544 hunc
759 4491 812 4545 in
851 4493 1071 4547 modum
1121 4509 1222 4548 nos
1261 4495 1589 4551 adhortatur
1623 4517 1635 4551 :
1679 4515 1698 4549 ‹
1741 4498 1796 4553 Si
1844 4507 2157 4569 peccaverit
2193 4501 2232 4555 ι)
2273 4504 2469 4573 Ἀμήν.

576 4582 632 4635 iu
678 4590 730 4634 te
777 4581 947 4668 frater
989 4591 1135 4646 tuus,
1172 4585 1330 4650 vade,
1367 4589 1582 4656 corripe
1621 4603 1750 4643 eum
1802 4591 1948 4646 inter
1999 4603 2052 4648 te
2096 4609 2153 4650 et
2191 4595 2371 4666 ipsum
2406 4595 2625 4649 solum:
2681 4591 2725 4645 si
2772 4600 2824 4645 te
2869 4589 3148 4654 audierit,
3193 4590 3444 4643 lucratus
3511 4606 3570 4643 es
3615 4588 3807 4641 fratrem

579 4687 769 4742 tuum;
823 4681 868 4732 si
917 4689 1100 4733 autem
1174 4689 1226 4735 te
1279 4697 1390 4736 nou
1441 4684 1702 4749 audierit,
1756 4687 1958 4743 adhibe
2041 4700 2222 4745 tecum
2262 4707 2432 4745 unum
2457 4699 2552 4743 aut
2578 4688 2901 4752 duos,utiu
2929 4702 3026 4740 ore
3047 4685 3278 4740 duorum
3304 4687 3590 4739 auttrium
3620 4683 3806 4738 testium

580 4780 683 4826 stet
714 4788 876 4827 omne
909 4774 1138 4828 verbum
1171 4791 1184 4826 :
1218 4776 1364 4843 quod
1399 4778 1442 4832 si
1491 4795 1592 4834 nec
1624 4781 1725 4836 hos
1764 4782 2025 4846 audierit,
2059 4785 2149 4840 dic
2186 4786 2479 4851 Ecclesiae;
2513 4784 2556 4838 si
2608 4795 2791 4836 autem
2838 4797 2942 4835 nec
2991 4780 3292 4836 Ecclesiam
3337 4780 3603 4838 audierit.
3637 4779 3703 4833 sit
3731 4777 3807 4832 tibi

550 4877 838 4948 _tauquam
867 4868 1122 4922 ethnicus
1152 4878 1209 4924 et
1239 4871 1565 4940 publicanus
1592 4873 1662 4928 ⁸³.
1708 4894 1726 4927 ι
1769 4875 1950 4931 Gloria
1993 4879 2108 4934 Deo
2134 4887 2324 4935 nostro
2385 4879 2443 4933 in
2481 4879 2699 4934 saecula.
2736 4878 2928 4931 Amen.

1075 4979 1359 5039 IIOMILIA
1411 4983 1645 5038 LXVIII.

848 5091 913 5146 Ut
939 5094 1050 5163 ipse
1080 5099 1409 5166 coarguaris,
1448 5098 1598 5152 debes
1633 5109 1890 5170 expetere.

650 5204 827 5259 llomo
862 5205 1154 5277 (siquidem
1187 5207 1255 5263 de
1289 5224 1348 5263 se
1388 5225 1551 5280 quam
1593 5210 2000 5267 modestissime
2029 5227 2158 5267 sen-

583 5300 677 5362 tit,
735 5313 907 5368 seque
955 5315 1054 5369 pro
1108 5302 1321 5372 abjecto
1365 5303 1533 5358 habet
1568 5313 1623 5358 et
1666 5304 1784 5374 vili)
1818 5305 1988 5359 multa
2031 5321 2155 5359 cum

579 5390 748 5447 animi
784 5391 1064 5462 voluptate
1111 5403 1166 5448 et
1195 5394 1576 5450 benevolentia
1615 5411 1710 5452 eas
1750 5405 2002 5467 exceptat
2034 5413 2157 5466 quae

579 5486 638 5541 in
671 5500 728 5540 se
757 5485 1009 5540 recidunt
1031 5488 1432 5558 correptiones,
1454 5498 1549 5543 aut
1573 5490 1876 5559 quamlibet
1907 5505 2153 5558 asperam

2853 4986 3068 5040 ΛΟΓΟΣ
3106 4985 3235 5038 ΞΗ⁹.

2707 5099 2846 5167 Περὶ
2878 5099 2982 5152 τοῦ
3023 5098 3396 5168 ἐλέγχεσθαι.

2337 5217 2656 5285 Ἀνθρωπος
2727 5216 2822 5266 ἐάν
2888 5217 3036 5267 ἐστιν
3094 5215 3517 5284 ταπεινόφρων,
3580 5214 3671 5266 καὶ
3719 5211 3812 5280 ἔχει

2262 5311 2450 5363 ἑαυτὸν
2476 5308 2697 5378 εὐτελῆ,
2729 5307 2864 5378 μετὰ
2939 5307 3203 5376 θυμηδίας
3250 5310 3341 5360 καὶ
3391 5308 3686 5377 εὐμενείας
3712 5305 3818 5361 τοὺς

2259 5399 2686 5469 ἐπιφερομένους
2739 5398 2886 5468 αὺτῴ
2925 5399 3198 5467 ἐλέγχους,
3265 5401 3355 5450 καὶ
3419 5400 3483 5451 τὸ
3540 5397 3856 5468 ἐπιτίμιονκ

2261 5490 2650 5558 παραδέχεται.
2713 5492 2993 5558 Μακάριος
3061 5486 3151 5542 οὖν
3214 5493 3358 5542 ἐστιν
3413 5492 3442 5541 6
3517 5488 3740 5559 μοναχὸς
3798 5484 3819 5532 ὁ

653 5642 695 5670 ⁷¹
739 5642 900 5724 [ξω-ξ’.
927 5659 1091 5724 igitur,
1116 5643 1245 5724 5,_6.
1287 5645 1544 5724 __'”.l’ro_v.
1571 5660 1754 5705 xxvm,
1938 5645 1992 5724 :3
2024 5645 2144 5724 _l‘ro‘

2342 5645 2474 5724 8,..."-
2915 5645 2997 5724 ιρι
3076 5645 3121 5724 1".
3160 5643 3324 5724 vcsti-
3461 5644 3583 5724 εει.
3697 5637 3818 5724 tet;

590 5712 673 5764 Il.
749 5713 791 5741 ⁷⁷
834 5712 1002 5767 ΕΝἸῘ.
1039 5729 1128 5774 xx,
1164 5715 1211 5766 1.
1287 5714 1334 5745 ⁷³
1373 5715 1537 5767 Eccli.
1577 5730 1716 5776 χχχι,
1775 5715 1855 5766 il.

587 5780 729 5836 Tim.
774 5799 842 5845 Iv,
876 5784 926 5835 ‘2.
1007 5784 1051 5812 ’⁸³
1091 5784 1276 5838 Matth.
1311 5801 1453 5847 xvut,
1495 5784 1677 5838 lii-l7.

1938 5717 1980 5746 ⁷ί²
2022 5715 2182 5768 I’rov.
2225 5731 2332 5774 xm,
2365 5715 2450 5767 25,

2529 5716 2572 5742 ⁸ο
2618 5715 2775 5767 I‘rnv.
2804 5714 2891 5778 27,
2924 5715 2976 5769 5.
3083 5717 3122 5744 θ’
3170 5713 3357 5772 ITitn.
3415 5730 3468 5778 γ,
3516 5713 3607 5766 ‘20.
3705 5711 3745 5739 δ’
3781 5705 3823 5762 II

3083 5717 3122 5744 θ’
3170 5713 3357 5772 ITitn.
3415 5730 3468 5779 ν,
3516 5713 3607 5766 ‘20.

3939 2855 3944 2906 Ι

3939 2983 3946 3154 ὲ
