4028 6510
289 381 307 441 ι
321 381 420 442 {333

1234 384 1560 445 IIOMILIA
1604 388 1789 447 LXIX
1843 413 1912 422 --
1945 389 2041 448 DE
2080 391 2587 454 VERECUNDIA.
2677 398 2704 419 ⁸

3404 405 3540 472 1634

283 496 500 548 πάντων
535 491 822 561 περίψημα
848 493 1036 546 ἐαυτὸν
1073 494 1233 564 ἔχων.
1279 499 1719 570 Ἐλαχιστότερον
1750 502 1859 571 γὰρ

1964 503 2424 574 objurgationem.
2449 508 2650 563 Beatus
2671 507 2838 580 igitur
2861 514 3164 570 monachus
3185 518 3277 588 qui
3297 521 3538 590 seipsnm
3609 517 3611 519 ’

281 587 473 639 ἑαυτὸν
499 584 869 653 λογιζόμειος,
897 585 1130 654 γέγηθεν
1166 589 1366 658 μᾶλλον
1399 591 1491 643 ἐπὶ
1518 595 1583 662 τῇ
1615 593 1859 663 εὐτελείᾳ

283 681 376 734 καὶ
408 679 836 748 καταφρονήσει,
859 680 1002 748 ἥπερ
1022 681 1116 732 ἐπὶ
1135 685 1269 752 τιμῇ
1304 685 1399 735 καὶ
1427 683 1666 755 εὐκλείᾳ.
1697 686 1859 738 Ὅθεν

282 770 376 819 καὶ
408 766 511 818 ὑπὸ
558 765 652 818 τοῦ
700 766 834 818 Θεοῦ
882 769 1187 834 ἁγιάζεται,
1218 769 1403 834 καθὼς
1457 778 1726 844 μαρτυρεῖ
1769 776 1861 828 Ἠ-

281 862 466 921 cola;-
506 876 524 908 ι
571 857 860 924 Ἀγιάσατε
880 859 1010 930 γὰρ,
1043 862 1226 931 φησὶν,
1265 861 1357 916 τὸν
1408 863 1734 932 φαυλίζοντα
1763 865 1860 936 τὴν

282 951 461 1020 ψυχὴν
489 948 677 1003 αὐτοῦ.
715 949 774 1001 ὐ
803 950 859 1002 δὲ
890 951 1066 1020 μισῶν
1089 953 1364 1024 ἐλέγχους,
1393 956 1604 1024 ἄφρων,
1643 975 1661 1008 ι
1700 956 1862 1009 Ἀλλὰ

282 1047 378 1097 καὶ
411 1043 652 1112 ἔγκειται
683 1041 866 1096 πάθει.
905 1043 964 1096 Ὀ
989 1043 1044 1096 δέ
1071 1045 1321 1113 ἀγαπῶν,
1345 1037 1502 1116 δῆλον
1525 1048 1606 1101 ὅτι
1643 1049 1862 1117 ἀπαθής

282 1135 452 1186 ἐστιν.
514 1132 691 1185 Καλὸν
760 1129 854 1186 οὖν
908 1133 1270 1204 ἀποδέχεσθαι
1325 1136 1452 1196 τοὺς
1510 1137 1862 1200 σκώπτοντας

282 1225 452 1293 ἡμᾶς,
488 1222 630 1291 ὑπὲρ
674 1224 804 1285 τοὺς
845 1223 1223 1289 ἐπαινοῦντας,
1258 1227 1452 1289 οἵτινες
1498 1229 1649 1282 οὐδὲν
1679 1229 1863 1298 διαφέ-

283 1332 472 1384 ρουσιν
504 1317 918 1386 καταρωμένου,
963 1317 1106 1368 κατά
1150 1319 1251 1384 τὴν
1283 1317 1528 1386 Γραφήν.
1552 1319 1662 1371 Kal
1699 1320 1862 1372 πάλιν

281 1409 310 1458 6
343 1407 510 1468 αὐτὸς
549 1407 798 1470 Ἡσαΐας,
840 1425 856 1456 ι
912 1405 1204 1458 Ἀκούσατε
1237 1409 1388 1477 ρἧα
1417 1409 1642 1477 Κυρίου,
1670 1410 1864 1478 οίτρέ-

285 1514 478 1566 μοντες
506 1499 597 1548 τὸν
623 1497 778 1564 λόγον
801 1497 990 1562 αὐτοῦ,
1017 1496 1231 1561 εἴπατε,
1263 1498 1512 1568 Ἀδελφοί
1546 1500 1723 1569 ἡμῶν,
1751 1504 1862 1563 τοῖς

287 1587 538 1655 μισοῦσιν
583 1589 725 1658 ὑμᾶς
789 1589 885 1640 καὶ
929 1586 1394 1657 βδελυσσομὲνοις.
1435 1607 1454 1639 ι
1495 1589 1664 1659 Φησὶν
1697 1591 1792 1642 καὶ
1835 1593 1864 1644 6

283 1679 717 1750 Παροιμιαστὴς,
777 1697 795 1730 ι
837 1678 1122 1750 Συντρίὸει
1155 1680 1354 1751 ἀπειλὴ
1399 1681 1628 1751 καρδίαν
1678 1682 1864 1753 φρονί-

289 1788 426 1840 μουο
461 1772 652 1841 ἄφρων
683 1771 740 1824 δέ
776 1771 1162 1840 μαστιγωθεὶς,
1191 1772 1293 1826 οὐκ
1325 1771 1660 1826 αἰσθάνεται.
1701 1792 1718 1824 ι
1757 1774 1864 1826 Kal

285 1864 470 1928 πάλιν,
511 1865 644 1926 «Ὃς
657 1864 958 1916 ἀπωθεῖται
980 1863 1251 1930 παιδείαν,
1281 1867 1428 1934 μισεῖ
1463 1867 1674 1920 ἑαυτόν.
1723 1866 1780 1920 Ὀ
1808 1867 1863 1920 δὲ

283 1955 466 2026 τηρῶν
496 1956 771 2025 ἐλέγχους,
803 1957 998 2010 κτᾶται
1027 1957 1305 2028 φρόνησιν.
1342 1974 1362 2008 ι
1393 1958 1503 2010 Kal
1529 1958 1711 2022 πάλιν,
1744 1976 1762 2009 σ
1805 1959 1863 2011 Ὀ

282 2051 576 2119 δεχόμενος
603 2051 870 2116 παιδείαν,
906 2051 964 2102 ἐν
993 2049 1218 2117 ἀγαθοῖς
1249 2050 1424 2103 ἔσται.
1475 2051 1533 2104 'O
1559 2051 1615 2104 δέ
1656 2051 1862 2119 φυλάσ-

285 2158 394 2193 σων
441 2142 722 2211 ἐλέγχους,
773 2141 1182 2212 σοφισθήσεται.
1224 2160 1244 2192 ι
1282 2143 1414 2208 Kal,
1455 2161 1474 2193 ι
1536 2142 1594 2196 '0
1647 2144 1863 2197 ἀκούων

286 2232 545 2302 ἐλέγχους
575 2234 743 2302 ζωῆς,
775 2234 833 2286 ἐν
876 2234 1026 2304 μέσῳ
1051 2234 1229 2303 σοφῶν
1254 2233 1663 2304 αὐλισθήσεται.
1702 2255 1720 2287 ι
1757 2236 1864 2288 Kal

285 2327 470 2391 πάλιν,
530 2344 548 2376 ι
612 2325 669 2379 '0
719 2325 902 2396 τηρῶν
957 2328 1232 2396 ἐλέγχους,
1282 2328 1474 2398 ἀγαπᾷ
1517 2326 1616 2398 τὴν
1669 2326 1862 2379 ἐαυτοῦ

281 2418 483 2488 ψυχήν.
525 2419 588 2470 Ol
616 2417 672 2469 δὲ
701 2419 1004 2486 μισοῦντες,
1041 2417 1371 2471 τελευτῶσιν
1403 2417 1664 2488 αἰσχρῶς.
1705 2438 1724 2469 ι
1757 2419 1864 2470 Kal

284 2509 462 2573 αὖθις,
500 2498 528 2560 ι’
558 2509 754 2562 Πενίαν
787 2509 879 2561 καὶ
907 2509 1126 2578 ἀτιμίαν
1161 2510 1476 2578 ἀφαιρεῖται
1525 2509 1760 2564 παιδεία.
1803 2509 1862 2563 '0

281 2601 339 2654 δὲ
380 2600 669 2669 φυλάσσων
715 2599 990 2669 ἐλέγχους,
1021 2600 1433 2671 δοξασθήσεται.
1477 2619 1496 2653 ι
1530 2600 1639 2654 Kal
1671 2600 1854 2663 πάλιν,

290 2711 310 2744 ι
364 2693 575 2761 Πληγαὶ
623 2693 718 2745 καὶ
774 2691 987 2761 ἔλεγχοι
1036 2691 1272 2745 διδόασιν
1331 2690 1567 2760 σοφίαν⁹
1624 2695 1754 2753 παῖς
1801 2691 1857 2745 δέ

283 2784 659 2852 πλανώμενος,
697 2784 944 2852 αίσχυνεϊ
993 2785 1172 2850 γονεῖς
1217 2782 1406 2839 αὐτοῦ.
1465 2801 1485 2834 ›
1524 2785 1636 2836 Kal
1680 2784 1860 2849 πάλιν,

289 2895 309 2926 ι
354 2876 413 2926 '0
446 2875 676 2942 ἀγαπῶν
703 2874 977 2938 παιδείαν,
1007 2875 1197 2944 ἀγαπᾷ
1234 2875 1484 2945 αἴσθησιν
1506 2892 1520 2907 ο
1550 2877 1578 2928 6
1606 2876 1662 2930 δὲ
1691 2878 1863 2946 μισῶν

283 2969 563 3037 ἐλέγχους,
615 2967 825 3038 ἄφρων.
875 2987 894 3017 ι
943 2968 1004 3019 '0
1055 2968 1112 3019 δὲ
1157 2967 1343 3028 Δαυῖδ,
1388 2987 1406 3018 ‹
1442 2969 1636 3039 Κύριε,
1665 2969 1739 3040 μὴ
1788 2969 1865 3039 τῷ

285 3059 442 3129 Θυμῷ
468 3077 567 3112 σου
597 3060 836 3128 ἐλέγξεις
875 3076 966 3128 με,
1027 3059 1158 3129 μηδὲ
1225 3062 1291 3130 τῇ
1336 3061 1469 3132 ὀργῇ
1506 3079 1598 3114 σου
1644 3063 1865 3115 παιδεύο

286 3169 384 3224 σῃς
420 3170 486 3222 με
508 3169 521 3182 ο
559 3173 576 3204 ι
614 3153 712 3222 οὐχ
741 3154 822 3204 ὅτι
856 3152 947 3204 τὸν
978 3152 1197 3221 ἔλεγχον
1227 3157 1544 3224 παρῃτεῖτο,
1585 3154 1720 3207 ἀλλά
1767 3155 1865 3224 τὴν

288 3247 409 3315 μετ’
458 3245 628 3315 ὀργῆς
668 3245 936 3298 παιδείαν.
987 3244 1271 3314 Ἐπιφέρει
1319 3246 1448 3314 γάρ,
1501 3264 1518 3295 ι
1576 3245 1864 3298 Παιδεύσει

287 3351 354 3402 με
406 3333 611 3396 δίκαιος
658 3334 716 3385 ἐν
763 3333 905 3385 ἐλέει
960 3335 1055 3386 καὶ
1092 3333 1297 3402 ἐλέγξει
1336 3351 1424 3403 με.
1481 3353 1499 3385 ι
1552 3337 1741 3403 Μέγας
1773 3332 1867 3390 οὖν

285 3428 454 3486 ἐστιν,
496 3425 793 3495 ἀγαπητοὶ,
842 3425 941 3477 καὶ
991 3424 1306 3494 θαυμαστὸς
1353 3425 1380 3476 6
1420 3425 1796 3496 ἐλεγχόμενος,
1831 3427 1863 3497 ἦ

284 3515 682 3585 ἀτιμαζόμενος
724 3513 828 3567 ὑπό
886 3531 1065 3576 τινος,
1099 3515 1192 3566 καὶ
1245 3515 1561 3583 βαστάζων,
1616 3517 1865 3588 καθάπερ

283 3610 378 3659 καὶ
437 3610 469 3676 ἡ
515 3607 687 3674 σεμνὴ
751 3606 846 3658 καὶ
896 3607 1103 3676 μεγάλη
1154 3605 1336 3676 ἐκείνη
1390 3609 1690 3675 Χαναναία,
1745 3610 1867 3679 ἥτις

283 3697 566 3750 ἀκούσασα
611 3697 761 3766 παρὰ
803 3695 898 3747 τοῦ
933 3695 1160 3764 Κυρίου,
1191 3696 1271 3748 ὅτι
1307 3715 1323 3748 ι
1376 3698 1488 3749 Οὐκ
1527 3698 1674 3750 ἐστιν
1703 3700 1866 3751 καλὸν

285 3787 473 3839 λαϐεῖν
498 3787 588 3838 τὸν
617 3787 780 3855 ἄρτον
803 3785 912 3838 τῶν
944 3785 1170 3848 τέκνων,
1217 3786 1310 3838 καὶ
1339 3786 1522 3855 βαλεῖν
1562 3791 1676 3851 τοῖς
1705 3807 1866 3841 κυνα-

284 3881 457 3942 ρίοις·
501 3898 518 3927 ι
556 3878 655 3930 οὐκ
696 3877 1102 3944 ἠγανάκτησεν,
1153 3875 1288 3928 ἀλλὰ
1317 3877 1624 3930 τούναντίον
1666 3879 1866 3950 ἑαυτὴν

282 3969 632 4032 εὐτελίζουσα
681 3963 854 4032 εἶπεν,
885 3986 902 4018 ι
955 3967 1084 4031 Ναὶ,
1128 3967 1298 4031 Κύριε
1326 3984 1340 3998 ⁸
1373 3969 1610 4038 καὶγὰρ
1653 3970 1724 4022 τὰ
1772 3987 1868 4022 κυ-

281 4063 446 4131 νάρια
482 4061 649 4114 ἐσθίει
695 4059 803 4112 ἀπὸ
853 4059 962 4112 τῶν
1010 4057 1208 4128 ψιχίων
1257 4057 1364 4111 τῶν
1408 4061 1708 4113 πιπτόντων
1760 4061 1868 4115 ἀπὸ

279 4156 380 4224 τῆς
442 4153 724 4222 τραπέζης
780 4151 887 4204 τῶν
935 4151 1140 4220 κυρίων
1185 4149 1400 4202 αὐτῶνθ
1454 4169 1472 4200 ι
1531 4151 1652 4203 ὅθεν
1698 4153 1867 4223 ὑπερ-

281 4243 594 4312 εθαύμασεν
640 4243 668 4293 6
720 4241 924 4310 Κύριος
949 4239 1044 4310 τὴν
1077 4239 1406 4292 ταπείνωσιν
1438 4239 1533 4292 καὶ
1566 4239 1746 4293 πίστιν
1773 4245 1867 4294 αὑ-

279 4336 401 4402 τῆς,
441 4332 629 4396 εἰπὼν,
659 4329 759 4384 «Ὢ
784 4331 964 4400 γύναι,
984 4331 1194 4401 μεγάλη
1214 4348 1305 4383 σου
1325 4333 1357 4400 ἡ
1380 4333 1867 4404 πίστις,γενηθὴτω

284 4442 368 4478 σοι
392 4424 465 4486 ὼς
489 4425 682 4487 θέλεις.
717 4442 736 4474 ι
768 4423 928 4492 Αὐτῷ
958 4424 991 4491 ἡ
1015 4421 1140 4486 δόξα
1164 4422 1244 4484 είς
1272 4422 1397 4484 τοὺς
1427 4422 1649 4485 αίῶνας.
1669 4424 1860 4493 Ἀμήν.

1961 593 2106 646 aliud
2143 609 2266 648 esse
2295 605 2484 651 censet
2528 598 2689 661 nihil,
2729 615 2894 668 quam
2925 604 3172 658 omnium
3208 609 3538 678 peripsema.

1961 684 2275 739 Incredibili
2319 689 2466 742 enim
2507 689 2693 743 laetitia
2726 691 3084 760 perfunditur
3117 696 3337 764 tacitus,
3377 717 3542 772 super

1961 776 2115 845 priva
2145 777 2452 847 dejectione
2473 787 2529 833 et
2557 788 2873 852 contemptu
2906 785 3056 855 (dum
3081 787 3324 857 seipsnm
3362 792 3540 862 depu-

1962 876 2040 922 tat
2073 884 2179 924 nec
2219 869 2402 925 fucate
2449 873 2662 927 caeteris
2689 882 2844 930 tanto
2877 892 2998 932 esse
3043 880 3338 950 minorem)
3370 889 3542 956 magis

1962 976 2125 1030 quam
2163 978 2262 1031 pro
2295 964 2546 1019 exhibito
2590 965 2802 1022 honore
2834 979 2931 1025 aut
2970 974 3180 1042 proprii
3219 977 3542 1034 celebritate

1961 1053 2224 1107 nominis.
2263 1054 2417 1110 Unde
2465 1065 2522 1109 et
2571 1059 2697 1112 talis
2731 1073 2762 1113 a
2804 1059 2917 1115 Deo
2955 1064 3286 1131 praedicatur
3321 1068 3535 1130 beatus.

1956 1144 2112 1213 juxta
2161 1144 2314 1199 Isaiaa
2363 1146 2740 1202 testimonium
2785 1150 3021 1208 dicentis
3063 1172 3076 1208 :
3131 1176 3148 1208 ι
3191 1157 3541 1218 Sanetifieate

1962 1248 2089 1287 eum
2121 1235 2214 1303 qui
2241 1243 2502 1290 extenuat
2533 1238 2773 1293 animam
2808 1255 2960 1295 suam
2979 1245 3056 1311 3‘;
3076 1247 3170 1314 qui
3200 1259 3384 1304 autem
3419 1252 3538 1306 odit

1962 1325 2362 1394 correptiones,
2399 1327 2724 1397 imprudens
2751 1341 2836 1385 est
2874 1335 2941 1386 ⁸⁸.
2987 1353 3007 1386 ι
3050 1336 3155 1392 Sed
3184 1348 3239 1394 et
3270 1341 3396 1397 huic
3435 1344 3539 1399 im-

1963 1415 2168 1482 pendet
2209 1432 2320 1470 non
2347 1417 2581 1488 simplex
2605 1422 2950 1489 perturbatio
2978 1443 2990 1478 t
3024 1429 3118 1496 qui
3149 1442 3330 1487 autem
3356 1435 3540 1506 diligit

1963 1519 2078 1569 eas,
2114 1506 2287 1575 liquet
2324 1507 2473 1563 hunc
2518 1511 2668 1566 nulla
2694 1513 2805 1582 jam
2836 1517 3064 1583 percelli
3112 1523 3281 1576 animi
3323 1535 3542 1593 pertur-

1963 1595 2208 1663 batione,
2239 1599 2334 1652 sed
2365 1599 2556 1656 sedato
2585 1612 2670 1656 est
2694 1604 2899 1659 animo.
2931 1606 3103 1674 Quam
3129 1611 3294 1680 igitur
3321 1618 3544 1684 profue-

1966 1687 2041 1742 rit
2085 1687 2322 1760 benigne
2373 1706 2470 1746 eos
2519 1693 2776 1763 excipere
2824 1698 2919 1767 qui
2967 1715 3068 1755 nos
3118 1703 3232 1758 suis
3280 1719 3544 1764 exercent

1967 1781 2156 1835 sannis
2185 1790 2240 1836 et
2271 1785 2674 1841 scommatibus
2705 1789 3009 1856 quamlibet
3031 1795 3409 1862 amarulentis,
3431 1814 3544 1868 prae

1967 1873 2078 1927 illis
2112 1874 2205 1943 qui
2241 1887 2345 1930 nos
2373 1877 2647 1932 adornant
2680 1881 2796 1935 suis
2825 1885 3220 1941 eommentitiis
3252 1889 3544 1946 laudibus?

1962 1965 2057 2034 qui
2084 1967 2240 2036 juxta
2269 1967 2609 2037 Scripturam
2635 1970 2775 2025 nihil
2807 1972 2876 2027 ab
2905 1989 2972 2028 eo
3001 1974 3266 2032 differunt
3298 1980 3391 2048 qui
3424 1996 3546 2035 ma-

1962 2055 2172 2111 ledicit.
2220 2057 2370 2113 Idem
2401 2075 2593 2114 rursus
2634 2060 2840 2117 Isaias:
2877 2081 2896 2113 ι
2939 2063 3138 2119 Audite
3169 2068 3400 2122 verbum
3433 2071 3543 2124 Do-

1962 2147 2118 2214 mini,
2165 2149 2259 2218 qui
2301 2149 2681 2206 intremiscitis
2722 2152 2786 2207 ad
2841 2167 3150 2209 sermonem
3199 2158 3339 2226 ejus,
3377 2160 3542 2215 dicite

1964 2238 2050 2293 his
2075 2240 2169 2310 qui
2198 2257 2295 2296 vos
2315 2242 2551 2296 oderunt
2573 2254 2628 2299 et
2647 2255 3026 2311 exsecrantur,
3057 2248 3274 2303 Fratres
3295 2251 3398 2304 mei
3420 2253 3489 2308 ⁸³.
3515 2271 3534 2303 ι

1965 2327 2070 2382 Sed
2109 2337 2166 2383 et
2214 2329 2602 2386 Parmmiastes
2644 2349 2657 2385 :
2701 2351 2719 2383 ι
2773 2332 3025 2390 Conterit
3066 2339 3418 2394 comminatio
3449 2358 3544 2396 cor

1965 2420 2274 2489 prudentis,
2306 2422 2628 2491 imprudens
2659 2432 2841 2477 autem
2883 2425 3050 2479 etiam
3094 2426 3400 2497 ﬂagellatus
3427 2448 3538 2486 non

1966 2507 2136 2560 sentit
2163 2507 2230 2561 ⁸⁷,
2266 2527 2284 2560 ›
2320 2509 2523 2563 Iterum
2553 2527 2565 2563 :
2598 2528 2617 2562 ι
2647 2510 2749 2576 Qui
2784 2514 3003 2582 repellit
3029 2515 3400 2586 disciplinam.
3424 2520 3546 2578 odit

1965 2597 2242 2666 seipsnm;
2277 2599 2370 2668 qui
2403 2609 2584 2654 autem
2614 2612 2794 2658 servat
2832 2607 3260 2676 correptionem,
3298 2612 3546 2679 possidet

1965 2689 2312 2759 prudentiam
2346 2692 2410 2744 ⁸⁸.
2451 2710 2469 2742 ι
2500 2693 2714 2748 Rursus
2740 2713 2754 2749 :
2785 2713 2804 2746 ι
2839 2694 2942 2761 Qui
2974 2697 3140 2753 habet
3172 2702 3542 2784 prudentiam,

1968 2783 2021 2836 in
2062 2782 2223 2836 bonis
2255 2783 2362 2837 erit
2395 2784 2461 2846 ⁸⁸,
2497 2793 2554 2837 et
2596 2785 2690 2852 qui
2739 2787 2979 2841 custodit
3025 2791 3425 2859 correptiones,
3463 2782 3548 2849 sa?-

1966 2873 2124 2942 piens
2151 2871 2421 2927 efﬁcietur
2448 2875 2537 2927 εν.
2568 2892 2586 2926 ι
2614 2875 2716 2928 Et:
2743 2895 2760 2926 ι
2788 2875 2892 2942 Qui
2912 2887 3094 2933 servat
3118 2880 3543 2951 increpationes,

1966 2977 2121 3015 suam
2168 2963 2339 3032 ipsius
2385 2964 2563 3034 diligit
2606 2965 2876 3033 animam;
2909 2969 3003 3036 qui
3051 2977 3234 3024 autem
3285 2975 3544 3034 oderunt.

1967 3055 2332 3124 ignominiose
2365 3057 2679 3110 moriuntur
2705 3060 2773 3110 9°.
2813 3078 2830 3109 ›
2874 3059 2940 3113 Et
2972 3077 2986 3113 :
3021 3079 3039 3111 ι
3076 3061 3459 3132 Paupertatem
3490 3074 3548 3119 et

1968 3144 2322 3213 ignominiam
2361 3147 2538 3201 aufert
2574 3147 2898 3218 disciplina;
2938 3152 3029 3220 qui
3067 3161 3250 3207 autem
3301 3158 3546 3210 custodit

1967 3237 2361 3301 correctiones,
2393 3239 2792 3307 glorificabitur
2818 3242 2883 3296 “.
2925 3260 2942 3293 ι
2984 3243 3224 3297 Rursum
3254 3262 3268 3298 :
3305 3266 3324 3297 ε
3369 3247 3547 3318 Plaga:

1966 3331 2021 3376 et
2053 3324 2468 3396 objurgationes
2508 3328 2761 3384 tribuunt
2790 3332 3149 3400 sapientiam;
3190 3351 3331 3404 puer
3362 3347 3546 3392 autem

1967 3414 2231 3469 deerrans
2282 3417 2572 3473 confundit
2619 3430 2875 3488 parentes
2927 3437 3056 3478 suos
3100 3425 3168 3479 θ’.
3217 3444 3237 3477 ›
3287 3426 3489 3480 lterum
3529 3445 3544 3480 :

1973 3521 1992 3555 ι
2024 3503 2129 3570 Qui
2159 3505 2342 3576 diligit
2375 3507 2932 3581 diseiplinam,diligit
2959 3529 3214 3569 sensum:
3240 3517 3333 3584 qui
3363 3526 3544 3572 autem

1967 3594 2084 3649 odit
2115 3595 2548 3666 increpationes,
2575 3600 2898 3681 imprudens
2933 3604 3000 3658 ⁸⁸.
3037 3623 3056 3655 ι
3085 3605 3257 3660 David
3287 3623 3546 3678 quoque:

1973 3706 1992 3738 ι
2033 3687 2285 3749 Domine,
2333 3704 2402 3742 ne
2435 3688 2492 3742 in
2539 3689 2728 3746 furore
2758 3701 2851 3747 tuo
2887 3709 3085 3764 arguas
3128 3712 3236 3762 me,
3274 3715 3452 3769 neque
3488 3701 3542 3755 in

1967 3775 2048 3832 ira
2084 3785 2174 3832 tua
2211 3779 2478 3849 corripias
2507 3796 2594 3836 me
2623 3782 2691 3836 “.
2727 3801 2745 3834 ι
2776 3785 2894 3839 Non
2919 3786 3144 3855 quidem
3173 3790 3321 3858 quod
3358 3791 3404 3846 is
3449 3792 3547 3846 de-

1968 3879 2292 3940 precaretur
2343 3880 2438 3926 aut
2489 3873 2776 3944 defugeret
2819 3876 3156 3934 vitabundus
3207 3883 3546 3938 Dominicam

1967 3962 2393 4031 correptionem,
2413 3964 2505 4018 sed
2536 3981 2656 4019 eam
2686 3981 2809 4035 qua:
2841 3983 2964 4022 cum
2993 3970 3072 4025 ira
3108 3973 3256 4042 gravi
3290 3974 3544 4042 infertur,

1967 4053 2318 4122 disciplinam
2352 4069 2383 4108 a
2423 4070 2482 4109 se
2516 4056 2834 4124 precatione
2869 4059 2972 4114 hac
3006 4078 3136 4116 usus
3175 4065 3546 4120 amoliebatur

1968 4158 2033 4198 ac
2061 4143 2388 4213 depellebat.
2427 4146 2632 4216 1131
2664 4147 2832 4203 Infert
2859 4151 3008 4205 enim
3043 4169 3056 4204 :
3092 4172 3109 4204 ι
3145 4153 3420 4225 Corripiet
3453 4173 3543 4211 me

1962 4235 2147 4306 justus
2180 4237 2236 4289 in
2268 4240 2651 4294 misericordia
2680 4249 2737 4295 et
2770 4242 3080 4314 increpabit
3108 4263 3193 4302 me
3219 4248 3285 4301 ”.
3321 4268 3340 4300 ι
3377 4248 3542 4314 Sane,

1967 4342 2130 4396 quam
2163 4342 2289 4380 eum
2311 4343 2411 4396 par
2438 4338 2522 4383 est
2550 4346 2802 4402 magnum
2831 4334 3045 4388 censeri
3063 4344 3118 4390 et
3142 4337 3542 4401 admirabilem,

1971 4421 2066 4491 qui
2116 4436 2242 4475 cum
2276 4421 2589 4490 increpatur
2615 4425 2800 4479 acrius
2830 4433 2885 4479 et
2929 4428 3224 4497 ignominia
3271 4446 3380 4484 non
3434 4431 3541 4505 levi

282 4517 614 4587 aspergitur,
673 4514 881 4585 perfert
915 4522 1098 4567 tamen
1127 4531 1140 4565 :
1165 4513 1632 4581 quemadmodum
1702 4515 1932 4570 honesta
1971 4514 2062 4568 illa
2099 4511 2438 4575 Chananitis,
2470 4514 2762 4584 magnique
2797 4518 3002 4580 meriti,
3043 4534 3163 4588 quae
3195 4520 3418 4589 quidem
3469 4523 3545 4576 si-

281 4611 395 4662 mul
429 4620 591 4678 atque
638 4624 667 4662 a
709 4605 941 4661 Domino
973 4603 1262 4658 audisset:
1337 4621 1354 4653 (
1395 4603 1514 4657 Non
1568 4615 1654 4658 est
1699 4605 1901 4659 bonum
1941 4617 2158 4658 sumere
2198 4617 2393 4670 panem
2433 4603 2667 4658 filiorum
2740 4615 2794 4661 et
2844 4609 3063 4663 mittere
3115 4611 3326 4666 catellis
3377 4613 3422 4644 "
3461 4629 3474 4663 :
3517 4635 3538 4666 ι

281 4717 392 4754 non
423 4701 538 4755 haec
575 4699 737 4752 modo
767 4697 1048 4766 indignata
1092 4710 1202 4748 non
1248 4703 1351 4759 est,
1385 4694 1479 4749 sed
1525 4711 1592 4750 ex
1631 4697 1850 4751 diverso
1884 4697 2121 4764 seipsam
2176 4702 2481 4750 extenuans
2527 4699 2850 4766 respondit:

2926 4719 2945 4752 ι
2985 4701 3116 4766 Imo,
3153 4702 3402 4766 Domine,
3449 4714 3538 4758 et-

281 4797 428 4850 enim
488 4793 666 4849 catelli
723 4791 897 4846 edunt
929 4790 996 4843 de
1051 4787 1314 4842 buccellis
1366 4803 1489 4856 quae
1539 4789 1741 4842 cadunt
1793 4790 1859 4843 de
1897 4803 2085 4842 mensa
2149 4787 2496 4840 dominorum
2543 4803 2766 4843 suorum
2814 4793 2879 4845 ".
2936 4810 2954 4843 ι
2999 4793 3113 4848 Iloc
3171 4810 3438 4864 responso
3484 4797 3543 4851 in

281 4886 702 4940 admirationem
753 4889 915 4934 tanta:
962 4877 1122 4931 istius
1167 4885 1225 4930 et
1264 4877 1594 4932 humilitatis
1640 4888 1696 4932 et
1732 4878 1855 4932 fidei
1897 4893 1954 4930 se
2019 4875 2300 4944 surrigens
2362 4875 2645 4943 Dominus,
2697 4878 2876 4934 dixit:
2917 4900 2936 4933 ι
2985 4882 3029 4936 Ο
3079 4884 3298 4951 mulier,
3342 4902 3540 4957 magna

279 4988 367 5036 est
393 4979 528 5032 fides
560 4985 673 5040 tua,
707 4973 798 5027 fiat
843 4971 940 5025 tibi
976 4971 1119 5024 sicut
1148 4969 1233 5021 vis
1257 4968 1324 5020 '3.
1373 4988 1390 5019 ι
1440 4969 1547 5038 Ipsi
1581 4971 1752 5040 gloria
1799 4971 1852 5023 in
1892 4969 2106 5024 secula.
2137 4967 2333 5022 Amen,
2959 5035 2962 5038 γ
3191 4985 3194 4987 λ

882 5087 1099 5141 ΛΟΓΟΣ
1136 5084 1254 5138 ΞΘ’.

607 5195 612 5201 ·
707 5165 844 5247 Περὶ
879 5177 984 5231 τοῦ
1013 5178 1428 5244 αισχύνεσθαι.

354 5277 508 5346 Καλὴ
533 5278 699 5339 ἐστιν,
722 5272 1013 5338 ἀγαπητοὶ,
1043 5271 1075 5338 ἡ
1103 5269 1242 5320 κατά
1264 5267 1393 5320 Θεὸν
1415 5267 1642 5338 αἰσχύνη
1670 5268 1857 5337 (ἤγουν

283 5366 492 5432 αἰδὼς),
519 5365 552 5433 ή
584 5360 985 5430 ἀκαπήλευτος,
1014 5362 1047 5429 ἡ
1077 5359 1383 5430 ἀκίϐδηλος,
1407 5358 1441 5427 ἡ
1468 5357 1853 5426 ἀνεπίληπτος,

283 5459 320 5528 ἠ
349 5455 426 5526 τῷ
457 5454 574 5524 Θεῷ
611 5452 956 5520 διαλλάκτης.
984 5450 1196 5520 Ταύτην
1236 5446 1327 5502 οὖν
1359 5446 1742 5516 κατάσχωμεν,
1772 5449 1856 5501 ἵνα

354 5638 402 5670 ⁸³⁵
440 5636 553 5689 lino
584 5632 753 5688 Eceli.
796 5647 852 5693 n,
876 5627 964 5684 20.
1039 5627 1084 5658 ⁸³
1125 5626 1292 5680 Eceli.
1323 5643 1431 5687 XIX,
1459 5627 1510 5682 5.
1587 5627 1635 5657 ⁸⁸
1674 5627 1776 5680 Isa.
1811 5643 1949 5691 wa,
1983 5630 2035 5681 5.

288 5709 378 5760 15.
455 5707 521 5736 ⁶⁹⁹
562 5706 722 5758 Prov.
754 5717 839 5762 xv,
868 5700 920 5753 5.
998 5698 1041 5728 9°
1085 5697 1219 5750 ibid.
1256 5696 1342 5751 10.
1415 5699 1460 5729 ⁸⁸
1505 5697 1673 5752 Eccli.
1709 5713 1762 5759 ιι,
1791 5699 1858 5752 55

1964 5699 1998 5729 ’⁵³
2023 5699 2181 5752 Prov.
2216 5700 2449 5766 xxix,15
2546 5700 2590 5731 “
2632 5700 2792 5754 Prov.
2830 5717 2924 5764 xn,
2964 5703 3013 5756 1.

2490 5084 2772 5141 HOMIIJA
2821 5087 3006 5142 LXIX.

2368 5176 2445 5230 De
2481 5179 2679 5248 pudore
2712 5188 2762 5232 et
2790 5182 3124 5234 verecundia.

2035 5267 2398 5334 Verecundia,
2451 5269 2780 5337 charissimi,
2835 5272 2950 5326 sive
2986 5273 3164 5342 pudor
3201 5275 3292 5344 qui
3339 5291 3534 5332 secun-

1962 5358 2094 5412 dum
2147 5359 2320 5413 Deum
2369 5371 2474 5426 est,
2526 5372 2734 5430 quanto
2790 5364 3044 5433 praenitet
3102 5365 3330 5422 decore!
3386 5369 3537 5422 Nihil

1962 5450 2110 5504 enim
2153 5450 2392 5505 admittit
2444 5451 2777 5508 insincerum
2821 5463 2918 5509 aut
2965 5458 3331 5527 permistum;
3381 5460 3534 5515 nulla

2149 5627 2193 5659 ⁸⁷
2232 5628 2390 5682 Prov.
2425 5645 2512 5695 xv,
2553 5629 2635 5682 12.
2713 5629 2758 5662 ’⁸
2797 5630 2932 5684 ibid.
2964 5632 3052 5686 52.
3147 5635 3192 5666 δ”
3234 5635 3392 5688 Prov.
3445 5650 3526 5697 nl.

3089 5703 3134 5735 ”
3173 5704 3314 5758 Psal.
3355 5722 3428 5769 vi,
3469 5706 3522 5760 2.

283 5779 333 5811 ⁸⁸
377 5775 518 5832 PsaI.
554 5789 670 5836 οη,
707 5773 760 5824 5.
835 5771 880 5801 ³⁸
921 5767 1107 5822 Matth.
1159 5783 1242 5832 xv,
1274 5766 1362 5822 ‘26.
1438 5768 1480 5799 ⁸⁷
1525 5767 1660 5822 ibid.
1691 5768 1780 5824 27.
1855 5770 1862 5799 ¹

1964 5768 2072 5823 bid.
2114 5767 2204 5822 ‘28.
