4028 6522
636 386 772 449 16·ῖὸ

633 503 856 574 pallenti
899 501 1151 571 rubigine
1190 500 1415 554 vitiatur
1458 500 1834 572 hypocriseos,
1877 501 2015 554 nihil
2048 501 2102 554 in
2148 514 2206 554 se

635 608 890 663 prorsum
939 591 1106 644 habet
1149 589 1295 659 quod
1348 590 1782 658 reprehensione
1831 590 2056 659 dignum
2109 589 2202 641 sit.

635 685 746 738 Nec
791 684 990 744 solum,
1027 681 1121 735 sed
1156 688 1213 733 et
1257 680 1400 733 inter
1445 681 1616 734 Deum
1664 696 1876 749 nosque
1921 688 2207 749 sequester

634 782 736 827 est.
769 772 1040 826 Pudorem
1072 771 1219 823 hunc
1251 770 1420 839 igitur
1442 779 1850 825 amevertamus
1879 770 2118 839 assequi,
2146 779 2207 824 ut

636 864 689 916 iu
726 864 1008 918 Dominico
1039 861 1279 916 adventu
1327 862 1535 931 majore
1573 877 1698 916 cum
1733 861 1934 917 ﬁducia
1960 877 2203 931 priesen-

637 968 858 1009 temur:
888 953 1104 1007 vicinus
1149 952 1299 1006 enim
1345 953 1494 1006 illius
1525 952 1794 1007 adventus
1834 960 1939 1015 est,
1983 960 2040 1006 et
2077 967 2205 1006 ecce

637 1062 736 1116 pro
788 1044 999 1098 foribus
1040 1043 1266 1097 assistit.
1305 1042 1436 1108 Quae
1482 1043 1628 1096 enim
1676 1043 1980 1098 secundum
2032 1043 2202 1097 Deum

639 1134 970 1189 verecundia
994 1143 1098 1195 est,
1125 1149 1196 1186 ne
1217 1143 1426 1186 anuutu
1451 1133 1673 1201 quidem
1697 1142 1792 1186 aut
1811 1134 1964 1188 vultu
1991 1143 2206 1188 arrecto

635 1226 778 1281 ausit
809 1225 1108 1295 quidquam
1156 1235 1363 1294 petere,
1409 1233 1504 1278 aut
1541 1225 1758 1294 quidvis
1787 1234 2053 1294 praesente
2094 1227 2207 1280 Deo

638 1317 868 1370 liberius
918 1316 1279 1385 depromere,
1333 1331 1445 1384 prae
1497 1317 1768 1370 malorum
1832 1317 2204 1382 multitudine,

635 1421 870 1475 quorum
906 1405 1007 1474 ipsi
1036 1405 1194 1459 nobis
1219 1403 1425 1457 conscii
1456 1418 1668 1458 sumus.
1701 1404 1756 1458 Si
1791 1406 2010 1474 quando
2045 1406 2209 1476 igitur

636 1497 908 1551 dedecore
961 1496 1217 1564 quopiam
1269 1502 1363 1548 aut
1416 1496 1620 1562 probro
1664 1511 2034 1565 aspergemur,
2082 1513 2207 1551 mox

637 1587 940 1657 cogitemus
984 1601 1102 1639 eam
1148 1585 1566 1655 impressionem
1595 1586 1757 1640 nobis
1802 1586 2060 1640 inﬂictam
2108 1603 2207 1656 pro

637 1681 858 1735 cumulo
889 1679 1074 1748 gloriae
1107 1694 1270 1747 quam
1304 1678 1463 1731 nobis
1495 1693 1524 1730 a
1561 1679 1671 1731 Deo
1709 1678 1896 1732 datum
1920 1680 1984 1733 iri
2015 1696 2204 1749 spera-

601 1765 604 1767 ’
639 1787 782 1836 mus,
830 1785 1063 1839 cumque
1111 1771 1328 1824 actione
1357 1769 1652 1839 gratiarum
1707 1769 1846 1822 nihil
1876 1787 2018 1840 aegre
2057 1773 2206 1825 illam

640 1863 960 1916 toleremus.
1028 1861 1220 1930 Magno
1279 1861 1425 1914 enim
1485 1860 1772 1914 commodo
1828 1870 2016 1914 nostro
2073 1862 2207 1917 sinit

640 1956 784 2009 Deus
817 1969 936 2007 eam
988 1953 1148 2007 nobis
1205 1951 1395 2022 infligi,
1455 1962 1621 2021 atque
1677 1953 1749 2006 ita
1799 1952 2020 2006 interim
2075 1953 2204 2006 dum

639 2045 940 2117 ignominia
998 2043 1389 2113 percellimur,
1457 2045 1634 2098 securi
1689 2044 1896 2098 erimus
1971 2045 2207 2099 tristitiae

638 2138 840 2203 omnis,
870 2136 1022 2190 nulla
1058 2150 1158 2189 nos
1187 2135 1404 2189 conciet
1430 2136 1632 2190 mentis
1667 2135 2039 2204 intemperies.
2065 2135 2207 2189 Sane

639 2246 748 2285 non
779 2244 970 2298 parum
1000 2228 1176 2283 vereri
1203 2227 1467 2282 debemus
1506 2227 1792 2280 Dominum
1823 2226 1914 2295 qui
1950 2236 2096 2280 tanta
2125 2226 2205 2280 le-

638 2320 810 2375 nitate
856 2319 1123 2372 malorum
1154 2318 1400 2371 omnium
1434 2333 1554 2385 qua:
1598 2320 1883 2386 gessimus,
1923 2317 2204 2370 oblivisci-

639 2420 752 2477 tur,
784 2412 829 2464 si
856 2409 1078 2479 quando
1107 2409 1262 2472 alias,
1303 2423 1449 2462 nunc
1474 2409 1708 2462 maxime
1749 2408 2032 2477 temporis,
2052 2409 2208 2478 juxta

641 2503 696 2557 id
740 2501 886 2572 quod
917 2501 1122 2556 dictum
1157 2510 1260 2555 est.
1293 2501 1482 2569 Neque
1513 2500 1660 2553 enim
1709 2516 1856 2554 nunc
1887 2500 1975 2554 vel
2007 2501 2208 2570 obgan-

639 2593 761 2646 nire
787 2592 914 2644 licet
945 2598 1039 2644 aut
1067 2591 1280 2659 aperire
1305 2605 1386 2644 os.
1421 2589 1724 2658 Siquidem,
1751 2591 2000 2655 Domine,
2036 2590 2208 2646 servis

642 2685 754 2738 tuis
781 2691 835 2737 et
868 2683 936 2736 iis
968 2683 1062 2751 qui
1101 2693 1150 2735 te
1183 2682 1391 2744 colunt,
1429 2682 1680 2736 confusio
1723 2681 1906 2736 inusta
1939 2692 2022 2737 est
2051 2693 2107 2737 et
2136 2683 2204 2735 il-

639 2777 811 2830 latum
847 2772 1224 2842 opprobrium.
1256 2772 1380 2826 Tibi
1407 2772 1554 2825 enim
1597 2771 1710 2826 Deo
1744 2782 1934 2826 nostro
1967 2771 2204 2842 justitia,

641 2865 798 2921 nobis
830 2873 1014 2918 autem
1043 2862 1294 2916 confusio
1320 2863 1504 2916 vultus
1540 2863 1734 2925 nostri,
1773 2871 1834 2916 ut
1867 2863 1981 2917 haec
2015 2863 2208 2932 probat

591 3015 594 3025 ι
641 2957 760 3010 dies
792 2955 971 3020 nobis,
1012 2954 1354 3024 principibus
1387 2953 1593 3008 nostris
1622 2961 1678 3007 et
1717 2954 1941 3023 regibus
1981 2955 2203 3016 nostris,

641 3048 772 3117 quia
820 3047 1186 3116 peccavimus,
1239 3046 1424 3114 inique
1471 3046 1682 3115 egimus
1712 3054 1770 3099 et
1810 3061 1841 3099 a
1879 3047 2206 3101 rectitudine

641 3137 964 3193 defleximus
990 3137 1091 3189 vim
1117 3145 1241 3199 tuna,
1268 3151 1368 3189 nec
1402 3137 1674 3190 mandatis
1703 3137 1811 3190 tuis
1839 3137 2202 3191 obcdivimus.

641 3231 773 3296 Quae
801 3230 947 3284 enim
997 3228 1318 3298 prophetico
1349 3228 1562 3282 afflatus
1604 3229 1798 3298 spiritu
1849 3229 2032 3283 futura
2063 3246 2204 3299 pra:-

642 3321 819 3376 cinuit
847 3319 1132 3380 Jeremias,
1163 3334 1308 3373 nunc
1351 3319 1614 3388 temporis
1639 3322 1934 3391 contigere.
1982 3322 2032 3376 Is
2058 3323 2205 3376 enim

641 3413 722 3466 ait
747 3430 759 3464 :
803 3429 821 3462 ι
863 3409 1090 3465 Confusi
1121 3425 1330 3476 sumus,
1359 3411 1488 3479 quia
1515 3411 1824 3465 audivimus
1848 3412 2206 3481 opprobrium

641 3511 912 3557 nostrum.
947 3501 1175 3571 Operuit
1215 3500 1510 3571 ignominia
1558 3502 1750 3556 faciem
1779 3513 2046 3569 nostram,
2079 3505 2207 3574 quia

643 3594 876 3664 ingressi
909 3602 1038 3648 sunt
1083 3593 1404 3662 alienigena:
1442 3595 1750 3648 sanctuaria
1783 3605 1971 3649 nostra
2014 3596 2068 3648 in
2103 3596 2204 3650 do-

643 3701 794 3740 mum
827 3685 1063 3739 Domini.
1099 3703 1118 3734 ι
1154 3684 1259 3739 Sed
1293 3694 1348 3739 et
1381 3685 1547 3739 David
1576 3703 1588 3738 :
1627 3705 1645 3736 ι
1682 3686 1764 3739 Tu
1798 3687 1908 3741 scis
1930 3687 2206 3757 imprope-

643 3779 789 3832 rium
833 3791 1036 3841 meum,
1067 3784 1124 3830 et
1153 3777 1526 3831 confusionem
1558 3793 1733 3831 meam
1764 3780 1830 3843 θ’,
1860 3788 1917 3834 et
1945 3795 2205 3834 reveren-

645 3867 776 3920 tiam
807 3881 982 3919 meam
1015 3867 1053 3927 ⁸,
1108 3865 1316 3934 1132
1355 3869 1481 3934 quia
1522 3875 1634 3920 tota
1669 3867 1756 3922 die
1795 3869 2044 3923 confusio
2087 3885 2208 3924 mea

643 3963 837 4009 contra
867 3969 952 4008 me
981 3961 1066 4008 est
1088 3955 1130 4006 '.
1170 3972 1188 4005 ι
1224 3954 1290 4008 Ει
1319 3971 1331 4007 :
1372 3973 1390 4005 ι
1426 3952 1687 4011 Confusio
1725 3957 1885 4012 faciei
1913 3975 2047 4013 mea:
2107 3973 2205 4013 co-

642 4044 863 4114 operuit
883 4058 969 4096 me
987 4044 1026 4096 ³.
1057 4062 1076 4094 ι
1101 4043 1378 4112 Ejusmodi
1409 4043 1575 4114 igitur
1596 4047 1771 4115 pudor
1802 4047 1916 4102 sive
1940 4063 2208 4102 verecun-

644 4137 734 4190 dia
777 4135 934 4204 plane
973 4134 1113 4187 bona
1153 4141 1258 4194 est.
1292 4149 1415 4188 cum
1459 4136 1762 4190 secundum
1797 4138 1967 4192 Deum
2017 4139 2108 4201 sit.
2149 4148 2209 4193 ut

643 4243 767 4297 qua:
798 4225 1071 4279 hominem
1102 4224 1327 4278 adducit
1356 4225 1424 4279 ad
1461 4227 1862 4295 paenitentiam,
1887 4245 1952 4283 ac
1977 4229 2207 4298 proinde

643 4334 755 4371 non
791 4315 1124 4370 mediocrem
1164 4315 1325 4368 aﬂ'ert
1355 4317 1551 4370 animae
1586 4317 1862 4372 fiduciam.
1897 4319 1994 4373 Est
2027 4329 2209 4374 autem

643 4417 701 4463 et
726 4408 895 4461 altera
929 4406 1268 4460 confusionis
1295 4407 1409 4460 sive
1437 4409 1786 4463 verecundiae
1816 4410 2032 4478 species
2054 4411 2209 4479 plane

643 4499 807 4552 noxia
835 4513 899 4551 ac
923 4497 1336 4560 detrimentosa,
1367 4497 1668 4550 secundum
1700 4499 2064 4568 Scripturam,
2087 4518 2210 4570 qum

641 4589 816 4644 dicit:
870 4607 888 4638 ι
925 4588 1021 4642 Est
1071 4587 1320 4641 confusio
1351 4587 1634 4643 adducens
1681 4600 1993 4657 peccatum,
2027 4605 2080 4647 et
2125 4603 2209 4648 est

640 4680 896 4735 confusio
939 4679 1110 4748 gloria
1155 4687 1210 4732 et
1243 4679 1418 4747 gratia
1447 4676 1486 4732 ⁸.
1529 4697 1548 4730 ›
1594 4679 1849 4748 Plerique
1891 4682 2038 4735 enim
2076 4682 2207 4736 dum

640 4773 782 4828 alios
835 4769 1087 4840 improbo
1139 4769 1339 4822 timore
1383 4777 1666 4834 verentur,
1711 4769 1766 4823 in
1811 4771 2020 4825 diaboli
2071 4774 2207 4827 retia

644 4883 755 4921 non
780 4865 948 4920 semel
978 4861 1213 4916 revoluti
1247 4869 1394 4914 sunt.
1425 4860 1597 4915 Infert
1625 4880 1637 4914 :
1673 4881 1691 4913 ι
1726 4862 1829 4929 Qui
1861 4879 1970 4918 non
1999 4866 2209 4919 revelat

645 4959 980 5026 impietatem
1015 4968 1190 5017 suam,
1234 4968 1344 5006 non
1395 4954 1964 5025 prosperabitur;qui
2022 4965 2204 5012 autem

643 5045 870 5114 exponit
917 5052 974 5097 et
1012 5039 1397 5110 reprehendit,
1451 5039 1708 5110 diligetur
1749 5042 1790 5094 ⁸.
1855 5060 1873 5092 ι
1938 5043 2147 5096 Rursus
2187 5057 2199 5093 ε

651 5156 673 5186 ι
709 5136 900 5188 Justus
943 5139 1227 5186 accusator
1261 5139 1345 5183 est
1393 5130 1654 5198 suiipsius
1698 5130 1752 5184 in
1786 5130 2055 5199 principio
2085 5146 2201 5184 ser-

646 5225 826 5280 monis
875 5225 919 5275 “.
980 5242 998 5273 ι
1053 5222 1119 5275 Et
1172 5237 1185 5274 :
1243 5239 1261 5270 ι
1319 5221 1534 5287 Quanto
1589 5231 1834 5292 tempore
1884 5223 2205 5278 innocentes

645 5315 892 5386 proxime
920 5321 1228 5382 sequuntur
1251 5313 1541 5383 justitiam,
1574 5328 1681 5366 non
1724 5313 2133 5369 confundentur
2163 5317 2204 5368 ⁷.

643 5407 816 5462 Nosse
847 5407 995 5461 enim
1029 5405 1225 5475 legem,
1258 5404 1457 5458 mentis
1497 5414 1581 5458 est
1621 5405 1778 5459 bonm
1808 5406 1853 5460 ⁸.
1892 5425 1909 5455 ι
1953 5407 2206 5462 lnducit:

653 5520 673 5550 ‹
710 5499 909 5552 Beatus
937 5496 1029 5566 qui
1060 5497 1116 5550 in
1148 5495 1404 5550 omnibus
1437 5497 1592 5552 timet
1621 5505 1848 5568 pr0pter
1879 5498 2212 5570 circumspe-

644 5591 905 5647 ctionem.
943 5611 960 5642 ι
1004 5590 1112 5643 Et:
1155 5607 1172 5638 ι
1209 5589 1458 5658 Ρηερετει
1489 5590 1554 5642 ad
1589 5589 1797 5644 exitum
1826 5606 1992 5660 opera
2031 5601 2143 5646 tua.
2187 5611 2203 5642 ι

713 5706 758 5736 ’⁸
795 5705 993 5760 Jerem.
1025 5720 1092 5761 ιι.
1123 5703 1208 5758 5|.

645 5775 670 5805 °
705 5775 862 5828 Prov.
901 5791 1045 5840 xvul,
1077 5776 1159 5827 t7.
1238 5775 1257 5806 "
1298 5776 1453 5829 Prov.
1482 5792 1585 5841 xxi,
1617 5777 1705 5830 2|.

846 5951 872 5978 ἢ

1897 383 2262 445 ANTIOCHI
2295 381 2642 441 MONACHI

2234 3179 2276 3234 C

1286 5708 1302 5736 ⁸
1343 5706 1481 5760 Psal.
1524 5723 1712 5773 vam,
1737 5708 1826 5762 20.
1903 5710 1922 5738 ‘
1964 5708 2105 5761 Psal.
2147 5725 2304 5773 xun,
2339 5711 2421 5763 I6.
2499 5711 2519 5742 ³
2559 5711 2698 5767 ibid.

1298 5776 1453 5829 Prov.
1482 5792 1585 5832 xxx.
1617 5777 1705 5830 2|.
1780 5780 1800 5808 ⁸
1840 5777 2005 5831 Eccli.
2033 5794 2196 5832 xxx".
2230 5779 2314 5832 |9.

3709 390 3812 454 ἰδῆὗ

2240 511 2278 558 Α
2311 496 2812 569 παρρησιασοῶμεν
2838 495 2896 546 ἐν
2922 496 2987 564 τῇ
3019 494 3293 565 παρουσίᾳ
3320 494 3412 548 τοῦ
3447 497 3637 567 Κυρίου
3655 516 3667 528 ο
3692 504 3820 573 ᾕγγι.

2308 607 2402 644 κεν
2445 589 2555 659 γὰρ
2604 589 2699 641 καὶ
2740 587 2836 640 ἐπὶ
2876 587 3064 656 Θύραις
3113 587 3282 639 ἐστίν.
3334 587 3517 640 Ἔστιν
3547 589 3598 642 δὲ
3640 593 3670 660 ἡ
3709 601 3821 650 κατὰ

2307 680 2438 732 Θεὸν
2467 678 2720 747 αἰσχύνη,
2757 676 2849 729 τοῦ
2883 677 2958 746 μὴ
2989 674 3194 745 τολμᾷν
3224 676 3357 738 ὅλως
3390 677 3650 730 ἀνανεύειν
3684 683 3820 750 αὐτῷ,

2307 769 2402 821 καὶ
2430 766 2908 838 παρρησιάζεσθαι
2934 764 3164 818 ἐνώπιον
3191 765 3282 816 τοῦ
3307 764 3460 828 Θεοῦ,
3485 766 3568 818 διὰ
3590 770 3650 820 τὰ
3682 772 3822 845 πλήθη

2306 860 2416 912 τῶν
2467 858 2657 910 κακῶν
2705 850 2782 910 ὧν
2818 858 3032 920 ἑαυτοῖς
3079 856 3542 927 συγγινώσκομεν.
3591 861 3689 913 Καὶ
3726 865 3823 918 ὅταν

2308 945 2400 1003 οὖν
2433 948 2656 1018 ἀτιμίαν
2701 946 2825 1000 τινὰ
2857 948 3008 1017 παρά
3058 947 3358 1018 ἀνθρώπων
3403 950 3668 1020 πάθωμεν,
3695 957 3823 1021 εὖθὶς

2305 1039 2405 1107 τῆς
2433 1039 2582 1108 παρὰ
2610 1037 2746 1090 Θεοῦ
2780 1037 2938 1106 δόξης
2962 1039 3062 1108 τὴν
3090 1039 3356 1108 ἐπιφορὰν
3391 1040 3729 1110 ἐννοήσωμεν,
3754 1051 3823 1101 καὶ

2307 1131 2644 1200 εὐχαρίστως
2675 1129 2740 1181 δι’
2778 1129 3056 1199 ὑπομονῆς
3088 1128 3389 1199 δεξώμεθα.
3436 1131 3601 1202 ’Υπὲρ
3637 1136 3729 1205 γὰρ
3753 1137 3822 1192 τιῦ

2308 1221 2676 1289 συμφέροντος
2710 1221 2842 1288 ἡμῖν
2873 1220 3069 1286 ἐπάγει
3098 1223 3124 1272 ὁ
3150 1220 3282 1283 Θεός
3301 1238 3314 1250 ·
3351 1223 3442 1274 καὶ
3469 1224 3558 1274 ἐπὶ
3584 1228 3644 1294 τῇ
3671 1229 3822 1300 ἀτιμίᾳ

2307 1311 2501 1364 ἄλυποι
2533 1312 2626 1362 καὶ
2665 1310 2929 1381 ἀτάραχοι
2977 1310 3234 1379 ἐσόμεθα.
3287 1313 3427 1364 Πολὺ
3468 1309 3558 1365 οὖν
3588 1315 3822 1388 ὀφείλομεν

2309 1401 2572 1454 αἰδεῖσθαι
2602 1401 2692 1454 τὸν
2724 1401 3100 1470 ἀμνησίκακον
3149 1402 3372 1473 Κύριον.
3415 1405 3523 1456 Καὶ
3553 1407 3757 1474 μάλιστα
3781 1413 3823 1462 ὲν

2306 1493 2385 1562 τῷ
2413 1494 2667 1546 ἐνεστῶτι
2701 1493 2898 1562 καιρῷ,
2927 1493 3064 1546 κατὰ
3092 1493 3151 1545 τὸ
3181 1494 3471 1563 εἰρημένον
3489 1509 3504 1524 ⁸
3535 1497 3634 1547 Καὶ
3659 1498 3824 1554 νῦνοῦκ

2308 1585 2455 1638 ἐστιν
2494 1587 2624 1654 ἡμῖν
2673 1584 2880 1648 ἀνοῖξαι
2906 1583 2967 1636 τὸ
3019 1585 3211 1653 στόμα,
3271 1586 3502 1653 αἰσχύνη
3544 1588 3631 1637 καὶ
3669 1589 3825 1651 bustis;

2309 1675 2646 1746 ἐγενήθημεν
2677 1679 2790 1738 τοῖς
2841 1675 3048 1737 δούλοις
3096 1693 3210 1737 σου,
3262 1677 3354 1727 καὶ
3402 1679 3512 1738 τοῖς
3565 1677 3825 1747 σεϐομένοις

2311 1784 2390 1820 σε.
2425 1765 2514 1836 Τῷ
2555 1766 2662 1836 γὰρ
2685 1767 2872 1835 Κυρίῳ
2897 1765 2975 1835 τῷ
3000 1765 3118 1834 Θεῴ
3148 1765 3302 1834 ἡμῶν
3328 1767 3360 1835 ἡ
3387 1767 3703 1837 δικαιοσύνη,
3728 1773 3825 1840 ἡμῖν

2243 1841 2281 1896 Β
2309 1859 2364 1912 δὲ
2409 1861 2442 1929 ἡ
2485 1859 2712 1929 αἰσχύνη
2761 1859 2867 1911 τῶν
2913 1858 3221 1931 προσώπων
3257 1859 3438 1927 ἡμῶν,
3482 1859 3555 1922 ὡς
3604 1861 3634 1930 ἡ
3682 1863 3826 1933 ἡμέρα

2308 1950 2444 2021 αὕτη
2472 1953 2602 2021 ἡμῖν
2629 1952 2725 2004 καὶ
2759 1954 2872 2014 τοῖς
2919 1951 3180 2023 ἄρχουσιν
3210 1952 3385 2022 ἡμῶν,
3438 1952 3532 2004 καὶ
3560 1956 3661 2015 τοῖς
3706 1955 3824 2022 βασι-

2307 2039 2556 2093 λεύουσιν
2605 2039 2798 2110 ήμῶν·
2849 2041 2930 2094 ὅτι
2982 2042 3322 2110 ἡμάρτομεν,
3376 2042 3473 2092 καὶ
3503 2041 3822 2112 ὴνομήσαμεν,

2306 2135 2402 2186 καὶ
2428 2133 2809 2204 ὲξημάρτομεν
2840 2136 2897 2187 ἐν
2942 2137 3098 2197 πᾶσι,
3132 2137 3224 2187 καὶ
3247 2135 3355 2187 τῶν
3390 2136 3615 2188 ἐντολῶν
3651 2153 3731 2189 σου
3753 2139 3826 2193 οὐκ

2308 2225 2642 2295 ἠκούσαμεν,
2676 2224 2859 2287 καθὼς
2897 2227 2992 2278 καὶ
3035 2229 3063 2279 ὁ
3106 2226 3375 2297 Ἱερεμίας
3416 2228 3746 2298 προφητεύων
3777 2236 3824 2285 τι

2308 2316 2402 2368 νῦν
2450 2317 2582 2385 ἡμῖν
2627 2314 2932 2384 συμϐάντα,
2981 2317 3106 2369 τάδε
3183 2319 3368 2386 φησὶν,
3440 2340 3458 2369 ι
3510 2319 3822 2389 “ualeam

2306 2407 2388 2460 ὃτι
2433 2406 2746 2478 ἠκούσαμεν
2787 2407 3087 2478 ὀνειδισμὸν
3136 2409 3312 2479 ἡμῶν,
3367 2411 3464 2462 καὶ
3512 2411 3823 2479 κατεκάλυψεν

2306 2498 2497 2568 ἀτιμία
2528 2500 2591 2551 τὸ
2625 2500 2914 2568 πρόσωπον
2945 2500 3126 2569 ἡμῶν,
3163 2502 3244 2554 ὃτι
3287 2500 3540 2570 εἰσῆλθον
3573 2501 3822 2569 ἀλλογενείς

2307 2590 2386 2652 εἰς
2418 2590 2487 2641 τὰ
2521 2590 2650 2657 ἆγια
2691 2589 2869 2659 ἡμῶν,
2905 2593 2986 2653 εἰς
3029 2586 3176 2644 οἷκον
3207 2591 3436 2660 Κυρίου.
3477 2610 3495 2640 ι
3529 2591 3659 2660 Φησί
3688 2592 3734 2644 δὲ
3758 2594 3824 2646 καὶ

2306 2683 2335 2735 ὁ
2374 2681 2553 2744 Δαυῖδ,
2609 2699 2628 2732 ι
2669 2682 2742 2733 Σὺ
2797 2683 2905 2752 γὰρ
2939 2682 3227 2749 γινώσκεις
3267 2682 3360 2734 τὸν
3404 2683 3691 2751 ὀνειδισμόν
3733 2701 3821 2752 μου,

2308 2773 2403 2825 καὶ
2435 2773 2534 2843 τὴν
2568 2772 2828 2842 αἰσχύνην
2883 2791 3007 2842 μου,
3046 2775 3139 2828 καὶ
3184 2773 3283 2844 τὴν
3325 2775 3592 2844 ὲντροπήν
3625 2791 3740 2843 μου·
3767 2776 3825 2828 ὅτι

2307 2863 2432 2934 ὃλην
2462 2864 2558 2932 τὴν
2589 2864 2801 2934 ἡμέραν
2838 2865 2870 2934 ἡ
2915 2865 3149 2935 ὲντροπή
3202 2881 3304 2934 μου
3346 2866 3471 2918 κατ’
3511 2866 3727 2918 ἐναντίον
3751 2883 3824 2934 μου

2308 2955 2476 3009 ἐστίν.
2515 2973 2533 3005 ι
2572 2956 2700 3016 Καὶ,
2744 2975 2761 3005 ι
2805 2955 2871 3007 Ἦ
2893 2955 3122 3025 αἰσχύνη
3165 2956 3258 3008 τού
3292 2955 3587 3026 προσώπου
3622 2974 3708 3025 μου
3734 2958 3824 3009 Exa-

2307 3046 2472 3114 λυψέν
2521 3063 2610 3115 με.
2654 3064 2672 3096 ι
2722 3045 2872 3116 Αὕτη
2910 3048 3089 3099 τοίνυν
3124 3048 3272 3100 ἐστὶν
3322 3049 3354 3115 ἡ
3412 3046 3549 3118 καλή
3600 3049 3826 3101 καὶκατὰ

2308 3137 2438 3189 Θεὸν
2485 3136 2735 3206 αἰσχύνη,
2773 3137 2895 3207 ἦτις
2943 3139 3022 3202 εἰς
3081 3139 3368 3206 μετάνοιαν
3430 3139 3527 3192 καὶ
3575 3141 3825 3211 παρρησίαν

2312 3229 2433 3296 ἄγει
2462 3229 2551 3281 τὸν
2582 3228 2885 3296 ἄνθρωπον.
2923 3229 3109 3282 Ἔστιν
3149 3230 3208 3281 δὲ
3252 3231 3345 3281 καὶ
3397 3230 3620 3302 αἰσχύνη
3650 3231 3825 3285 ἐπιϐλα-

2310 3318 2430 3388 ϐὴς,
2465 3317 2608 3371 κατὰ
2631 3318 2728 3387 τὴν
2769 3317 3029 3386 λέγουσαν
3055 3320 3279 3389 Γραφήν
3298 3334 3314 3349 ⁸
3363 3339 3383 3372 ι
3437 3322 3618 3373 Ἔστιν
3646 3322 3824 3392 αἰσχύνη

2307 3407 2585 3474 ἐπάγουσα
2647 3407 2964 3478 ἁμαρτίανο
3049 3409 3142 3461 καὶ
3213 3408 3360 3461 ἐστιν
3422 3408 3674 3481 αἰσχύνη,
3732 3412 3825 3476 δόξα

2308 3498 2402 3550 καὶ
2465 3498 2643 3569 χάρις.
2718 3517 2738 3550 ι
2791 3498 2983 3550 Πολλοὶ
3064 3499 3170 3569 γὰρ
3246 3501 3624 3570 αἰσχυνόμενοί
3683 3519 3820 3563 τινας,

2309 3590 2730 3660 περιπίπτουσιν
2769 3592 2880 3653 τοῖς
2919 3590 3155 3653 δικτύοις
3182 3591 3277 3644 τοῦ
3305 3591 3574 3646 διαϐόλου.
3617 3594 3713 3646 Καὶ
3736 3596 3824 3644 ἐπι-

2309 3681 2486 3750 φέρει,
2523 3698 2541 3730 ι
2584 3680 2642 3732 '0
2697 3679 3100 3734 ἀποκαλύπτων
3143 3682 3399 3736 ἀσέὁειαν
3445 3683 3626 3747 αὐτοῦ,
3658 3685 3742 3736 ούκ
3763 3686 3825 3735 εὑ-

2307 3773 2662 3842 οδωθήσεται.
2692 3773 2748 3827 Ὀ
2769 3775 2824 3827 δὲ
2854 3774 3211 3845 ἐξηγούμενος
3251 3775 3345 3828 καὶ
3373 3776 3628 3846 ἐλέγχων,
3654 3778 3823 3845 ἀγαπ-

2309 3865 2554 3936 Θήσεται.
2589 3885 2607 3917 ι
2639 3866 2749 3920 Καὶ
2796 3863 2975 3932 αὖθις,
3025 3885 3044 3918 ι
3086 3867 3304 3931 Δίκαιος
3333 3869 3530 3921 ἑαυτοῦ
3578 3871 3821 3938 κατήγορος

2310 3960 2366 4010 ἐν
2398 3958 2758 4029 πρωτολογίᾳ.
2795 3979 2813 4011 ι
2851 3962 2961 4014 Καὶ
2996 3961 3078 4027 τὸ,
3110 3982 3128 4013 ι
3167 3963 3330 4016 Ὅσον
3366 3952 3438 4016 ἂν
3468 3963 3648 4034 χρόνον
3674 3964 3821 4017 ἄκακος

2309 4045 2537 4116 ἔχωνται
2566 4050 2662 4118 τῆς
2678 4050 3044 4120 δικαιοσύνης,
3068 4053 3168 4105 ούκ
3184 4054 3646 4124 αἰσχυνθήσονται.
3660 4073 3735 4105 ι-
3748 4052 3822 4105 «Τὸ

2308 4136 2416 4207 γὰρ
2459 4138 2660 4205 γνῶναι
2707 4141 2890 4209 νόμον,
2940 4142 3178 4207 διανοίας
3229 4147 3372 4197 ἐστὶν
3416 4147 3638 4215 ἀγαθῆς.
3689 4165 3703 4196 ι
3743 4145 3823 4197 Kal

2309 4229 2530 4296 ἐπάγει,
2569 4250 2587 4280 ι
2609 4232 2894 4301 Μακάριος
2926 4233 2984 4296 ὃς
3009 4238 3378 4306 καταπτήσσει
3417 4239 3591 4290 πάντα
3615 4238 3676 4290 δι’
3703 4236 3823 4290 εὐλά-

2310 4319 2480 4373 ϐειαν.
2520 4340 2538 4372 ι
2577 4324 2685 4374 Kal.
2716 4323 2796 4387 τὸ,
2831 4341 2849 4374 ι
2890 4323 3174 4396 Ἐτοίμαζε
3209 4329 3287 4392 εἰς
3311 4330 3414 4397 τὴν
3445 4330 3616 4394 ἔξοδον
3642 4330 3700 4382 τὰ
3721 4330 3820 4399 ἔργα

2313 4427 2428 4465 σου.
2470 4430 2488 4462 ι
2524 4414 2653 4476 Καὶ,
2697 4431 2715 4463 ι
2764 4416 2854 4486 Μὴ
2895 4418 3185 4488 αἰσχυνθῇς
3209 4421 3542 4492 ὁμολογῆσαι
3583 4423 3659 4491 ἐφ’
3685 4425 3820 4490 ἁμαρ·

2311 4504 2452 4566 τίαις
2489 4521 2604 4557 σου.
2655 4523 2672 4555 ι
2717 4505 3053 4576 Διακρίσεως
3098 4508 3228 4576 γοῦν
3274 4511 3451 4564 δεῖται
3497 4515 3525 4566 ὁ
3570 4513 3816 4584 ἄνθρωπος,

2238 4574 2284 4632 D
2313 4595 2398 4648 ἴνα
2432 4594 2542 4666 γνῷ
2571 4595 2673 4648 ποῦ
2718 4597 2816 4666 μὲν
2849 4574 3048 4666 δφείλει
3080 4574 3435 4672 αἰσχυνθῆναι
3467 4607 3559 4658 ἐπὶ
3601 4574 3818 4675 σωτηρίας

2307 4688 2408 4756 τῆς
2434 4685 2626 4738 ἑαυτοῦ
2672 4687 2870 4756 ψυχῆς,
2906 4689 3008 4741 ποῦ
3043 4690 3099 4742 δὲ
3138 4693 3233 4745 καί
3269 4694 3662 4748 ἀποϐάλλεσθαι
3690 4694 3816 4762 αὐτὴν

2309 4777 2383 4840 ὡς
2409 4779 2744 4847 ἐφάμαρτον.
2786 4779 2971 4832 Ἔστιν
2999 4782 3108 4852 γὰρ
3137 4783 3397 4853 αἰσχύνης
3427 4787 3582 4856 χάριν
3603 4785 3815 4853 ἐπαγγελ-

2309 4865 2533 4936 λόμενος
2561 4869 2636 4938 τῷ
2665 4871 2856 4923 ἑαυτοῦ
2888 4871 3043 4942 φίλῳ,
3075 4875 3168 4926 καὶ
3193 4877 3462 4946 ἐκτήσατο
3494 4879 3646 4931 αὑτὸν
3672 4876 3815 4948 ἐχθρὸν

2311 4954 2534 5025 δωρεάν.
2593 4957 2782 5027 Ἡμεῖς
2819 4959 2932 5026 οὖν,
2963 4961 3258 5031 ἀγαπητοὶ,
3291 4964 3388 5035 τὴν
3431 4968 3570 5020 κατά
3611 4967 3723 5020 Θεὸν
3754 4967 3815 5018 αἰ·

2312 5049 2512 5118 σχύνην
2563 5050 2943 5120 κατάσχωμεν,
2997 5053 3322 5122 μιμούμενοι
3368 5057 3459 5109 τὸν
3505 5057 3718 5125 τελώνην
3753 5059 3815 5106 τὸν

2310 5137 2624 5207 αἰδούμενον
2676 5141 2973 5209 ἀναϐλέψαι
3023 5145 3101 5206 εἰς
3149 5146 3238 5198 τὸν
3288 5146 3544 5216 ούρανὸν,
3591 5149 3708 5201 ἀλλὰ
3746 5146 3814 5199 ns.

2310 5246 2511 5282 πτοντα
2539 5231 2600 5282 τὸ
2616 5230 2806 5283 ἑαυτοῦ
2829 5231 3043 5301 στῆθος,
3071 5238 3164 5287 καὶ
3185 5235 3460 5303 λέγοντα,ι
3485 5239 3540 5292 '0
3571 5238 3704 5300 Θεὸς,
3733 5236 3816 5288 illi-

2310 5323 2467 5394 σθητί
2501 5340 2589 5394 μοι
2606 5322 2683 5392 τῷ
2709 5325 3053 5397 ἀμαρτωλῷῃ
3085 5345 3105 5378 ι
3136 5329 3222 5382 ἵνα
3256 5331 3351 5382 καὶ
3371 5334 3468 5405 τῆς
3497 5326 3818 5399 ἀφέσεωςτῶν

2309 5413 2594 5485 ἁμαρτιῶν
2639 5415 2838 5485 ὁμοίως
2877 5416 3130 5488 τύχωμεν
3179 5421 3236 5472 ὲν
3288 5421 3505 5492 Χριστῷ
3562 5419 3719 5490 ’ἰησοῦ
3759 5415 3816 5485 τῷ

2311 5505 2499 5574 Κυρίῳ
2547 5505 2722 5576 ἡμῶν.
2763 5499 2836 5577 ᾯ
2869 5509 2901 5577 ὴ
2939 5507 3066 5572 δόξα
3105 5511 3198 5562 καὶ
3242 5513 3302 5563 τὸ
3353 5515 3568 5582 κράτος,
3614 5513 3682 5574 εἰς
3719 5507 3816 5564 τοὺς

2310 5594 2531 5657 αἰῶνας.
2574 5595 2765 5665 Ἀμήν.

2770 5712 2792 5804 ξ
2826 5713 2994 5769 Eccli.
3027 5731 3109 5783 Iv,
3142 5715 3228 5770 25.
3305 5717 3326 5749 ⁸
3364 5717 3520 5771 Prov.
3553 5729 3714 5778 xxvm,
3744 5710 3810 5765 13.
