4028 6514
242 394 377 458 1637
1196 395 1522 455 HOMILIA
1562 398 1736 457 LXX.
1762 422 1833 432 ’-
1858 397 1954 456 DE
1997 398 2499 457 HUMILITATE.
3342 399 3479 461 1638

236 508 346 561 Et:
383 527 399 558 ι
454 507 532 561 Ne
581 506 937 560 confundaris
990 505 1242 561 confiteri
1294 516 1517 574 peccata
1567 516 1657 561 tua
1692 508 1734 559 θ.
1792 526 1809 556 ι
1843 508 1962 561 Non
2012 507 2277 561 mediocri
2311 524 2449 576 opus
2480 506 2685 560 homini
2730 513 2816 559 est
2869 505 3073 557 lumine
3105 504 3479 573 discretionis,

234 612 298 656 ut
342 601 489 654 norit
539 599 630 652 ubi
663 599 861 653 debeat
913 599 1319 667 suppudescere
1351 608 1407 651 et
1470 598 1838 652 circumfundi
1874 599 2232 662 verecundia,
2276 615 2396 668 quin
2444 597 2508 651 ad
2552 600 2747 650 animae
2793 612 2906 650 suae
2978 606 3295 664 promoveat
3329 597 3478 650 salu-

234 706 368 758 tem,
402 694 493 747 ubi
521 701 712 747 contra
746 691 945 745 debeat
970 706 1089 744 eam
1129 706 1159 743 a
1192 705 1249 744 se
1282 690 1547 744 recellere
1613 704 1675 743 ac
1708 691 2037 759 propellere.
2070 691 2215 760 quod
2285 690 2349 743 ad
2380 698 2664 759 peccatum
2735 689 2919 741 ducat.
2965 686 3147 741 Liccat
3220 689 3363 742 enim
3394 689 3481 742 in-

231 784 428 839 venire
453 782 545 851 qui
582 782 875 851 pollicetur
898 780 1120 849 quidem
1180 780 1445 849 suiipsius
1474 779 1653 833 amico
1684 782 1981 835 verecundi
2044 781 2273 851 pudoris
2325 782 2578 851 gratiam,
2636 780 2873 848 denique
2896 793 3019 831 eum
3048 779 3223 848 ipsum
3255 780 3483 836 sortitus

232 874 476 944 gratuito
528 873 834 927 inimicum.
882 873 993 927 Nos
1071 872 1258 941 igitur,
1322 871 1700 935 dilectissimi,
1751 888 1871 927 eam
1910 874 2256 928 verecundia:
2310 874 2553 943 speciem
2608 888 2707 942 pro
2750 872 2893 925 virili
2939 871 3102 926 nobis
3148 874 3482 926 aseiscamus

232 983 357 1036 quae
390 966 693 1021 secundum
742 965 913 1019 Deum
948 974 1054 1027 est,
1087 963 1284 1017 imitati
1333 963 1613 1033 publicani
1654 963 1804 1019 illius
1841 965 2171 1033 exemplum,
2203 965 2295 1034 qui
2330 966 2415 1018 vel
2480 966 2533 1018 in
2599 965 2795 1019 C(elnm
2826 964 3105 1033 suspicere
3138 973 3194 1018 et
3230 965 3480 1017 attollere

232 1059 426 1113 oculos
497 1056 815 1119 verebatur,
898 1054 1121 1107 interim
1169 1070 1331 1108 suum
1379 1054 1620 1107 tundens
1665 1065 1877 1122 pectus,
1918 1055 2113 1124 hisque
2157 1071 2321 1110 orans
2358 1056 2583 1109 verbis:
2618 1073 2633 1105 ι
2669 1055 2834 1117 Deus,
2868 1053 3141 1123 propitius
3184 1061 3303 1107 esto
3345 1051 3478 1105 mihi

232 1146 532 1215 peccaturi,
568 1163 586 1195 ι
623 1154 683 1198 ut
714 1144 861 1197 illius
892 1144 1145 1213 exemplo
1180 1143 1486 1197 absolutam
1526 1153 1875 1212 peccatorum
1918 1146 2297 1200 remissionem
2351 1134 2662 1199 mercamur
2703 1144 2940 1214 assequi,
2993 1145 3051 1199 in
3091 1143 3309 1201 Christo
3350 1144 3477 1199 Jesu

230 1241 467 1295 Domino
496 1248 728 1293 nostro:
759 1237 848 1292 cui
876 1236 1049 1306 gloria
1093 1246 1148 1291 et
1175 1237 1470 1306 imperium
1516 1238 1573 1292 in
1610 1239 1808 1293 saecula
1846 1240 2193 1293 saeculorum.
2238 1242 2431 1293 Amen.

854 1332 1071 1386 ΛΟΓΟΣ
1108 1334 1183 1385 Ο¹.

641 1425 777 1493 Περὶ
818 1424 1396 1491 ταπεινοφροσύνης.

317 1517 381 1569 Ἢ
414 1514 882 1585 ταπεινοφροσύνη
915 1514 1185 1581 ύψιπετεῖ,
1216 1515 1305 1565 καὶ
1338 1516 1637 1583 ἁεροπὸρον
1666 1516 1804 1567 ἀπο-

231 1605 380 1659 τελεῖ
411 1606 500 1658 τὸν
533 1603 838 1673 ἄνθρωπον.
878 1603 1037 1654 Ὅσον
1068 1603 1175 1672 γάρ
1201 1618 1285 1664 τις
1317 1603 1511 1654 ἑαυτὸν
1541 1607 1801 1666 ταπεινοῖ,

233 1696 650 1759 πολλαπλασίως
691 1693 815 1763 ὑψοῖ
848 1694 1008 1746 αὑτὸν
1045 1696 1073 1746 6
1102 1693 1233 1755 Θεός
1254 1709 1269 1724 ’
1306 1692 1489 1755 καθὼς
1523 1694 1616 1745 καὶ
1647 1697 1674 1747 6
1713 1693 1804 1745 τοῦ

232 1789 371 1842 Θεοῦ
421 1786 705 1855 συνόμιλος
762 1786 1001 1854 Μιυῦσῆς
1043 1782 1521 1853 ταπεινοφρονῶν,
1559 1788 1659 1835 οὑκ
1701 1785 1807 1835 ἀπ-

233 1878 491 1932 εὸάλλετο
504 1877 604 1946 τὴν
628 1874 957 1945 συμϐουλίαν
976 1874 1069 1926 τοῦ
1095 1872 1343 1943 γαμϐροῦ
1365 1873 1533 1926 αὑτοῦ
1569 1873 1768 1944 Ἱώοωρ
1789 1914 1803 1937 ,

231 1965 411 2019 καίτοι
457 1962 594 2033 μετά
647 1959 919 2023 τοσαύτας
964 1959 1285 2029 θεοφανίας,
1344 1958 1460 2011 ἀλλ’
1512 1961 1611 2013 ὅσα
1655 1956 1806 2011 εἶπεν

230 2056 404 2125 αύτῷ,
434 2054 688 2122 ἐποίησεν
710 2068 723 2081 ·
756 2051 837 2103 διὸ
885 2053 975 2103 καὶ
1008 2052 1035 2102 6
1082 2049 1217 2112 Θεὸς
1243 2050 1406 2102 αὑτὸν
1448 2049 1805 2121 ὑπερύψωσεν

233 2148 386 2216 παρὰ
420 2147 627 2207 πάντας
660 2145 784 2207 τοὺς
817 2142 911 2195 ἐπὶ
956 2143 1081 2210 γῆς.
1131 2141 1363 2212 Ὁμοίως
1405 2142 1461 2194 δὲ
1506 2143 1601 2195 καὶ
1646 2143 1675 2195 6
1708 2143 1807 2195 Γε-

228 2238 367 2291 δεὼν
414 2237 731 2304 ἀπελογεῖτο
787 2235 993 2306 μετρίῳ
1070 2239 1377 2307 φρονήματι
1436 2238 1514 2309 τῷ
1568 2238 1807 2310 Ἐφραίμ

228 2328 427 2396 λέγων,
466 2344 484 2377 ι
518 2326 582 2379 Τί
622 2326 854 2396 ἐποίησα
893 2326 987 2377 νῦν
1018 2326 1201 2390 καθὼς
1232 2328 1387 2395 ὑμεῖς
1414 2330 1739 2398 Exarmare;
1770 2328 1803 2398 ἢ

227 2421 352 2489 οὐχὶ
406 2420 667 2489 κρείττων
732 2418 1018 2484 ὲπιφυλλὶς
1089 2419 1361 2488 Ἐφραῖμ,
1435 2420 1468 2490 ἢ
1537 2420 1805 2490 τρυγητὺς

240 2510 523 2583 Ἀϐιέζερ;
577 2513 633 2563 ὲν
685 2510 831 2580 χειρὶ
877 2509 1029 2578 ὑμῶν
1076 2510 1391 2580 παρέδωκεν
1441 2510 1643 2581 Κύριος
1682 2513 1805 2575 τοὺς

226 2605 499 2674 ἄρχοντας
552 2602 806 2671 Μαδιάμ’
841 2604 933 2655 καὶ
968 2603 1017 2654 τί
1054 2603 1324 2673 ἠδυνήθην
1354 2604 1573 2676 ποιῆσαι
1622 2603 1807 2666 καθὼς

1836 1339 1885 1393 Α
2455 1331 2738 1387 HOMILIA
2777 1330 2940 1386 LXX.

2155 1423 2231 1477 De
2269 1424 2527 1477 modestia
2572 1423 2740 1475 animi
2779 1422 2885 1475 sive
2916 1420 3229 1474 humilitate.

1970 1514 2239 1570 Modestia
2276 1516 2446 1570 animi
2478 1530 2597 1570 sese
2641 1515 2787 1568 ultro
2829 1513 3183 1579 dimittentis,
3230 1515 3345 1569 sive
3376 1516 3477 1570 hu-

1903 1598 2129 1664 militas,
2170 1602 2450 1655 hominem
2488 1602 2773 1655 altivolum
2825 1599 2992 1654 eﬂicit
3038 1610 3093 1655 et
3138 1603 3471 1674 aerivagum.

1903 1689 2118 1754 Quanto
2151 1692 2299 1745 enim
2339 1693 2465 1762 quis
2502 1708 2559 1746 se
2592 1691 2735 1744 infra
2778 1690 2986 1761 dejicit,
3032 1699 3181 1744 tanto
3212 1693 3356 1747 hunc
3386 1710 3477 1747 su-

1903 1781 2127 1836 blimius
2172 1784 2430 1838 subvehit
2474 1783 2620 1837 Deus
2654 1791 2710 1836 et
2747 1783 2968 1837 allevat.
3010 1782 3103 1836 Sic
3145 1781 3344 1843 Moses.
3383 1786 3477 1852 qui

1903 1872 2017 1927 Deo
2061 1881 2167 1926 tam
2214 1874 2559 1927 familiariter
2592 1873 3075 1942 congrediebatur.
3120 1873 3219 1928 Hic
3269 1884 3475 1941 tantus,

1904 1962 1971 2016 de
2014 1978 2073 2017 se
2117 1979 2243 2018 cum
2285 1964 2694 2019 modestissime
2728 1963 2983 2029 sentiret,
3021 1964 3311 2019 consilium
3340 1982 3479 2021 neu-

1907 2054 2114 2123 tiquam
2157 2064 2441 2110 aversatus
2484 2064 2570 2109 est
2620 2055 2705 2109 sui
2758 2056 2935 2113 soceri
2985 2056 3197 2119 Jethro,
3260 2058 3475 2111 tametsi

1906 2153 2055 2199 tanta
2086 2147 2241 2215 prius
2267 2147 2481 2211 fuisset,
2506 2162 2700 2216 nempe
2730 2147 3121 2217 augustissima
3145 2147 3239 2201 Dei
3266 2149 3477 2203 visione

1903 2236 2229 2306 perfruitus.
2262 2237 2463 2292 Verum
2490 2251 2829 2304 quazeunque
2859 2236 2947 2289 ille
2981 2242 3347 2305 suggesserat,
3386 2236 3479 2290 hic

1903 2328 2123 2394 effecit;
2163 2344 2339 2396 eoque
2396 2328 2573 2397 ipsum
2604 2328 2749 2381 Deus
2792 2336 2993 2396 praeter
3022 2336 3252 2382 caeteros
3286 2343 3477 2382 omnes

1904 2416 2000 2485 qui
2054 2415 2108 2468 in
2164 2422 2308 2469 terra
2361 2414 2742 2480 morabantur,
2794 2413 2977 2467 evexit
3021 2412 3078 2468 in
3133 2414 3368 2469 sublime
3408 2416 3474 2469 ¹⁰.

1907 2505 2062 2559 [laud
2102 2521 2264 2560 secus
2311 2504 2535 2561 Gedeon
2585 2504 2956 2574 respondebat
2992 2505 3156 2559 tribui
3190 2506 3473 2575 Ephraim,

1905 2598 2192 2653 moderata
2222 2615 2355 2654 usus
2392 2609 2448 2652 et
2494 2613 2560 2653 eo
2597 2599 2992 2667 opportuniore
3021 2598 3316 2667 prudentia
3345 2599 3475 2652 dum

228 2698 427 2765 ύμεῖς;
476 2713 494 2747 ι
541 2694 737 2747 Καίτοι
805 2710 866 2761 γε
910 2695 1056 2765 αύτῷ
1096 2695 1193 2767 τὴν
1239 2696 1396 2765 νίκην
1427 2696 1741 2767 ἐδωρήσατο
1776 2699 1804 2750 6

1906 2692 2080 2746 dicit:
2118 2709 2139 2743 ει
2191 2692 2332 2758 Quid
2380 2692 2485 2746 feci
2532 2708 2676 2746 nunc
2713 2700 2771 2745 ut
2808 2706 2907 2745 vos
2943 2691 3187 2746 fecistis?
3216 2692 3477 2761 Nunquid

228 2790 363 2852 Θεὸς
407 2792 465 2841 ὲν
507 2791 620 2850 τοῖς
668 2787 1000 2859 τριακοσίοις
1036 2788 1283 2857 ἀνδράσι.
1343 2788 1481 2841 Ἀλλ’
1522 2793 1549 2840 6
1600 2790 1804 2851 δίκαιος

228 2878 319 2929 διὰ
357 2877 457 2945 τῆς
482 2876 983 2947 ταπεινοφροσύνης
1019 2877 1367 2929 κατέσπασεν
1396 2878 1486 2929 τὸν
1520 2878 1689 2947 θυμὸν
1718 2879 1808 2929 αύ-

228 2969 361 3022 τῶν.
396 2970 503 3022 Καὶ
544 2970 650 3039 πρὸ
692 2968 881 3021 τούτου
911 2969 1044 3039 πρὸς
1072 2971 1162 3021 τὸν
1204 2968 1433 3037 ἄγγελον
1455 2968 1661 3036 ἔλεγεν,
1711 2970 1805 3032 Τίς

228 3062 348 3130 ειμι
376 3060 508 3129 ἐγὼ,
556 3060 588 3129 ἢ
633 3062 660 3112 6
685 3055 829 3123 οἶκος
857 3061 950 3112 τοῦ
1000 3062 1204 3130 πατρὸς
1246 3078 1377 3130 μους
1416 3061 1448 3130 ἡ
1496 3061 1669 3130 χιλιάς
1705 3077 1804 3129 μου

228 3149 592 3218 ταπεινοτέρα
633 3150 691 3199 ἐν
719 3149 1007 3217 Μανασσῇ.
1060 3147 1220 3215 Λέγει
1262 3148 1318 3200 δὲ
1356 3148 1449 3199 καί
1487 3165 1571 3207 τις
1610 3148 1801 3215 σοφός·

234 3258 253 3290 ι
299 3240 466 3292 Ὅσον
499 3239 672 3307 μέγας
718 3236 786 3301 εἴ,
832 3238 1084 3291 τοσοῦτον
1118 3237 1374 3290 ταπεινοῦ
1420 3239 1664 3301 σεαυτὸν,
1714 3239 1806 3290 καὶ

230 3333 416 3385 ἔναντι
461 3333 665 3401 Κυρίου
696 3332 947 3400 εὑρήσεις
974 3330 1153 3400 χάριν,
1195 3349 1212 3378 ι
1259 3330 1339 3381 ὅτι
1368 3329 1542 3381 πάντα
1576 3329 1640 3379 τὰ
1673 3328 1807 3397 ἔργα

228 3423 329 3478 τοῦ
356 3420 634 3485 ταπεινοῦ,
668 3422 877 3491 φανερά
921 3424 1070 3491 παρὰ
1104 3422 1331 3491 Κυρίου.
1368 3421 1477 3474 Καὶ
1523 3422 1700 3489 στόμα
1722 3436 1808 3471 τα-

230 3515 423 3571 πεινοῦ
469 3516 670 3585 μελετᾷ
723 3514 936 3583 σοφίαν.
992 3513 1216 3576 Σύνεσις
1262 3514 1317 3565 δὲ
1365 3512 1578 3581 ἀγαθὴ,
1622 3513 1806 3564 δίδωσι

230 3611 412 3680 χάριν.
462 3610 521 3662 '0
550 3608 606 3661 δὲ
637 3607 934 3678 Ψαλμῳδός
965 3623 1127 3676 φησιν
1152 3623 1165 3635 '
1194 3626 1211 3657 ι
1264 3606 1405 3673 Ἐγὼ
1437 3606 1489 3658 δέ
1519 3608 1632 3675 εἰμι
1665 3606 1808 3658 cxte-

230 3704 353 3774 ληξ,
399 3703 493 3754 καὶ
541 3702 642 3755 ούκ
691 3700 1011 3771 ἄνθρωπος,
1071 3697 1270 3760 ὄνειδος
1314 3698 1654 3767 ἀνθρώπων,
1716 3700 1807 3750 καὶ

232 3792 579 3862 ἐξουδένωμα
606 3790 758 3844 λαοῦ.
814 3809 833 3843 ι
882 3790 991 3842 Καὶ
1024 3788 1207 3850 πάλιν,
1244 3805 1263 3838 ι
1315 3789 1457 3839 Ὡσεὶ
1488 3788 1655 3859 τέρας
1686 3791 1807 3856 ἐγε-

230 3887 404 3956 νήθην
428 3889 536 3947 τοῖς
575 3884 808 3945 πολλοῖς,
852 3883 946 3935 καὶ
979 3881 1045 3934 σὺ
1078 3880 1269 3951 βοηθός
1308 3897 1407 3951 μου
1458 3881 1737 3951 κραταιός.
1783 3899 1800 3931 ι

242 3980 303 4032 'O
335 3979 714 4050 ταπεινόφρων
742 3976 835 4030 καὶ
880 3976 1039 4046 ἔργον
1084 3975 1223 4045 ἔχων
1262 3974 1654 4044 πνευματικὸν,
1680 3975 1808 4026 ἁνα-

1906 2799 2016 2836 non
2057 2784 2253 2837 melior
2283 2792 2368 2838 est
2412 2783 2722 2837 racemulus
2768 2781 3031 2850 Ephraim
3071 2797 3233 2850 quam
3279 2782 3476 2836 vinde—

1907 2872 2015 2926 mia
2051 2873 2321 2928 Abiezer?
2350 2874 2407 2927 1n
2439 2873 2698 2927 manibus
2724 2870 2921 2925 vestris
2950 2870 3178 2925 tradidit
3210 2872 3478 2927 Dominus

1907 2966 2185 3034 principes
2230 2966 2463 3019 Madian.
2512 2964 2721 3033 Ecquid
2760 2964 2869 3017 tale
2899 2962 3079 3017 facere
3108 2962 3284 3032 potui,
3316 2964 3477 3032 quale

1906 3072 2006 3110 vos
2044 3057 2126 3109 “?
2154 3076 2170 3105 ι
2194 3057 2357 3124 Atqui
2386 3056 2516 3108 huic
2540 3055 2684 3107 Deus
2707 3068 2827 3107 eam
2852 3054 3161 3106 contulerat
3184 3053 3475 3106 victoriam

1912 3147 2121 3217 1133
2144 3148 2197 3200 in
2218 3146 2477 3200 trecentis
2493 3145 2648 3198 viris.
2681 3143 2949 3197 Caeterum
2974 3144 3155 3213 justus
3184 3144 3274 3197 hic
3295 3144 3479 3197 mode-

1907 3241 2011 3294 stia
2042 3256 2104 3293 ac
2142 3239 2372 3293 lenitate
2403 3236 2652 3306 responsi
2700 3233 2989 3288 excitatam
3028 3234 3163 3288 iram
3212 3235 3479 3304 repressit

1908 3348 1973 3386 ac
2002 3332 2230 3395 sedavit,
2260 3330 2392 3399 quin
2431 3330 2585 3399 prius
2630 3328 2911 3397 aliquanto
2942 3328 3136 3395 angelo
3172 3328 3475 3396 respondit,

1908 3424 2040 3488 Quis
2085 3438 2204 3476 sum
2234 3438 2354 3493 ego,
2414 3431 2509 3476 aut
2560 3437 2680 3490 qua:
2730 3426 2816 3475 est
2868 3420 3065 3473 domus
3102 3420 3273 3487 patris
3329 3420 3479 3474 mei?

1906 3515 2244 3567 Millenarius
2277 3528 2432 3567 meus
2464 3512 2729 3582 abiectior
2770 3518 2853 3565 est
2896 3520 2952 3565 et
2980 3510 3241 3563 humilior
3278 3511 3333 3564 in
3363 3510 3478 3566 Ma-

1908 3620 2066 3660 nasse
2101 3606 2164 3660 ¹¹.
2210 3604 2439 3674 διιρίειιε
2489 3602 2711 3674 quidem
2760 3601 2935 3657 dicit:
2975 3619 2992 3653 ι
3050 3600 3265 3667 Quanto
3305 3605 3479 3674 major

1908 3714 1986 3761 es,
2033 3708 2183 3751 tanto
2220 3696 2449 3749 humilia
2512 3694 2768 3764 teipsum,
2804 3702 2860 3747 et
2903 3708 3088 3747 coram
3122 3694 3356 3748 Domino
3389 3694 3477 3748 in-

1908 3788 2099 3843 venies
2132 3787 2473 3856 grattam”.»
2508 3786 2642 3839 Nam
2656 3800 2821 3854 opera
2847 3784 3028 3837 omnia
3046 3783 3389 3839 humiliantis
3417 3801 3477 3841 se

1908 3877 2197 3930 manifesta
2242 3888 2370 3930 sunt
2408 3886 2465 3930 et
2493 3875 2791 3942 conspicua
2828 3874 3004 3928 oculis
3049 3874 3265 3927 Domini
3299 3874 3363 3927 ιδ.
3403 3873 3477 3929 Os

1909 3970 2058 4022 enim
2104 3966 2311 4021 humile
2348 3966 2643 4021 meditatur
2679 3964 3001 4033 sapientiam
3040 3966 3118 4028 ul;
3163 3965 3477 4018 intellectus

231 4069 519 4139 γινώσκων
555 4030 652 4132 τάς
679 4068 828 4131 θείας
854 4030 1304 4140 Γραφὰς,’πάντα
1344 4030 1422 4128 είς
1453 4065 1646 4118 ἑαυτὸν
1672 4068 1802 4129 νοεῖ,

1908 4067 2092 4113 autem
2120 4058 2298 4112 bonus
2328 4057 2422 4112 dat
2454 4056 2683 4126 gratiam
2722 4030 2785 4109 ἀ.
2832 4054 2922 4109 Ait
2958 4056 3088 4109 item
3138 4056 3347 4110 Psaltes
3391 4072 3477 4110 re-

232 4162 330 4219 καὶ
356 4162 457 4214 οὐκ
490 4163 568 4223 είς
610 4161 702 4214 τὸν
732 4160 935 4230 ἕτερον.
1000 4159 1125 4211 Ἐὰν
1156 4152 1247 4210 οὖν
1292 4156 1533 4226 Θέλωμεν
1570 4156 1649 4226 τῷ
1693 4157 1804 4209 ὄντι

233 4255 601 4323 εὐαρεστῆσαι
630 4252 769 4323 Θεῷ,
802 4253 897 4305 καὶ
942 4252 1041 4319 τὴν
1085 4249 1513 4321 μακαριωτάτην
1547 4249 1807 4319 φιλιωθῆ-

233 4365 325 4401 ναι
373 4347 575 4416 φιλίαν,
620 4345 824 4415 γυμνὸν
853 4344 945 4396 τὸν
984 4341 1107 4395 νοῦν
1145 4341 1303 4410 ἡμῶν
1344 4342 1801 4411 παραστήσωμεν,

236 4437 405 4508 μηδὲν
448 4436 841 4506 ὲπισυρόμενον
879 4432 973 4485 τοῦ
1017 4432 1281 4501 παρόντος
1317 4430 1529 4493 αἰῶνος,
1570 4432 1643 4501 μή
1686 4446 1805 4482 τινα

230 4529 607 4598 τεχνάσματα,
630 4526 663 4595 ἢ
691 4524 1020 4595 σοφίσματα,
1053 4522 1084 4591 ἢ
1112 4522 1475 4589 δικαιολογίαν
1498 4538 1510 4552 ·
1538 4523 1805 4595 ἀποστρέ-

233 4633 393 4685 φεται
427 4617 533 4685 γάρ
561 4614 622 4666 τὸ
646 4614 799 4666 Θεῖον
835 4613 960 4674 τοὺς
1008 4611 1145 4681 μετὰ
1190 4610 1514 4680 οίηματικοῦ
1544 4610 1637 4663 τοῦ
1678 4611 1803 4680 τρό-

232 4724 339 4761 που
372 4706 561 4759 τούτου
594 4702 1066 4774 προσερχομένους
1097 4700 1262 4770 αὐτῷ,
1324 4700 1448 4753 Ἐὰν
1495 4699 1603 4769 γὰρ
1634 4702 1805 4753 θεοσε-

234 4800 337 4870 ϐὴς
367 4800 458 4853 xal.
480 4798 857 4867 ταπεινόφρων
875 4796 1108 4866 ὑπάρχει
1138 4811 1244 4859 τις,
1277 4797 1370 4847 καὶ
1404 4794 1477 4865 μὴ
1512 4795 1806 4865 ὑπεραιρό-

236 4907 399 4963 μενος
448 4889 745 4961 σωματικῷ
800 4888 983 4958 δγκῳ,
1040 4888 1251 4957 μήποτε
1312 4886 1802 4957 προπετευόμενος,

233 4980 370 5033 ἀλλὰ
402 4978 775 5049 κατεαγμένος
808 4980 874 5049 τῇ
918 4976 1135 5047 καρδίᾳ,
1168 4976 1262 5029 καὶ
1293 4974 1636 5045 λογιζόμενος
1674 4976 1804 5028 ἑαυ-

232 5075 328 5128 τὸν
358 5073 575 5142 ἀχρεῖον
602 5069 785 5123 δοῦλον
816 5066 975 5133 εἶναι,
1009 5068 1131 5120 τότε
1167 5065 1451 5121 ὲπιόλέπει
1487 5066 1580 5118 καὶ
1609 5068 1808 5118 ἐνοικεῖ

232 5170 267 5238 ἡ
304 5168 464 5238 χάρις
490 5165 587 5220 τοῦ
622 5164 779 5218 Θεοῦ.
823 5162 1107 5234 ’Δληθινῆς
1153 5162 1262 5232 γὰρ
1307 5158 1805 5228 ταπεινοφροσύνης

233 5260 543 5330 γνώρισμα,
572 5260 634 5312 οῦ
667 5258 726 5311 τὸ
758 5256 935 5325 ἑαυτῷ
982 5253 1266 5324 καταχέειν
1320 5251 1524 5321 ῦὸρεις,
1572 5249 1705 5302 ἀλλὰ
1744 5250 1805 5301 τὸ

1905 4150 2066 4220 gius:
2107 4166 2126 4199 ι
2167 4149 2281 4218 Ego
2310 4157 2496 4202 autem
2540 4160 2661 4200 sum
2687 4146 2891 4199 vermis
2922 4152 2978 4199 et
3006 4160 3113 4198 non
3154 4145 3337 4207 homo,
3371 4160 3474 4214 op-

1905 4240 2190 4312 probrium
2213 4240 2497 4294 hominum
2527 4245 2582 4291 et
2608 4236 2842 4307 abjectio
2874 4235 3050 4306 plebis
3083 4236 3145 4290 ".
3173 4256 3191 4287 ι
3230 4237 3472 4291 Rursus:

1911 4352 1930 4384 ι
1952 4332 2233 4401 Tanquam
2253 4330 2563 4400 prodigium
2591 4328 2769 4383 factus
2796 4344 2917 4383 sum
2945 4326 3222 4389 multis,et
3247 4336 3301 4381 tu
3321 4327 3477 4398 adju-

1906 4433 1993 4479 tor
2034 4438 2189 4478 meus
2218 4424 2378 4477 fortis
2409 4422 2472 4475 ³⁸.
2523 4440 2540 4473 ι
2588 4421 2692 4487 Qui
2719 4419 2787 4475 de
2820 4434 2877 4474 se
2907 4419 3185 4473 moderate
3224 4420 3391 4473 sentit
3418 4428 3477 4475 et

1904 4532 2045 4587 Opus
2080 4524 2276 4572 tractat
2312 4514 2620 4587 spirituale,
2656 4512 2877 4568 interim
2925 4510 3139 4565 divinas
3180 4509 3311 4563 dum
3344 4510 3477 4581 legit

1886 4590 2244 4677 'Scripturas,
2278 4620 2617 4676 quascunque
2657 4609 2977 4665 occurrunt,
3018 4601 3273 4654 universa
3303 4600 3357 4653 in
3386 4616 3477 4655 se-

1906 4701 2085 4771 ipsum
2137 4700 2297 4754 tacita
2345 4697 2675 4769 cogitatione
2717 4692 2969 4755 reflectit,
3017 4679 3208 4745 et'non
3244 4691 3299 4744 in
3341 4691 3474 4747 alte-

1908 4808 2051 4846 rum.
2094 4791 2151 4845 Si
2183 4792 2436 4860 cupimus
2477 4790 2591 4843 Deo
2624 4794 2813 4840 nostro
2849 4799 3181 4854 magnopere
3208 4800 3329 4839 esse
3358 4801 3465 4855 gra-

1909 4884 2033 4938 tiosi
2070 4892 2125 4937 et
2158 4882 2453 4944 amabiles,
2490 4877 2895 4943 amicitiamque
2939 4874 3058 4943 ejus
3105 4874 3474 4929 felicissimam

1906 4974 2215 5031 exosculari
2271 4971 2592 5027 suavissime
2644 4979 2700 5024 et
2744 4968 3049 5038 amplecti:
3101 4975 3338 5021 mentem
3394 4965 3476 5021 illi

1907 5080 2152 5125 nostram
2183 5068 2542 5122 exhibeamus
2584 5064 2786 5118 nudam
2830 5070 2885 5116 et
2933 5060 3002 5115 ab
3050 5060 3198 5114 omni
3245 5074 3475 5114 concre-

1910 5164 2058 5217 tione
2088 5159 2333 5215 materia:
2373 5158 2710 5219 defzecatam,
2756 5170 2877 5224 quae
2910 5153 3047 5207 nihil
3086 5152 3267 5207 saeculi
3317 5151 3477 5205 istius

1907 5253 2166 5310 alicunde
2198 5251 2264 5305 ad
2321 5266 2379 5305 se
2410 5250 2661 5311 asciseat,
2689 5246 2872 5300 nullas
2900 5244 3131 5298 advocet
3164 5242 3479 5296 molitiones

236 5354 386 5422 παρὰ
419 5351 592 5405 ἄλλων
626 5348 979 5420 ύδριζόμενον
1010 5346 1271 5414 γενναίως
1307 5345 1528 5416 φέρειν’
1578 5344 1670 5397 καὶ
1716 5344 1805 5395 ού-

1909 5346 2188 5408 fraudum,
2212 5343 2349 5397 nihil
2378 5338 2814 5396 commentitium
2837 5348 2931 5392 aut
2958 5335 3341 5405 sophisticum,
3366 5348 3475 5386 non

236 5442 347 5503 δεῖς
389 5439 771 5510 ταπεινόφρων
812 5436 1230 5504 δικαιολογεῖταί
1270 5451 1421 5487 ποτε.
1468 5434 1676 5502 Ὠσπερ
1714 5429 1805 5486 οὖν

238 5535 449 5604 καρπὸς
484 5532 647 5596 πολὺς
679 5532 923 5600 κάμπτει
956 5529 1168 5591 κλῶνας
1200 5527 1439 5597 δένδρου,
1470 5526 1639 5588 οὓτως
1678 5527 1808 5596 ἁρε-

238 5626 335 5694 τῆς
381 5625 583 5695 πλῆθος
636 5625 883 5677 ταπεινοῖ
929 5622 1184 5693 φρόνημα
1217 5619 1426 5690 ἀνδρός.
1478 5620 1586 5672 Καὶ
1623 5618 1810 5689 ὥσπερ

310 5764 331 5795 ⁸
355 5763 625 5825 Eccl.xrv,
652 5763 741 5817 Ὦ.
822 5762 862 5793 ¹⁰
894 5760 1064 5815 Exod.
1100 5776 1250 5821 mu,
1278 5759 1499 5828 passim.

241 5847 313 5898 Iv,
343 5834 426 5887 15.
507 5836 547 5868 ⁸³
590 5834 729 5890 Psal.
759 5847 937 5895 xxxvi,
968 5832 1055 5884 50.

1580 5759 1617 5789 “
1640 5760 1821 5815 .ludie.
1849 5777 1966 5823 VIII,
1994 5762 2046 5821 9.,
2080 5761 2131 5813 5.
2212 5758 2450 5813 "Jurlic.
2476 5777 2548 5821 vi,
2584 5757 2667 5811 l5.

1136 5832 1178 5861 “
1202 5830 1360 5883 Prov.
1402 5844 1511 5895 xm,
1542 5829 1625 5882 15.
1702 5832 1741 5860 ¹⁷
1783 5833 1925 5885 Psal.
1952 5847 2059 5891 χχι,
2085 5832 2133 5883 7.

1911 5439 2040 5493 item
2071 5434 2509 5491 causificationes
2532 5432 2648 5485 sive
2679 5428 3100 5498 disceptationes
3122 5424 3283 5497 juris.
3309 5423 3481 5477 Aver-

1907 5540 2060 5585 satur
2089 5528 2236 5583 enim
2272 5540 2478 5579 numen
2512 5522 2644 5577 illud
2683 5536 2781 5577 eos
2808 5521 2901 5590 qui
2947 5534 3004 5573 se
3052 5517 3253 5571 adeunt
3284 5528 3478 5583 super-

1907 5620 2096 5675 ciliosa
2140 5616 2376 5687 quadam
2424 5614 2551 5670 freti
2600 5612 2980 5683 persuasione.
3013 5607 3212 5664 Contra
3257 5605 3302 5659 si
3351 5605 3477 5671 quis

2747 5756 2789 5788 ⁸³
2810 5754 2974 5809 Eecli.
2997 5767 3075 5816 ιιι,
3104 5748 3193 5803 20.
3271 5747 3311 5777 ιδ
3332 5743 3473 5797 Psal.

2215 5830 2257 5863 ’⁸
2298 5830 2439 5883 Psal.
2473 5845 2591 5892 Lxx,
2631 5828 2719 5881 18.
