4028 6522
625 418 756 478 1⁸,ι39

1881 409 2247 470 ANTIOCHI
2293 401 2639 469 MONACHI

3698 399 3804 464 1640

617 533 839 588 Dcicola
873 546 934 584 ac
968 529 1091 600 pius
1136 529 1202 582 de
1251 543 1308 582 se
1352 527 1556 597 alioqui
1613 542 1774 596 quam
1826 525 2194 596 abjectissime

2309 521 2480 591 Χάραξ
2526 517 2781 589 βαστάζει
2829 515 3010 570 κλῶνα
3059 514 3428 582 κατάκαρπον,
3480 512 3637 576 οὕτως
3679 516 3807 580 φάεος

618 634 883 696 sentiens,
916 631 1235 698 neutiquam
1269 639 1593 698 turgescens
1628 637 1724 681 aut
1764 626 1934 681 veluti
1964 625 2194 680 extube-

620 747 748 785 rans
780 730 928 784 inani
958 728 1124 791 fastu,
1158 727 1297 781 nihil
1333 737 1538 782 temere
1571 725 1677 781 sibi
1718 725 2002 780 ascribens
2031 722 2197 776 meri-

619 832 804 877 torum
834 821 997 875 tacita
1029 819 1383 888 cogitatione,
1420 818 1590 888 magis
1619 831 1752 871 vero
1789 816 1882 885 qui
1931 830 1989 869 se
2034 811 2202 866 inuti-

619 925 727 979 lem
764 938 882 976 eSse
913 935 1137 975 servum
1189 921 1451 990 deputet;
1497 919 1646 972 hunc
1689 917 1853 971 talem
1901 916 2202 970 clementer

623 1024 853 1094 respicit
879 1021 1167 1085 Dominus,
1201 1022 1431 1091 ejusque
1462 1019 1734 1073 inhabitat
1761 1025 2000 1070 mentem
2030 1014 2204 1085 gratia

621 1124 744 1179 Dei.
780 1121 1097 1177 Verissimaa
1138 1121 1469 1175 humilitatis
1502 1120 1717 1188 insigne
1751 1118 1858 1170 hoc
1887 1124 1992 1180 est,
2028 1114 2206 1168 nullas

627 1225 685 1276 in
716 1223 1028 1292 quempiam
1069 1221 1388 1290 intorquere
1418 1218 1806 1283 contumelias,
1834 1216 1928 1270 sed
1969 1215 2037 1270 ab
2082 1215 2206 1269 aliis

635 1326 692 1378 in
728 1333 779 1377 te
803 1331 1083 1377 contortas
1104 1336 1368 1394 generose
1394 1328 1450 1374 et
1475 1317 1708 1373 infracto
1733 1317 1975 1386 perferre
2002 1314 2202 1367 animo.

638 1424 923 1493 Siquidem
956 1438 1120 1477 nemo
1152 1420 1337 1492 (modo
1368 1421 1413 1474 is
1455 1418 1527 1473 sit
1561 1433 1672 1471 non
1706 1418 1911 1483 fucate)
1959 1414 2205 1476 humilis,

608 1521 732 1587 'qui
773 1521 1126 1576 causiﬁcetur
1153 1528 1248 1573 aut
1287 1528 1470 1588 partes
1513 1533 1755 1588 unquam
1802 1517 2070 1570 sustineat
2119 1524 2205 1566 tuo

634 1612 763 1666 endi
817 1627 895 1666 se.
941 1611 1012 1666 Ut
1049 1610 1196 1665 enim
1224 1610 1480 1663 arborum
1511 1623 1693 1663 ramos
1725 1607 2032 1661 exuberans
2057 1603 2209 1672 copia

631 1702 909 1756 fructuum
944 1701 1202 1756 deorsum
1233 1715 1429 1754 versus
1469 1699 1722 1763 inﬂectit,
1759 1698 1832 1752 ita
1878 1706 1934 1751 et
1967 1694 2210 1750 accessio

635 1793 794 1847 dives
823 1793 1093 1846 virtutum
1123 1807 1347 1846 sensum
1383 1791 1621 1846 hominis
1660 1805 1718 1844 se
1745 1789 2080 1858 possidentis
2117 1787 2211 1840 de-

2299 613 2433 666 Θεοῦ
2460 613 2731 683 ἐνάρετον.
2773 610 2831 663 '0
2859 609 2916 662 δὲ
2948 609 3213 677 μακάριος
3251 606 3455 667 Παῦλος
3488 606 3812 658 numen.»

2299 706 2458 775 ἡμῶν
2493 705 2553 757 τὸ
2597 704 2873 772 φρόνημα,
2907 699 3230 763 ἐπιστέλλει,
3261 698 3468 766 λέγων·
3510 715 3527 746 ι
3571 697 3812 749 Ταλαίπω-

2303 809 2395 861 ρος
2427 790 2538 859 ἐγὼ
2567 790 2872 860 ἄνθρωπος,
2914 786 2996 848 τίς
3041 803 3107 856 με
3136 785 3356 855 ῥύσεται
3387 785 3450 836 ὲκ
3481 783 3569 836 τοῦ
3610 783 3814 852 σώματος

2301 881 2394 934 τοῦ
2424 865 2654 932 θανάτου
2683 876 2910 941 τούτους
2949 895 2967 925 ι
3007 875 3103 928 καὶ
3133 875 3316 937 πάλιν,
3356 892 3376 924 ι
3408 873 3495 936 Ὠς
3527 875 3816 943 περικαθάρ-

2307 987 2449 1042 ματα
2478 968 2573 1021 τοῦ
2613 967 2818 1035 κόσμου
2860 964 3219 1035 ἐγενήθημεν,
3246 968 3461 1016 πάντων
3499 963 3771 1034 περίψημα.
3798 985 3814 1019 ι

2305 1059 2490 1114 Ταῦτα
2537 1058 2594 1110 δὲ
2625 1056 2694 1110 τὰ
2727 1057 2972 1127 ῥήματα,
3005 1053 3499 1123 ταπεινοφροσύνης
3543 1053 3816 1125 ὑπόδειγμα.

2305 1153 2416 1206 Καὶ
2444 1149 2632 1212 αὖθις·
2671 1167 2690 1199 ι
2731 1147 3033 1199 Γινώσκετε
3081 1147 3190 1214 γὰρ
3232 1145 3327 1216 τὴν
3368 1144 3525 1214 χάριν
3563 1143 3650 1196 τοῦ
3694 1147 3818 1210 Θεοῦ,

2307 1243 2387 1296 ὅτι
2421 1242 2487 1294 δι’
2517 1241 2664 1312 ἡμᾶς
2704 1240 3048 1308 ἐπτώχευσεν
3083 1236 3330 1298 πλούσιος
3359 1236 3459 1298 ὢν,
3490 1237 3574 1288 ἵνα
3601 1237 3738 1305 ὑμεῖς
3772 1243 3818 1308 τῇ

2308 1334 2515 1385 ἐκείνου
2547 1330 2790 1399 πτωχείᾳ
2823 1328 3184 1398 πλουτήσητε.
3224 1346 3242 1376 ι
3281 1326 3391 1379 Καὶ
3437 1327 3645 1392 ἐπάγει·
3677 1346 3692 1376 ι
3738 1328 3820 1380 Πα-

2313 1418 2531 1492 ρακαλῶ
2563 1415 2654 1471 οὖν
2685 1416 2795 1486 ἐγὼ
2823 1419 2851 1470 ό
2878 1416 3096 1484 δέσμιος
3124 1417 3182 1467 ὲν
3212 1415 3425 1484 Κυρίῳ,
3457 1413 3615 1477 ἀξίως
3636 1431 3823 1484 περιπα-

2308 1511 2471 1580 τῆσαι
2503 1509 2600 1577 τῆς
2628 1508 2896 1578 κλήσεως,
2917 1502 2985 1576 ἦς
3013 1505 3278 1576 ἐκλήθητε
3313 1505 3453 1575 μετά
3482 1507 3654 1574 πάσης
3677 1522 3824 1557 ταπει-

2310 1600 2648 1670 νοφροσύνης
2677 1599 2773 1652 καὶ
2805 1597 3133 1670 πραότητος,
3193 1602 3331 1666 μετὰ
3371 1595 3728 1666 μακροθυμίας
3759 1598 3827 1649 ἀν-

2311 1691 2561 1759 εχόμενοι
2608 1687 2850 1758 ἀλλήλων
2893 1689 2950 1738 ὲν
2997 1685 3208 1756 ἀγάπῃ.
3263 1703 3282 1735 ι
3314 1685 3426 1738 Καὶ
3457 1683 3826 1752 ὲπιφέρειμΐὸ

2312 1779 2540 1848 ὕστερον
2570 1779 2808 1841 πάντων,
2857 1775 3101 1845 ὡσπερεὶ
3128 1774 3207 1844 τῷ
3247 1773 3561 1844 ἐκτρώματι
3587 1771 3725 1840 ὤφθη
3748 1775 3824 1826 κά-

635 1883 806 1937 mittit
835 1893 998 1950 atque
1033 1881 1304 1936 humiliat.
1343 1881 1577 1946 Rursus,
1597 1878 2070 1948 quemadmodum
2099 1885 2209 1930 sta-

2315 1870 2424 1939 μοί.
2479 1866 2621 1935 Ἐγὼ
2663 1867 2772 1937 γάρ
2820 1869 2935 1936 εἰμι
2967 1869 2994 1919 ὁ
3023 1865 3303 1934 ἐλάχιστος
3342 1866 3560 1916 πάντων
3597 1863 3694 1916 τῶν
3721 1865 3826 1917 ἁπο-

640 1983 826 2024 tumen
857 1980 952 2024 aut
993 1970 1168 2024 vinea:
1218 1969 1608 2038 pedamentum
1654 1984 1866 2022 ramum
1907 1967 2212 2022 communit

644 2077 710 2116 ac
742 2062 966 2130 gestitat
997 2060 1278 2114 fructuum
1309 2061 1560 2114 ubertate
1590 2067 1985 2128 praegnantem,
2019 2057 2092 2110 ita
2137 2057 2210 2110 ti-

638 2167 761 2204 mor
804 2151 900 2204 Dei
951 2165 1076 2204 eum
1125 2150 1404 2214 suﬂ‘ulcit,
1457 2150 1553 2218 qui
1594 2133 1801 2204 virtute
1851 2147 2082 2201 adornat
2129 2161 2207 2200 se.

639 2243 841 2296 Beatus
889 2242 982 2296 ille
1019 2241 1222 2296 Paulus
1267 2249 1574 2294 extenuans
1613 2254 1678 2294 ac
1726 2237 2077 2307 supprimens
2105 2251 2209 2290 no-

639 2343 816 2390 strum
864 2335 1012 2388 hunc
1038 2334 1262 2396 fastum,
1290 2347 1390 2402 per
1441 2331 1728 2402 epistolam
1778 2330 1956 2384 dicit:
1997 2347 2015 2379 ‹
2051 2329 2214 2382 Miser

640 2440 741 2495 ego
791 2425 978 2489 homo,
1017 2425 1142 2493 quis
1192 2438 1278 2478 me
1332 2422 1589 2477 liberabit
1639 2421 1707 2476 de
1755 2435 1983 2490 corpore
2022 2419 2216 2474 mortis

639 2515 807 2583 hujus
838 2513 925 2565 u’?
960 2531 978 2564 ι
1008 2513 1214 2566 lterum
1245 2529 1259 2565 :
1304 2533 1323 2564 ι
1366 2511 1432 2566 Ut
1475 2519 1830 2581 purgamenta
1861 2510 2052 2564 mundi
2088 2509 2213 2564 facti

643 2619 858 2669 sumus,
887 2603 1134 2658 omnium
1181 2603 1489 2674 peripsema
1531 2604 1597 2655 '°.
1642 2622 1660 2654 ι
1695 2601 1819 2656 Haec
1852 2616 2020 2672 porro
2047 2601 2215 2655 verba

643 2696 701 2750 in
733 2695 1046 2764 exemplum
1088 2695 1266 2764 posita
1301 2703 1431 2750 sunt
1477 2694 1821 2749 insinuanda
1865 2693 2212 2748 humilitatis.

644 2788 897 2843 Rursus:
931 2806 950 2838 ι
997 2786 1323 2856 Cognoscite
1374 2787 1604 2858 gratiam
1656 2787 1775 2852 Dei,
1819 2787 1949 2855 quia
1993 2794 2218 2855 propter

643 2895 748 2934 nos
769 2879 923 2934 dives
957 2894 1080 2934 cum
1121 2887 1288 2943 esset,
1321 2894 1528 2948 pauper
1557 2878 1734 2932 factus
1761 2888 1866 2941 est,
1903 2885 1962 2930 ut
2003 2891 2104 2930 nos
2148 2875 2214 2928 il-

642 2968 754 3024 lius
810 2978 1130 3039 paupertate
1177 2969 1380 3024 divites
1433 2984 1680 3023 essemus
1725 2970 1792 3021 ".
1870 2986 1889 3018 ι
1954 2967 2214 3021 lnducit:

652 3079 672 3110 ς
714 3058 955 3113 Obsecro
984 3060 1165 3127 itaque
1194 3074 1294 3113 vos
1321 3074 1423 3128 ego
1444 3059 1662 3113 vinctus
1691 3059 1746 3111 in
1780 3057 2031 3119 Domino,
2058 3056 2219 3126 digne

650 3159 713 3203 ut
743 3150 1086 3203 ambulemus
1132 3150 1417 3204 vocatione
1461 3166 1566 3218 qua
1615 3151 1793 3203 vocati
1830 3163 2042 3211 sumus,
2091 3163 2218 3201 cum

648 3241 800 3295 omni
834 3240 1146 3295 humilitate
1172 3250 1228 3294 et
1253 3241 1696 3304 mansuetudine,
1729 3256 1853 3295 cum
1887 3240 2215 3310 longanimi-

650 3338 762 3384 tate
791 3339 1183 3399 supportantes
1216 3331 1450 3385 invicem
1484 3332 1538 3384 in
1579 3331 1844 3384 charitate
1888 3332 1951 3384 ²¹.
1994 3349 2012 3380 ι
2049 3331 2214 3384 Deni-

650 3437 758 3488 que
804 3422 1004 3476 infert:
1041 3441 1060 3474 ι
1095 3424 1380 3477 Postremo
1404 3422 1649 3476 omnium
1681 3431 1934 3491 tanquam
1968 3421 2216 3475 abortivo

649 3514 802 3566 visus
829 3521 913 3568 est
957 3523 1014 3568 et
1038 3513 1194 3567 mihi.
1230 3514 1440 3585 1134
1482 3515 1593 3584 Ego
1631 3514 1776 3567 enim
1805 3530 1924 3567 sum
1957 3513 2216 3568 minimus

652 3605 1045 3673 apostolorum,
1088 3606 1181 3674 qui
1228 3621 1338 3659 non
1372 3621 1491 3659 sum
1524 3606 1720 3675 dignus
1763 3605 1949 3659 vocari
1997 3614 2215 3673 aposto-

2313 1961 2532 2013 στόλων.
2571 1961 2666 2022 Ὃς
2717 1961 2816 2012 οὐκ
2855 1960 2972 2028 εἰμί
3016 1957 3163 2022 ἄξιος
3193 1957 3460 2028 κληθῆναι
3500 1955 3823 2016 ἀπόστολος.»

2313 2053 2467 2124 [διότι
2492 2052 2684 2116 ἐδίωξα
2720 2052 2818 2120 τὴν
2845 2049 3174 2120 Ἐκκλησίαν
3200 2049 3294 2103 τοῦ
3316 2046 3504 2119 Θεοῦ.]
3548 2048 3606 2100 '0
3633 2047 3714 2101 οὖν
3739 2047 3828 2116 βον-

2310 2144 2534 2216 λόμενος
2585 2143 2886 2215 κτήσασθαι
2923 2142 3022 2212 τὴν
3069 2139 3402 2212 θεοδὼρητον
3444 2141 3640 2210 ταύτην
3675 2141 3825 2210 ἀρετὴν

2309 2239 2407 2309 τῆς
2444 2235 2966 2307 ταπεινοφροσύνης,
3017 2234 3113 2287 καλ⁵
3145 2236 3357 2303 φυγεῖν,
3405 2231 3586 2294 καθὼς
3626 2231 3826 2301 προείρη·

2310 2347 2423 2395 ται,
2452 2331 2542 2382 τὸν
2568 2330 2795 2399 μάταιον
2837 2329 2930 2381 καὶ
2974 2325 3333 2396 θεοστύγητον
3365 2325 3530 2392 ὄγκον
3581 2323 3671 2394 τῆς
3702 2326 3825 2394 ὑπερ-

2313 2419 2571 2488 ηφανίας,
2611 2417 2775 2488 μηδὲν
2801 2415 3184 2486 παραλειπὲτω
3221 2415 3330 2468 τῶν
3370 2413 3740 2468 συντελούντων
3773 2417 3827 2476 εἰς

2313 2512 2413 2581 τὴν
2446 2509 2784 2580 κατόρθωσιν
2813 2509 3002 2577 αὐτῆς,
3038 2507 3152 2559 ἀλλ’
3193 2506 3334 2559 ἔστω
3373 2507 3523 2574 αὺτῷ
3556 2508 3642 2558 καὶ
3672 2507 3826 2576 σχῆμα,

2315 2603 2409 2655 καὶ
2436 2602 2672 2671 ἱμάτιον,
2702 2601 2798 2654 καὶ
2831 2599 3090 2670 βάδισμα,
3126 2598 3221 2651 καὶ⁸
3258 2598 3520 2668 καθέδρα,
3559 2597 3648 2652 καὶ
3678 2600 3825 2668 τροφὴ,

2315 2695 2410 2746 καὶ
2435 2695 2715 2763 στρωμνή,
2746 2694 2840 2746 καὶ
2868 2693 3043 2759 λόγος,
3091 2691 3185 2743 καὶ¹
3236 2691 3477 2760 κίνησις,
3521 2690 3612 2742 καὶ
3640 2689 3826 2759 βλέμμα,

2317 2787 2414 2839 καὶ
2443 2788 2477 2856 ή
2508 2785 2643 2854 πρὸς
2667 2785 2758 2837 τὸν
2787 2785 3014 2852 πλησίον
3059 2781 3318 2847 ἔντευξις,
3352 2783 3532 2835 πάντα
3561 2783 3684 2852 πρὸς
3717 2781 3829 2833 εὖτέ·

2315 2877 2467 2930 λειαν
2496 2877 2802 2948 ἠσκημένα.
2834 2875 2946 2946 Πρὸ
2969 2876 3182 2928 πάντων
3207 2874 3263 2926 δὲ
3293 2875 3352 2926 ὲν
3377 2873 3566 2943 μηδενὶ
3588 2873 3829 2924 πιστευέτω

2319 2965 2520 3035 ἑαυτῷ,
2547 2966 2659 3018 ἀλλ’
2687 2964 3074 3017 ὑποτασσέσθω
3100 2962 3178 3032 τῷ
3209 2963 3459 3032 πλησίον,
3482 2963 3574 3014 καὶ
3594 2961 3831 3014 δουλευέτω

2319 3057 2488 3127 αὐτῷ,
2543 3057 2889 3128 μεμνημένος
2935 3055 3030 3108 τοῦ
3081 3054 3308 3126 Κυρίου,
3360 3054 3437 3125 μὴ
3483 3053 3829 3119 ἀπαξιώσαντος

2320 3150 2469 3217 νῖψαι
2503 3149 2626 3210 τοὺς
2669 3148 2832 3209 πόδας
2858 3147 2966 3199 τῶν
3001 3145 3191 3198 ἑαυτοῦ
3229 3145 3522 3215 μαθητῶνο
3558 3144 3643 3196 καὶ
3665 3143 3830 3213 εἰρηκό-

2321 3257 2413 3303 τος
2432 3257 2445 3271 ’
2488 3259 2505 3290 ι
2557 3238 2888 3308 Ὑπόδειγμα
2916 3237 3024 3308 γὰρ
3072 3238 3199 3306 ὑμῖν
3225 3236 3434 3290 δέδωκα
3464 3256 3482 3286 ι
3514 3238 3607 3306 τῆς
3632 3252 3829 3287 ταπεινο-

2325 3331 2617 3402 φροσύνης,
2653 3348 2672 3380 ι
2701 3331 2788 3383 ἵνα
2821 3329 3002 3392 καθὼς
3044 3328 3155 3396 ἐγὼ
3186 3328 3420 3397 ἐποίησα
3441 3329 3586 3396 ὑμῖν,
3615 3326 3699 3379 καὶ
3717 3327 3831 3393 ὑμεῖς

2322 3423 2511 3492 ποιῆτε
2547 3420 2816 3490 ἀλλήλοις.
2860 3440 2878 3472 ι
2917 3422 2978 3473 El
3009 3421 3180 3473 ταῦτα
3219 3420 3420 3480 οἴδατε,
3457 3418 3699 3488 μακάριοί
3723 3419 3828 3479 ἐστε,

2323 3511 2416 3564 ἐὰν
2467 3510 2660 3579 ποιῆτε
2711 3509 2868 3563 αὑτά.
2916 3509 3074 3579 Αὐτῷ
3117 3512 3149 3581 ή
3194 3509 3322 3576 δόξα
3363 3511 3447 3572 είς
3486 3511 3606 3572 τοὺς
3659 3508 3816 3569 αἰῶνας

2336 3604 2390 3655 Ἀ
2401 3604 2526 3672 μήν.

653 3696 741 3750 lus
765 3698 828 3749 ³⁸.
860 3715 876 3746 ι
905 3695 1166 3764 Quisquis
1195 3695 1360 3765 igitur
1385 3696 1568 3750 studet
1589 3694 1845 3764 indipisci
1874 3695 2134 3747 virtutem
2157 3693 2504 3752 humilitatis.
2534 3705 2656 3760 qua:
2688 3705 2718 3743 a
2747 3689 2864 3743 solo
2888 3689 3001 3742 Deo
3036 3699 3392 3760 prazrogatur,
3421 3691 3679 3758 simulque
3704 3689 3830 3742 decli-

653 3801 788 3841 nare
835 3793 1118 3854 parentem
1172 3786 1449 3850 vanitatis,
1519 3785 1630 3839 Deo
1682 3784 1860 3838 modis
1929 3782 2186 3836 omnibus
2256 3779 2491 3833 invisum
2587 3786 2853 3830 tumorem
2913 3778 3222 3846 superbiae,
3279 3794 3382 3832 ceu
3444 3780 3595 3848 prius
3675 3778 3830 3832 dictum

653 3879 792 3933 mihi
833 3890 937 3946 est,
973 3881 1107 3934 nihil
1154 3881 1373 3936 omittat
1418 3896 1613 3935 eorum
1678 3896 1799 3950 quae
1865 3879 2182 3934 conducunt
2225 3877 2291 3930 ad
2332 3875 2633 3944 parandum
2665 3874 2993 3928 humilitatis
3046 3874 3345 3944 legitimam
3396 3875 3735 3934 functionem,
3764 3872 3829 3925 sed

654 3971 749 4023 tali
819 3970 1000 4025 adsint
1056 3971 1314 4037 habitus,
1366 3971 1627 4041 pallium,
1684 3971 1963 4033 incessus,
2019 3967 2211 4031 sedile,
2252 3965 2547 4028 alimonia,
2597 3974 2822 4028 stratus,
2867 3979 3084 4029 sermo,
3165 3965 3281 4034 ipse
3348 3966 3594 4035 corporis
3674 3973 3829 4023 motus,

654 4070 941 4132 aspectus,
996 4080 1320 4135 congressus
1400 4080 1524 4119 cum
1569 4065 1818 4134 proximo
1863 4078 1928 4117 ac
1980 4060 2233 4116 familiari
2273 4060 2632 4129 colloquium,
2691 4057 2926 4126 denique
2949 4073 3071 4126 qua:
3104 4057 3174 4112 ab
3204 4058 3299 4112 illo
3337 4075 3467 4114 cum
3503 4059 3674 4114 labore
3713 4059 3829 4117 fiunt,

654 4155 724 4208 ad
761 4155 1129 4224 frugalitatem
1173 4167 1228 4211 et
1271 4157 1663 4227 parcimoniam
1714 4166 1964 4228 spectent
2011 4157 2212 4210 omnia.
2253 4155 2313 4208 In
2342 4153 2538 4224 primis
2577 4167 2678 4206 suo
2707 4151 2774 4205 de
2809 4167 2866 4205 se
2889 4151 3098 4221 judicio
3153 4169 3224 4207 ne
3253 4168 3311 4207 se
3355 4162 3530 4208 totum
3589 4151 3829 4222 permittat,

658 4260 870 4298 memor
897 4246 968 4300 sit
993 4246 1231 4311 Domini,
1264 4248 1360 4315 qui
1393 4263 1740 4316 nequaquam
1803 4247 2084 4318 indignum
2144 4245 2298 4299 duxit
2337 4244 2663 4298 submittere
2693 4257 2751 4296 se
2789 4241 3035 4296 lavandis
3079 4243 3476 4313 discipulorum
3514 4243 3737 4314 pedibus,
3764 4242 3828 4309 qui

657 4341 714 4387 et
736 4333 874 4386 dixit
911 4351 924 4386 :
973 4353 990 4384 ι
1041 4335 1360 4404 Exemplum
1409 4337 1555 4390 enim
1605 4337 1727 4391 dedi
1763 4337 1939 4400 vobis,
1981 4355 2000 4388 ι
2031 4350 2225 4405 nempe
2265 4331 2609 4398 humilitatis,
2645 4350 2667 4384 ι
2697 4341 2758 4385 ιιι
2808 4333 3270 4400 quemadmodum
3315 4334 3421 4389 feci
3473 4336 3623 4390 vobis
3647 4375 3660 4398 ,
3695 4342 3830 4388 etvos

659 4420 870 4478 faciatis
904 4424 1137 4478 invicem
1171 4425 1236 4477 ”.
1275 4443 1294 4476 ι
1339 4426 1396 4479 Si
1431 4426 1545 4480 haec
1574 4426 1747 4490 scitis,
1793 4425 1937 4480 beati
1983 4425 2141 4480 eritis
2171 4423 2216 4478 si
2252 4422 2493 4478 feceritis
2518 4437 2603 4476 ea.
2635 4419 2742 4490 Ipsi
2773 4420 2948 4490 gloria
2989 4422 3045 4474 in
3084 4423 3304 4478 saecula.
3346 4426 3543 4480 Amen.

1184 4563 1472 4619 llOMILIA
1511 4563 1699 4618 LXXI.

861 4675 933 4727 De
961 4691 1020 4727 eo
1051 4674 1186 4744 quod
1215 4675 1454 4743 proximo
1488 4674 1891 4727 condonandum
1927 4673 2014 4727 sit.

733 4787 801 4841 Ut
829 4786 1076 4854 proximo
1101 4785 1353 4854 ignoscas
1385 4785 1440 4838 in
1482 4783 1826 4853 plenitudine
1871 4781 2073 4848 cordis,
2118 4781 2224 4836 Do-

663 4878 923 4930 ntinicunt
959 4885 1111 4943 urget
1172 4884 1221 4928 te
1256 4875 1599 4938 mandatum,
1636 4873 1892 4927 universo
1939 4873 2220 4926 hominum

663 4967 855 5037 generi
889 4965 1133 5034 apprime
1167 4966 1531 5020 salutiferum.
1581 4964 1797 5017 Domini
1842 4973 2022 5016 autem
2074 4979 2226 5016 man-

664 5060 855 5112 datum
889 5066 1091 5110 aeterna
1134 5066 1219 5110 est
1250 5057 1380 5110 vita.
1416 5056 1602 5124 Itaque
1648 5053 2008 5108 condonanda
2045 5055 2228 5122 proxi—

661 5152 786 5212 mis,
830 5149 1044 5202 veniam
1090 5148 1192 5217 ipsi
1229 5148 1604 5216 impetramus.
1638 5146 1732 5200 Sin
1789 5147 2131 5200 remittemus
2159 5163 2224 5200 ex

661 5239 867 5305 animo,
898 5251 1085 5294 nostra
1110 5240 1351 5309 ipsorum
1381 5245 1602 5308 peccata
1643 5253 1738 5306 per
1771 5237 1875 5291 hoc
1907 5241 2061 5306 quasi
2089 5254 2224 5306 quo-

663 5332 807 5400 piam
858 5332 1140 5402 signaculo
1169 5332 1511 5401 insignimus,
1561 5346 1628 5384 ne
1664 5329 1877 5383 veniam
1913 5345 2226 5398 promerea-

663 5438 808 5476 mur.
839 5422 973 5489 Quis
1013 5424 1177 5493 igitur
1215 5423 1453 5493 (sapiens
1480 5422 1644 5476 modo
1686 5421 1774 5490 sit)
1809 5421 1902 5490 qui
1945 5437 2068 5476 cum
2107 5437 2224 5474 ma-

661 5530 902 5585 gnopere
928 5518 1113 5586 cupiat
1137 5531 1361 5571 suorum
1387 5531 1486 5570 nec
1515 5515 1612 5568 ulli
1639 5514 2100 5569 numerandorum
2132 5514 2227 5566 de—

735 5631 776 5676 ‘I’
815 5646 971 5701 Rom.
996 5661 1087 5712 vn,
1113 5645 1203 5700 24.
1280 5645 1324 5675 ¹⁰
1360 5643 1529 5699 lCor.
1564 5659 1634 5709 tv,
1677 5641 1756 5695 l5.
1835 5644 1874 5674 ²¹
1919 5643 1960 5697 ll
1985 5641 2107 5696 Cor.
2142 5659 2250 5707 vm,
2279 5642 2332 5697 9.
2408 5641 2669 5710 "Ephcs.
2706 5659 2774 5707 IV,
2811 5643 2858 5700 l.
2889 5643 2941 5696 2.
3019 5645 3062 5675 ³³
3102 5645 3121 5698 l
3151 5643 3274 5699 Cor.
3307 5662 3395 5711 xv,
3423 5647 3475 5710 8,
3501 5646 3547 5701 9.

663 5731 777 5777 xm,
817 5715 899 5768 l5.

2922 4559 3137 4612 ΛΟΓΟΣ
3175 4561 3298 4614 OA'.

2581 4676 2720 4741 Περὶ
2754 4671 2860 4726 τοῦ
2898 4673 3233 4743 συγχωρεῖν
3280 4673 3361 4738 τῷ
3387 4677 3640 4743 πλησίω.

2401 4784 2474 4838 Τὸ
2502 4788 2804 4854 συγχωρεῖν
2828 4785 2905 4855 τῷ
2932 4785 3159 4855 πλησίον
3173 4785 3282 4840 ἀπὸ
3309 4788 3557 4858 καρδίας,
3587 4785 3824 4851 damnaui

2330 4875 2516 4947 ὲντολή
2548 4879 2714 4940 ἐστιν,
2765 4877 2859 4928 καὶ
2913 4882 3179 4949 σωτήριος
3235 4881 3400 4932 πᾶσιν
3452 4879 3748 4950 ἀνθρώποις.
3783 4877 3824 4926 Ἡ

2331 4968 2438 5037 γὰρ
2465 4968 2653 5036 ἐντολὴ
2695 4967 2858 5021 αὑτοῦ
2883 4968 2994 5039 ζωὴ
3026 4969 3240 5034 αἰώνιός
3264 4973 3435 5026 ἐστιν.
3481 4973 3600 5025 Ἐὰν
3625 4971 3707 5024 οὖν
3732 4985 3824 5034 συγ-

2332 5055 2638 5126 χωροῦμεν,
2694 5059 3153 5128 συγχωρούμεθα’
3203 5061 3298 5114 ἐὰν
3331 5061 3389 5114 δὲ
3429 5062 3523 5132 μὴ,
3565 5055 3826 5129 ἐπισφραγί-

2332 5147 2497 5214 ζομεν
2529 5146 2628 5209 τὰς
2658 5147 2868 5200 ἑαυτῶν
2897 5148 3193 5217 ἁμαρτίας.
3221 5150 3317 5213 Τίς
3337 5146 3429 5204 οὖν
3455 5153 3630 5220 σοφὸς,
3655 5153 3680 5203 ό
3701 5148 3825 5200 θέλων

2329 5241 2510 5306 τυχεῖν
2539 5239 2637 5308 τῆς
2675 5239 2922 5306 ἀφέσεως
2960 5240 3067 5292 τῶν
3105 5241 3490 5313 ἀναριθμήτων
3517 5241 3666 5295 αύτοῦ
3690 5240 3826 5307 πλημ-

2335 5330 2684 5400 μελημάτων,
2717 5329 2792 5400 μὴ
2825 5331 2964 5400 μετὰ
2991 5332 3164 5400 χαρᾶς
3193 5333 3396 5402 ἀφήσει
3433 5333 3510 5403 τῷ
3533 5332 3732 5402 πλησίον
3757 5328 3826 5382 σὺν

2330 5423 2424 5475 τοῦ
2453 5421 2520 5473 τά
2553 5421 2809 5490 ἐλάχιστα
2832 5420 3215 5490 ὲλαττώματα;
3247 5423 3322 5475 06
3359 5422 3512 5492 μόνον
3541 5422 3593 5475 δὲ
3618 5423 3644 5473 ὁ
3672 5417 3825 5486 Κύρυις

2333 5511 2490 5566 τοῦτο
2521 5511 2822 5564 ἐντέλλεται
2857 5514 2989 5581 ἡμῖν
3033 5517 3230 5575 ποιεῖν,
3276 5513 3415 5566 ἀλλά
3447 5516 3535 5566 καὶ
3571 5513 3700 5583 ἔργῳ
3729 5509 3824 5576 ἡμῖν

3635 5645 3674 5675 ’δ
3703 5644 3823 5699 Joan.
