4028 6518
272 369 291 430 1
306 365 394 428 “ai-1

1037 361 1365 420 HOMILIA
1407 360 1647 421 LXXII.
1685 383 1753 392 -
1788 359 2166 418 ORANDUM
2205 357 2353 418 PRO
2395 358 2733 419 INVICEM.

3380 363 3513 429 1642

265 479 544 546 ὑπέδειξεν
575 475 690 539 πῶς
715 476 798 529 δεῖ
820 474 990 544 αὐτὴν
1013 473 1273 527 ἐκτελεῖν.
1315 473 1404 526 Ἐν
1438 474 1546 543 γάρ
1567 473 1644 543 τῷ
1666 489 1832 526 σταυ-

1958 473 2191 526 ictorum
2244 472 2454 542 perfrui
2511 472 2900 538 absolutione,
2948 491 3058 531 non
3116 493 3240 534 cum
3306 482 3512 552 ingenti

265 574 342 646 ρῷ
371 572 446 624 ῶν
476 568 778 638 παρεκάλει
814 566 954 636 ὑπὲρ
975 564 1085 618 τῶν
1118 565 1197 628 εἰς
1229 563 1391 646 αύτδν
1418 565 1834 634 ἀνομησάντων,

262 644 354 720 τδν
375 659 568 716 ἑαυτοῦ
599 661 838 730 Πατέρα,
867 657 1063 726 λέγων·
1095 676 1112 708 ι
1152 644 1362 727 Πάτερ,
1375 656 1510 725 ἄφες
1532 657 1716 720 αὐτοῖς
1742 655 1837 727 τὴν

264 752 540 825 ἁμαρτίαν
571 750 794 821 ’ταύτην⁸
823 749 883 804 οὐ
912 749 1023 820 γὰρ
1043 749 1249 803 οἴδασιν
1277 748 1330 802 τί
1353 749 1620 804 ποιοῦσιν.
1654 768 1672 800 ι
1709 749 1837 802 Ἰδοὺ

263 850 290 899 6
322 843 732 912 εὔσπλαγχνος,
787 841 882 894 καὶ
940 839 1292 910 ὑπεράγαθος
1341 838 1838 910 ὑπεραπολογεῖται

265 936 404 1006 ὑπὲρ
430 915 841 1000 αὑτῶνξλέγων
863 948 878 964 ’
925 951 944 984 ι
980 933 1053 985 Ού
1086 932 1195 1003 γὰρ
1224 932 1431 986 οἴδασιν
1461 933 1514 985 τί
1539 934 1834 988 ποιοῦσιν.»

267 1029 373 1082 Καὶ
399 1027 504 1098 πρὸ
518 1024 706 1080 τούτου
732 1026 789 1078 δὲ
811 1025 919 1078 τῶν
950 1025 1208 1096 μαθητῶν
1227 1026 1678 1094 ἀγανακτούντων
1700 1029 1842 1083 κατά

264 1137 426 1174 τινων
461 1116 821 1188 Σαμαρειτῶν
865 1115 938 1186 μὴ
981 1115 1294 1186 δεξαμένων
1337 1116 1555 1182 αὐτοὺς,
1609 1119 1705 1172 καὶ
1753 1121 1841 1172 αἰ-

265 1210 501 1266 τούντων
556 1208 804 1280 θεηλάτῳ
849 1209 985 1279 πυρὶ
1036 1207 1381 1278 ἀναλωθῆναι
1410 1208 1628 1274 αὐτοὺς,
1661 1210 1840 1263 ἐπετί-

267 1318 441 1373 μησεν
471 1301 677 1366 αὐτοῖς,
711 1299 905 1368 λέγων,
937 1318 956 1352 ι
995 1299 1110 1352 Οὐκ
1133 1299 1310 1353 οἴδατε
1343 1299 1499 1352 ποίου
1532 1299 1842 1372 πνεύματός

266 1397 409 1447 ἐστε.
444 1411 463 1446 ι
501 1391 816 1456 Τουτέστιν,
860 1389 955 1444 τοῦ
990 1392 1191 1461 πράου,
1227 1391 1320 1445 καὶ
1349 1390 1579 1460 ἀγαθοῦ.
1614 1392 1687 1445 Τὸ
1713 1393 1844 1446 αὐτὸ

221 1481 226 1484 ’
261 1487 320 1540 δὲ
352 1487 449 1539 καὶ
479 1485 566 1538 διὰ
596 1484 704 1538 τῶν
751 1483 1050 1554 προφητῶν
1078 1483 1385 1538 ἐκδιδάσκει
1422 1486 1592 1554 ἡμᾶς.
1621 1486 1787 1555 Φησὶν
1817 1487 1844 1538 6

267 1577 577 1648 Ζαχαρίας,
614 1595 633 1628 ι
679 1578 867 1648 Κρῖμα
909 1577 1116 1632 δίκαιον
1149 1577 1394 1647 κρίνατε,
1430 1577 1527 1630 καὶ
1564 1576 1714 1639 ἔλεος
1751 1577 1844 1630 καὶ

265 1670 551 1740 οἷκτιρμδν
584 1671 792 1722 ποιεῖτε
820 1669 1054 1732 ἕκαστος
1086 1669 1223 1739 πρὸς
1251 1668 1342 1722 τὸν
1369 1669 1598 1738 ἀδελφὸν
1620 1669 1838 1724 αὑτοῦ.»

271 1763 378 1815 Καὶ
420 1765 448 1816 6
496 1761 702 1825 Παῦλός
760 1778 949 1832 φησιν,
987 1778 1004 1811 ι
1045 1759 1270 1813 Γίνεσθε
1306 1755 1400 1813 οῦν
1450 1763 1530 1824 εἰς
1578 1760 1843 1830 ἀλλήλους

267 1852 518 1922 χρηστοὶ,
553 1829 942 1921 εὔσπλαγχνοι,
981 1850 1221 1921 μιμηταὶ
1251 1850 1343 1904 τοῦ
1378 1850 1536 1915 Θεοῦ,
1571 1852 1646 1914 ώς
1674 1829 1838 1904 τέκνα
1878 1829 1915 1883 Β

267 1945 549 2015 ἀγαπητὰ,
574 1942 923 2016 χαριζόμενοι
957 1944 1191 2006 ἑαυτοῖς,
1224 1943 1405 2006 καθὼς
1436 1944 1529 1997 καὶ
1565 1945 1592 1997 6
1627 1943 1758 2006 Θεὸς
1784 1945 1840 1996 ἐν

267 2035 488 2107 Χριστῷ
518 2035 812 2106 ἐχαρίσατο
841 2035 990 2104 ὑμῖν.
1039 2053 1056 2085 ι
1108 2035 1166 2086 Ὀ
1200 2034 1255 2086 δὲ
1280 2036 1568 2106 προφήτης
1605 2036 1838 2102 Ἀδδιοὺ,

270 2145 290 2179 ‹
310 2127 404 2178 Ὀν
420 2126 618 2196 τρόπον
645 2124 972 2195 πεποίηκας,
1003 2123 1154 2176 ἔσται
1183 2141 1263 2177 σοι
1286 2125 1479 2190 οὕτως·
1510 2127 1602 2179 καὶ
1627 2126 1687 2180 τὸ
1719 2129 1844 2180 ἀντ-

271 2212 524 2283 απόδομά
542 2230 636 2265 σου
671 2213 1185 2282 ἁνταποδοθήσεταί
1214 2230 1296 2266 σοι
1325 2215 1405 2277 είς
1423 2217 1666 2285 κεφαλήν
1688 2233 1802 2271 σου.
1817 2236 1836 2268 ι

279 2303 602 2373 Ὀφείλομεν
628 2299 721 2357 οῦν
746 2304 1093 2374 συμπάσχειν
1116 2305 1208 2358 καὶ
1229 2307 1539 2376 συγχωρεῖν
1567 2306 1839 2376 ἀλλήλοις,

266 2395 351 2447 ὅτι
380 2395 438 2448 ἓν
469 2394 628 2465 σῶμά
665 2396 834 2465 ἐσμεν
883 2398 978 2449 καὶ
1023 2395 1267 2466 ἀλλήλων
1299 2397 1458 2466 μέλη,
1497 2397 1593 2452 καὶ
1627 2399 1686 2451 τὸ
1715 2398 1845 2452 αὐτὸ

266 2483 556 2553 ὀφείλομεν
606 2484 747 2554 ὑπὲρ
799 2484 1044 2556 ἀλλήλων
1081 2487 1299 2555 φρονεῖν
1328 2501 1342 2514 °
1379 2486 1703 2558 φοϐούμενοι
1747 2489 1844 2542 καὶ

267 2575 367 2646 τὴν
393 2576 557 2629 αὐτοῦ
591 2576 688 2629 τοῦ
738 2579 945 2649 Κυρίου
991 2579 1229 2648 φοϐεράν
1278 2580 1574 2649 ἀπόφασιν,
1611 2581 1706 2634 καὶ
1738 2581 1845 2636 ἀπὸ

269 2667 500 2738 καρδίας
546 2671 1000 2740 συγχωρήσωμεν
1041 2671 1314 2740 ἀλλήλοις.
1364 2668 1532 2727 Εἶπεν
1567 2672 1712 2744 γὰρ,
1763 2673 1845 2726 ὅτι

268 2759 458 2823 Οὕτως
492 2761 707 2830 ποιήσει
731 2762 859 2828 ὑμῖν
885 2763 914 2814 6
949 2763 1137 2834 Πατήρ
1169 2780 1268 2832 μου
1296 2765 1323 2816 6
1347 2765 1616 2834 οὐράνιος,
1643 2765 1738 2818 ἐὰν
1771 2764 1844 2834 μὴ

269 2854 448 2923 ἀφῆτε
488 2853 718 2917 ἕκαστος
764 2852 841 2925 τῷ
879 2853 1092 2925 ἀδελφῷ
1122 2855 1288 2908 αὑτοῦ
1318 2855 1426 2909 ἀπὸ
1461 2857 1570 2910 τῶν
1610 2859 1846 2929 καρδιῶν

269 2943 299 2995 ύ
309 2944 427 3015 μῶν
456 2943 524 2997 τὰ
551 2944 979 3016 παραπτώματα
1011 2946 1207 3000 αὐτῶν.
1247 2964 1265 2998 ι
1307 2947 1470 3000 Δοῦλε
1497 2948 1626 3018 γὰρ,
1658 2949 1844 3018 φησὶν,

273 3036 502 3107 πονηρὲ,
523 3039 702 3090 πᾶσαν
730 3038 830 3107 τὴν
863 3039 1082 3108 ὀφειλὴν
1112 3039 1326 3110 ἐκείνην
1360 3040 1547 3110 ἀφῆκά
1578 3057 1692 3106 σοι,
1720 3043 1847 3094 ἐπεὶ

273 3127 661 3194 παρεκάλεσάς
706 3143 797 3196 με,
829 3129 929 3180 οὐκ
961 3127 1067 3180 ἔδει
1110 3129 1204 3181 καὶ
1248 3129 1328 3195 σὲ,
1358 3130 1578 3200 ἐλεῆσαι
1608 3131 1696 3184 τὸν
1725 3131 1848 3184 σύν-

271 3217 458 3270 δουλόν
494 3235 608 3284 σου,
644 3219 719 3283 ὼς
748 3218 902 3288 κάγώ
928 3237 986 3272 σε
1015 3220 1250 3291 ὴλιξησα;
1278 3221 1371 3275 καὶ
1401 3222 1678 3294 ὀργισθεὶς
1708 3241 1848 3294 παρ-

270 3308 477 3362 έδωκεν
518 3309 679 3362 αὑτὸν
731 3315 842 3374 τοῖς
891 3313 1266 3382 βασανισταῖς,
1296 3312 1400 3377 ἕως
1435 3310 1497 3368 οῦ
1527 3314 1709 3385 ἀποδῷ
1741 3317 1848 3369 πᾶν

270 3400 336 3452 τὸ
371 3397 747 3470 ὀφειλόμενον.
798 3421 818 3452 ι
875 3403 986 3455 Καὶ
1030 3403 1105 3474 τῷ
1145 3405 1334 3475 Πέτρῳ
1381 3405 1438 3457 δὲ
1484 3407 1846 3476 ἐρωτήσαντι,

277 3509 298 3543 ι
343 3493 584 3556 Ποσάκις
607 3492 801 3564 ἀφήσω
828 3493 905 3565 τῷ
933 3494 1147 3566 ἀδελφῷ
1175 3514 1276 3566 μου
1303 3496 1400 3549 ἐὰν
1425 3498 1736 3568 ἁμαρτήσει
1771 3501 1847 3562 εἱς

272 3583 414 3655 ἐμέ;
447 3584 554 3649 ἓως
616 3586 889 3654 ἐπτάκις;
937 3605 955 3639 ι
985 3587 1322 3658 ἁπεκρίνατο
1354 3590 1503 3660 αὐτῷ
1549 3591 1578 3643 6
1621 3589 1846 3660 Κύριος,

279 3695 299 3727 ‹
348 3677 423 3730 Ού
454 3677 598 3746 λέγω
642 3697 724 3732 σοι
766 3680 872 3742 ἓως
920 3680 1170 3744 ἑπτάκις,
1212 3681 1326 3734 ἀλλ’
1367 3682 1470 3745 ἕως
1511 3682 1848 3752 ἑϐδομηκον-

273 3767 435 3831 τάκις
463 3770 622 3824 ἑπτά.
665 3789 683 3822 ›
718 3772 816 3824 Διά
855 3771 1012 3824 τοῦτο
1046 3772 1265 3840 ἐπάγει,
1300 3790 1318 3822 ι
1360 3774 1579 3841 Ἄφετε,
1616 3774 1712 3826 καὶ
1749 3777 1850 3840 ἁφ-

275 3860 534 3932 εθήσεται
563 3863 711 3933 ὑμῖν.
742 3883 760 3916 ι
801 3865 910 3917 Καὶ
954 3867 1050 3920 ἐὰν
1087 3867 1399 3937 ἁμαρτήσει
1430 3869 1510 3929 εἰς
1549 3866 1608 3919 σὲ
1640 3868 1668 3919 6
1693 3865 1847 3919 ἀδελ-

275 3952 378 4020 φός
436 3970 553 4017 σου,
604 3954 928 4025 ἐπιτίμησον
967 3956 1137 4026 αὐτῷ.
1191 3957 1300 4010 Καὶ
1351 3957 1445 4009 ἐὰν
1497 3958 1846 4026 μετανοήσει,

275 4046 414 4112 ἄφες
439 4044 607 4116 αὐτῷ·
636 4047 729 4100 καὶ
755 4048 853 4100 ἐὰν
891 4047 1126 4111 ἑπτάκις
1167 4049 1263 4118 τῆς
1302 4049 1512 4118 ἡμέρας
1536 4050 1848 4119 ἁμαρτήσει

274 4139 358 4198 εἰς
400 4137 480 4203 σέ,
512 4138 606 4190 καὶ
635 4138 864 4202 ἑπτάκις
896 4139 994 4209 τῆς
1024 4139 1236 4210 ἡμέρας
1260 4140 1564 4212 ἐπιστρέψῃ
1596 4140 1732 4211 πρὸς
1768 4140 1847 4203 σὲ,

276 4227 478 4295 λέγων,
511 4231 795 4295 Μετανοῶ,
837 4231 974 4299 ἄφες
1021 4231 1190 4302 αὐτῷ.
1231 4231 1448 4302 Αύτῷή
1485 4231 1612 4296 δόξα
1651 4231 1730 4301 τῷ
1759 4233 1851 4284 εύ-

279 4320 578 4391 σπλάγχνῳ
605 4325 701 4376 καὶ
725 4323 1092 4394 φιλανθρώπῳ
1123 4323 1367 4394 Χριστῷ,
1401 4326 1479 4387 εἰς
1502 4323 1629 4387 τοὺς
1652 4323 1852 4385 αἰῶνας

276 4411 389 4462 τῶν
427 4411 660 4468 αἰώνων.
709 4414 765 4466 Ἀ
776 4417 902 4484 μήν.

1939 565 2138 636 gaudio
2173 565 2398 619 festinet
2452 567 2702 634 proximo
2752 567 3064 624 condonare
3115 572 3514 631 minutissimos

1939 672 2186 727 quosque
2217 657 2498 711 defectus?
2520 658 2637 712 Jam
2669 659 2773 713 hoc
2798 675 2828 714 a
2859 661 3020 723 nobis
3043 671 3101 716 ut
3131 663 3244 730 fiat,
3273 683 3380 720 non
3417 685 3512 724 ore

1941 749 2116 802 solum
2141 749 2477 819 praescripsit
2508 751 2792 816 Dominus,
2817 754 2911 806 sed
2934 763 2991 808 et
3023 770 3190 824 Opere
3225 757 3342 826 ipso
3373 775 3510 826 pra:-

1942 839 2286 904 monstravit,
2316 855 2426 909 quo
2455 849 2613 910 pacto
2636 842 2844 911 expleri
2871 843 3088 900 debeat.
3126 846 3338 902 Patrem
3365 850 3510 904 enim

1940 944 2102 984 suum
2137 931 2290 986 cruci
2317 931 2563 986 confixus
2594 931 2997 1003 interpellabat,
3029 937 3160 1007 ipsis
3189 951 3513 1009 apprccatus

1942 1023 2158 1076 veniam
2201 1021 2294 1092 qui
2319 1037 2378 1078 se
2401 1032 2644 1077 extreme
2677 1032 2733 1078 et
2769 1025 3110 1095 iniquissime
3141 1030 3467 1086 divexabant
3497 1053 3508 1086 :

1948 1131 1966 1164 ι
2005 1113 2186 1180 Pater,
2210 1113 2306 1177 ait,
2332 1113 2548 1168 dimitte
2573 1115 2699 1180 illis,
2722 1131 2831 1170 non
2871 1119 3018 1171 enim
3047 1114 3230 1176 sciunt
3259 1123 3391 1191 quid
3428 1125 3512 1177 fir-

1943 1205 2098 1260 ciunt
2125 1207 2191 1258 ".
2225 1224 2244 1257 ι
2273 1204 2416 1272 Quin
2439 1215 2495 1261 et
2522 1207 2803 1276 aliquanto
2840 1209 2992 1277 prius
3013 1251 3027 1274 ,
3079 1226 3200 1265 cum
3243 1213 3514 1282 dequere-

1943 1306 2136 1351 rentur
2169 1297 2424 1367 discipuli
2459 1297 2722 1351 adversus
2760 1300 3027 1366 quosdam
3079 1301 3376 1358 Samaritas
3399 1346 3413 1370 ,
3455 1314 3514 1357 ut

1945 1388 2042 1458 qui
2077 1387 2180 1442 hos
2210 1388 2584 1442 detrectarant
2637 1389 2890 1458 excipere
2944 1390 3202 1460 hospitio,
3261 1406 3515 1464 rogarent

1944 1480 2196 1550 proinde,
2239 1480 2320 1535 sic
2350 1481 2708 1535 iuclementes
2758 1482 2880 1552 igne
2920 1484 3139 1539 ccelitus
3183 1487 3348 1542 misso
3384 1503 3513 1541 con-

1945 1573 2110 1652 sumi,
2142 1573 2274 1642 quid
2308 1573 2592 1643 respondit
2620 1574 2918 1628 Dominus?
2950 1576 3144 1645 Utique
3191 1594 3286 1633 eos
3334 1581 3513 1636 incre—

1947 1667 2108 1737 puit:
2148 1686 2165 1718 ι
2200 1666 2467 1730 Nescitis,
2521 1667 2722 1736 inquit,
2763 1669 2920 1738 cujus
2947 1669 3174 1739 spiritus
3218 1673 3352 1726 estis
3386 1674 3462 1735 “‘;
3491 1694 3509 1723 ι

1949 1757 2209 1813 nimirum
2235 1758 2523 1822 mansueti,
2549 1759 2836 1812 clementis
2859 1767 2913 1812 et
2939 1759 3179 1829 benigni.
3205 1760 3318 1813 l'Ioe
3341 1761 3513 1828 ipsum

1948 1865 2049 1903 nos
2083 1847 2418 1918 propheticis
2447 1849 2684 1902 oraculis
2704 1849 2920 1903 edocuit
2947 1849 3242 1913 Dominus;
3276 1849 3517 1903 aitenim

1949 1940 2238 1994 Zacharias
2292 1956 2304 1992 :
2357 1959 2373 1990 ι
2428 1939 2700 1993 Judicium
2733 1941 2941 2009 justum
2985 1939 3262 2009 judicate,
3301 1940 3518 1994 miseri-

1949 2033 2190 2088 cordiam
2226 2041 2280 2086 et
2312 2031 2719 2085 miserationem
2770 2032 2930 2087 facite
2973 2033 3348 2102 unusquisque
3392 2049 3516 2088 cum

1950 2125 2199 2194 proximo
2241 2140 2341 2178 suo
2383 2125 2448 2176 ³⁷.
2491 2141 2509 2175 ι
2545 2122 2649 2176 Sed
2683 2133 2738 2178 et
2787 2124 2988 2178 Paulus
3027 2141 3038 2175 :
3081 2144 3096 2173 ι
3139 2124 3324 2178 Estote
3356 2125 3520 2194 igitur

1950 2215 2182 2270 invicem
2215 2213 2454 2284 benigni,
2489 2213 2906 2278 misericordes,
2944 2214 3247 2268 imitatores
3288 2215 3402 2278 Dei,
3439 2219 3516 2270 si-

1951 2313 2044 2360 cut
2069 2306 2164 2359 lilii
2193 2304 2524 2368 charissimi,
2559 2304 2829 2358 donantes
2857 2304 3261 2373 vobismetipsis
3295 2305 3435 2359 sicut
3463 2320 3519 2359 et

1952 2401 2096 2454 Deus
2142 2397 2365 2453 donavit
2411 2396 2565 2451 vobis
2609 2395 2672 2449 “.
2714 2414 2733 2447 ι
2781 2394 2987 2448 Abdias
3031 2393 3160 2448 item
3206 2394 3515 2463 prepheta:

1959 2511 1978 2543 ι
2022 2489 2491 2558 Quemadmodum
2523 2485 2734 2557 1135
2778 2485 2978 2550 fecisti,
3003 2484 3095 2539 flet
3116 2484 3249 2550 tibi;
3279 2486 3518 2539 retribu-

1952 2582 2030 2636 tio
2071 2589 2164 2635 tua
2205 2579 2541 2633 retribuetur
2572 2578 2627 2630 in
2659 2585 2824 2645 caput
2866 2584 3021 2629 tuum
3069 2577 3134 2630 ³⁸.
3184 2595 3202 2627 ι
3249 2576 3523 2630 Debemus

1953 2686 2082 2726 sane
2122 2669 2315 2725 alienis
2348 2669 2690 2723 indolescere
2725 2667 2908 2729 malis,
2943 2682 3044 2721 nec
3079 2667 3354 2737 gravatim
3405 2683 3527 2721 nm-

1954 2771 2076 2816 tuas
2104 2762 2310 2816 donare
2352 2760 2620 2825 offensas;
2673 2774 2862 2813 sumus
2909 2759 3055 2813 enim
3092 2775 3260 2813 unum
3291 2775 3522 2830 corpus,

1951 2864 2008 2909 et
2043 2853 2200 2908 alteri
2248 2854 2482 2906 aliorum
2533 2851 2799 2906 membra.
2859 2850 3131 2906 Debemus
3182 2851 3407 2921 insuper
3440 2852 3525 2906 id-

1953 2947 2133 3017 ipsum
2174 2946 2316 3000 inter
2341 2961 2440 2999 nos
2477 2953 2639 3014 atque
2693 2943 2837 2997 idem
2869 2958 3063 3012 sapere
3097 2961 3111 2996 :
3140 2944 3375 3012 perculsi
3410 2952 3525 2998 ter-

1954 3053 2078 3092 rore
2108 3036 2472 3092 formidabilis
2513 3035 2799 3088 sententia:
2821 3034 3060 3100 Domini,
3092 3050 3160 3088 ex
3185 3035 3350 3089 corde
3381 3038 3524 3089 invi-

1954 3144 2070 3183 cem
2107 3129 2454 3183 remittamus
2486 3127 2742 3182 offensas.
2779 3128 2925 3182 Dixit
2962 3128 3131 3192 enim,
3169 3129 3295 3197 quia
3341 3129 3421 3184 sic
3449 3129 3527 3183 fa-

1955 3220 2063 3275 ciet
2087 3220 2373 3274 vobiscum
2406 3220 2567 3274 Pater
2591 3234 2749 3272 meus
2777 3219 3038 3281 cozlcstis,
3067 3219 3111 3273 si
3157 3236 3267 3274 non
3300 3220 3525 3274 dimise-

1955 3314 2078 3368 ritis
2128 3312 2504 3382 unusquisque
2560 3311 2719 3365 fratri
2775 3327 2876 3365 suo
2920 3309 2988 3364 de
3035 3310 3296 3365 cordibus
3332 3314 3527 3367 vestris

1955 3416 2178 3476 peccata
2209 3405 2473 3475 ipsorum.
2515 3423 2533 3454 ι
2566 3403 2754 3467 Serve,
2787 3405 2882 3466 ait,
2916 3418 3175 3472 nequam,
3204 3419 3366 3458 omne
3391 3405 3527 3458 illud

1954 3495 2200 3551 debitum
2235 3494 2417 3548 dimisi
2445 3493 2564 3558 tibi,
2597 3493 2721 3562 quia
2762 3492 2962 3562 rogasti
2992 3508 3115 3557 me;
3147 3508 3330 3548 nonne
3368 3509 3530 3562 opor-

1957 3589 2109 3643 tebat
2139 3595 2194 3642 et
2241 3594 2294 3641 te
2323 3584 2572 3640 misereri
2603 3599 2872 3639 conservo
2900 3591 3013 3646 tuo,
3051 3583 3271 3638 sicutet
3306 3599 3408 3654 ego
3450 3585 3526 3638 tui

1953 3685 2214 3738 misertus
2255 3697 2375 3737 sum
2411 3699 2425 3735 :
2461 3690 2517 3736 et
2567 3680 2740 3734 iratus
2770 3679 2998 3733 tradidit
3047 3695 3174 3733 eum
3207 3681 3526 3744 tortoribus,

1953 3790 2240 3846 quousque
2267 3773 2523 3827 redderet
2551 3787 2713 3826 omne
2753 3770 3000 3825 debitum
3030 3771 3094 3823 ³ο.
3135 3789 3152 3822 ι
3183 3769 3324 3835 Quin
3366 3770 3530 3825 Petro

1954 3864 2164 3935 roganti
2196 3881 2208 3916 :
2252 3881 2270 3912 ι
2306 3861 2535 3926 Quoties
2579 3859 2853 3913 dimittam
2887 3857 3042 3911 fratri
3079 3872 3230 3920 meo,
3259 3856 3305 3909 si
3335 3870 3530 3924 pecca-

1953 3957 2094 4010 verit
2116 3957 2171 4010 in
2203 3955 2324 4008 me?
2363 3968 2533 4021 usque
2562 3951 2802 4020 septies?
2833 3971 2849 4000 ι
2870 3947 3176 4018 Respondit
3212 3947 3477 4001 Dominus
3513 3965 3526 3998 :

1962 4064 1980 4096 ι
2045 4045 2163 4098 Non
2197 4045 2319 4097 dico
2350 4057 2523 4110 usque
2573 4040 2796 4108 septies,
2848 4039 2943 4092 sed
3004 4053 3177 4107 usque
3221 4035 3532 4106 septuagies

1955 4137 2157 4206 septies
2194 4154 2207 4189 :
2248 4153 2265 4186 ι
2309 4147 2483 4203 eoque
2511 4131 2745 4201 subjecit
2787 4148 2799 4182 :
2843 4149 2861 4179 ‹
2903 4128 3168 4183 Dimittite
3203 4135 3260 4179 et
3293 4125 3533 4178 dimitte-

1959 4235 2048 4281 tur
2074 4227 2232 4282 vobis
2263 4227 2328 4279 “.
2362 4245 2380 4278 ›
2413 4221 2570 4290 Quod
2601 4223 2646 4276 si
2681 4221 2984 4291 peccaverit
3009 4221 3064 4274 in
3104 4227 3156 4272 tc
3189 4218 3354 4272 frater
3384 4225 3528 4277 tuus,

1957 4320 2174 4389 corripe
2225 4333 2387 4381 eum;
2439 4317 2486 4371 si
2533 4315 2830 4384 resipuerit
2865 4329 2960 4383 per
2993 4310 3396 4382 paenitentiam,
3447 4308 3534 4360 di-

1961 4415 2115 4466 mitte
2145 4411 2217 4474 ei,
2253 4411 2298 4464 si
2329 4410 2533 4479 septies
2584 4409 2884 4463 etiamnum
2921 4406 2974 4459 in
3019 4404 3107 4458 die
3149 4403 3215 4458 ad
3258 4411 3310 4457 te
3353 4416 3535 4455 rever-

282 4517 378 4558 sus
426 4503 613 4571 fuerit,
673 4506 904 4562 dicens:
941 4506 1023 4560 Me
1095 4505 1605 4576 pmnitet;dimitte
1654 4504 1728 4559 ei.
1760 4503 1929 4558 Deum
1971 4511 2219 4558 nostrum
2271 4501 2506 4556 addecet
2572 4499 2740 4570 gloria
2805 4499 2857 4551 in
2920 4496 3126 4551 saecula-
3183 4493 3525 4549 saeculorum.

279 4595 477 4652 Amen.

873 4711 1090 4763 ΛΟΓΟΣ
1145 4710 1264 4764 OII'.

356 4825 493 4892 Περὶ
547 4824 654 4879 τοῦ
695 4827 974 4893 εὔχεσθαι
1006 4823 1160 4891 ὑπὲρ
1203 4824 1511 4892 ἀλλήλων,
1541 4825 1636 4879 καὶ
1669 4825 1785 4878 τῶν

942 4895 1194 4964 ἐχθρῶν.

357 5007 558 5069 Καλὸν,
589 5008 883 5077 ἀγαπητοὶ,
903 5009 963 5060 τὸ
985 5008 1074 5074 διᾲ
1107 5007 1298 5061 πασῶν
1326 5009 1531 5062 ὁδεύειν
1574 5008 1684 5062 τῶν
1712 5010 1856 5061 ἐντο-

282 5096 390 5150 λῶν
421 5097 515 5150 τοῦ
545 5099 802 5168 Χριστοῦ·
854 5098 1041 5167 ἐπειδὴ
1077 5101 1238 5169 ἑτέρα
1283 5099 1383 5169 τῆς
1433 5101 1627 5170 ἐτέρας
1677 5101 1856 5172 ἔχεται

280 5189 357 5251 ὡς
387 5189 482 5241 ἐπὶ
511 5188 730 5251 ἀλύσιος
758 5189 988 5258 χρυσῆς.
1026 5207 1043 5239 ι
1091 5190 1284 5241 Πισταὶ
1319 5190 1428 5260 γὰρ
1485 5192 1652 5243 πᾶσαι
1695 5193 1750 5244 αἱ
1775 5194 1859 5244 ἐν-

282 5279 438 5333 τολαὶ
467 5279 657 5342 αὐτοῦ,
690 5281 1085 5350 ἐστηριγμέναι
1133 5283 1215 5344 είς
1257 5281 1348 5334 τὸν
1381 5284 1553 5336 αἰῶνα
1589 5283 1682 5336 τοῦ
1729 5285 1859 5336 αἰῶ-

285 5392 391 5437 νος.
430 5393 449 5426 δ
485 5378 574 5427 Δεῖ
600 5374 692 5428 οὖν
720 5374 812 5427 τὸν
844 5375 1116 5444 ἀληθινῶς
1156 5375 1376 5430 θέλοντα
1413 5378 1746 5449 μαθητεῦσαι
1784 5381 1860 5448 τῷ

289 5465 528 5534 Χριστῷ,
573 5465 669 5518 καὶ
711 5466 1067 5535 ἐκκαιόμενον
1106 5465 1185 5536 τῷ
1227 5469 1364 5537 πυρὶ
1397 5470 1497 5540 τῆς
1530 5471 1862 5539 ἀγαπήσεως

288 5556 453 5609 αὐτοῦ
506 5557 774 5628 μηδεμίαν
833 5557 1124 5628 παρελθεῖν
1182 5560 1402 5629 ἐντολὴν
1461 5561 1645 5625 αὑτοῦ,
1689 5563 1737 5614 εἰ
1769 5563 1862 5614 καὶ

359 5696 402 5726 ’⁸
428 5695 560 5750 Luc.
598 5712 744 5758 χχιιι,
768 5696 856 5750 54.
933 5697 976 5726 ’⁵
1003 5697 1134 5752 Luc.
1173 5715 1244 5760 IX.
1282 5701 1369 5755 53-

289 5765 376 5830 32,
401 5767 488 5819 53.
567 5765 609 5796 "
643 5765 778 5820 ibid.
855 5767 898 5796 "
925 5767 1069 5820 Psal.
1101 5784 1187 5831 cx,
1223 5769 1273 5821 8.

535 5860 801 5920 ΡΑτηοι.
844 5858 961 5920 Gn.
1005 5859 1310 5919 LXXXIX

1480 5702 1523 5732 ’⁷
1559 5701 1721 5757 Zaeh.
1764 5717 1854 5766 vn,
1885 5701 1937 5756 9.

2479 4702 2761 4758 IIOMILIA
2792 4700 3002 4754 LXXII.

1959 4820 2108 4884 Quod
2143 4836 2237 4890 pro
2260 4820 2478 4874 invicem
2500 4817 2760 4870 orandum
2789 4815 2878 4878 sit,
2908 4823 2956 4867 et
2984 4813 3270 4884 quamlibet
3289 4814 3531 4868 inimicis.

2029 5011 2296 5065 Praeclare
2331 5009 2623 5064 nobiseum
2666 5014 2878 5077 agetur,
2904 5005 3122 5084 fratres,
3151 5005 3194 5060 si
3231 5021 3327 5075 per
3353 5005 3529 5060 omnia

1957 5101 2332 5173 ingrediemur
2365 5100 2432 5154 ad
2463 5099 2838 5169 praescriptam
2884 5098 3045 5152 nobis
3082 5113 3110 5150 a
3154 5097 3376 5151 Christo
3421 5096 3536 5151 for-

1962 5195 2162 5248 mulam
2212 5197 2592 5246 mandatorum
2629 5183 2640 5242 ὲ
2681 5190 3126 5260 quandoquidem
3173 5191 3253 5244 sic
3306 5189 3536 5245 alterum

1962 5289 2117 5342 alteri
2146 5287 2467 5341 cohaerescit
2512 5294 2567 5338 et
2604 5285 2922 5348 innectitur,
2957 5283 3112 5354 quasi
3144 5283 3329 5337 annuli
3359 5298 3540 5338 aurea:

1963 5379 2266 5450 cujuspiam
2294 5379 2564 5433 catenulze
2604 5375 2842 5431 conserti
2876 5376 3019 5430 inter
3072 5392 3130 5430 se
3177 5385 3232 5430 et
3279 5374 3534 5445 implexi:

1969 5489 1986 5522 ι
2017 5471 2222 5525 Fidelia
2273 5471 2421 5524 enim
2458 5469 2643 5522 omnia
2687 5468 2939 5522 mandata
2982 5469 3100 5538 ejus
3134 5469 3455 5521 confirmata
3485 5465 3538 5518 in

1966 5563 2224 5618 smeulum
2267 5563 2452 5617 saeculi
2484 5563 2548 5615 ”.
2598 5581 2618 5615 ι
2656 5562 2890 5617 Prorsus
2930 5575 3152 5616 necesse
3185 5558 3256 5613 sit
3288 5572 3413 5611 eum
3445 5557 3539 5625 qui

2057 5699 2100 5732 ελ
2131 5702 2330 5772 Ephcs.
2359 5717 2429 5769 tv,
2455 5703 2542 5758 5:2.
2648 5703 2692 5734 ²⁹
2718 5702 2858 5756 Abd.
2907 5702 2987 5755 I5.
3101 5700 3143 5731 ³⁰
3167 5698 3358 5753 Matth.
3391 5713 3535 5761 XVIII,

3148 5860 3220 5921 52
