4028 6524
566 385 706 449 1643

1822 381 2181 443 ANTIOCHI
2224 383 2564 442 MONACIII

3647 389 3755 454 ιιιι

565 497 698 554 velit
724 510 890 550 verus
913 509 1034 549 esse
1061 492 1268 548 Christi
1298 491 1625 561 discipulus,
1651 498 1803 546 tanto
1834 506 1961 560 erga
1989 489 2150 545 Chri-

2257 491 2485 562 βραχεῖά
2518 491 2677 562 tua?)
2707 491 2898 564 βαρεῖα
2935 493 3081 546 δοκεῖ
3104 487 3262 546 εἶναι.
3299 494 3462 556 Αὐτὸς
3492 498 3587 568 γὰρ
3614 496 3756 565 εἶπεν.

563 599 707 644 stum
743 585 1002 642 succendi
1041 584 1326 640 charitatis
1366 583 1586 647 ardore,
1617 590 1676 636 ut
1703 597 1772 636 ne
1796 582 1968 634 ullum
2009 579 2134 648 qui-

565 683 688 734 dem
735 677 1111 732 mandatorum
1157 675 1328 744 ipsius
1378 672 1883 745 praatergrediatur,
1917 670 2136 726 tametsi

567 771 621 823 id
651 768 830 839 exigui
887 765 1150 820 momenti
1202 771 1296 818 aut
1348 779 1512 833 grave
1555 777 1675 818 esse
1709 762 1983 817 videatur.
2020 760 2139 829 ipse

568 862 712 915 enim
755 859 936 914 dixit:
975 877 992 908 ι
1033 857 1086 911 Si
1123 855 1349 925 diligitis
1398 870 1504 918 me,
1558 853 1812 908 mandata
1857 867 1979 906 mea
2029 866 2142 904 ser-

569 962 692 1006 vate
717 952 780 1004 ³³.
824 970 842 1002 ι
883 950 1095 1003 Rursus
1133 965 1145 1001 :
1180 966 1199 998 ι
1241 947 1411 1000 Amen
1440 945 1566 999 dico
1601 945 1775 1008 vobis,
1813 943 1920 996 nisi
1959 942 2137 996 abun-

570 1042 783 1096 daverit
805 1040 1017 1111 justitia
1045 1047 1224 1092 vestra
1255 1038 1542 1107 plusquam
1577 1035 1890 1089 Scribarum
1915 1041 1970 1088 et
1999 1032 2140 1086 Pha-

571 1136 881 1197 riszeorum,
919 1145 1203 1199 nunquam
1258 1127 1538 1182 intrabitis
1593 1126 1651 1178 in
1703 1140 1933 1195 regnum
1969 1122 2140 1176 coelo-

573 1240 692 1279 rum
725 1223 787 1276 ".
833 1243 850 1272 ι
898 1223 967 1276 Et
1003 1222 1250 1292 quidem,
1286 1217 1651 1282 dilectissimi,
1685 1217 1946 1274 hesterna
1976 1214 2144 1269 colla-

572 1317 721 1371 tione
758 1313 1154 1368 edisseruimus
1183 1311 1342 1365 vobis
1370 1324 1534 1378 quam
1563 1308 1634 1362 sit
1662 1321 1888 1361 necesse
1934 1313 1994 1359 ut
2020 1303 2143 1358 ani-

572 1423 662 1460 mo
701 1407 1046 1476 ignoscamus
1074 1401 1372 1473 proximis;
1407 1399 1570 1454 hodie
1609 1414 1740 1453 vero
1777 1408 1890 1451 nom
1925 1396 1979 1450 id
2021 1412 2146 1466 sug-

572 1497 813 1564 gerimus
839 1494 1015 1548 solum
1037 1492 1289 1546 cbaritati
1311 1500 1526 1554 vestrae,
1548 1500 1607 1543 ut
1629 1487 1952 1542 condonetis
1977 1486 2146 1540 oﬂen—

574 1601 661 1640 sas
693 1604 706 1639 :
739 1587 874 1656 quin
903 1593 959 1640 et
999 1584 1307 1645 hortamur,
1345 1589 1405 1634 ut
1435 1597 1534 1650 pro
1567 1580 1672 1633 illis
1706 1593 1924 1648 quoque
1956 1593 2146 1646 preces

573 1677 887 1732 eli‘undatis.
936 1675 1052 1730 Jam
1094 1673 1313 1743 quando
1348 1671 1612 1725 Dominus
1663 1670 1778 1738 ipse
1827 1684 1892 1723 ac
1948 1678 2148 1722 nostra

585 1779 831 1824 assertor
874 1768 1068 1823 salutis
1125 1774 1359 1833 utraque
1407 1763 1524 1817 hinc
1575 1760 1855 1816 observari
1889 1766 2147 1828 oportere

2247 602 2264 633 ι
2315 583 2441 637 Ἐὰν
2480 585 2732 652 ἀγαπᾶτέ
2769 601 2858 655 με,
2909 585 3010 648 τὰς
3057 584 3272 648 ἐντολάς
3312 603 3408 655 μου
3451 593 3710 658 τηρήσατε.
3743 617 3756 646 ι

2241 677 2349 730 Καὶ
2392 671 2566 742 αὖθις,
2612 697 2629 728 ι
2683 677 2859 747 Ἀμὴν
2888 677 3032 746 λέγω
3063 677 3213 744 ὑμῖν,
3249 678 3339 731 ἐάν
3371 678 3444 748 μὴ
3476 686 3764 759 περισσεύσῃ

2242 765 2394 836 ὑμῶν
2421 767 2455 835 ἡ
2479 765 2814 836 δικαιοσύνη,
2843 765 3006 819 πλέον
3037 766 3145 818 τῶν
3172 767 3538 836 Γραμματέων
3569 772 3654 823 καὶ
3680 775 3767 826 Φα-

2246 858 2488 928 ρισαίων,
2524 858 2584 910 ού
2629 860 2701 928 μὴ
2737 857 3015 928 εἰσέλθητε
3049 859 3127 921 είς
3167 858 3264 927 τὴν
3291 858 3553 927 βασιλείαν
3585 863 3680 916 τῶν
3703 867 3771 917 οὖ-

2245 949 2443 1018 ρανῶν.
2484 967 2502 999 ι
2537 948 2679 1011 Χθὲς
2711 944 2826 1014 οὖν,
2861 950 3161 1020 ἀγαπητοὶ,
3207 948 3333 1019 περὶ
3376 949 3468 1002 τοῦ
3503 951 3689 1022 ἀφῆσαι
3713 957 3773 1026 τῷ

2246 1039 2457 1109 πληοίῳ
2484 1039 2864 1111 διελέχθημενο
2895 1041 3136 1111 σήμερον
3167 1040 3228 1092 οὐ
3264 1041 3420 1105 μόνον
3460 1041 3548 1094 τοῦ
3583 1043 3772 1113 deﬂeat,

2247 1131 2382 1183 ἀλλὰ
2417 1138 2510 1183 καὶ
2543 1129 2797 1200 εὔχεσθαι
2843 1131 2982 1201 ὑπὲρ
3014 1131 3194 1184 αὐτῶν
3225 1131 3368 1200 ὑμᾶς
3402 1131 3775 1206 ὑπομιμνήσκει.

2251 1239 2370 1291 μεν,
2407 1222 2574 1291 ἤγουν
2617 1222 3065 1291 παρακαλοῦμεν,
3115 1223 3301 1294 ἐπειδὴ
3349 1224 3623 1294 ἀμφότερα
3657 1229 3778 1280 6A:-

2249 1313 2451 1381 σπότης
2505 1313 2662 1382 ἡμῶν
2714 1313 2808 1365 καὶ
2857 1312 3047 1382 Σωτὴρ
3099 1312 3424 1368 ἐντέλλεται.
3477 1316 3667 1384 Μηδεὶς
3706 1313 3776 1372 οὖν

2249 1402 2473 1473 βαρείας
2501 1402 2738 1472 ἡγείσθω
2766 1402 2863 1465 τὰς
2889 1402 3109 1466 ἐντολάς
3143 1402 3328 1459 αὑτοῦ.
3367 1424 3385 1454 ‹
3427 1405 3486 1457 '0
3515 1406 3616 1474 γὰρ
3650 1406 3779 1475 ζυγός

2251 1509 2374 1562 μου,
2404 1494 2587 1562 φησὶν.
2619 1493 2878 1562 χρηστὸς,
2933 1495 3028 1544 καὶ
3079 1492 3135 1544 τὸ
3180 1493 3399 1563 φορτίον
3433 1510 3534 1561 μου
3586 1493 3779 1565 ἐλαφρῶ,

2249 1586 2412 1636 ἐστιν.
2444 1603 2461 1634 ι
2499 1583 2607 1637 Καὶ
2639 1584 2666 1634 6
2702 1583 3042 1648 Ἀπόστολος,
3074 1602 3092 1634 ι
3119 1585 3243 1647 Τοῖς
3273 1585 3551 1652 ἀγαπῶσιν
3575 1585 3655 1637 τὸν
3678 1589 3781 1642 Θεὸν

2249 1676 2428 1730 πάντα
2470 1677 2723 1746 συνεργεῖ
2776 1677 2855 1738 εἰς
2905 1675 3126 1743 ἀγαθόν.
3168 1693 3188 1727 ι
3223 1677 3422 1740 Καθὼς
3475 1678 3568 1730 καὶ
3609 1680 3659 1729 ὲν
3691 1682 3782 1742 ταῖς

2250 1768 2420 1831 θείαις
2476 1768 2722 1836 Γραιραῖς
2780 1767 3108 1838 εὑρίσκομεν
3167 1769 3376 1832 πάντας
3430 1771 3556 1832 τοὺς
3601 1769 3782 1836 ἁγίους,

575 1860 774 1923 sanxit,
799 1874 961 1913 nemo
989 1859 1044 1912 in
1071 1865 1350 1927 posterum
1381 1859 1604 1908 censeat
1638 1852 1822 1921 gravia
1851 1865 1970 1905 esse
1996 1864 2149 1902 man-

2257 1858 2398 1928 ἔργῳ
2453 1833 2858 1921 ὲκτελ-έσαντας-
2878 1858 2976 1928 τὴν
3019 1833 3238 1929 ἐντολὴν
3278 1859 3507 1930 ταύτην,
3544 1833 3782 1928 μᾶλλονδὲ

575 1955 700 2011 data
726 1957 865 2025 ejus.
905 1968 923 2000 ι
953 1950 1150 2018 Jugum
1211 1946 1356 2000 enim
1390 1958 1573 1998 meum
1621 1957 1786 1996 suave
1812 1949 1916 2005 est,
1947 1939 2148 2008 inquit,

575 2054 630 2100 υι
660 2059 799 2100 onus
850 2053 1033 2094 meum
1084 2037 1204 2091 leve
1240 2035 1306 2087 ³³.
1351 2053 1368 2086 ι
1403 2033 1523 2087 Non
1567 2030 1782 2085 abludit
1812 2044 1842 2082 a
1880 2027 2151 2083 sententia

577 2133 791 2189 Domini
845 2128 1140 2199 Apostolus
1193 2141 1207 2178 :
1264 2143 1282 2176 ι
1336 2122 1701 2194 Diligentihus
1753 2121 1924 2175 Deum
1967 2119 2152 2173 omnia

577 2231 940 2294 cooperantur
961 2219 1018 2272 in
1037 2218 1240 2271 bonum
1265 2215 1332 2266 3".
1375 2233 1392 2265 ι
1426 2212 1640 2282 1136
1660 2211 1741 2264 Ad
1771 2225 1899 2264 eum
1928 2208 2152 2264 modum

578 2314 823 2369 invenire
846 2313 1011 2366 liceat
1030 2308 1086 2362 in
1112 2304 1314 2360 divinis
1342 2301 1666 2372 Scripturis,
1698 2299 2014 2354 mandatum
2050 2298 2155 2353 hoc

578 2421 743 2476 opere
779 2403 1034 2473 implesse
1070 2406 1291 2454 sanctos
1320 2409 1533 2459 omnes,
1568 2392 1760 2447 veritis
1784 2392 1956 2446 multo
1990 2390 2153 2444 abso-

579 2499 746 2552 luisse
773 2494 976 2550 omnia.
1019 2492 1086 2545 Et
1111 2489 1332 2559 quidem
1372 2485 1642 2557 propheta
1674 2485 1764 2539 ille
1803 2483 2020 2538 Samuel
2056 2498 2154 2552 po—

583 2588 710 2658 pulo
735 2581 1019 2653 respondit
1051 2597 1063 2632 :
1104 2597 1122 2630 (
1158 2577 1318 2632 Absit
1371 2575 1476 2629 hoc
1522 2590 1552 2628 a
1582 2588 1667 2626 me
1701 2580 1762 2625 ut
1813 2570 2068 2625 recedam
2122 2585 2153 2622 a

587 2677 834 2739 Domino,
869 2680 928 2727 ut
956 2685 1165 2726 cessem
1200 2668 1461 2726 clamare,
1495 2672 1554 2718 ut
1591 2662 1839 2718 desinam
1867 2676 2026 2715 orare
2055 2676 2155 2730 pro

582 2770 739 2826 vobis
769 2767 837 2821 ad
860 2765 1150 2820 Dominum
1177 2761 1242 2813 ⁸⁷.
1277 2778 1294 2811 ›
1326 2759 1538 2812 Rursus
1564 2755 1708 2810 idem
1746 2771 1758 2807 :
1803 2771 1820 2804 ι
1860 2753 2014 2807 Absit
2051 2752 2155 2806 hoc

583 2878 611 2915 a
650 2876 759 2925 me,
790 2868 850 2913 ut
881 2870 1101 2928 peccem
1142 2853 1198 2906 in
1237 2849 1487 2913 Domino,
1525 2858 1586 2902 ut
1615 2860 1825 2901 cessem
1857 2860 2015 2900 orare
2055 2859 2156 2913 pro

583 2953 738 3009 vobis
773 2952 837 3003 ³⁸.
880 2969 898 3000 ι
927 2949 994 3004 Ut
1024 2947 1169 2999 hunc
1212 2941 1592 2997 admirabilem
1637 2954 1667 2993 e
1697 2937 1944 3008 pristina:
1972 2935 2158 3005 digni-

584 3045 710 3099 tatis
747 3040 919 3113 gradu
952 3035 1256 3109 dejecerint
1306 3031 1501 3091 Judzei.
1559 3031 1670 3084 imo
1718 3026 2154 3089 exinanivcrint,

584 3138 752 3208 petito
779 3147 942 3202 super
957 3145 1016 3185 se
1036 3143 1185 3199 rege,
1210 3125 1349 3179 nulli
1376 3123 1616 3178 arbitror
1641 3135 1750 3175 non
1781 3118 2147 3188 perspicuum.

583 3228 690 3281 Sed
728 3233 784 3280 et
820 3219 1083 3278 Jeremias
1133 3214 1363 3285 insignis
1392 3213 1691 3267 etiamnum
1719 3209 2018 3280 propheta,
2053 3223 2149 3277 per

582 3314 894 3368 Iudaeorum
929 3303 1375 3378 ingratitudinem
1409 3308 1557 3355 tanta
1587 3314 1799 3370 passus,
1827 3313 1928 3368 pro
1950 3297 2156 3352 eisdem

585 3405 737 3460 nullo
795 3417 906 3456 non
963 3408 1210 3468 tempore
1263 3393 1610 3465 precabatur.
1668 3391 1726 3445 id
1791 3406 1981 3444 verum
2036 3405 2157 3444 esse

585 3498 794 3570 liquido
825 3495 1101 3564 colligitur
1138 3506 1235 3562 per
1281 3505 1345 3544 ea
1384 3503 1507 3558 quae
1558 3487 1637 3540 illi
1678 3486 1900 3541 dicebat
1948 3486 2094 3540 Deus
2142 3502 2155 3537 :

591 3595 687 3646 «Et
718 3600 772 3644 tu
799 3605 868 3644 ne
897 3603 1021 3643 ores
1043 3600 1142 3656 pro
1173 3583 1273 3646 eis,
1299 3596 1478 3650 neque
1499 3579 1647 3633 enim
1664 3578 1952 3633 exaudiam
1981 3586 2033 3632 te
2052 3578 2149 3630 3°.»

587 3684 666 3741 Ad
706 3681 958 3738 eumdem
992 3676 1214 3731 modum
1246 3673 1420 3728 Moses
1449 3670 1670 3726 dicebat
1701 3672 1812 3725 Deo
1843 3686 1857 3723 :
1895 3689 1914 3720 ‹
1956 3669 2010 3724 Si
2039 3670 2160 3739 qui-

586 3778 712 3833 dem
750 3773 982 3829 dimittis
1008 3769 1088 3824 eis
1118 3775 1424 3838 peccatum,
1470 3763 1716 3828 dimitte;
1758 3761 1905 3832 quod
1939 3761 1985 3816 si
2023 3778 2155 3828 non,

587 3870 708 3925 dele
748 3881 835 3920 me
872 3864 938 3918 de
969 3862 1110 3916 libro
1135 3868 1228 3914 tuo
1256 3859 1322 3910 "°.
1363 3876 1382 3908 ι
1414 3856 1481 3910 Et
1504 3855 1610 3910 hoc
1634 3870 1764 3910 sane
1799 3870 1908 3908 non
1941 3852 2016 3906 illi
2042 3868 2160 3907 mo-

588 3965 659 4017 do
698 3958 972 4015 faciebant
1015 3953 1109 4024 qui
1148 3951 1249 4007 sub
1287 3949 1497 4004 Veteris
1529 3947 1868 4002 Tcstamenti
1902 3945 2160 4000 vivebant

584 4059 734 4128 jugo,
765 4052 859 4106 sed
889 4058 942 4104 et
973 4047 1067 4116 qui
1107 4045 1209 4101 sub
1243 4043 1412 4114 gratia
1447 4040 1609 4095 Novae
1637 4040 1793 4110 legis.
1823 4039 2022 4092 Beatus
2061 4037 2154 4092 Ja-

586 4149 758 4203 cobus
789 4141 1003 4199 Domini
1028 4139 1214 4202 frater,
1240 4136 1544 4206 angelicam
1572 4133 1739 4187 vitam
1764 4132 1819 4185 in
1849 4131 2009 4185 terris
2032 4145 2154 4184 cum

585 4240 830 4302 vixisset,
864 4233 1106 4290 omnium
1139 4227 1414 4297 suffragiis
1445 4225 1552 4280 dici
1577 4223 1902 4295 promeruit,
1923 4224 2104 4294 justus
2139 4239 2152 4274 :

588 4331 848 4386 nimirum
878 4343 976 4398 per
1016 4320 1491 4378 conversationem
1529 4315 1825 4372 sanctioris
1860 4315 2007 4370 vitae.
2057 4315 2158 4370 Hic

590 4420 713 4476 talis
739 4417 1139 4474 munimentum
1190 4418 1307 4466 erat
1352 4407 1560 4478 populi.
1604 4407 1796 4461 Festus
1841 4406 2007 4476 igitur
2036 4406 2155 4460 dies

2252 1950 2348 2003 καὶ
2387 1949 2588 2012 πάσας.
2617 1949 2786 2020 Φησὶν
2821 1948 2953 2017 γοῦν
2998 1952 3026 2002 ὁ
3075 1951 3361 2022 προφήτης
3404 1951 3648 2021 Σαμουὴλ
3680 1954 3786 2022 πρὸς

2251 2048 2342 2101 τὸν
2375 2047 2522 2101 λαόν·
2567 2067 2583 2097 ι
2620 2047 2711 2116 Μή
2762 2063 2850 2117 μοι
2877 2045 3088 2114 γένοιτο
3122 2047 3431 2115 ἀποστῆναι
3463 2047 3568 2100 ἀπὸ
3598 2048 3785 2117 Κυρίου,

2251 2140 2344 2194 τοῦ
2382 2141 2455 2212 μὴ
2486 2141 2613 2211 βοᾷν
2642 2140 2785 2210 ὑπὲρ
2822 2139 2976 2209 ὑμῶν
3012 2140 3468 2210 προσευχόμενον.
3515 2158 3534 2190 ι
3578 2141 3678 2193 Kal
3711 2143 3789 2194 πά-

2253 2233 2356 2298 λιν,
2390 2251 2408 2284 ι
2462 2232 2616 2303 Ἐμοὶ¹
2652 2231 2726 2302 μὴ
2758 2233 2968 2300 γένοιτο
3009 2231 3104 2285 τοῦ
3158 2233 3426 2302 ἁμαρτεῖν
3485 2229 3561 2300 τῷ
3601 2231 3786 2304 Κυρίῳ,

2252 2325 2348 2378 τοῦ
2375 2323 2672 2379 διαλείπειν
2703 2323 3142 2394 προσευχόμενον
3195 2323 3336 2395 ὑπὲρ
3368 2323 3554 2392 ὑμῶν.
3583 2343 3600 2376 ι
3633 2325 3784 2386 Ὅπως

2253 2416 2308 2468 δὲ
2342 2414 2628 2469 ἀπώσαντο
2655 2414 2751 2467 καὶ
2779 2414 2956 2480 αὐτοὶ,
2981 2413 3077 2465 καὶ
3098 2411 3488 2478 ἐξουδένωσαν,
3515 2415 3788 2483 αἰτήσαντες

2257 2505 2502 2576 βασιλέα,
2538 2507 2706 2558 πᾶσιν
2743 2503 3009 2574 πρόδηλόν
3057 2504 3222 2556 ἐστιν.
3261 2503 3368 2556 Kal
3402 2504 3431 2556 6
3469 2503 3716 2574 Ἱερεμίας
3748 2503 3788 2554 δὲ

2254 2599 2283 2651 6
2311 2600 2594 2670 προφήτης
2629 2599 2656 2650 6
2683 2594 2923 2649 τοσαῦτα
2960 2594 3108 2649 κακά
3134 2595 3440 2666 ὑπομείνας
3469 2595 3594 2665 παρ’
3627 2594 3789 2652 αὐτῶν,

2259 2689 2488 2742 πάντοτε
2537 2686 2883 2758 προσηύχετο
2921 2686 3062 2754 ὑπὲρ
3109 2686 3311 2739 αὐτῶν.
3345 2685 3462 2738 Kal
3491 2685 3640 2753 δῆλον
3663 2684 3713 2749 ἐξ
3736 2678 3790 2737 ὧν

2256 2780 2395 2848 πρὸς
2431 2778 2592 2833 αὑτὸν
2637 2778 2823 2847 ἔλεγεν
2851 2779 2879 2830 6
2917 2777 3068 2841 Θεός’
3110 2796 3128 2829 ι
3166 2778 3279 2830 Kal
3308 2777 3372 2830 σὺ
3412 2777 3488 2846 μὴ
3520 2775 3660 2840 ἀξιοῦ
3694 2776 3790 2844 περὶ

2258 2868 2459 2932 αὐτῶν,
2497 2868 2580 2920 ὃτι
2625 2867 2727 2919 οὐκ
2777 2865 3172 2936 είσακούσομαί
3210 2883 3326 2921 σου.
3363 2884 3385 2915 ι
3438 2863 3697 2926 Ὡσαύτως
3721 2861 3794 2916 καὶ

2257 2963 2284 3013 6
2321 2959 2558 3028 Μωῦσῆς
2587 2957 2773 3026 ἔλεγεν
2808 2957 2944 3028 πρὸς
2979 2955 3072 3012 τὸν
3101 2956 3251 3009 Θεόν·
3285 2975 3303 3008 ι
3337 2957 3400 3008 Εἰ
3437 2957 3534 3025 μὲν
3559 2957 3689 3024 ἀφῇς
3721 2953 3792 3004 αύ-

2257 3053 2368 3114 τοῖς
2396 3051 2496 3121 τὴν
2535 3049 2836 3120 ἁμαρτίαν,
2873 3049 3027 3117 ἄφες
3056 3050 3102 3101 εί
3133 3047 3190 3100 δὲ
3234 3046 3330 3118 μὴ,
3363 3045 3642 3114 ἐξάλειψον
3677 3043 3790 3113 κάμὲ

2259 3144 2358 3213 τῆς
2390 3141 2574 3212 βίϐλου
2610 3159 2724 3195 σου.
2756 3160 2774 3192 ι
2808 3142 2880 3194 Οὐ
2913 3141 3072 3212 μόνον
3095 3141 3150 3193 δὲ
3184 3142 3234 3193 οἱ
3256 3141 3313 3193 ὲν
3345 3142 3410 3207 τῇ
3442 3137 3647 3207 Παλαιᾷ
3668 3134 3792 3188 τοῦτο

2261 3235 2498 3301 ἐποίουν,
2531 3233 2669 3287 ἀλλὰ
2714 3232 2810 3287 καὶ
2854 3233 2904 3284 οἱ
2960 3233 3018 3284 ὲν
3060 3233 3124 3302 τῇ
3159 3230 3292 3301 Νέᾳ.
3330 3231 3386 3283 '0
3445 3224 3538 3282 οὖν
3571 3225 3794 3298 μακάριος

2274 3327 2549 3388 Ἰάκωϐος,
2578 3327 2606 3378 6
2627 3324 2854 3392 ἀδελφὸς
2882 3323 2975 3376 τοῦ
3013 3322 3240 3393 Κυρίου,
3275 3321 3566 3391 ἀγγελικὸν
3594 3319 3694 3388 βίον
3722 3317 3793 3386 ζή-

2263 3434 2359 3479 σας
2414 3417 2507 3468 ἐπὶ
2561 3418 2658 3486 τῆς
2710 3413 2836 3483 γῆς,
2881 3415 3113 3483 ἤκουσεν
3159 3413 3313 3483 παρὰ
3359 3413 3581 3465 πάντων
3607 3411 3791 3470 δίκαιος,

2261 3508 2424 3577 ἤγουν
2471 3505 2657 3567 ὁόλίας
2680 3543 2693 3568 ,
2725 3505 2754 3557 ὅ
2795 3507 2942 3557 ἐστιν
2981 3503 3212 3573 περιοχὴ
3267 3502 3359 3556 τοῦ
3413 3501 3568 3555 λαοῦ.
3603 3499 3788 3570 Ἑορτῆς

2260 3595 2353 3652 οὖν
2377 3596 2539 3665 οΰσης
2567 3597 2661 3648 τοῦ
2705 3596 2921 3665 Πάσχα,
2954 3595 3048 3647 καὶ
3083 3594 3292 3648 πολλῶν
3326 3593 3601 3664 μυριάδων
3642 3591 3790 3643 συνελ·

2261 3689 2458 3743 θὸντων
2487 3689 2542 3740 ἐν
2565 3685 2640 3756 τῷ
2661 3686 2774 3756 ναῷ
2812 3685 3105 3748 Ἰουδαίων,
3135 3684 3530 3751 ἀνενέγκαντες
3553 3682 3698 3735 αὐτὸν
3725 3680 3794 3731 ἐπὶ

2258 3780 2320 3833 τὸ
2351 3777 2644 3850 πτερύγιον
2672 3777 2766 3831 τοῦ
2797 3777 2968 3848 ἱεροῦ,
2995 3770 3170 3839 εἷπον,
3209 3773 3501 3845 Ἀξιοῦμέν
3527 3791 3607 3839 σε,
3631 3772 3792 3833 δίκαιε,

2259 3872 2432 3923 εἰπεῖν
2463 3870 2540 3940 τῷ
2581 3868 2698 3939 λαῷ
2742 3869 2890 3931 ὅπως
2927 3867 3000 3938 μὴ
3036 3868 3304 3921 πλανᾶται
3334 3866 3516 3918 ὀπίσω
3553 3863 3641 3917 τοῦ
3671 3863 3793 3928 λεγο-

2263 3965 2444 4034 μένου·
2463 3963 2659 4031 Ἰησοῦ,
2689 3963 2770 4016 σοὶ
2797 3961 2905 4034 γὰρ
2936 3961 3135 4023 πάντες
3170 3960 3474 4031 πειθόμεθα
3502 3976 3516 3988 ·
3546 3959 3602 4011 '0
3621 3957 3672 4009 δὲ
3690 3957 3792 4007 ἁπο-

2259 4054 2467 4123 κριοεὶς
2492 4049 2662 4117 εἶπεν,
2693 4072 2711 4104 ‹
2737 4053 2801 4104 Τί
2827 4069 2893 4123 με
2926 4053 3165 4122 ἐρωτᾶτε
3199 4052 3327 4120 περὶ
3349 4051 3447 4103 τοῦ
3474 4047 3601 4101 Υἱοῦ
3623 4046 3703 4099 τοῦ
3722 4046 3793 4096 ἀνα

2259 4145 2497 4216 θρώπου,
2527 4146 2636 4198 Καὶ
2665 4143 2824 4206 αὐτὸς
2843 4142 3078 4213 κάθηται
3101 4145 3157 4194 ἐν
3172 4141 3320 4212 δεξιᾷ
3340 4140 3434 4193 τοῦ
3458 4139 3592 4192 Θεοῦ
3613 4139 3665 4190 ὲν
3687 4135 3794 4201 ὑψη-

2258 4237 2404 4302 λοῖς;
2445 4255 2462 4287 ι
2500 4237 2560 4288 υἱ
2607 4236 2663 4288 δὲ
2732 4235 3042 4304 παράνομοι
3086 4234 3363 4305 ἀρχιερεῖς
3409 4231 3509 4284 κα)⁸
3557 4228 3795 4297 Φαρισαῖοι

2257 4328 2511 4398 ἔκραξαν,
2559 4327 2641 4389 Ὢ,
2689 4325 2753 4391 ὣ,
2799 4326 2893 4378 καὶ
2930 4327 2957 4378 6
2983 4324 3190 4387 δίκαιος
3217 4322 3522 4392 ἐπλανήθη.
3543 4319 3647 4372 Καὶ
3671 4313 3794 4369 εἶπαν

2261 4420 2398 4491 πρὸς
2428 4417 2716 4486 ἀλλήλους,
2761 4414 2963 4476 Κακῶς
3010 4415 3348 4484 ἐποιήσαμεν
3392 4412 3647 4480 τοιαύτην
3687 4423 3794 4477 μαρ-

589 4513 810 4569 Pascbae
834 4524 958 4565 cum
997 4505 1288 4564 illuxisset,
1322 4501 1489 4569 inque
1520 4499 1786 4568 templum
1817 4499 2002 4552 multa:
2027 4514 2152 4552 con-

2260 4510 2450 4578 τυρίαν
2475 4507 2597 4561 καθ’
2627 4505 2834 4559 ἑαυτῶν
2864 4505 3006 4574 ὑπὲρ
3036 4503 3129 4558 τοῦ
3174 4505 3350 4575 Ἰησοῦ
3398 4501 3790 4575 παραγαγόντες.

588 4605 868 4659 venissent
914 4596 1187 4670 myriadcs
1212 4591 1548 4656 Judteorum,
1579 4597 1635 4644 et
1668 4590 1816 4642 hunc
1844 4589 2063 4644 beatum
2100 4589 2157 4643 in

588 4693 942 4760 pinnaculum
991 4686 1179 4756 templi
1222 4681 1564 4744 extulissent,
1594 4679 1768 4743 Juste,
1802 4689 1856 4734 te
1897 4680 2156 4734 obsecra-

587 4802 730 4850 mus,
759 4785 935 4848 aiunt,
961 4789 1022 4835 ut
1053 4779 1204 4834 dicas
1232 4775 1436 4846 populo
1463 4787 1531 4826 ne
1554 4771 1608 4825 in
1630 4779 1910 4841 posterum
1940 4782 2159 4826 exerret

589 4887 713 4950 post
752 4887 879 4932 eum
919 4873 1012 4943 qui
1054 4870 1257 4926 dicitur
1297 4867 1488 4931 Jesus;
1520 4864 1618 4917 tibi
1660 4864 1807 4917 enim
1840 4879 2029 4917 omnes
2060 4879 2160 4918 nos

591 4970 753 5025 ﬁdem
792 4968 1076 5022 habemus.
1113 4957 1416 5030 Respondit
1445 4957 1639 5012 beatus
1675 4973 1688 5008 :
1732 4973 1750 5006 ι
1785 4955 1925 5022 Quid
1952 4971 2038 5009 me
2078 4955 2161 5009 in-

594 5060 882 5131 terrogatis
910 5059 977 5112 de
1014 5055 1152 5111 Filio
1186 5051 1465 5108 hominis?
1501 5066 1570 5104 en
1615 5049 1730 5118 ipse
1757 5049 1908 5104 sedet
1937 5049 2005 5103 ad
2036 5049 2161 5104 dex-

593 5163 766 5208 teram
792 5150 890 5205 Dei
930 5150 986 5203 in
1016 5146 1292 5204 excelsis?
1318 5164 1336 5196 ι
1369 5143 1602 5212 Exleges
1629 5142 1708 5196 illi
1736 5151 1791 5196 et
1813 5141 1989 5212 iniqui
2019 5159 2160 5212 pon-

593 5241 768 5295 tiﬁces
795 5253 859 5293 ac
885 5235 1142 5292 Pharisrei
1181 5234 1558 5288 acclamarunt
1592 5247 1606 5284 :
1643 5229 1687 5285 Ο
1715 5247 1768 5294 o,
1792 5231 1961 5286 etiam
1982 5231 2165 5302 justus

591 5333 682 5387 hic
725 5330 783 5384 in
835 5341 1080 5383 errorem
1114 5326 1406 5396 prolapsus
1427 5332 1534 5378 est.
1573 5323 1641 5379 Et
1687 5323 1949 5378 dixerunt
1978 5325 2046 5379 ad
2079 5325 2166 5379 in-

591 5423 767 5480 vicem
795 5439 808 5474 :
838 5420 974 5474 Male
997 5417 1249 5482 fecimus,
1276 5416 1441 5472 talem
1462 5424 1658 5472 testem
1682 5415 2046 5486 produximus
2070 5418 2165 5487 qui

591 5514 895 5574 secundum
946 5526 1005 5567 se
1037 5508 1413 5566 testimonium
1465 5507 1639 5564 ferret
1700 5524 1802 5578 pro
1842 5508 1972 5564 Jesu
2002 5527 2015 5562 :
2046 5509 2167 5579 ipso

662 5723 704 5754 ³³
726 5722 882 5776 .ioan.
913 5735 1020 5781 xw,
1053 5717 1135 5770 15.
1214 5715 1257 5747 ³⁵
1286 5714 1475 5769 Matth.
1505 5731 1558 5778 v,
1588 5713 1678 5766 20.
1753 5713 1796 5744 ³⁵
1827 5713 2017 5771 Matth.
2055 5731 2126 5781 xl,

2322 5717 2366 5748 ³⁸
2406 5717 2560 5772 Rom.
2601 5731 2711 5780 \‘lll,
2751 5715 2839 5769 9.8.

589 5795 677 5846 ΞΒ.
756 5793 799 5823 ³³
825 5791 935 5847 Jer.
974 5805 1044 5854 xl,
1075 5788 1159 5842 il.
1235 5788 1278 5817 ⁸ο
1308 5786 1477 5841 Exod.
1508 5800 1676 5850 xxxu,
1713 5783 1804 5838 5‘2.

2263 4601 2460 4656 Πολλοὶ
2511 4599 2642 4668 γοῦν
2693 4600 2756 4651 ἐκ
2804 4596 2899 4650 τοῦ
2938 4597 3069 4650 λαοῦ
3112 4597 3442 4658 ἀκούσαντες
3492 4592 3669 4656 αὑτοῦ,
3702 4589 3794 4642 ἐπί-

2265 4708 2520 4746 στευσαν.
2569 4690 2632 4743 υί
2669 4689 2728 4742 δὲ
2759 4689 2938 4742 λοιποὶ
2973 4688 3309 4754 ἀνελθόντες,
3343 4686 3642 4741 κατέϐαλον
3671 4681 3794 4736 αὑτὸν

2265 4784 2478 4838 ἄνωθεν·
2499 4782 2670 4836 κάτω·
2701 4783 2730 4834 6
2767 4782 2824 4834 δὲ
2861 4783 3042 4835 πεσὼν
3073 4782 3167 4834 ἐπὶ
3199 4782 3423 4849 γόνατα,
3457 4781 3523 4833 ού
3557 4776 3794 4849 παραχρῆ-

2271 4892 2346 4945 μα
2399 4872 2701 4936 ἀπέθανεν,
2752 4871 2868 4925 ἀλλ’
2914 4873 3055 4943 ὑπὲρ
3108 4872 3286 4925 αὐτῶν
3329 4870 3682 4942 προσηύχετο·
3723 4865 3794 4919 καὶ

2265 4965 2491 5033 ἐγγίσας
2537 4980 2621 5026 τις
2667 4963 2775 5016 τῶν
2808 4962 2938 5015 υἱῶν
2980 4963 3231 5034 Ῥαχαὸὶ,
3258 4964 3493 5033 ἤκουσεν
3519 4960 3693 5016 αὐτοῦ·
3723 4973 3792 5012 και

2265 5058 2413 5124 λέγει
2467 5057 2670 5119 αὐτοῖς·
2711 5073 2730 5106 ‹
2791 5055 2855 5108 Τί
2895 5057 3136 5122 ποιεῖτε;
3169 5057 3197 5107 6
3251 5056 3457 5119 δίκαιος
3503 5055 3638 5126 ὑπὲρ
3675 5051 3794 5123 ὑμῶν

2267 5145 2647 5217 προσεύχεται.
2695 5163 2713 5197 ι
2751 5145 2883 5199 Τότε
2933 5145 3166 5217 δραμών
3217 5164 3297 5198 τι·
3355 5149 3593 5214 κναφεὺς
3633 5145 3795 5198 ἔδωκεν

2262 5238 2411 5308 αὐτῷ
2443 5239 2520 5302 εἰς
2550 5239 2612 5290 τὸ
2645 5238 2889 5306 κρανίον,
2919 5239 3056 5308 μετά
3084 5237 3180 5290 τοῦ
3218 5237 3402 5304 ξύλου,
3435 5241 3492 5291 ὲν
3528 5232 3572 5305 ᾧ
3608 5239 3670 5290 τὰ
3700 5236 3798 5304 lgi-

2265 5346 2358 5383 τια
2389 5327 2798 5393 ἀποπιέζουσιν,
2827 5329 2922 5382 καὶ
2956 5329 3305 5384 ἐθανάτωσαν
3335 5330 3517 5384 αὐτόν.
3565 5331 3798 5386 Ὡσαύτως

2267 5420 2324 5474 δὲ
2361 5422 2456 5474 καὶ
2479 5420 2507 5471 ὁ
2541 5419 2811 5491 μακάριος
2839 5421 3117 5491 Στέφανος
3146 5418 3318 5484 ἑστὼς
3346 5422 3405 5473 ὲν
3435 5422 3580 5492 μέσῳ
3605 5421 3700 5471 τῶν
3723 5436 3802 5469 πα-

2274 5509 2546 5582 ρανόμων,
2581 5510 2852 5582 ἔκραξεν,
2895 5532 2913 5562 ι
2983 5512 3113 5565 Ἰδοὺ
3159 5511 3350 5583 θεωρῶ
3401 5515 3524 5576 τοὺς
3577 5511 3799 5582 οὐρανους

2921 5714 2962 5745 ³⁷
2997 5714 3014 5769 i
3043 5715 3174 5786 Reg.
3204 5733 3297 5783 vn,
3329 5718 3381 5772 8.
3460 5715 3504 5749 ⁸⁸
3530 5713 3551 5770 1
3576 5714 3692 5785 Reg.
3723 5727 3792 5768 xu.
