4028 6506
277 386 408 453 16ίὲ

913 385 1242 448 HOMILIA
1281 384 1554 447 LXXIII.
1588 413 1656 421 --
1688 385 1838 445 NON
1883 384 2268 458 ΟΠκΕΒΕΙῖΕ
2305 388 2478 457 QUAE
2516 390 2662 451 SUA
2701 394 2921 458 SUNT.

3390 401 3528 468 1646

266 503 669 576 ἀνεῳγμένους.
710 503 804 558 καὶ
829 503 921 558 τὸν
951 505 1079 558 Υίὺν
1107 503 1201 557 τοῦ
1230 502 1524 576 ἀνθρώπου
1553 503 1761 557 ἑστῶτα
1789 505 1837 556 ἐν

1953 504 2100 558 enim
2148 504 2338 559 audito
2366 522 2475 561 non
2515 511 2676 578 pauci
2706 526 2774 566 ex
2809 514 2970 584 plebe
3003 517 3380 576 crediderunt.
3418 523 3538 581 Cac-

265 597 456 662 δεξιῶν
494 598 593 650 τοῦ
627 595 786 650 Θεοῦ.
827 615 846 649 ι
883 594 1340 666 Συναρπάσαντες
1362 594 1418 648 δὲ
1450 593 1633 659 αὑτὸν,
1661 593 1850 660 ἐξέϐα-

186 741 191 745 .
265 691 356 744 λον
386 689 492 756 ἔξω
525 689 625 758 τῆς
673 688 902 754 πόλεως,
934 687 1031 742 καὶ
1060 686 1404 740 ἐλιθοϐόλουν
1431 687 1617 752 αὑτὸν,
1654 688 1850 740 ἐπικα-

265 782 524 852 λούμενον
547 781 641 836 καὶ
659 781 910 851 λέγοντα,
939 800 957 833 ι
986 780 1184 851 Κύριε,
1213 780 1288 854 μὴ
1317 781 1522 852 στήσῃς
1550 780 1732 843 αὐτοῖς
1752 780 1850 849 τὴν

265 873 543 944 ἁμαρτίαν
599 873 827 944 ταύτην.
893 891 912 925 ι
980 873 1112 926 Ἰδοὺ
1154 874 1336 926 τοίνυν
1393 871 1667 943 βλέπομεν
1722 871 1848 935 τοὺς

263 966 455 1036 ἁγίους
500 966 584 1020 ὅτι
629 967 734 1031 ἕως
784 967 1016 1020 θανάτου
1059 965 1438 1038 ὑπερηύχοντο
1491 963 1602 1018 τῶν
1634 963 1849 1034 ἐχθρῶν

262 1059 469 1113 αὐτῶν.
503 1059 616 1114 Kal.
640 1059 750 1129 γὰρ
790 1058 1123 1112 ἀδικούντων
1155 1056 1462 1130 ἀνθρώπων
1489 1057 1519 1110 6
1549 1055 1850 1126 ὑπερευχό-

266 1169 426 1223 μενος
456 1152 796 1222 και-,ταράσσει
837 1151 936 1222 μὲν
968 1150 1254 1219 δαίμονας,
1281 1149 1444 1212 αὐτὸς
1473 1147 1531 1201 δὲ
1569 1145 1848 1218 βασιλείας

257 1245 511 1316 οὐρανῶν
559 1243 971 1299 ’ἀποδείκνυται
1045 1241 1407 1313 κληρονόμος.
1465 1238 1848 1312 Παρακελεύε-

261 1355 350 1391 ται
389 1337 448 1390 δὲ
493 1338 588 1391 καὶ
641 1338 670 1390 6
707 1334 1054 1398 Ἀπόστολος,
1082 1334 1222 1404 ὑπὲρ
1273 1333 1492 1386 πάντων
1541 1328 1847 1401 ἀνθρώπων

259 1427 680 1501 προσεύχεσθαι.
739 1426 813 1479 Τὸ
875 1426 933 1478 δὲ
973 1425 1229 1495 εὔχεσθαι
1277 1423 1420 1494 ὑπὲρ
1474 1421 1694 1476 πάντων
1747 1437 1847 1491 ση-

263 1521 469 1592 μαίνει,
500 1521 582 1573 ὃτι
613 1519 674 1572 οὐ
703 1518 866 1587 μόνον
889 1515 1029 1586 ὑπὲρ
1051 1514 1158 1568 τῶν
1185 1513 1377 1583 φίλων,
1412 1512 1549 1566 ἀλλὰ
1581 1512 1676 1566 καὶ
1705 1511 1848 1581 ὑπὲρ

259 1614 368 1667 τῶν
397 1611 608 1682 ἐχθρῶν
649 1610 730 1663 δεῖ
770 1606 1195 1680 προσεύχεσθαι.
1232 1605 1358 1659 Ἐὰν
1389 1600 1484 1659 οὖν
1527 1602 1846 1674 βουλώμεθα

263 1705 506 1776 μιμηταὶ
530 1703 642 1756 τῶν
677 1701 848 1769 ἁγίων
870 1701 964 1754 καὶ
988 1699 1230 1770 μαθηταὶ
1255 1698 1474 1767 γνήσιοι
1508 1695 1603 1750 τοῦ
1635 1695 1844 1766 Κυρίου

256 1793 675 1864 ἀναδειχθῆναι,
719 1788 1108 1862 χρεωστοῦμεν
1158 1788 1253 1842 καὶ
1311 1788 1514 1858 ἡμεῖς,
1566 1785 1629 1840 οὐ
1685 1785 1845 1856 μόνον

1955 594 2055 649 teri
2090 597 2182 664 qui
2210 611 2338 650 cum
2381 613 2448 653 eo
2492 602 2885 670 ascenderant,
2910 622 2942 662 e
2968 609 3193 665 sublimi
3224 614 3538 685 praecipita-

1953 695 2084 738 runt
2128 698 2381 742 sanctum
2419 706 2433 744 :
2466 693 2717 761 quicum
2764 696 2821 750 in
2866 714 3049 769 genua
3090 703 3402 772 recidisset,
3437 724 3542 766 nec

1949 777 2133 832 statim
2156 781 2477 849 oppetiisset
2495 795 2754 854 mortem,
2777 789 2872 844 sed
2889 801 3076 847 oraret
3099 809 3197 864 pro
3219 795 3373 865 ipsis,
3399 815 3542 856 unus

1953 869 2190 925 filiorum
2227 874 2470 928 [thecam
2507 879 2738 948 propius
2783 897 2909 936 cum
2946 899 3006 939 se
3033 885 3111 939 illi
3165 888 3537 958 admovisset,

1949 963 2163 1019 audivit
2195 975 2446 1022 orantem
2472 979 2531 1024 et
2551 971 2690 1026 dixit
2716 991 2728 1026 :
2765 993 2782 1025 ι
2813 975 2954 1041 Quid
2981 977 3290 1037 facitis?en
3317 999 3538 1056 quoque

1949 1070 2052 1124 pro
2094 1056 2460 1129 vobisjustus
2490 1071 2632 1117 orat.
2670 1083 2690 1116 ι
2733 1065 2891 1122 Tunc
2939 1087 3082 1126 unus
3119 1073 3392 1146 quispiam
3419 1088 3538 1134 arte

1948 1145 2107 1211 fullo,
2136 1162 2261 1202 cum
2285 1151 2643 1216 accurrisset,
2672 1154 2882 1226 lignum
2909 1159 3135 1216 intorsit
3164 1165 3220 1217 in
3241 1145 3538 1222 ealvariam

1948 1238 2088 1308 ejus,
2114 1255 2224 1308 quo
2272 1241 2497 1311 quidem
2531 1243 2762 1314 Opiﬁces
2807 1247 2890 1303 illi
2939 1253 3196 1309 sordidas
3227 1267 3410 1312 vestes
3441 1275 3539 1314 cx-

1948 1328 2218 1396 primunt,
2251 1330 2531 1403 vitamque
2560 1333 2640 1388 illi
2673 1336 2902 1393 ademit.
2934 1340 3180 1398 Similem
3211 1346 3268 1401 in
3310 1349 3536 1404 modum

1948 1418 2147 1476 beatus
2177 1420 2493 1493 Stephanus
2522 1426 2579 1480 in
2620 1427 2804 1484 medio
2835 1433 3148 1490 consistens
3191 1438 3535 1508 iniquorum,

1947 1513 2319 1569 exclamavit:
2352 1536 2369 1568 ι
2401 1517 2542 1573 Ecce
2582 1520 2746 1577 video
2785 1523 2958 1579 caelos
3006 1537 3228 1596 apertos
3251 1538 3308 1585 et
3335 1532 3535 1588 Filium

1947 1604 2046 1660 Dei
2085 1613 2323 1662 stantem
2363 1625 2394 1664 a
2429 1610 2639 1669 dextris
2667 1613 2846 1685 ipsius
2871 1617 2940 1670 “.
2983 1638 3001 1670 ›
3034 1618 3282 1692 Cumque
3323 1626 3539 1694 rapuis-

1947 1708 2072 1754 sent
2113 1715 2264 1768 eum,
2313 1705 2599 1776 ejecerunt
2659 1720 2819 1766 extra
2861 1713 3144 1770 civitatem
3171 1758 3186 1784 ,
3230 1727 3291 1773 et
3320 1719 3536 1790 lapida-

1947 1789 2083 1846 bant
2109 1793 2459 1852 invocantem
2495 1808 2552 1855 et
2599 1801 2880 1860 dicentem
2910 1824 2924 1860 :
2966 1826 2984 1859 ι
3022 1808 3274 1877 Domine,
3307 1789 3392 1868 ne
3419 1824 3538 1870 sta-

257 1887 402 1956 ὑπὲρ
580 1859 772 1953 φίλων,
810 1882 948 1936 ἀλλὰ
980 1859 1074 1935 καὶ
1104 1879 1243 1953 ὑπὲρ
1273 1879 1382 1933 τῶν
1415 1876 1837 1977 ἐχθρῶν-προσ-

1953 1890 2076 1938 tuas
2119 1883 2230 1940 illis
2261 1886 2368 1943 hoc
2395 1901 2706 1960 peccatum.
2739 1915 2758 1947 ι
2789 1897 2933 1954 Ecce
2974 1901 3145 1971 igitur
3180 1903 3284 1973 ipsi
3320 1907 3534 1977 perspi-

255 1977 539 2048 εύχεσθαι,
578 1973 762 2040 καθὼς
798 1975 894 2028 καὶ⁵
921 1973 1086 2037 αὐτὸς
1112 1972 1260 2045 ἔργῳ
1289 1973 1420 2044 ἡμῖν
1440 1970 1602 2025 τοῦτο
1630 1969 1845 2023 ὑπέδει-

255 2068 368 2134 ξεν,
405 2069 462 2119 ὲν
498 2067 594 2136 μὲν
623 2063 701 2135 τῷ
735 2062 959 2135 σταυρῷ
1008 2062 1149 2132 ὑπὲρ
1185 2061 1296 2117 τῶν
1326 2061 1707 2134 σταυροῦντων
1748 2060 1844 2113 αὑ-

253 2161 370 2226 τὸν,
423 2157 762 2230 παρακαλῶν
809 2157 902 2210 τὸν
949 2153 1148 2210 ἑαυτοῦ
1183 2154 1439 2226 Πατέρα⁹
1486 2154 1595 2226 πρὸ
1645 2153 1702 2207 δὲ
1750 2152 1843 2207 τοῦ

255 2251 495 2319 σταυροῦ
524 2251 582 2304 ἐν
623 2247 699 2318 τῷ
733 2247 982 2318 μυστικῷ
1029 2247 1235 2318 δείπνῳ
1296 2246 1438 2317 ὑπὲρ
1481 2246 1592 2300 τῶν
1641 2245 1837 2301 ἑαυτοῦ

251 2343 427 2412 φίλων
459 2341 552 2395 καὶ
581 2339 860 2412 μαθητῶν.
898 2357 917 2391 ι
965 2339 1154 2410 Ὑμεῖς
1186 2337 1296 2410 γὰρ
1321 2338 1466 2406 φίλοι
1503 2354 1605 2408 μου
1633 2336 1780 2402 ἐστὲ,
1813 2356 1832 2390 ι

250 2435 440 2505 φησίν.
465 2433 596 2498 Καὶ,
633 2447 652 2486 ι
694 2431 807 2484 Οὐκ
835 2429 916 2484 ἔτι
955 2428 1099 2498 λέγω
1129 2429 1274 2498 ὑμᾶς
1299 2428 1540 2492 δούλους.
1578 2448 1596 2481 ι
1654 2427 1836 2493 Ἥξίου

249 2525 449 2595 λέγων,
483 2543 502 2576 ι
542 2523 723 2595 Πάτερ
755 2523 912 2591 ἅγιε,
945 2523 1188 2593 τήρησον
1237 2521 1440 2584 αὐτοὺς
1495 2523 1553 2574 ἐν
1601 2520 1680 2590 τῷ
1712 2520 1834 2574 όνό-

253 2618 387 2690 ματί
422 2634 539 2681 σου,
566 2614 660 2680 οὓς
679 2614 917 2677 δεδωκάς
950 2631 1062 2684 μοι.
1096 2631 1115 2666 ι
1150 2614 1260 2667 Καὶ
1284 2607 1462 2676 αὖθις,
1497 2631 1515 2663 ι
1551 2612 1666 2666 Οὐκ
1697 2613 1835 2680 ἐρω-

248 2711 332 2763 τῶ
362 2709 450 2762 ἵνα
481 2709 620 2780 ἄρῃς
658 2705 858 2769 αὐτοὺς
897 2707 962 2758 ὲκ
1003 2704 1097 2758 τοῦ
1123 2704 1351 2776 κόσμου,
1386 2703 1506 2758 ἀλλ’
1541 2702 1629 2759 ἵνα
1657 2705 1832 2775 τηρή-

251 2815 356 2872 σῃς
396 2799 595 2861 αὐτοὺς
625 2796 734 2851 ἀπὸ
763 2796 856 2850 τοῦ
879 2795 1140 2866 πονηροῦ.
1177 2794 1429 2862 ’Λγίασον
1452 2795 1648 2858 αὐτοὺς
1677 2797 1736 2848 ἐν
1761 2797 1829 2866 τῇ

245 2889 480 2960 ἀληθεία
509 2907 602 2943 σου
628 2905 642 2920 ο
669 2890 698 2942 ό
729 2889 887 2958 λόγος
940 2889 969 2940 ό
1008 2887 1119 2952 σὸς,
1150 2887 1376 2960 ἀλήθειά
1399 2887 1570 2943 ἐστιν.
1615 2907 1634 2940 ι
1667 2888 1828 2960 Αὐτῷ

248 2965 281 3051 ἧ
323 2981 450 3046 δόξα
480 2981 560 3045 είς
603 2981 732 3044 τοὺς
767 2980 987 3042 αἰῶνας.
1030 2979 1223 3050 ’Λμήν.

1951 1972 2130 2030 cimus
2158 1991 2259 2046 pro
2289 1979 2408 2035 suis
2435 1982 2740 2040 etiamnum
2785 1988 3027 2046 inimicis
3066 2008 3254 2050 orasse
3287 1996 3536 2068 adusque

1909 2072 1918 2082 '
1953 2076 2189 2123 mortem
2218 2081 2462 2128 sanctos.
2511 2077 2724 2149 1137
2773 2080 2904 2137 Jure
2955 2084 3180 2154 quidem
3220 2104 3234 2139 :
3270 2104 3397 2144 nam
3437 2092 3534 2162 qui

1952 2174 2052 2228 pro
2069 2175 2127 2216 se
2145 2161 2514 2223 aﬂicientibus
2536 2169 2739 2240 injuria
2761 2174 3018 2244 quapiam
3040 2177 3275 2235 effundit
3290 2161 3530 2250 precem,

1945 2251 2112 2307 illidit
2141 2255 2365 2324 quidem
2399 2267 2456 2312 et
2490 2259 2751 2318 deturbat
2776 2265 3088 2336 daemones;
3121 2287 3180 2326 se
3213 2281 3398 2329 autem
3427 2275 3534 2334 hoc

1944 2339 2066 2412 ipso
2110 2359 2280 2414 opere
2329 2346 2572 2405 declarat
2598 2351 2874 2410 haeredem
2907 2374 3030 2415 esse
3058 2363 3210 2433 regni
3238 2365 3532 2425 caelorum.

1941 2432 2218 2492 Admonet
2291 2449 2557 2509 praeterea
2607 2444 2924 2515 Apostolus,
2984 2461 3046 2506 ut
3086 2432 3188 2523 pro
3242 2455 3533 2515 hominum

1941 2539 2166 2580 oremus
2187 2543 2410 2598 genere,
2434 2532 2628 2603 utique
2654 2551 2778 2590 eum
2805 2539 2885 2593 ait
2910 2557 2923 2593 :
2951 2560 2969 2593 ι
2999 2543 3100 2598 f-ro
3129 2547 3446 2604 omnibus"
3472 2569 3486 2607 :
3509 2572 3528 2604 ›

1939 2631 2040 2686 per
2095 2618 2201 2674 hoc
2253 2621 2481 2689 indicat,
2527 2641 2628 2681 nos
2681 2644 2792 2684 non
2828 2647 2931 2700 pro
2961 2635 3156 2692 amicis
3199 2640 3401 2708 solum,
3434 2647 3532 2701 sed

1939 2719 1995 2764 et
2040 2727 2141 2781 pro
2197 2713 2437 2771 inimicis
2469 2729 2730 2788 oportere
2764 2738 2945 2781 orare.
2982 2727 3174 2800 Itaque
3221 2733 3265 2789 si
3311 2734 3529 2793 Domini

1939 2801 2248 2861 imitatores
2307 2807 2484 2862 videri
2539 2812 2808 2880 velimus,
2872 2833 3102 2877 necesse
3149 2823 3223 2880 sit
3263 2843 3374 2882 non
3431 2845 3533 2900 pro

1936 2895 2129 2950 amicis
2165 2898 2345 2953 solum
2385 2911 2444 2954 ut
2477 2918 2722 2972 oremus,
2751 2908 2845 2963 sed
2873 2919 2930 2966 et
2970 2928 3071 2982 pro
3105 2915 3372 2984 inimicis,
3396 2938 3529 2992 pro-

1933 2986 2113 3040 vocati
2160 2987 2380 3044 Domini
2433 2995 2710 3064 exemplo.
2756 2997 2877 3067 Ipse
2923 3003 3070 3058 enim
3121 3021 3290 3077 opere
3339 2986 3529 3068 docuit

251 3083 436 3137 facere
464 3076 572 3131 hoc
601 3089 702 3130 nos
734 3083 1010 3144 oportere.
1065 3069 1351 3141 Siquidem
1402 3087 1434 3126 a
1482 3087 1648 3128 cruce
1701 3072 1832 3128 dum
1871 3076 2162 3145 penderet.
2230 3080 2451 3136 Patrem
2521 3085 2893 3157 interpellavit
2931 3109 3032 3162 pro
3070 3112 3128 3152 se
3158 3101 3533 3173 cruciﬁgenti-

250 3167 392 3233 bus;
418 3183 520 3238 pro
553 3165 748 3221 amicis
790 3164 923 3218 item
970 3169 1266 3232 antequam
1308 3161 1365 3214 in
1395 3176 1615 3216 crucem
1645 3161 2049 3233 subrigeretur,
2082 3182 2296 3238 proque
2330 3170 2619 3244 discipulis
2690 3177 2745 3231 in
2816 3183 3049 3252 mystico
3114 3188 3211 3244 illo
3274 3194 3533 3250 convivio

246 3278 440 3319 orasse
468 3261 694 3332 legitur.
726 3277 744 3310 ‹
773 3258 882 3313 Vos
909 3256 1058 3311 enim
1094 3254 1259 3311 amici
1290 3255 1427 3310 mihi
1455 3255 1592 3311 estis
1618 3256 1663 3287 ⁵³
1691 3275 1708 3308 ι
1735 3257 1831 3312 ait.
1875 3258 1944 3314 Et
1975 3277 1989 3314 :
2031 3279 2050 3313 ι
2085 3262 2205 3318 Jam
2246 3281 2356 3321 non
2407 3266 2532 3323 dico
2572 3287 2672 3326 vos
2741 3288 2934 3332 servos
2969 3277 3034 3333 “.
3077 3300 3096 3333 ι
3140 3281 3344 3340 Orabat
3415 3297 3529 3346 tum

247 3356 447 3410 dicens
481 3371 494 3406 :
526 3372 544 3404 ι
583 3354 744 3408 Pater
793 3359 1002 3414 sancte,
1072 3364 1230 3404 serva
1269 3363 1366 3405 eos
1412 3349 1470 3404 in
1509 3350 1732 3405 nomine
1768 3359 1864 3407 tuo
1905 3369 2047 3424 quos
2067 3357 2269 3414 dedisti
2300 3360 2435 3415 mihi
2467 3361 2565 3417 ".»
2599 3365 2852 3423 Rursus:
2892 3390 2910 3422 ι
2953 3373 3073 3428 Non
3101 3392 3234 3448 rogo
3268 3390 3329 3435 ut
3371 3384 3531 3440 tollas

260 3465 364 3505 eos
392 3448 460 3503 de
495 3445 724 3510 mundo,
756 3443 852 3498 sed
885 3451 944 3497 ut
973 3457 1160 3498 serves
1187 3457 1284 3497 eos
1309 3457 1340 3495 a
1379 3441 1545 3507 malo,
1579 3443 1859 3498 sanctiﬁca
1893 3460 1990 3502 eos
2053 3450 2108 3503 in
2141 3453 2376 3510 veritate
2407 3463 2522 3520 tua,
2549 3472 2731 3514 sermo
2761 3469 2890 3517 tuus
2911 3468 3118 3523 veritas
3144 3480 3230 3526 est
3263 3473 3327 3526 ⁵⁸.
3359 3493 3377 3526 ι
3420 3475 3530 3546 Ipsi

247 3540 427 3610 gloria
458 3539 513 3593 in
545 3537 767 3593 smcula.
799 3540 992 3592 Amen.

853 3655 1071 3709 ΛΟΓΟΣ
1104 3655 1222 3710 οΓ¹.

537 3768 674 3836 Περὶ
704 3767 814 3822 τοῦ
848 3768 936 3837 μὴ
969 3766 1165 3836 ζητεῖν
1197 3768 1268 3824 τὰ
1309 3769 1550 3824 ἑαυτοῦ.

324 3881 540 3951 Ὠσπερ
567 3879 951 3951 χρεωστοῦμεν
984 3881 1049 3932 ὲκ
1077 3878 1178 3950 τῆς
1227 3879 1450 3952 ἐντολῆς
1475 3881 1572 3934 τοῦ
1602 3881 1739 3936 Θεοῦ
1773 3885 1836 3938 τὸ

250 3975 586 4045 συγχωρεῖν,
617 3973 712 4028 καὶ
743 3971 1002 4042 εὔχεσθαι
1032 3971 1176 4042 ὑπὲρ
1199 3971 1472 4043 ἀλλήλων,
1493 3974 1668 4039 οὕτως
1688 3976 1836 4046 ὀφεί-

247 4065 440 4135 λομεν,
467 4065 562 4119 καὶ
584 4065 648 4118 τὸ
677 4064 753 4135 μὴ
783 4064 964 4136 ζητεῖν
990 4063 1059 4118 τὰ
1083 4064 1313 4128 ἑαυτῶν,
1345 4066 1484 4120 ἀλλὰ
1514 4069 1609 4121 καὶ
1636 4067 1704 4121 τὰ
1725 4068 1832 4122 τῶν

247 4157 560 4228 ὁμοσώμων
589 4155 858 4225 ἀδελφῶνο
890 4156 980 4211 ἴνα
1011 4156 1086 4227 μὴ
1115 4157 1448 4228 παρέχωμεν
1475 4158 1691 4220 ἑαυτοῖς
1712 4159 1831 4229 pm.

246 4249 357 4320 6ης
379 4249 654 4320 ἀφορμήν.
685 4248 851 4317 Λέγει
887 4249 995 4320 γὰρ
1018 4249 1047 4303 6
1075 4249 1208 4312 Θεὸς
1228 4249 1307 4320 τῷ
1336 4251 1566 4322 Μωῦσῇ,
1601 4271 1620 4304 ι
1656 4251 1832 4306 Λῦσον

248 4340 312 4393 τὸ
342 4340 596 4411 ὑπόδημα
623 4339 733 4392 τῶν
760 4338 938 4392 ποδῶν
969 4356 1088 4393 σουο
1129 4359 1146 4391 ι
1175 4340 1482 4408 τουτέστιν,
1513 4341 1691 4395 Λῦσόν
1730 4360 1826 4396 σου

247 4431 314 4485 τὸ
344 4431 656 4501 δικαίωμα,
688 4432 749 4484 τὸ
790 4432 1055 4503 σαρκικὺν
1086 4433 1344 4504 φρόνημα
1377 4435 1470 4489 τοῦ
1513 4436 1647 4490 ίδίου
1677 4436 1833 4508 θελή-

252 4541 443 4594 ματοςο
487 4543 505 4576 ι
565 4525 624 4577 '0
651 4524 758 4596 γὰρ
814 4524 980 4587 τόπος
1024 4527 1082 4578 ὲν
1187 4527 1252 4581 σὺ
1296 4527 1556 4597 ἕστηκας,
1603 4531 1672 4600 γῆ
1701 4530 1833 4598 ἁγία

247 4613 420 4667 ἐστίν’
458 4632 476 4665 ι
507 4613 574 4686 ἢν
616 4613 1049 4685 κληρονομοῦσιν
1101 4617 1317 4686 πραεῖς.
1375 4617 1486 4670 Καὶ
1536 4619 1700 4688 ἡμεῖς
1739 4615 1832 4673 οὖν

249 4707 512 4778 κόψωμεν
559 4706 628 4761 τὰ
677 4706 965 4778 θελήματα
1003 4709 1162 4779 ἡμῶν
1198 4708 1267 4762 τὰ
1315 4711 1576 4781 σαρκικὰ,
1628 4712 1723 4766 καὶ
1754 4713 1833 4784 τῷ

250 4800 346 4854 τοῦ
380 4800 516 4853 Θεοῦ
550 4800 938 4872 κατάσχωμεν,
983 4801 1069 4854 ἵνα
1121 4800 1194 4872 μὴ
1230 4803 1586 4875 ὲγκληθῶμεν
1618 4805 1710 4858 ὑπ’
1735 4807 1833 4858 αὺ-

248 4889 344 4946 τοῦ
376 4892 465 4946 διὰ
507 4893 770 4964 Ἰερεμίου
799 4891 1071 4962 λέγοντος,
1111 4911 1131 4945 ι
1179 4894 1309 4964 Ἐμὲ
1330 4897 1685 4962 ἐγκατέλιπον
1729 4915 1834 4968 πη·

2458 3669 2743 3728 IIOMILIA
2773 3676 3013 3733 LXXIII.

2222 3779 2299 3834 De
2340 3798 2444 3837 non
2487 3789 2776 3848 quwrendo
2811 3809 2928 3862 qua:
2955 3811 3056 3850 sua
3090 3806 3237 3852 sunt.

2005 3889 2480 3958 Quemadmodum
2531 3900 2821 3959 Dominico
2870 3907 3133 3964 mandato
3175 3927 3437 3982 urgemur
3468 3926 3526 3973 et

1939 3992 2158 4040 mutuas
2189 3986 2398 4044 donare
2428 3991 2666 4049 offensas
2698 4004 2754 4050 et
2804 4013 2906 4067 pro
2952 3999 3188 4056 invicem
3235 4019 3418 4073 orare,
3448 4008 3524 4065 ita

1939 4092 2042 4133 nec
2070 4078 2338 4137 debemus
2388 4099 2510 4154 quae
2559 4094 2747 4141 nostra
2783 4089 3030 4158 ipsorum
3080 4102 3232 4159 sunt,
3273 4111 3524 4166 quaerere

1939 4170 2215 4240 cupidius,
2243 4174 2340 4229 sed
2362 4192 2482 4245 qua:
2519 4176 2754 4234 fratrum
2784 4183 2881 4250 qui
2909 4183 3160 4254 ejusdem
3190 4197 3320 4242 sunt
3346 4205 3524 4246 mem~

1938 4260 2037 4317 bra
2073 4265 2347 4334 corporis,
2377 4275 2437 4321 ut
2461 4284 2530 4323 ne
2553 4280 2742 4327 nostro
2769 4273 2903 4328 vitio
2942 4276 3107 4330 ullam
3133 4278 3332 4335 adeant
3359 4297 3522 4340 occa-

1939 4352 2152 4409 sionem
2214 4372 2372 4413 noxae
2425 4371 2520 4416 aut
2565 4361 2908 4420 detrimenti.
2962 4367 3112 4424 Dixit
3172 4372 3322 4428 enim
3377 4374 3522 4434 Deus

1939 4447 2146 4519 Moysi:
2172 4468 2191 4501 ι
2219 4449 2381 4507 Solve
2415 4454 2848 4511 calceamentum
2878 4459 3081 4530 pedum
3117 4469 3338 4520 tuorum
3371 4467 3417 4499 ⁸⁷
3446 4486 3459 4522 :
3494 4489 3512 4521 ι

1936 4539 2042 4617 hoc
2061 4549 2165 4606 est,
2192 4543 2342 4598 solve
2360 4545 2810 4614 justiﬁcationem
2845 4559 3016 4617 tuam,
3049 4556 3326 4612 carnalem
3359 4559 3520 4616 istam

1935 4614 2284 4701 prudentiam
2312 4650 2376 4689 ac
2411 4636 2613 4692 fastum
2649 4641 2884 4710 prepria:
2920 4614 3244 4702 voluntatis.
3286 4667 3303 4699 ι
3339 4649 3520 4709 Locus

1934 4723 2082 4778 enim
2133 4724 2185 4778 in
2234 4742 2344 4796 quo
2394 4736 2451 4781 tu
2503 4737 2636 4795 stas,
2678 4739 2824 4786 terra
2860 4744 3050 4790 sancta
3083 4746 3168 4792 est
3196 4738 3264 4806 ⁸⁸,
3301 4760 3320 4792 ι
3351 4758 3516 4812 quam

1936 4817 2126 4887 utique
2187 4820 2381 4874 sortito
2429 4821 2757 4878 haereditant
2819 4829 3112 4884 mansueti.
3172 4831 3283 4888 Nos
3335 4834 3518 4906 itaque

1936 4909 2174 4964 carnalis
2212 4909 2372 4966 istius
2412 4913 2708 4970 voluntatis
2743 4926 2943 4973 nostra:
2975 4921 3341 4989 praecidamus
3380 4943 3518 4997 prae-

249 4981 353 5051 γὴν
381 4979 573 5044 ὓδατος
600 4981 822 5046 ζῶντος.
866 5001 885 5032 ι
920 4983 1051 5046 Καὶ,
1091 5001 1108 5034 ‹
1159 4982 1565 5056 Ἐπορεύθησαν
1587 4992 1698 5052 τοῖς
1729 4991 1817 5045 θε-

1943 5001 2165 5070 putium,
2194 5017 2316 5056 eam
2355 5004 2641 5073 explentes
2671 5022 2794 5076 quae
2825 5009 2923 5064 Dei
2954 5021 3040 5066 est
3078 5031 3090 5065 :
3129 5030 3198 5070 ne
3226 5015 3296 5070 ab
3319 5032 3388 5072 eo
3415 5035 3516 5075 ex-

249 5071 489 5142 λήμασιν
514 5073 696 5126 αὐτῶν
720 5075 832 5137 τοῖς
859 5075 1070 5136 κακοῖς.
1113 5094 1130 5127 ι
1160 5075 1494 5147 Πρόσχωμεν
1522 5075 1615 5133 οὖν
1648 5083 1826 5152 ἀσφα-

250 5165 380 5229 λῶς,
417 5167 631 5236 μήποτε
675 5166 986 5235 ποτίσωμεν
1033 5168 1159 5231 τοὺς
1203 5168 1467 5237 ἀδελφοὺς
1504 5173 1664 5242 ημῶν
1699 5177 1830 5230 ἀνα-

248 5255 459 5328 τροπὴν
495 5257 744 5329 θολερὰν,
777 5257 846 5310 δι’
871 5258 1191 5327 οίουδήποτε
1241 5262 1562 5317 σκανδάλου.
1607 5266 1671 5319 El
1720 5267 1829 5340 γὰρ

248 5350 338 5403 διὰ
371 5351 586 5423 βρῶμα,
623 5351 810 5421 φησὶν,
837 5352 865 5404 6
891 5350 1122 5420 ἀδελφός
1159 5368 1252 5404 σου
1279 5352 1550 5418 λυπεῖται,
1588 5356 1621 5427 ἢ
1661 5375 1828 5414 σκαν-

250 5442 548 5507 δαλίζεται,
594 5442 626 5512 ἣ
680 5441 919 5506 ἀσθενεῖ,
970 5442 1003 5513 ἢ
1055 5446 1414 5515 προσκόπτει,
1459 5449 1642 5503 οὐκέτι
1687 5453 1827 5508 κατὰ

253 5535 475 5605 ἀγάπην
503 5538 845 5609 περιπατεῖς⁶
891 5555 909 5587 ι
1090 5537 1167 5607 τῷ
1198 5537 1446 5610 βρώματί
1486 5558 1581 5594 σου
1622 5545 1827 5599 ἐκεῖνον

254 5627 512 5694 ἀπόλλυε,
565 5628 706 5700 ὑπὲρ
753 5623 813 5681 οῦ
851 5629 1091 5698 Χριστὸς
1134 5631 1432 5688 ἀπέθανεν.
1490 5654 1509 5686 ι
1554 5635 1744 5701 Οὕτως
1772 5638 1828 5692 δὲ

904 5770 948 5802 ⁸³
981 5770 1000 5825 I
1034 5771 1177 5826 Tim.
1209 5790 1268 5837 ιι,
1295 5774 1346 5829 8.

783 5842 826 5872 ⁸⁸
853 5841 1005 5928 ἱὶ›ἰ‹].⁸
1061 5843 1106 5874 ⁸⁹
1135 5844 1245 5900 Jer.
1272 5862 1330 5912 ιι,
1361 5847 1444 5902 I3.
1522 5849 1567 5879 ⁸ο
1596 5849 1730 5905 ibid.
1773 5841 1822 5908 5.

343 5768 387 5800 “
420 5768 540 5824 Act.
577 5785 670 5832 vlt,
701 5770 789 5826 55.

253 5838 300 5871 "
325 5839 498 5896 Exod.
533 5857 609 5905 ιιι,
653 5841 704 5896 ὅ.

1442 5776 1487 5807 ⁵³
1504 5776 1660 5832 Joan.
1697 5795 1785 5842 xv,
1818 5781 1902 5837 III.

1930 5090 2179 5145 cidamus
2200 5091 2293 5160 qui
2328 5108 2428 5162 per
2448 5093 2744 5149 Jeremiam
2777 5097 2912 5153 dicit
2962 5116 2974 5153 :
3018 5121 3036 5151 ι
3069 5103 3152 5158 Me
3195 5104 3515 5178 derelique-

1931 5190 2063 5236 runt
2103 5181 2312 5237 fontem
2345 5201 2502 5255 aqua:
2542 5187 2784 5243 viventis
2815 5192 2881 5244 δ’.
2922 5211 2940 5243 ι
2972 5193 3078 5248 Et:
3117 5215 3136 5245 ι
3180 5196 3514 5257 Ambulave-

1931 5283 2064 5328 runt
2100 5285 2226 5344 post
2257 5278 2569 5334 voluntates
2606 5295 2735 5336 suas
2768 5284 2938 5340 malas
2971 5285 3037 5340 ⁸⁸³.
3077 5306 3096 5339 ι
3128 5289 3320 5362 Magna
3357 5293 3517 5348 nobis

1929 5366 2184 5421 cautione
2229 5369 2652 5437 providendum,
2686 5390 2760 5430 ne
2794 5375 2996 5433 fratres
3024 5390 3244 5438 nostros
3281 5385 3518 5440 exsatie-

1933 5473 2058 5512 mus
2091 5461 2293 5528 poculo
2326 5463 2658 5520 turbulentae
2685 5467 3084 5537 subversionis,
3121 5489 3318 5544 nempe
3351 5470 3513 5531 scan-

1935 5550 2066 5605 dali.
2119 5550 2174 5606 Si
2225 5553 2374 5607 enim
2421 5565 2648 5626 propter
2690 5559 2897 5625 cibum,
2950 5563 3026 5618 ait
3070 5566 3294 5632 Paulus,
3347 5567 3516 5624 frater

1937 5650 2067 5698 tuus
2122 5645 2512 5714 contristatur,
2562 5659 2658 5704 aut
2713 5653 3047 5721 inﬁrmatur,
3105 5666 3202 5712 aut
3258 5659 3511 5725 offendit,

1999 5782 2045 5815 “
2077 5783 2209 5843 ibid.
2255 5787 2340 5841 15.
2451 5789 2672 5846 “Joan.
2713 5809 2844 5858 xvn,
2877 5794 2963 5847 Il.
3075 5797 3121 5829 “
3145 5797 3282 5852 ibid.
3323 5800 3397 5855 I5.
3423 5801 3510 5859 I7.
