4028 6530
550 403 676 465 1647

1815 402 2180 461 ANTIOCHI
2225 401 2574 461 MONACIII

3676 407 3788 470 1ίῖίῖ

545 531 656 570 non
707 515 819 585 jam
871 513 1175 568 secundum
1229 513 1558 567 cbaritatem
1609 512 1904 567 ambulas:
1946 532 1962 564 ι
2018 513 2116 566 Nol

2245 512 2338 566 καὶ
2370 513 2782 584 ἁμαρτάνοντες
2806 513 2887 577 είς
2922 514 3051 577 τοὺς
3091 514 3378 583 ἀδελφοὺς,
3410 516 3501 568 καὶ
3531 515 3791 577 τύπτοντες

546 607 671 662 cibo
705 615 798 661 tuo
829 607 982 660 illum
1014 606 1266 676 perdere,
1303 619 1405 675 pro
1443 620 1553 673 quo
1591 604 1844 659 Christus
1872 612 2126 658 mortuus

543 707 628 753 est
657 701 729 764 αις
784 717 801 750 ›
837 699 916 752 sic
961 709 1144 752 autem
1177 706 1469 766 peccantes
1513 698 1569 752 in
1612 696 2008 752 conscientiam
2045 697 2128 750 in-

541 793 778 855 firmam,
827 791 886 844 in
928 790 1205 846 Christum
1258 805 1574 859 peccamus.
1628 789 1867 858 Ideoque
1913 788 1958 844 si
1999 803 2127 843 esca

541 880 877 935 scandalizat
905 880 1134 935 fratrem
1160 896 1367 946 meum,
1409 881 1625 952 1138
1659 881 1907 937 dicamus
1939 891 1996 937 et
2027 899 2127 938 nos

540 975 637 1042 qui
688 974 934 1044 religiosi
975 990 1166 1029 sumus
1217 993 1230 1028 :
1272 975 1392 1030 Non
1425 975 1770 1030 manducabo
1827 991 2023 1030 carnes
2069 969 2153 1030 in'

539 1075 828 1131 zelernum,
861 1074 922 1120 ut
951 1081 1018 1121 ne
1054 1065 1281 1121 fratrem
1337 1082 1522 1122 meum
1577 1067 1966 1122 scandalizem.
2003 1066 2126 1123 Haec

541 1156 679 1210 nihil
709 1156 942 1210 obscure
977 1156 1231 1222 faciebat,
1262 1155 1461 1210 fratres
1487 1157 1617 1221 mei,
1648 1158 1844 1212 beatus
1873 1157 1963 1212 ille
1991 1157 2127 1212 fide-

541 1248 608 1302 lis
629 1263 880 1316 prorsus,
908 1248 1004 1302 Dei
1036 1257 1092 1302 et
1116 1247 1322 1302 Christi
1345 1249 1464 1319 ejus
1488 1250 1921 1312 amantissimus,
1954 1250 2126 1304 idem-

539 1355 646 1407 que
705 1341 900 1396 salutis
942 1341 1324 1411 proximorum
1378 1342 1848 1411 cupientissimus.
1903 1343 2002 1398 llic
2056 1358 2125 1398 ne

537 1433 664 1502 quis
699 1433 954 1503 improbo
1004 1449 1105 1488 suo
1151 1434 1403 1503 exemplo
1456 1434 1945 1500 scandalizaretur,
1989 1437 2127 1490 irrc-

537 1525 971 1597 prehensibilem
1020 1541 1079 1580 se
1129 1541 1220 1595 per
1280 1526 1464 1580 omnia
1509 1527 1846 1590 exhibebat,
1891 1536 2124 1583 mortem

535 1617 775 1686 denique
802 1616 1091 1687 oppetivit.
1128 1618 1340 1687 Itaque,
1368 1617 1587 1682 fratres,
1631 1617 1686 1671 in
1717 1618 1978 1673 omnibus
2015 1634 2120 1674 vo-

537 1711 735 1766 luntati
771 1721 974 1765 nostra:
1028 1710 1342 1781 injiciamus
1394 1709 1642 1772 frenum,
1682 1709 1917 1780 proximi
1960 1726 2124 1766 causa

535 1818 656 1858 eam
705 1802 1072 1872 praecidentes
1120 1819 1132 1855 :
1188 1810 1250 1856 ut
1297 1817 1367 1856 ne
1419 1811 1676 1856 auctores
1727 1803 1894 1857 ullius
1948 1803 2124 1858 simus

2234 603 2419 656 αὐτῶν
2441 607 2541 672 τὴν
2568 603 2882 675 συνείδησιν
2906 603 3259 669 ἀσθενοῦσαν,
3285 605 3364 666 εἰς
3393 605 3624 676 Χριστὸν
3643 607 3794 678 ἁμαρ-

2229 695 2488 764 τάνομεν.
2522 697 2726 766 Διόπερ
2770 698 2819 749 εί
2865 695 3062 766 βρῶμα
3100 695 3450 760 σκανδαλίζει
3479 697 3569 750 τὸν
3593 697 3794 768 ἀδελφόν

2230 801 2347 847 σου,
2381 785 2630 854 εἴπωμεν
2684 785 2780 840 καὶ
2831 787 2993 856 ἡμεῖς
3024 787 3074 839 οἱ
3117 787 3388 851 εὐλαϐεῖς·
3423 789 3496 840 Οὐ
3553 788 3626 859 μὴ
3660 791 3797 858 φάγω

2228 876 2370 948 κρέα
2420 877 2502 940 είς
2547 877 2639 929 τὸν
2673 875 2868 939 αἰῶνα,
2903 876 2992 930 ἵνα
3033 877 3108 948 μὴ
3141 879 3231 932 τὸν
3261 878 3490 946 ἀδελφόν
3522 896 3621 949 μου
3657 897 3797 934 σκαν-

2227 967 2448 1021 δαλίσω·
2483 967 2661 1022 ταῦτα
2715 968 2773 1022 δὲ
2823 968 3010 1037 λέγει,
3045 970 3218 1041 ἤγουν
3261 973 3428 1035 ποιεῖ,
3468 973 3496 1024 6
3527 971 3691 1035 ὅντως
3728 990 3799 1025 πι-

2231 1059 2377 1124 στὸς,
2413 1060 2511 1113 καὶ
2547 1060 2820 1130 φιλόθεος,
2853 1063 2949 1116 καὶ
2981 1062 3357 1133 φιλόχριστος,
3403 1065 3501 1117 καὶ
3532 1064 3797 1132 φιλοπλού-

2229 1164 2367 1211 σιος,
2398 1149 2427 1201 6
2481 1149 2624 1202 κατά
2660 1150 2840 1203 πάντα
2869 1150 3223 1222 ἀπρόσκοπον
3268 1153 3462 1206 ἑαυτὸν
3499 1153 3701 1224 τηρῶν,
3729 1155 3799 1207 ἵνα

2233 1238 2306 1310 μὴ
2334 1239 2398 1292 δι’
2431 1239 2601 1294 αὐτοῦ
2647 1258 2737 1304 τις
2771 1241 3190 1306 σκανδαλισθεὶς
3235 1245 3508 1315 ἀποθάνῃ.
3554 1245 3800 1314 Κὸψωμεν

2227 1333 2345 1399 οὖν,
2382 1333 2628 1402 ἀδελφοὶ,
2660 1335 2729 1386 τὰ
2768 1333 3055 1405 θελήματα
3087 1336 3270 1408 ήμῶν,
3303 1336 3381 1408 τῷ
3408 1337 3643 1408 πλησίον
3667 1339 3801 1408 ἡμῶν

2227 1427 2286 1478 ἐν
2335 1428 2498 1488 πᾶσι,
2539 1427 2626 1480 ἵνα
2681 1425 2755 1498 μὴ
2803 1426 3096 1498 γενώμεθα
3146 1431 3310 1482 αἴτιοι
3359 1431 3693 1496 σκανδάλων,
3724 1434 3803 1483 καὶ

2227 1522 2618 1591 καταστροφῆς
2674 1522 2788 1584 τοῖς
2839 1521 3160 1589 ἀκούουσιν,
3222 1525 3317 1576 καὶ
3373 1524 3673 1584 βλέπουσιν
3722 1524 3803 1593 τὴν

2225 1611 2504 1682 διαγωγὴν
2550 1613 2728 1683 ἡμῶν.
2788 1615 3082 1684 Μακάριος
3121 1615 3180 1678 ὃς
3231 1618 3616 1686 καταπτήσσει
3650 1616 3802 1668 πὰντιι

2226 1704 2294 1757 δι’
2335 1705 2650 1760 εὐλάϐειαν.
2711 1707 2922 1777 Γράφει
2969 1707 3027 1760 δὲ
3077 1708 3171 1760 καὶ
3205 1709 3234 1761 6
3284 1710 3560 1781 μακάριος
3591 1701 3802 1773 Παῦλος,

2233 1797 2467 1867 «Μηδεὶς
2487 1799 2552 1851 τά
2581 1797 2776 1851 ἑαυτοῦ
2795 1799 3050 1870 ζητείτω,
3081 1801 3218 1854 ἀλλὰ
3235 1802 3304 1856 τὰ
3327 1802 3422 1856 τοῦ
3441 1803 3674 1874 πλησίον
3693 1804 3804 1856 Exa-

535 1896 777 1952 scandali
811 1906 906 1951 aut
947 1895 1326 1950 subversionis
1356 1894 1744 1961 audientibus,
1774 1904 1937 1965 atque
1984 1895 2112 1951 vita:

2224 1907 2358 1953 στος.
2395 1909 2528 1942 ›-ι
2565 1891 2931 1961 Ἀπρὸσκοποι
2952 1893 3192 1961 γίνεσθε,
3221 1896 3390 1965 φησὶ,
3417 1897 3514 1950 καὶ
3529 1896 3802 1959 Ἰουδαίοις,

534 1984 696 2040 istius
715 1992 918 2040 nostra:
943 1985 1257 2040 institutum
1283 1984 1718 2054 explorantibus.
1739 1984 1833 2039 Ille
1857 2001 2126 2055 perquam

536 2079 733 2132 beatus
777 2077 872 2146 qui
908 2076 1132 2146 pietatis
1169 2075 1389 2131 tuendae
1435 2077 1613 2146 gratia
1660 2085 1858 2131 cuncta
1897 2086 2124 2132 veretur

534 2186 598 2225 ac
642 2169 818 2224 timet.
853 2168 1138 2238 Scriptura
1169 2185 1406 2238 namque
1445 2170 1612 2224 habet
1650 2185 1713 2224 ac
1753 2169 1950 2224 beatus
1985 2170 2126 2224 Pau-

534 2264 620 2318 lus
660 2279 672 2315 :
705 2281 724 2312 ι
767 2261 940 2316 Nemo
971 2270 1180 2330 quaerat
1228 2277 1350 2331 qua:
1383 2277 1480 2316 sua
1509 2271 1667 2326 sunt,
1702 2261 1798 2316 sed
1834 2278 1956 2332 quae
1999 2279 2125 2332 pro-

536 2356 754 2411 ximi".
786 2374 915 2406 ι--ι
939 2355 1468 2423 lrreprehensibilcs
1493 2365 1690 2420 estote,
1723 2355 1893 2421 ait,et
1917 2356 2124 2412 Judaais

534 2454 592 2500 et
632 2445 846 2501 Grzecis
911 2456 968 2500 et
1017 2445 1286 2500 Ecclesia:
1344 2445 1488 2511 Dei;
1537 2447 2009 2515 quemadmodum
2065 2459 2122 2503 et

535 2554 636 2609 ego
663 2538 926 2593 omnibus
953 2553 1052 2608 per
1077 2539 1259 2599 omnia
1291 2537 1503 2606 placeo,
1537 2554 1646 2591 non
1694 2553 1947 2608 qumrens
1970 2539 2118 2608 quod

536 2629 671 2683 mihi
711 2629 816 2700 ipsi
857 2629 993 2682 utile
1043 2638 1146 2693 est,
1200 2628 1296 2683 sed
1336 2643 1457 2697 qua:
1513 2628 1838 2694 multorum,
1873 2635 1934 2682 ut
1983 2629 2118 2684 salvi

538 2724 671 2780 fiant
704 2725 772 2778 ⁸³.
809 2744 826 2776 ι
862 2726 931 2779 Ει
961 2740 1202 2778 rursus:
1239 2743 1255 2775 ι
1308 2722 1564 2778 Charitas
1614 2737 1725 2775 non
1761 2721 1963 2791 quatrit
1996 2737 2119 2790 quae

534 2831 633 2870 sua
659 2815 833 2886 ipsius
862 2825 1013 2881 sunt,
1044 2830 1157 2869 non
1206 2814 1486 2878 irritatur,
1517 2812 1702 2867 omnia
1749 2810 1967 2876 suffert,
1997 2828 2118 2865 om-

535 2907 624 2961 nia
653 2907 894 2962 sustinet
925 2907 990 2961 δ”.
1027 2926 1044 2958 ι
1083 2906 1191 2960 Sed
1241 2914 1296 2960 et
1328 2906 1375 2960 is
1404 2905 1571 2960 infert
1599 2921 1612 2957 :
1656 2923 1674 2955 ι
1708 2903 1986 2959 Debemus
2017 2921 2117 2958 au-

534 3003 643 3048 tem
679 3011 782 3049 nos
807 2995 903 3063 qui
933 3002 1190 3064 potentes
1216 3009 1428 3058 sumus,
1456 2992 1811 3047 infirmitates
1840 2993 2116 3062 impoten-

534 3085 670 3140 tium
723 3087 1048 3147 sustinere,
1115 3096 1170 3140 et
1219 3102 1328 3140 non
1391 3084 1812 3154 nobismetipsis
1861 3085 2114 3154 placere;

531 3179 741 3234 etenim
777 3179 894 3250 ipse
941 3179 1200 3234 Christus
1247 3194 1359 3233 non
1390 3179 1497 3234 sibi
1553 3177 1657 3247 ipsi
1722 3178 1928 3247 placuit
1970 3179 2040 3230 ⁵⁸.
2091 3199 2109 3228 ι

532 3273 739 3326 lterum
777 3290 790 3325 :
833 3291 851 3322 ι
896 3271 1032 3339 Quis
1070 3271 1403 3337 infirmatur,
1437 3280 1494 3326 et
1539 3286 1641 3342 ego
1675 3286 1784 3325 non
1829 3271 2119 3325 infirmor?

531 3363 660 3432 quis
685 3364 1096 3418 scandalizatur
1144 3372 1200 3418 et
1255 3379 1356 3434 ego
1391 3378 1504 3417 non
1540 3378 1675 3417 uror
1723 3363 1815 3416 “5?
1848 3382 1866 3414 ι
1917 3362 2023 3417 Sed
2064 3371 2121 3418 et

532 3454 799 3509 Dominus
832 3472 844 3508 :
891 3473 909 3506 ι
951 3456 1103 3509 Meus
1136 3455 1295 3508 cibus
1329 3461 1497 3508 estut
1542 3454 1739 3508 faciam
1774 3455 2116 3509 voluntatem

2231 1982 2326 2034 καὶ
2360 1982 2638 2052 Ἕλλησιν,
2669 1983 2764 2037 καὶ
2826 1988 2892 2055 τῇ
2929 1984 3230 2056 Ἐκκλησία
3276 1984 3374 2040 τοῦ
3425 1985 3603 2040 Θεοῦ’
3646 1985 3804 2048 καθὼς

2230 2071 2386 2141 κάγὼ
2435 2075 2790 2129 παντάπασιν
2850 2077 3095 2146 ἀρέσκω,
3123 2079 3186 2131 οὒ
3225 2079 3409 2149 ζητῶν
3458 2079 3522 2133 τὸ
3583 2079 3802 2150 ἐμαυτοῦ

2229 2166 2532 2238 συμφέρον,
2565 2168 2704 2222 ἀλλά
2735 2169 2796 2222 τὸ
2820 2168 2930 2222 τῶν
2960 2169 3196 2234 πολλῶν,
3231 2172 3319 2225 ἵνα
3349 2172 3628 2226 σωθῶσιν.
3664 2191 3681 2222 ι
3714 2172 3803 2223 Καὶ

2227 2259 2414 2326 πάλιν,
2455 2279 2474 2311 ι
2521 2261 2581 2313 Ἠ
2605 2262 2792 2332 ἀγάπη
2822 2263 2883 2316 οὐ
2933 2261 3092 2334 ζητεῖ
3127 2264 3198 2317 τά
3243 2266 3465 2335 ἑαυτῆς,
3488 2265 3554 2318 οὐ
3590 2264 3802 2336 παροξύ-

2226 2366 2401 2413 νεται,
2438 2351 2620 2405 πάντα
2668 2353 2873 2420 στέγει,
2917 2353 3096 2407 πάντα
3149 2356 3437 2426 ὑπομένει.
3488 2376 3505 2407 ι
3558 2357 3670 2408 Kal
3702 2357 3804 2409 ἑπι-

2227 2441 2417 2512 φέρει·
2458 2460 2477 2493 ι
2535 2444 2859 2515 Ὀφείλομεν
2917 2447 2974 2499 δὲ
3025 2447 3120 2499 καὶ
3172 2450 3336 2516 ἡμεῖς
3394 2450 3443 2500 σι
3493 2447 3718 2501 δυνατοὶ
3751 2451 3804 2500 τὰ

2225 2535 2583 2606 ἀσθενήματα
2613 2539 2723 2590 τῶν
2754 2538 3034 2593 ἀδυνάτων
3078 2539 3392 2611 βαστάζειν,
3440 2543 3534 2595 καὶ
3590 2543 3669 2612 μὴ
3697 2543 3805 2596 ἐαυ-

2222 2629 2332 2689 τοῖς
2369 2627 2649 2700 ἀρέσκειν.
2689 2629 2798 2682 Kal.
2829 2630 2938 2701 γὰρ
2973 2633 3000 2684 6
3045 2632 3282 2704 Χριστὸς
3313 2632 3413 2702 οὐχ
3448 2632 3636 2702 ἐαυτῷ
3682 2634 3804 2702 ἡρε-

2225 2735 2335 2771 σεν.
2374 2737 2394 2771 ι
2428 2721 2539 2772 Καὶ
2575 2721 2760 2788 πάλιν,
2804 2741 2822 2773 ι
2859 2723 2957 2786 Τίς
3005 2723 3250 2792 ἀσθενεῖ,
3301 2726 3398 2778 καὶ
3434 2725 3537 2778 οὐκ
3573 2725 3802 2786 ἁσθενῶ;

2220 2810 2303 2874 τίς
2331 2813 2772 2879 σκανδαλίζεται,
2807 2817 2904 2868 καὶ
2948 2815 3048 2868 οὐκ
3088 2815 3199 2884 ἐγὼ
3228 2816 3554 2888 πυροῦμαι;
3606 2837 3625 2869 ι
3663 2818 3806 2870 Καὶὸ

2220 2904 2427 2975 Κύριός
2453 2925 2640 2978 φησιν,
2664 2926 2682 2958 ι
2727 2908 2888 2978 Ἐμὸν
2921 2907 3119 2978 βρῶμά
3159 2911 3308 2962 ἐστιν
3349 2910 3437 2962 ἵνα
3477 2909 3625 2962 ποιῶ
3650 2909 3705 2961 τὸ
3733 2907 3808 2960 θέ-

2219 2995 2372 3064 λημα
2395 2997 2489 3051 τοῦ
2514 2999 2831 3069 πέμψαντός
2860 3017 2927 3070 με
2961 3000 3196 3072 Πατρὸς,
3225 3003 3318 3055 καὶ
3344 3001 3631 3054 τελειώσω
3657 3000 3805 3055 αὐτοῦ

2219 3089 2279 3141 τὸ
2326 3088 2505 3160 ἔργον.
2550 3109 2568 3142 ›
2604 3092 2830 3164 Θέλημα
2884 3093 2941 3146 δὲ
2985 3093 3081 3146 τοῦ
3113 3095 3326 3165 Πατρδς
3355 3095 3518 3148 αὐτοῦ
3565 3097 3717 3148 ἐστιν
3756 3093 3808 3147 τὸ

2221 3182 2460 3255 σωθῆναι
2495 3186 2671 3238 πάντα
2709 3185 3016 3256 ἄνθρωπον.
3057 3187 3166 3240 Kal
3202 3187 3388 3252 πάλιν,
3428 3207 3445 3238 ι
3485 3187 3804 3257 Καταὸἐϐη-

2225 3294 2298 3330 κα
2351 3280 2414 3330 ἐκ
2467 3277 2561 3330 τοῦ
2617 3278 2887 3348 οὐρανοῦ,
2938 3279 3037 3349 οὐχ
3092 3279 3180 3332 ἵνα
3218 3278 3360 3332 ποιῶ
3409 3280 3470 3332 τὸ
3499 3279 3719 3348 θέλημα
3753 3281 3807 3331 τὸ

2224 3368 2377 3437 ἐμὸν,
2413 3368 2552 3422 ἀλλά
2584 3370 2644 3422 τὸ
2695 3369 2910 3440 θέλημα
2961 3371 3058 3424 τοῦ
3107 3370 3425 3442 πέμψαντός
3466 3388 3535 3442 με
3579 3372 3801 3442 Πατρός.

2223 3457 2382 3527 Αὐτῷ
2414 3459 2446 3528 ἡ
2475 3458 2602 3525 δόξα
2637 3461 2718 3522 είς
2755 3461 2883 3523 τοὺς
2917 3459 3144 3523 αἰῶνας.
3188 3460 3383 3532 Ἀμήν.

531 3549 654 3620 ejus
673 3548 766 3616 qui
791 3547 1063 3610 misitme,
1087 3547 1287 3610 Patris,
1309 3546 1661 3615 ctperficiam
1685 3562 1826 3615 opus
1851 3548 1972 3616 ejus
2000 3549 2067 3601 ⁵⁷.
2117 3568 2134 3599 ι
2183 3550 2447 3604 Voluntas
2481 3559 2665 3604 autem
2699 3551 2876 3621 ipsius
2927 3560 3034 3618 est,
3065 3560 3128 3605 ut
3175 3553 3381 3606 salvem
3444 3567 3677 3606 omnem
3721 3551 3806 3604 ho-

532 3641 758 3696 minem.
795 3641 1051 3694 Rursus:
1097 3658 1114 3689 ι
1157 3639 1426 3694 Descendi
1477 3639 1545 3692 de
1594 3640 1757 3703 cmlo,
1791 3655 1898 3693 non
1953 3648 2014 3692 ut
2081 3639 2279 3695 faciam
2354 3643 2698 3697 voluntatem
2749 3659 2952 3709 meam,

3025 3644 3122 3699 sed
3162 3645 3510 3699 voluntatem
3549 3647 3676 3716 ejus
3720 3645 3801 3714 qui

533 3733 686 3789 misit
715 3746 825 3796 me,
859 3730 1041 3786 Patris
1072 3731 1136 3783 ⁵⁸.
1173 3750 1188 3780 ι
1219 3730 1326 3800 lpsi
1358 3731 1530 3801 gloria
1566 3730 1621 3783 in
1661 3731 1861 3786 saecula
1890 3732 2243 3786 saeculorum.
2282 3733 2477 3788 Amen.

1050 3841 1338 3897 HOMILIA
1375 3841 1606 3897 LXXIV.

980 3952 1058 4007 De
1097 3969 1201 4006 non
1233 3954 1664 4024 concupiscendo.

603 4070 882 4140 Scriptum
914 4077 1036 4123 est:
1071 4089 1088 4120 ι
1117 4067 1448 4138 Quicunque
1483 4067 1694 4139 Spiritu
1721 4070 1818 4126 Dei
1849 4083 2112 4143 aguntur,

533 4165 588 4220 hi
608 4164 706 4219 filii
744 4170 874 4218 sunt
902 4162 999 4217 Dei
1028 4163 1103 4215 ⁸⁹ε
1136 4181 1152 4212 ι
1185 4161 1340 4227 Quod
1368 4177 1414 4216 St
1448 4161 1666 4217 ﬁliiDei
1705 4162 1847 4218 ﬁlias
1874 4165 2114 4236 diligunt

533 4259 843 4321 hominum,
890 4256 996 4311 hoc
1051 4264 1156 4320 est,
1195 4254 1423 4309 humani
1460 4254 1667 4309 favoris
1713 4255 1798 4310 vel
1828 4257 2113 4313 existima-

533 4349 701 4404 tionis
732 4348 1016 4403 ducuntur
1059 4343 1356 4399 affectibus
1392 4360 1405 4396 :
1439 4342 1529 4397 cui
1561 4342 1859 4398 obscurum
1897 4345 1991 4408 sit,
2031 4354 2112 4398 ta-

2825 3852 3046 3905 ΛῡΓΟΣ
3086 3850 3203 3903 OA'.

2636 3963 2782 4031 Περὶ
2820 3963 2929 4018 τοῦ
2953 3963 3042 4033 μὴ
3065 3962 3395 4032 ἐπιθυμεῖν.

2293 4077 2630 4148 Γέγραπται,
2657 4095 2676 4128 ι
2712 4078 2869 4132 Ὅσοι
2901 4078 3185 4148 Πνεύματι
3219 4077 3355 4130 Θεοῦ
3392 4078 3643 4146 ἄγονται,
3669 4076 3803 4135 οὗτοί

2221 4170 2361 4222 είσιν
2396 4170 2500 4222 υἱοὶ
2538 4169 2694 4226 Θεοῦ.
2736 4190 2753 4222 ι
2804 4171 2930 4224 Ἐἀν
2963 4166 3057 4224 οὖν
3089 4171 3196 4222 uici.
3227 4170 3321 4224 τοῦ
3344 4171 3481 4224 Θεοῦ
3516 4173 3802 4242 ἀγαπήσωο

2222 4273 2308 4308 σιν
2337 4256 2436 4321 τὰς
2471 4257 2784 4329 θυγατέρας
2817 4260 2927 4311 τῶν
2956 4259 3281 4328 ἀνθρώπων,
3311 4261 3616 4326 τουτέστιν,
3651 4263 3800 4329 δόξας

2221 4349 2590 4419 ἀνθρωπίνας,
2639 4353 2703 4404 ἐκ
2732 4351 2938 4404 τούτων
2973 4351 3161 4404 λοιπὸν
3196 4351 3494 4419 γεννῶνται
3527 4354 3795 4423 γίγαντες,

532 4439 668 4496 lium
706 4439 1065 4496 commistura
1094 4436 1243 4506 gigni
1278 4436 1332 4489 in
1360 4447 1644 4504 posterum
1669 4435 1920 4505 gigantes
1951 4436 2114 4490 initio

2224 4440 2268 4492 οί
2316 4442 2411 4492 ἀπ’
2455 4441 2650 4505 αἰῶνος
2689 4443 3005 4513 ὀνομαστοί·
3045 4444 3346 4508 τουτέστιν,
3395 4447 3458 4498 ἐκ
3487 4447 3593 4515 ,τῆς
3624 4449 3796 4499 couti-

531 4535 720 4589 statim
769 4529 977 4586 conditi
1027 4527 1182 4582 orbis
1230 4526 1480 4582 celebres
1518 4526 1782 4594 opinione
1818 4534 1983 4596 atque
2034 4527 2113 4582 fa-

533 4625 750 4681 mosos?
780 4623 885 4676 hoc
920 4628 1039 4684 est,
1081 4635 1112 4672 e
1147 4617 1352 4688 quibus
1392 4632 1617 4687 germen
1657 4617 1882 4672 emersit
1927 4616 2112 4688 gloria:

532 4718 732 4778 inanis.
772 4709 968 4783 nempe
1016 4711 1297 4781 superbia,
1323 4709 1510 4771 elatio,
1540 4707 1750 4764 inﬂatio
1771 4709 1886 4764 sive
1917 4709 2109 4772 fastus,

531 4807 850 4881 arrogantia
897 4807 1012 4860 sive
1054 4802 1349 4858 immodica
1384 4801 1718 4857 existimatio
1753 4802 1860 4866 sui,
1895 4803 2111 4873 jactan-

535 4904 607 4958 tia
641 4903 756 4956 sive
789 4897 1066 4970 gloriatio.
1096 4895 1141 4950 A
1167 4895 1370 4949 saeculo
1399 4894 1545 4948 enim
1579 4895 1806 4949 emersit
1830 4895 2111 4964 superbia,

533 5011 596 5050 ac
637 4993 825 5049 caeteri
863 4991 1050 5046 vitiosi
1099 4989 1329 5043 affectus
1377 5003 1443 5041 ex
1485 4987 1601 5056 ipsa
1633 4987 1782 5041 enati
1821 4997 1970 5042 sunt.
2008 4988 2112 5044 Sed

534 5087 664 5155 quid
692 5085 868 5139 Deus?
903 5102 922 5135 ι
952 5084 1072 5139 Non
1100 5080 1449 5152 permanebit
1471 5077 1714 5150 Spiritus
1747 5094 1905 5134 meus
1928 5080 1983 5134 in
2011 5080 2112 5135 ho-

535 5177 778 5231 minibus
809 5176 897 5230 his
920 5175 975 5229 in
991 5181 1256 5229 aaternum
1281 5173 1325 5203 °°
1351 5188 1366 5236 ;
1401 5191 1418 5224 ι
1442 5171 1571 5241 quia
1591 5171 1843 5226 carnales
1867 5180 1995 5225 sunt
2019 5187 2115 5240 per

535 5285 717 5341 prava:
745 5267 1206 5338 concupiscentiae
1227 5265 1620 5336 corruptelam,
1648 5265 2113 5335 quemadmodum

535 5372 590 5418 et
625 5362 829 5418 Paulus
865 5359 1089 5414 Galatas
1122 5373 1452 5428 coargueus,
1476 5357 1614 5411 dicit
1647 5373 1659 5409 :
1689 5376 1704 5407 ι
1739 5355 1877 5411 Cum
1917 5357 2116 5422 spiritu

535 5453 836 5526 cmperitis,
859 5466 1011 5506 nunc
1025 5466 1188 5504 carne
1206 5449 1666 5504 consummamini
1687 5449 1752 5500 “.
1786 5448 2106 5519 rEgregium

532 5563 664 5603 sane
691 5544 889 5610 fuerit,
935 5543 981 5598 si
1016 5541 1240 5613 quidem
1292 5541 1361 5594 ab
1387 5539 1659 5610 ejusmodi
1703 5555 1826 5610 qua:
1860 5539 1916 5593 in
1955 5557 2114 5594 Inun—

535 5643 606 5697 do
658 5618 809 5706 sunt,
849 5633 1318 5707 concupiscentiis
1365 5633 1711 5687 excidemur.
1759 5632 1909 5688 Talis
1961 5633 2110 5688 enim

603 5797 644 5828 "
679 5795 841 5850 Rom.
871 5809 980 5854 xw.
1008 5793 1094 5845 15.
1177 5791 1221 5821 ⁵²
1251 5792 1267 5843 1
1296 5789 1426 5845 Cor.
1456 5805 1486 5841 Χ
1524 5830 1537 5852 ,
1567 5789 1656 5843 24.
1733 5787 1780 5818 ⁵³
1805 5787 1940 5841 ibid.
1979 5790 2067 5843 55.

535 5883 608 5933 xt,
644 5866 734 5920 29.
812 5867 853 5896 ⁵⁷
875 5865 1030 5920 Joan.
1062 5879 1131 5927 Iv,
1166 5862 1253 5914 5i.

2160 5791 2202 5820 ⁵³
2231 5792 2246 5845 Ι
2277 5791 2404 5846 Cor.
2451 5811 2565 5856 xm,
2593 5796 2646 5859 5,
2685 5797 2714 5848 7
2811 5796 2857 5827 ⁸⁵
2894 5795 3051 5851 Rom.
3112 5813 3202 5863 xv,
3237 5798 3287 5860 l,
3320 5799 3373 5852 5.

1333 5862 1380 5892 ⁵⁸
1403 5861 1558 5915 Joan.
1584 5875 1658 5927 vt,
1686 5858 1774 5911 58.
1851 5859 1895 5889 ⁸⁹
1927 5859 2084 5912 Rom.
2122 5877 2233 5927 vm,
2272 5866 2356 5917 Μ.

2217 4549 2317 4601 της
2348 4532 2507 4602 δόξης
2538 4535 2795 4601 γεννᾶται
2823 4535 3197 4605 ὑπερηφανία,
3227 4536 3479 4606 ἔπαρσις,
3516 4539 3791 4604 φυσίωσις,

2219 4625 2416 4694 οἴησις,
2451 4624 2604 4694 ὕψος,
2643 4626 2951 4689 ἀλαζονείαο
2984 4628 3078 4680 ἀπ’
3108 4629 3301 4691 αἰῶνος
3322 4629 3428 4698 γάρ
3459 4631 3492 4699 ἡ
3519 4631 3794 4701 ὑπερηφα-

2221 4714 2311 4768 νία
2351 4715 2445 4768 καὶ
2483 4715 2554 4768 τά
2596 4717 2760 4771 λοιπά
2791 4717 2962 4788 πάθη.
2996 4719 3108 4772 Καὶ
3137 4719 3283 4787 λέγει
3305 4721 3333 4771 6
3363 4721 3520 4787 Θεὸς,
3561 4740 3579 4772 ι
3623 4725 3696 4775 Οὐ
3727 4723 3794 4792 μὴ

2221 4808 2528 4880 καταμείνῃ
2565 4809 2626 4863 τὸ
2677 4809 2904 4881 Πνεῦμά
2954 4829 3056 4882 μου
3085 4813 3144 4866 ἐν
3169 4815 3284 4876 τοῖς
3326 4814 3642 4884 ἀνθρώποις
3683 4817 3795 4869 toﬁ-

2221 4915 2353 4965 τοις,
2389 4902 2468 4963 είς
2495 4901 2584 4954 τὸν
2611 4901 2807 4968 αίῶνα,
2841 4921 2858 4952 ι
2899 4903 2986 4956 διὰ
3013 4903 3074 4956 τὸ
3101 4904 3239 4957 εἶναι
3271 4905 3469 4968 αὐτοὺς
3507 4909 3792 4977 σαρκικοὺς

2220 4991 2328 5045 τῶν
2376 4995 2564 5047 κακῶν
2597 4993 2927 5065 ἐπιθυμιῶν.
2961 4997 3159 5060 Καθὼς
3191 4998 3286 5050 καὶ
3319 5000 3347 5051 6
3383 4997 3594 5061 Παῦλος
3619 5000 3790 5066 λέγει,

2226 5083 2581 5154 μεμφόμενος
2640 5087 2932 5151 Γαλάταις·
2974 5107 2993 5139 ι
3024 5090 3302 5159 Πνεύματι
3347 5091 3668 5162 ἀρξάμενοι,
3704 5090 3790 5145 νῦν

2219 5177 2380 5246 σαρκὶ
2431 5178 2794 5232 ἐπιτελεῖσθε.
2844 5181 3027 5233 Καλὸν
3068 5182 3162 5234 οῦν
3208 5183 3357 5235 ἐστιν
3387 5182 3448 5235 τὸ
3495 5182 3789 5237 ἀνακόπτε-

2218 5268 2341 5322 σθαι
2405 5269 2514 5322 ἀπὺ
2566 5271 2672 5325 τῶν
2730 5273 3043 5343 ἐπιθυμιῶν
3075 5274 3185 5327 τῶν
3241 5275 3412 5345 ἐντῷ
3461 5276 3674 5346 κόσμῳ,
3713 5278 3790 5329 δτι

2218 5361 2367 5413 πᾶσα
2401 5362 2664 5432 ἐπιθυμία
2710 5365 2854 5418 κατά
2904 5365 2999 5418 τοῦ
3024 5366 3339 5437 πνεύματος
3398 5369 3746 5439 στρατεύεται
3773 5387 3785 5397 ·

2220 5451 2253 5519 ἡ
2283 5448 2392 5521 γὰρ
2419 5449 2695 5522 φιλήδονος
2723 5453 2918 5524 καρδία
2959 5455 3170 5527 εἱρκτὴ,
3202 5457 3297 5510 καὶ
3333 5457 3522 5520 ᾶλυσις
3550 5462 3611 5527 τῇ
3649 5458 3786 5529 ψυχῇ

2221 5543 2278 5595 ἐν
2305 5543 2487 5614 καιρῷ
2507 5543 2689 5610 ἐξόδου
2727 5547 2960 5613 γίνεται·
2989 5550 3021 5620 ἡ
3053 5548 3111 5601 δὲ
3145 5550 3452 5619 φιλόπονος,
3489 5550 3623 5621 θύρα
3652 5553 3787 5603 ἐστὶν

2220 5635 2564 5706 ἀνεῳγμένη.
2598 5637 2670 5690 Τὸ
2692 5638 2802 5709 γὰρ
2828 5639 2927 5711 τῆς
2960 5641 3256 5712 ἐπιθυμίας
3296 5644 3485 5710 πάθος,
3519 5643 3788 5714 βλάστημα

3493 5801 3536 5832 ⁵⁵
3570 5799 3606 5853 ll
3660 5797 3784 5854 Cor.

2438 5867 2482 5896 “°
2517 5865 2656 5920 Gen.
2688 5883 2757 5934 vl,
2801 5867 2852 5919 5.
2930 5870 2970 5897 δι
3007 5869 3183 5923 Galat.
3226 5885 3302 5935 ιιι,
3330 5869 3380 5923 5.
