3868 6518
158 358 296 423 1649
935 365 1261 426 IIOMILIA
1302 368 1643 427 LXXIV.—
1670 365 1763 425 DE
1804 366 1954 425 NON
1993 368 2628 426 CONCUPISCENDO.
3272 362 3405 425 1650

149 481 252 547 τῆς
312 478 508 547 ἀργίας
542 479 793 550 ὑπάρχει.
836 481 900 533 Ἠ
933 482 1040 552 γὰρ
1080 485 1271 552 ἀργία,
1313 485 1587 553 ἀπογεννᾷ
1630 486 1676 535 τι

1868 483 2277 551 oncupiscentia
2317 485 2497 537 omnis
2545 483 2813 536 adversus
2849 480 3106 550 spiritum
3154 483 3395 538 militat:

151 569 452 641 ἐπιθυμίαν
478 612 492 634 ,
543 574 637 626 καὶ
678 573 775 644 τὴν
815 575 1102 644 όκνηρίαν,
1151 576 1352 646 μᾶλλον
1405 577 1460 631 δέ
1509 578 1599 630 καὶ
1631 577 1678 631 τί

1891 572 2049 642 139
2076 572 2184 627 Cor
2232 575 2380 627 enim
2428 574 2768 642 voluptatum
2811 571 3165 625 assectatoris
3215 587 3404 626 carcer

147 662 527 717 ἀνελπιστίαν.
552 666 612 716 El
639 665 747 736 γὰρ
777 667 1148 736 ἐγινώσκομεν
1175 669 1256 720 ὅτι
1285 668 1538 738 πάροικοι
1565 671 1674 738 ἐσμ,

1873 661 2022 730 tique
2045 672 2150 726 est,
2189 674 2244 717 et
2273 672 2466 718 catena
2487 663 2682 716 anima:
2706 662 2758 715 in
2779 662 2897 730 ipso
2924 662 3105 714 exitus
3125 661 3360 715 articulo
3387 680 3398 715 :

149 756 248 807 ἐπὶ
289 756 388 824 τῆς
421 757 542 824 γῆς,
575 758 669 810 καὶ
716 759 933 829 εἴχομεν
976 761 1043 814 τὰ
1095 761 1337 828 παρόντα
1388 759 1602 831 φθαρτά
1635 777 1676 813 κι

1872 761 2020 806 antra
2059 753 2332 807 industrio
2355 763 2410 808 et
2446 753 2651 806 laboris
2687 752 2937 820 patienti,
2976 762 3034 804 ut
3069 752 3243 806 libera
3268 768 3399 806 evo-

150 849 572 917 παρατρέχοντα
601 851 768 919 ἡμᾶς,
798 853 1098 921 χειμάρρου
1129 851 1347 921 τρόπον,
1371 853 1470 904 ούκ
1497 852 1561 905 ἂν
1588 853 1677 922 ὼρ

1874 853 1926 908 τι,
1957 854 2146 914 aperta
2192 854 2276 899 est
2322 846 2510 914 janua.
2545 843 2791 898 Allectus
2851 860 3087 912 namque
3139 845 3401 912 concupi-

149 935 368 1006 γόμεῦα
396 939 461 989 τὰ
491 939 563 1008 μὴ
591 939 854 1008 ἡμέτερα,
886 943 979 993 καὶ
1003 941 1364 1011 ὀλιγοχρόνια,
1399 941 1511 995 ἀλλ’
1533 943 1676 994 ἐπεθι

1872 936 2052 989 εειιιὶω
2104 952 2327 1006 germen
2370 943 2455 990 est
2497 952 2564 996 ex
2593 937 2707 990 otio
2753 937 3155 1004 suppnllulans.
3213 934 3399 990 Otium

80 1053 84 1057 -
153 1026 370 1095 μοῦμεν
415 1028 482 1080 τὰ
510 1028 677 1091 ὅντως
702 1030 966 1099 ἡμέτερα,
1001 1030 1095 1082 καὶ
1138 1031 1540 1094 διαιωνίζοντα,
1579 1051 1604 1084 τ

1873 1028 1976 1080 nim
2029 1043 2130 1082 suo
2197 1028 2346 1081 velut
2403 1028 2612 1082 semine
2647 1027 2821 1097 gignit
2874 1027 3400 1096 concupiscentiam,

148 1117 308 1169 ἐστιν
340 1117 400 1169 τὸ
433 1118 569 1187 μετά
599 1119 830 1190 Χριστοῦ
862 1116 1022 1186 εἶναι,
1059 1123 1151 1174 καὶ
1178 1123 1472 1175 ἀπολαύειν
1501 1124 1601 1191 τῆς
1634 1142 1675 1176 αι

1871 1127 1994 1188 tque
2027 1118 2198 1172 animi
2251 1119 2544 1179 lentorem,
2577 1119 2746 1186 magis
2772 1134 2902 1172 vero
2941 1118 3398 1186 desperationem.

147 1207 249 1260 τοῦ
284 1209 621 1278 γλυκύτητος
679 1211 774 1264 καὶ
834 1211 1127 1281 βασιλείας.
1180 1215 1242 1265 Οἱ
1293 1215 1399 1284 γὰρ
1438 1215 1528 1267 τὸν
1564 1216 1674 1267 αύτ‹

1875 1210 1888 1262 i
1937 1209 2084 1262 enim
2146 1217 2298 1264 recto
2353 1210 2582 1263 rationis
2645 1209 2851 1278 judicio
2911 1209 3399 1278 perpenderemus,

149 1300 325 1352 πόθον
355 1301 586 1370 ἔχοντες,
608 1302 675 1355 τὰ
704 1303 796 1356 τοῦ
821 1305 1086 1374 παρόντος
1117 1305 1308 1368 αἰῶνος
1331 1306 1529 1367 πάντα,
1563 1306 1676 1360 πλοξ

1874 1302 1962 1354 uia
2013 1316 2180 1370 super
2225 1311 2430 1355 terram
2485 1301 2737 1370 inquilini
2775 1316 2983 1365 smnus,
3015 1312 3071 1355 et
3099 1302 3227 1370 quia
3255 1301 3401 1355 cele—

145 1391 247 1444 τόν
281 1409 447 1461 φημι,
483 1393 576 1446 καὶ
602 1395 780 1460 δόξαν,
813 1398 903 1449 καὶ
931 1398 1266 1457 δυναστείαν,
1295 1399 1388 1452 καὶ
1422 1398 1592 1468 κάλλη
1623 1415 1672 1451 σι

1872 1393 1950 1446 ius
2013 1391 2390 1459 emigrandum
2439 1391 2569 1444 hinc
2625 1391 2786 1445 nobis
2813 1400 2917 1453 est,
2953 1401 3147 1445 cuncta
3211 1393 3399 1459 utique

153 1482 351 1549 μάτων
377 1483 452 1544 ὡς
483 1482 727 1538 σκύϐαλα
749 1485 1027 1554 ἡγοῦνται.
1065 1484 1174 1537 Καὶ
1202 1486 1262 1537 οὐ
1293 1485 1518 1538 δύναται
1547 1484 1604 1538 ἐν
1621 1503 1680 1538 τιπ

1874 1492 1982 1537 ιιιεε
2028 1483 2355 1552 temporaria
2405 1484 2642 1537 obnoxia
2687 1483 3028 1551 corruptioni
3069 1490 3124 1535 et
3153 1498 3273 1550 qua:
3302 1497 3401 1536 nos

149 1571 440 1640 ἀπατῆσαι
481 1571 678 1634 αὐτοὺς
727 1575 755 1626 ό
803 1574 986 1644 ἄρχων
1021 1574 1114 1626 τοῦ
1154 1572 1348 1637 αἰῶνος
1387 1573 1600 1638 τούτου,
1635 1590 1676 1626 κι

1871 1577 2168 1646 apidissimi
2199 1578 2456 1631 torrentis
2487 1579 2662 1630 instar
2693 1585 3051 1645 przetereunt,
3080 1575 3398 1642 neutiquam

149 1665 466 1734 ἀποστῆσαι
505 1665 604 1734 τῆς
655 1665 745 1717 τοῦ
775 1665 1010 1735 Χριστοῦ
1047 1666 1285 1736 ἀγάπης.
1333 1665 1531 1729 Καθὼς
1569 1667 1664 1718 καὶ

1874 1680 1984 1726 ιιιιο
2009 1681 2392 1742 expeteremus
2432 1673 2642 1736 studio,
2674 1671 2879 1741 quippe
2903 1687 3026 1739 quze
3055 1680 3240 1724 nostra
3294 1684 3401 1722 non

150 1753 411 1823 Σολομὼν
445 1773 626 1826 φησιν,
665 1775 683 1806 ι
725 1757 1128 1826 Ἑπιθυμὴσατε
1162 1758 1374 1826 σοφίαν,
1404 1758 1491 1810 ἵνα
1527 1759 1607 1820 είς
1635 1757 1677 1809 τί

1873 1773 1962 1817 unt
1986 1780 2049 1818 ac
2079 1766 2167 1818 vix
2199 1765 2412 1818 tantillo
2458 1764 2660 1817 durant
2697 1773 2962 1831 tempore.
2993 1762 3173 1828 Quare
3221 1761 3400 1813 sinum

149 1820 333 1898 αἰῶνα
369 1820 742 1918 βασιλεύσητε.
787 1868 804 1898 ι
835 1820 956 1898 -Ἶι
983 1820 1265 1918 ’Ζητήσατε
1298 1820 1590 1919 φρόνησιν,
1634 1867 1676 1901 κε

1875 1865 2033 1908 ostra:
2081 1855 2543 1925 concupiscentiae
2595 1855 2868 1909 fusissinie
2928 1855 3176 1906 laxemus
3222 1851 3290 1905 ad
3340 1867 3402 1905 ea

151 1937 546 2007 κατορθώσατε
581 1937 796 1992 σύνεσιν
841 1941 898 1992 ἐν
926 1939 1166 2008 γνώσει·
1219 1959 1236 1991 ι
1275 1941 1370 1993 καὶ
1423 1942 1522 1994 ὅσα
1566 1942 1678 2011 ἕτεε

1874 1962 1954 2000 ua)
1995 1962 2121 2001 vere
2147 1957 2334 2001 nostra
2366 1955 2515 2009 sunt,
2551 1955 2606 1999 ct
2639 1962 2759 2015 qua:
2796 1945 3179 2014 percnnahunt
3211 1942 3401 1997 nobis-

149 2028 386 2082 τοιαῦτα
417 2029 744 2100 γέγραπται.
781 2031 859 2084 Τὰ
889 2032 997 2102 γὰρ
1027 2034 1224 2101 αἰσχρὰ
1257 2034 1433 2086 πάντα
1456 2075 1469 2097 ,
1512 2035 1603 2087 καὶ
1632 2034 1676 2087 ἀῖ

1876 2054 1954 2092 ιιι]
1989 2055 2001 2089 :
2052 2039 2311 2091 nimirum
2341 2048 2398 2091 ut
2429 2037 2601 2090 simus
2635 2053 2758 2090 cum
2794 2036 3036 2097 Christo,
3076 2043 3134 2088 ut
3164 2035 3284 2104 eius
3318 2032 3403 2086 in-

148 2120 369 2190 λότρια,
400 2122 731 2194 ἀπαγορεύει
762 2124 1072 2193 ἐπιθυμεῖν·
1100 2124 1238 2178 ὥστε
1273 2125 1572 2196 συλλήϐδην
1601 2144 1675 2178 ποι

1871 2129 2109 2199 ogitahili
2131 2129 2424 2183 dulcedine
2449 2139 2612 2197 atque
2634 2143 2801 2197 regno
2829 2142 3138 2180 mereamur
3171 2124 3398 2193 perfrui.

152 2213 304 2280 μετά
351 2213 552 2282 πολλὴν
587 2214 869 2285 διαφορὰν,
925 2217 1126 2283 μεταξὺ
1170 2217 1262 2269 τοῦ
1301 2217 1464 2269 καλοῦ
1497 2218 1589 2270 καὶ
1633 2236 1679 2270 τι

1879 2237 1966 2275 am
1997 2221 2089 2290 qui
2123 2222 2279 2284 tales,
2315 2221 2597 2290 prwsentis
2628 2220 2785 2274 istius
2812 2218 2994 2272 s:eculi
3029 2217 3234 2281 omnia,
3265 2216 3402 2270 divi-

152 2304 420 2374 πονηροῦ,
473 2305 762 2359 δεικνῦναι.
808 2308 976 2376 Φησὶν
1009 2309 1136 2377 γὰρ,
1184 2327 1201 2359 ι
1250 2305 1420 2377 Ἆρον
1476 2311 1582 2364 ἀπὸ
1634 2327 1679 2362 σι

1875 2329 1936 2367 as
1982 2313 2126 2376 dico,
2175 2311 2872 2382 gloriam,praefecturam,
2929 2311 3184 2364 decoram
3239 2320 3400 2376 atque

149 2397 341 2449 πᾶσαν
391 2397 682 2466 ἐπιθυμίαν
743 2400 1015 2470 πονηράν·
1061 2400 1275 2454 ἔνδυσαι
1325 2402 1380 2455 δὲ
1433 2402 1676 2472 ἐπιθυμίς

1872 2403 2119 2458 mabilem
2169 2405 2416 2473 corporis
2459 2403 2810 2473 elegantiam,
2839 2410 2899 2454 ut
2931 2401 3230 2455 fmdissima
3259 2408 3399 2453 ster-

147 2490 371 2560 ἀγαθὴν
403 2493 494 2544 καὶ
524 2493 745 2564 σεμνήν.
790 2514 806 2545 ι
849 2495 1321 2565 Ἐνδιδυσκόμενος
1352 2497 1458 2566 γὰρ
1478 2497 1575 2568 τὴν
1610 2499 1674 2549 ἐπ

1875 2511 1957 2549 )ra
2013 2496 2299 2565 deputant,
2356 2497 2475 2552 istts
2507 2497 2653 2549 nulla
2697 2497 2751 2549 in
2812 2513 2868 2549 re
2921 2495 3202 2564 imponere
3238 2503 3402 2561 queat

149 2584 366 2652 θυμίαν
416 2583 639 2656 ταύτην,
685 2588 938 2658 μισήσεις
988 2588 1086 2656 τὴν
1123 2589 1364 2658 πονηρὰν
1409 2590 1672 2658 ἐπιθυμία

1872 2587 2085 2656 rinccps
2115 2588 2279 2657 hujus
2323 2589 2530 2651 seculi,
2569 2597 2628 2642 ut
2660 2603 2689 2641 a
2722 2586 3054 2640 rectitudine
3083 2585 3399 2644 deﬂectant,

147 2677 253 2729 καὶ
306 2678 776 2748 χαλιναγωγήσεις
821 2680 1009 2748 αὐτὴν,
1051 2679 1233 2743 καθὼς
1279 2680 1474 2749 βούλει.
1535 2681 1668 2753 ’Λγρ

1874 2687 1922 2731 ιιι
1972 2692 2198 2732 avocare
2267 2693 2297 2732 a
2349 2678 2618 2732 charitate
2678 2677 2904 2741 Christi,
2963 2685 3247 2731 astruente
3298 2676 3401 2729 hoc.

147 2769 267 2838 γάρ
295 2771 442 2821 ἐστιν
473 2771 503 2839 ἡ
538 2769 805 2840 ἐπιθυμία
845 2773 876 2841 ή
909 2772 1141 2842 πονηρὰ,
1166 2775 1258 2825 καὶ
1290 2773 1558 2836 δυσκόλως
1586 2777 1674 2843 ημι

1875 2771 2159 2826 alomone:
2197 2792 2212 2822 ι
2254 2770 2661 2842 Concupiscite,
2708 2771 2805 2836 ait,
2842 2770 3186 2840 sapientiam,
3242 2780 3302 2822 ut
3346 2770 3402 2822 in

152 2860 373 2928 ροῦται.
403 2861 758 2933 Φοϐερωτὲρα
787 2865 894 2933 γάρ
929 2867 1096 2928 ἐστιν,
1131 2867 1222 2917 καὶ
1266 2865 1388 2918 λίαν
1431 2868 1495 2936 τῇ
1533 2867 1679 2919 ἐαυτῖ

1872 2868 2093 2914 ternum
2125 2862 2366 2930 regnetis
2390 2862 2455 2914 θ’.
2502 2881 2519 2914 ι
2554 2863 2620 2915 Ει
2650 2880 2662 2914 :
2703 2883 2718 2912 ‹
2756 2861 2995 2927 Quaerite
3030 2860 3399 2930 prudentiam,

149 2954 446 3023 ἀγριὼητι
477 2954 690 3026 δαπανᾷ
719 2957 846 3018 τοὺς
865 2957 1204 3026 ἀνθρώπους.
1237 2958 1494 3030 Ἐνδέτῷ
1523 2959 1670 3027 λέγει

1873 2959 1888 3004 ι
1918 2950 2162 3020 perfleite
2193 2953 2245 3005 in
2278 2953 2509 3006 scientia
2559 2952 2979 3022 intelligentiam
3011 2953 3076 3016 ω,
3117 2972 3162 3003 ›··
3186 2962 3242 3006 ει
3297 2953 3400 3006 alia

155 3062 176 3093 ι
233 3043 431 3114 Ἀγρία
467 3045 612 3096 ἐστὶν
660 3046 692 3117 ἡ
735 3045 1001 3113 ἐπιθυμία
1041 3049 1072 3115 ἡ
1119 3047 1350 3118 πονηρὰ,
1392 3067 1408 3098 ι
1450 3050 1679 3118 σημαίνε

1873 3043 1884 3096 l
1916 3059 2089 3112 genus
2120 3059 2231 3096 non
2252 3058 2422 3116 pauca
2453 3043 2656 3113 scripta
2685 3053 2832 3098 sunt.
2863 3044 2942 3096 Ab
2971 3043 3229 3098 omnibus
3253 3044 3400 3097 enim

147 3135 239 3186 ὅτι
271 3133 469 3204 ἑαυτὴν
513 3136 742 3202 ἀναφύει
775 3135 849 3199 ὡς
879 3136 1045 3206 ἀγρία
1076 3137 1294 3208 βοτάνη,
1331 3141 1410 3203 είς
1447 3139 1674 3212 ἀγεώργ-

1878 3134 2130 3203 cripturze
2166 3135 2327 3189 nobis
2361 3135 2721 3200 interdicunt,
2755 3153 2876 3205 (piae
2911 3147 3040 3191 sunt
3073 3152 3172 3205 per
3220 3151 3277 3189 se
3307 3135 3405 3189 oh-

146 3241 249 3276 τον
269 3225 488 3293 χωρίον·
525 3225 556 3295 ἢ
594 3225 669 3288 ὡς
711 3226 902 3296 ἄγριον
937 3227 1074 3290 ζῶον
1113 3231 1170 3281 ἐν
1201 3231 1377 3302 ἑαυτῷ
1407 3233 1672 3304 νεμόμενο

1880 3242 2014 3280 :oena
2041 3233 2097 3280 et
2124 3226 2192 3280 ab
2215 3227 2501 3281 honestate
2524 3226 2725 3291 aliena,
2748 3227 2818 3280 ita
2849 3236 2907 3281 ut
2939 3227 3110 3281 veluti
3141 3227 3194 3280 in
3234 3242 3407 3279 unum

145 3317 292 3370 ἄνευ
324 3315 546 3386 λογικῆς
593 3319 954 3382 ἐπιστάσεως.
987 3321 1080 3384 Τίς
1113 3321 1168 3374 δὲ
1201 3324 1290 3374 καὶ
1329 3325 1546 3395 ποταπή
1580 3328 1672 3378 ἐστ

1878 3332 2030 3372 seem
2057 3317 2368 3382 confertim,
2403 3318 2499 3372 ubi
2529 3318 2702 3372 multa
2742 3319 3095 3373 contentione
3141 3318 3405 3371 differen-

145 3407 216 3461 οὐ
253 3407 412 3477 μόνον
443 3409 475 3477 ἡ
507 3409 760 3480 πονηρία,
784 3411 918 3465 άλλὰ
947 3429 1017 3465 κα
1041 3413 1246 3482 ὶάγαθὴ
1275 3414 1531 3484 ἐκθυμία,
1565 3419 1622 3468 ἐν
1651 3436 1672 3469 τ

1876 3424 1962 3462 am
2033 3409 2328 3478 explicavit
2378 3408 2534 3463 bonae
2596 3410 2862 3479 matreque
2919 3409 3403 3479 concupiscentia,

147 3495 396 3568 καθεξῆς
429 3498 662 3569 διαλόγῳ
714 3501 960 3570 ἀκριϐῶς
994 3503 1285 3567 ἐκτίθεται,
1326 3505 1410 3557 ἵνα
1443 3506 1618 3576 δῆλον,
1646 3508 1672 3560 ὅ

1878 3498 2156 3552 ibnectat:
2197 3517 2216 3550 ι
2254 3498 2426 3552 Aufer
2460 3515 2490 3553 a
2521 3507 2572 3553 te
2603 3499 2724 3568 ipso
2760 3516 2978 3554 omnem
3009 3499 3405 3568 concupiscen-

145 3590 604 3659 ἀποστραφέντες
655 3593 836 3644 πᾶσαν
878 3594 1119 3662 πονηρὰν
1166 3594 1460 3665 ἐπιθυμίαν
1501 3598 1672 3666 ἐμπολ

1880 3603 1963 3641 am
1996 3589 2190 3642 malam
2223 3589 2287 3651 εδ,
2348 3588 2582 3643 induere
2606 3605 2738 3643 vero
2768 3606 2886 3644 eam
2918 3607 3039 3659 qua:
3072 3590 3211 3643 bona
3243 3600 3407 3645 estet

144 3681 481 3751 τευσὼμεθα
503 3685 570 3750 τῇ
595 3683 770 3754 ἀγαθῇ
805 3683 898 3736 καὶ
939 3688 1110 3757 σεμνῇ
1145 3686 1430 3758 ἐπιθυμίᾳ.
1469 3687 1630 3740 Ὅθεν
1670 3713 1671 3719 η

1876 3678 2030 3734 ndica
2055 3680 2120 3732 ⁸⁵.
2159 3699 2176 3732 ι
2203 3697 2212 3703 ·
2236 3680 2346 3734 Hac
2374 3681 2647 3751 siquidem
2682 3682 2970 3737 redimitus
3009 3691 3160 3735 veste
3198 3697 3403 3736 concu-

148 3774 318 3838 ξύλον
345 3772 438 3826 τοῦ
473 3774 670 3828 είδέναι
703 3777 961 3843 γνωστὸν,
999 3777 1182 3842 καλὸν,
1209 3778 1300 3832 καὶ
1340 3780 1592 3849 πονηρὸν,
1622 3782 1675 3834 δε

1877 3774 2132 3837 ἱεεεηιὶρε,
2162 3773 2318 3828 facile
2370 3774 2516 3828 illam
2570 3773 2928 3829 exsecrahere
2973 3783 3137 3842 atque
3195 3771 3404 3825 infense

145 3865 347 3918 κτικόν
376 3867 522 3918 ἐστιν
550 3867 644 3920 τοῦ
685 3867 777 3920 τὸν
808 3867 1092 3939 ἄνθρωπον
1123 3870 1369 3924 δεκτικὸν
1414 3868 1552 3927 εἶναι
1582 3883 1672 3942 γνιι

1877 3865 2012 3919 ieris
2043 3880 2163 3934 qua:
2199 3865 2449 3933 improha
2476 3875 2561 3919 est
2608 3875 2664 3919 et
2709 3864 2927 3925 vitiosa,
2983 3880 3192 3933 proque
3237 3865 3404 3918 animi

145 3953 298 4020 σεως
329 3957 493 4010 καλοῦ
528 3961 622 4012 καὶ
647 3959 908 4032 πονηροῦ⁶
943 3963 1208 4033 διαφορὰν
1243 3963 1300 4017 δὲ
1331 3964 1607 4034 ἐμφαίνει,
1631 3971 1672 4020 oi

1874 3956 1909 4010 li
1935 3955 2206 4010 sententia
2235 3956 2392 4024 quasi
2427 3956 2630 4025 injecto
2654 3955 2708 4008 in
2740 3971 2802 4008 os
2826 3954 2982 4007 freno
3022 3953 3401 4008 moderaherc.

145 4050 244 4102 ἵνα
275 4065 360 4112 τις
385 4051 442 4102 ἐν
468 4049 551 4121 τῷ
581 4051 730 4121 αύτῷ
756 4053 814 4105 τὸ
842 4053 1076 4123 πονηρὸν
1104 4054 1242 4123 μετά
1271 4054 1363 4108 τοῦ
1391 4057 1555 4110 καλοῦ
1577 4076 1672 4112 ποι

1877 4056 1924 4102 st
1987 4047 2134 4101 enim
2205 4047 2394 4101 isthzec
2453 4046 2694 4116 maligna
2754 4046 3202 4114 concupiscentia
3266 4046 3404 4098 mire,

143 4141 271 4193 ἀλλ’
307 4140 395 4194 ἵνα
424 4141 592 4194 ποιῶν
623 4142 686 4194 τὸ
721 4143 905 4209 καλὸν,
948 4145 1170 4216 ἐκκλίνῃ
1205 4146 1312 4200 ἀπὸ
1335 4147 1430 4200 τοῦ
1463 4165 1668 4220 πονηρο

1879 4142 2064 4212 ςτεειὶε
2085 4156 2149 4195 ac
2180 4140 2484 4209 przeferox;
2511 4154 2613 4193 nec
2646 4139 2786 4193 citra
2817 4139 3098 4208 negotium
3125 4139 3406 4193 cicurator

142 4233 301 4286 κατά
325 4233 416 4286 τὸν
444 4233 720 4302 λέγοντα,ι
753 4237 1039 4290 Ἔκκλινον
1080 4237 1187 4290 ἀπὸ
1219 4239 1412 4303 κακοῦ,
1442 4243 1537 4294 καὶ
1573 4243 1669 4295 ποίη

1882 4243 1927 4285 ιι
1966 4233 2282 4286 mansuclit.
2335 4231 2513 4300 Supra
2555 4230 2778 4284 modum
2839 4231 2986 4284 enim
3041 4229 3409 4285 formidabilis

144 4341 247 4377 σον
281 4325 535 4392 ἀγαθόν.»
562 4326 784 4396 Πρῶτος
808 4329 835 4379 ὁ
863 4328 1023 4398 νόμος
1049 4329 1502 4400 παρακελεύεται,
1530 4333 1671 4401 λέγω

1880 4335 1934 4388 ιι,
1953 4325 2401 4394 quandoquidem
2435 4332 2666 4379 cunctos
2688 4340 2856 4394 prope
2877 4324 3119 4378 absumit
3147 4339 3212 4378 ac
3239 4324 3407 4379 devo-

149 4435 169 4466 ι
193 4414 317 4467 οὐκ
353 4414 706 4484 ἐπιθυμήσεις
727 4416 827 4470 ὅσα
847 4416 940 4469 τοῦ
967 4418 1192 4487 πλησίον
1225 4436 1317 4472 σου
1351 4421 1514 4474 ἐστίν.
1540 4441 1559 4474 ι
1591 4423 1646 4476 ’0
1669 4429 1676 4474 ἐ

1877 4427 1933 4471 ιι.
1965 4419 2068 4472 Per
2098 4417 2152 4470 id
2185 4417 2335 4487 quod
2364 4417 2498 4471 dicit
2532 4435 2544 4468 :
2585 4435 2602 4466 ι
2631 4415 2873 4484 Agrestis
2891 4423 2975 4470 est
3004 4416 3404 4484 concupiscen-

158 4506 372 4576 Ἀχαάσ
410 4505 660 4577 παραϐὰς
705 4506 804 4577 τὴν
853 4507 1070 4578 ἐντολὴν
1107 4509 1330 4580 ταύτην,
1379 4513 1685 4586 ἐπεθύμησε

1879 4527 1904 4565 a
1935 4511 2074 4563 mala
2124 4510 2204 4573 ‘6;
2254 4530 2270 4559 ι
2313 4510 2562 4563 insinuat
2597 4511 2760 4563 talem
2798 4515 2994 4576 suopte
3033 4509 3196 4577 genio
3223 4522 3406 4562 emer-

136 4599 243 4649 τον
309 4596 603 4665 ἀμπελῶνα
650 4597 917 4650 Ναὸουθέ·
966 4601 1058 4651 καὶ
1092 4599 1182 4651 τὸν
1222 4600 1320 4669 μὲν
1357 4601 1564 4657 δίκαιον
1618 4607 1663 4659 ἀι

1878 4619 1981 4667 πε,
2014 4617 2117 4657 ceu
2168 4602 2370 4656 assolet
2416 4600 2659 4655 emicare
2698 4599 2870 4654 herba
2923 4599 3154 4668 agrestis
3187 4599 3244 4652 in
3278 4615 3405 4669 agro

137 4691 392 4742 εκτεινεν
442 4688 621 4757 ἐαυτῷ
660 4689 717 4743 δέ
772 4690 866 4742 καὶ
905 4690 983 4759 τῷ
1036 4693 1168 4760 οἴκῳ
1210 4693 1375 4748 αὐτοῦ
1415 4697 1664 4767 ἀπήνεγκ

1881 4696 2061 4750 ιίιιὶπιε
2091 4693 2366 4763 proscisso
2391 4701 2446 4746 et
2495 4692 2728 4752 inarato,
2765 4699 2859 4744 aut
2889 4699 3036 4744 certe
3075 4705 3175 4745 ceu
3205 4691 3408 4744 animal

137 4781 376 4851 ὄλεθρον
416 4782 692 4845 ἀπωλείας
746 4782 982 4835 αἰώνιον.
1047 4783 1427 4856 Ἐπεθύμησεν
1469 4789 1526 4841 δὲ
1567 4792 1660 4844 καὶ

1878 4797 2041 4842 aturze
2071 4785 2325 4856 agrestis,
2367 4783 2515 4854 quod
2557 4799 2614 4838 se
2670 4784 2725 4836 in
2760 4782 2904 4853 agris
2940 4781 3174 4836 exsatiat
3203 4797 3405 4851 pascuo

137 4875 283 4936 λαὸς
330 4873 622 4944 ἐπιθυμίαν
668 4875 726 4926 ἐν
763 4876 828 4946 τῇ
861 4876 1073 4946 ἐρήμῳ,
1130 4877 1223 4928 καὶ
1269 4880 1382 4930 ἐκεῖ
1418 4879 1619 4935 ἔπεσαν
1657 4902 1664 4916 ε

1880 4859 2096 4940 'amine,
2127 4877 2263 4932 citra
2298 4876 2729 4930 moderationem
2754 4872 3004 4928 rationis.
3033 4873 3163 4940 Quae
3189 4873 3407 4927 tandem

142 4967 306 5023 κῶλα
359 4967 561 5020 αὐτῶν.
596 4967 756 5035 Λέγει
798 4967 854 5019 δέ
895 4971 987 5019 καὶ
1017 4971 1044 5021 ὁ
1083 4970 1518 5040 Παροιμιαστὴς,
1553 4991 1570 5021 ι
1610 4975 1669 5026 [Ii

1878 4973 2066 5040 naligna
2103 4971 2217 5024 haec
2237 4978 2319 5024 est
2352 4967 2602 5038 etqualis
2627 4966 3110 5036 concupiscentia?
3132 4965 3405 5021 Caeterum

141 5060 354 5129 ἄεργος
407 5060 464 5110 ἐν
493 5059 759 5129 ἐπιθυμίᾳ
787 5059 962 5113 ἐσται.
1014 5061 1205 5128 Χεῖρες
1240 5060 1295 5112 δὲ
1337 5062 1618 5130 ἀνδρείων,
1667 5103 1668 5109 η

1879 5063 2124 5131 triusque
2160 5061 2374 5115 indoles
2402 5060 2560 5114 bona:
2591 5060 2746 5127 juxta
2772 5074 2836 5112 ac
2868 5058 3100 5125 vitiosa},
3151 5073 3406 5113 sermone

143 5149 461 5219 ἐπιμελείᾳ.
498 5169 515 5202 ι
547 5150 654 5204 Καὶ
713 5150 896 5213 πάλιν,
935 5167 954 5201 ι
1008 5150 1356 5221 Ῥεμϐασμὸς
1407 5154 1670 5225 ἐπιθυμία

1881 5153 2082 5207 roximo
2120 5153 2430 5222 explicatur
2475 5166 2543 5204 eo
2579 5151 2848 5214 exactius,
2876 5158 2936 5203 ut
2974 5150 3262 5220 utriusque
3295 5149 3408 5204 dis-

150 5241 480 5313 μεταλλεύει
530 5241 655 5294 νοῦν
700 5243 926 5296 ἄκακον.
958 5262 976 5293 ι
1024 5243 1135 5296 Καὶ
1193 5243 1374 5307 πάλιν,
1422 5264 1440 5297 ι
1500 5246 1677 5302 Ἀσεὸἱ

1879 5244 2064 5297 τίιιιὶηε
2094 5243 2337 5297 lucidius
2362 5241 2656 5310 explicato,
2692 5241 2996 5296 adversarti
3024 5256 3147 5295 eam
3185 5255 3406 5294 omnem

142 5335 282 5403 ὅλην
325 5333 423 5402 τὴν
459 5332 672 5402 ἡμέραν
727 5332 986 5403 ἐπιθυμεῖ
1017 5334 1313 5403 ἐπιθυμίας
1339 5337 1536 5400 κακάς.
1584 5339 1669 5390 Ὀη

1883 5350 1952 5390 133
1981 5335 2176 5389 vitiosa
2208 5342 2314 5399 est,
2337 5334 2504 5387 vitam
2530 5341 2775 5386 nostram
2804 5332 3156 5386 instituamus
3187 5331 3252 5385 ad
3273 5347 3410 5401 prav-

137 5426 379 5487 δίκαιος,
417 5422 574 5487 ἐλεεῖ,
617 5423 710 5476 καὶ
734 5424 1260 5494 οίκτείρειάφειδῶς.
1309 5443 1326 5475 ι
1364 5426 1473 5479 Καὶ
1508 5427 1664 5497 ἐπάγε

1877 5425 2097 5494 :riptum
2151 5439 2416 5479 canonem
2459 5423 2609 5476 illius
2637 5438 2757 5490 qua:
2809 5422 2954 5475 bona
2987 5432 3072 5476 est
3112 5429 3168 5475 ct
3217 5435 3313 5489 per
3348 5435 3404 5472 se

147 5537 170 5567 ι
210 5516 305 5586 Μή
349 5531 407 5567 σε
440 5517 640 5589 νικήσῃ
685 5515 876 5579 κάλλος
915 5517 1228 5587 ἐπιθυμίας,
1273 5518 1405 5588 μηδὲ
1454 5519 1674 5591 ἀγρευθξ

1884 5528 2080 5572 )nesta.
2107 5517 2262 5575 Unde
2300 5526 2354 5572 et
2382 5517 2587 5588 lignum
2631 5517 2764 5571 illud
2798 5516 3040 5572 scientia:
3080 5516 3147 5568 ad
3171 5513 3411 5567 ἰιιΐιιείυ-Δ

143 5608 267 5668 σοῖς
289 5604 608 5674 ὀφθαλμοῖς.
649 5625 666 5657 ι
713 5604 769 5658 Ὀ
791 5605 846 5658 δέ
871 5605 1156 5676 ἄμεμπτος
1208 5606 1346 5673 Ἰὼϐ,
1379 5609 1627 5678 πατήσας
1665 5628 1670 5640 ι

1876 5612 1954 5663 ein
2006 5611 2289 5680 pertinens
2344 5609 2693 5680 cognitionis,
2737 5625 2906 5679 capax
2956 5618 3038 5662 est
3083 5614 3137 5661 et
3169 5605 3310 5660 boni.
3349 5616 3403 5660 ct

220 5781 267 5812 “
293 5781 420 5851 Sap.
453 5795 524 5845 γι,
561 5783 643 5836 l2.
723 5783 764 5815 ⁵³
798 5783 955 5837 Prov.
1000 5800 1068 5847 iv,
1107 5782 1153 5835 l.
1234 5782 1276 5815 εδ
1328 5782 1498 5838 lCor.
1549 5799 1601 5851 v,
1638 5784 1720 5838 15.

1328 5782 1498 5838 lCor.
1549 5784 1720 5851 v,15.
1801 5787 1843 5815 εκ
1875 5785 2041 5840 εριιιι.
2082 5765 2290 5849 “.32.
2369 5788 2410 5818 εει
2441 5786 2606 5841 llehr.
2656 5802 2708 5849 x,
2744 5785 2831 5840 ea.
