4028 6524
550 346 682 409 1651

1824 352 2193 413 ANTIOCHI
2229 352 2575 413 MONACHI
3669 355 3789 420 165?.

546 455 703 521 mali;
740 463 796 510 et
829 455 1111 511 hominem
1145 457 1629 528 indicatcapacem
1652 473 1775 514 esse
1804 460 2129 530 cognitionis

2240 460 2413 523 πάθος
2436 460 2537 530 τῆς
2568 459 2888 530 ἐπιθυμίας,
2926 460 3096 533 λέγει’
3141 480 3159 513 ι
3198 463 3262 515 El
3292 462 3351 516 δέ
3384 461 3475 515 καὶ
3515 462 3589 532 τῷ
3616 464 3793 532 ὀφθαλσ

544 554 602 599 et
629 544 758 600 boni
791 545 1026 599 et-mali.
1063 546 1371 601 Discrimen
1406 563 1537 602 vero
1575 550 1863 619 utriusque
1888 550 2125 621 explicat

545 640 812 709 pressius,
854 657 965 694 non
1000 656 1068 695 eo
1122 651 1182 695 ut
1212 641 1339 711 quis
1384 644 1587 697 malum
1624 658 1749 697 cum
1801 644 1949 699 bono
1997 657 2127 712 pro-

546 730 753 784 miscue
807 740 1102 800 operetur;
1152 734 1290 801 quin
1344 733 1539 803 magis,
1590 742 1652 788 ut
1710 734 1919 788 faciens
1976 732 2125 803 quod

546 824 751 877 bonum
824 832 930 888 est,
1009 824 1253 879 declinet
1329 841 1360 879 a
1430 826 1597 891 malo,
1670 828 1824 898 juxta
1902 836 2127 881 sentcn-

549 916 680 970 tiam
737 916 972 970 dicentis
1029 932 1041 966 :
1111 935 1128 968 ι
1186 918 1409 972 Declina
1474 934 1504 972 a
1570 919 1717 972 malo
1763 927 1821 973 et
1878 918 1964 973 fac
2029 920 2129 973 bo-

543 1024 677 1062 num
716 1010 779 1062 ⁸⁷.
824 1028 844 1058 ι
885 1006 989 1061 Sed
1023 1016 1079 1061 et
1136 1009 1395 1077 primaria
1455 1010 1544 1064 illa
1586 1011 1673 1064 lex
1722 1011 1907 1065 edicto
1946 1022 2124 1078 cavet,

548 1100 763 1172 1140
786 1119 803 1151 ε
829 1101 906 1155 Ne
927 1100 1061 1169 quid
1091 1116 1283 1155 eorum
1302 1104 1666 1171 concupiscas
1697 1119 1817 1172 qua:
1842 1112 1972 1157 sunt
2002 1119 2130 1172 pro-

542 1193 675 1246 ximi
698 1193 775 1247 tui
808 1192 872 1246 ⁸⁸.
905 1212 922 1244 ι
952 1194 1019 1247 Et
1040 1193 1267 1262 quidem
1287 1193 1468 1249 Aclias
1492 1195 1932 1249 mandatumhoc
1959 1203 2131 1249 trans-

541 1300 787 1354 gressus,
818 1285 1034 1339 vineam
1066 1285 1336 1341 Nabuthae
1359 1287 1699 1355 concupivit,
1733 1286 1828 1341 sed
1851 1288 2127 1356 etjustum

544 1371 759 1426 dedidit
792 1372 937 1435 neci,
968 1372 1074 1426 sibi
1120 1382 1306 1426 autem
1355 1389 1419 1427 ac
1456 1374 1647 1427 domui
1685 1390 1797 1429 sua:
1828 1383 2129 1429 extremam

542 1464 755 1518 invexit
786 1464 999 1519 cladem
1038 1473 1262 1519 zetcrnze
1306 1464 1638 1534 perditionis
1684 1469 1748 1520 δ’.
1801 1466 2132 1536 Concupivit

541 1557 775 1626 proinde
816 1558 1056 1627 populus
1093 1558 1602 1627 concupiscentiam
1637 1559 1691 1612 in
1718 1558 1962 1625 deserto,
1991 1574 2129 1628 qua-

541 1658 771 1719 propter
798 1650 912 1703 illic
942 1651 1306 1719 prociderunt
1336 1652 1586 1705 membra
1626 1652 1847 1707 illorum
1879 1655 1946 1706 7°.
1988 1653 2132 1707 Dicit

540 1748 597 1795 et
628 1741 1014 1797 Parcemiastes
1046 1760 1059 1795 :
1094 1760 1111 1792 ι
1142 1743 1367 1797 Otiosus
1396 1743 1578 1797 omnis
1599 1744 1655 1797 in
1682 1744 2132 1814 concupiscentia

2236 554 2322 624 μῷ
2355 570 2455 624 μου
2506 553 2982 625 ἐπηκουλούθησεν
3032 557 3065 625 ὴ
3118 555 3317 626 καρδία
3356 574 3477 626 μου,
3512 556 3579 608 τὰ
3612 557 3666 608 δέ
3720 575 3794 625 μοι

2234 645 2536 717 σκυθρωπά
2568 645 2865 717 συμϐαίνῃ.
2914 666 2934 699 ι
2993 647 3162 718 Φησὶν
3198 646 3292 701 καλ⁸
3317 649 3345 700 ό
3386 647 3674 710 ἀπόστολος
3704 649 3794 700 Πέ-

2232 754 2383 806 τρος,
2416 756 2433 788 ι
2489 737 2812 807 Ἀγαπητοὶ,
2869 738 3197 809 παρακαλῶ,
3244 739 3320 803 ὡς
3372 740 3664 808 παροίκους
3717 741 3798 793 καὶ

2234 827 2649 898 παρεπιδήμους
2671 827 2975 897 ἀπέχεσθαι
3028 830 3134 881 τῶν
3174 828 3454 901 σαρκικῶν
3488 829 3795 898 ἐπιθυμιῶν,

2234 920 2437 982 αἵτινες
2487 920 2871 991 στρατεύονται
2944 921 3087 975 κατὰ
3166 922 3267 991 τῆς
3314 920 3514 991 ψυχῆς.
3570 940 3589 972 ι
3627 922 3729 973 Καὶ
3775 924 3797 975 ό

2237 1008 2468 1073 Παῦλος,
2529 1027 2547 1061 ι
2579 1010 2911 1081 Νεκρῶσατε
2966 1012 3036 1065 τὰ
3077 1013 3212 1083 μέλη
3257 1011 3412 1082 ὑμῶν
3454 1012 3525 1063 τὰ
3580 1012 3671 1063 ἐπὶ
3717 1014 3796 1077 τῆς

2235 1098 2361 1167 γῆς,
2390 1099 2667 1170 πορνείαν,
2712 1101 3076 1172 ἀκαθαρσίαν,
3133 1101 3329 1167 πάθος,
3379 1100 3677 1169 ἐπιθυμίαν
3716 1119 3797 1153 και

2237 1192 2339 1259 κήν
2366 1207 2378 1219 ·
2404 1192 2466 1243 οὐ
2512 1190 2621 1261 γάρ
2677 1191 2936 1245 ἐκάλεσεν
2971 1194 3118 1263 ἡμᾶς
3146 1195 3173 1245 ὁ
3208 1192 3339 1255 Θεὸς
3367 1192 3461 1243 ἐπὶ
3489 1191 3797 1262 ἀκαθαρσίᾳ,

2236 1281 2351 1335 ἀλλ’
2382 1283 2439 1332 ἐν
2467 1283 2744 1352 ἁγιασμῷ.
2794 1283 2886 1354 Μὴ
2930 1279 3022 1336 οῦν
3049 1282 3387 1354 βασιλευέτω
3416 1285 3450 1351 ἡ
3501 1283 3736 1351 ἁμαρτία
3753 1285 3799 1334 ἐν

2237 1373 2315 1443 τῷ
2346 1373 2522 1443 θνητῷ
2563 1374 2722 1444 ἡμῶν
2757 1373 2971 1444 σώματι
3005 1376 3083 1438 είς
3129 1375 3189 1427 τὸ
3218 1374 3517 1428 ὑπακούειν
3548 1374 3666 1433 ταῖς
3694 1374 3798 1427 ἐπι·

2240 1464 2466 1535 θυμίαις
2522 1467 2728 1531 αὐτοῦ,
2772 1466 2889 1519 ἀλλ’
2938 1466 3230 1521 ἐνδύσασθε
3280 1468 3372 1520 τὸν
3419 1466 3626 1536 Κύριον
3664 1466 3800 1534 ἡμῶν

2252 1556 2458 1627 Ἰησοῦν
2515 1559 2774 1629 Χριστὸν,
2830 1560 2924 1612 καὶ
2984 1560 3082 1629 τῆς
3149 1559 3351 1629 σαρκὸς
3435 1559 3693 1628 πρόνοιαν
3741 1556 3801 1625 μὴ

2240 1649 2478 1701 ποιεῖσθε
2512 1650 2591 1712 είς
2622 1649 2938 1719 ἐπιθυμίας.
2977 1668 2996 1701 ι
3034 1650 3146 1704 Kal.
3176 1646 3354 1713 αὖθις,
3392 1669 3410 1699 ι
3464 1649 3555 1701 Ἑν
3585 1643 3665 1710 οἷς
3690 1648 3803 1700 πὰνυ

2239 1756 2352 1803 τες,
2376 1738 2561 1809 φησὶν,
2594 1740 2757 1809 ἡμεῖς
2783 1739 3201 1810 ἀνεστράφημέν
3236 1757 3365 1791 ποτε
3395 1741 3453 1791 ἐν
3483 1740 3606 1800 ταῖς
3638 1738 3804 1790 ἐπιθυ-

542 1832 670 1897 erit,
698 1848 895 1887 manus
923 1842 1107 1887 autem
1143 1832 1368 1887 fortium
1397 1834 1452 1886 in
1500 1834 1787 1905 diligentia
1816 1836 1883 1889 ⁷⁸.
1929 1855 1947 1888 ›
1985 1836 2129 1889 Rur-

2238 1830 2389 1900 μίαις
2419 1830 2528 1882 τῶν
2574 1830 2810 1901 καρδιῶν
2873 1831 3051 1902 ἡμῶν,
3107 1830 3386 1893 ποιοῦντες
3420 1830 3486 1883 τὰ
3538 1829 3802 1898 θελήματα

543 1938 637 1977 sus
670 1942 683 1977 :
721 1944 738 1975 ι
780 1925 925 1979 Vana
965 1926 1257 1994 occupatio
1284 1936 1526 1981 mentem
1548 1934 1934 1996 perscrutatur
1957 1935 2012 1981 et
2034 1942 2130 1981 cx-

542 2014 723 2083 plorat
750 2030 859 2068 non
917 2016 1136 2069 malam.
1179 2037 1196 2068 ι
1226 2017 1518 2086 Itemque:
1564 2036 1581 2069 ι
1625 2018 1834 2087 Impius
1864 2027 1976 2073 tota
2039 2019 2130 2074 die

539 2107 889 2177 concupiscit
961 2109 1448 2178 concupiscentias
1520 2127 1632 2166 non
1690 2112 1888 2177 bonas,
1947 2114 2132 2183 justus

548 2206 735 2250 autem
770 2198 1093 2253 misericors
1123 2207 1182 2253 et
1235 2200 1551 2264 miserator,
1580 2217 1685 2255 nec
1713 2218 1878 2271 parce
1908 2204 1976 2255 7'.
2007 2220 2025 2253 ι
2063 2202 2133 2257 Et

540 2290 798 2351 inducit:
846 2309 864 2341 ι
926 2290 1004 2346 Νε
1052 2301 1105 2347 te
1152 2293 1350 2349 vicerit
1385 2296 1815 2365 pulchritudinis
1867 2297 2133 2366 concupi-

539 2384 772 2449 scentia,
806 2398 987 2452 neque
1021 2384 1298 2441 irretiaris
1339 2387 1449 2442 tuis
1479 2387 1762 2456 palpebris
1795 2389 1860 2441 ⁷³.
1897 2407 1915 2439 ι
1948 2388 2130 2442 Incul-

540 2485 701 2547 patus
743 2492 965 2546 quoque
1006 2492 1111 2532 nec
1145 2478 1243 2533 ulli
1283 2479 1558 2534 obnoxius
1584 2479 2003 2550 reprehensioni
2030 2481 2132 2535 Job

538 2566 634 2637 qui
660 2575 717 2622 et
764 2568 993 2638 pulchre
1022 2568 1281 2624 aﬂectum
1325 2571 1475 2626 hunc
1506 2571 1970 2640 concupiscentia:
1997 2587 2131 2642 pro-

538 2658 789 2726 triverat,
848 2660 1026 2714 dicit:
1072 2680 1090 2713 ι
1127 2661 1183 2717 Si
1217 2663 1442 2717 oculum
1500 2680 1682 2718 meum
1736 2672 1989 2718 secutum
2044 2673 2128 2718 est

536 2768 636 2807 cor
664 2767 847 2806 meum
872 2753 939 2816 ⁷⁵,
979 2772 997 2805 ›
1031 2762 1140 2809 etc.
1173 2756 1470 2825 Apostolus
1494 2756 1625 2811 item
1657 2758 1891 2812 Petrus:
1935 2775 1953 2808 ι
1986 2756 2147 2817 Οιιιι-,

537 2845 766 2911 rissimi,
792 2846 1025 2901 obsecro
1050 2862 1150 2901 vos
1181 2856 1442 2917 tanquam
1466 2848 1708 2903 advenas
1730 2857 1787 2904 et
1806 2847 2130 2919 peregrinos

538 2938 819 2993 abstinere
852 2953 951 2993 vos
982 2954 1012 2992 a
1040 2939 1360 2993 carnalibus
1385 2940 1699 3007 desideriis,
1733 2955 1855 3009 quae
1890 2940 2130 2993 militant

538 3030 807 3084 adversus
851 3031 1091 3084 animam
1124 3031 1192 3084 ⁷⁸.
1248 3049 1265 3081 ι
1298 3030 1506 3084 Eodem
1539 3030 1826 3089 contendit
1876 3030 2080 3084 Paulus
2112 3048 2125 3083 :

545 3136 564 3167 ι
602 3117 929 3172 Mortificate
961 3118 1149 3187 itaque
1176 3119 1424 3172 membra
1450 3128 1631 3173 vestra
1658 3135 1779 3188 quae
1806 3128 1937 3173 sunt
1961 3135 2129 3188 super

2234 1922 2344 1976 τῶν
2399 1923 2638 1994 καρδιῶν
2684 1924 2780 1977 καὶ
2839 1923 2947 1977 τῶν
3001 1924 3250 1976 διανοιῶν
3306 1924 3487 1993 ἡμῶν.
3542 1942 3561 1974 ι
3608 1922 3667 1975 Ὀ
3725 1922 3803 1976 οὖν

2236 2013 2405 2067 θέλων
2435 2016 2696 2082 ἐκφυγεῖν
2735 2014 2835 2085 τὴν
2885 2013 3211 2086 φθοροποιὸν
3256 2015 3459 2083 ταύτην
3492 2014 3800 2083 ἐπιθυμίαν,

2234 2105 2332 2173 τὴν
2379 2104 2725 2172 κατάγουσαν
2778 2106 2869 2158 τὸν
2910 2104 3196 2175 ἄνθρωπον
3243 2106 3321 2167 εἰς
3380 2105 3639 2175 πυθμένα
3669 2104 3799 2175 ᾅδου,

2231 2195 2324 2250 τὸν
2378 2195 2543 2263 φόὸον
2599 2195 2692 2248 τοῦ
2741 2194 2877 2248 Θεοῦ
2942 2196 3257 2267 κτησάσθω.
3308 2216 3328 2247 ι
3372 2194 3436 2247 Ὁ
3488 2195 3659 2264 φόϐις
3691 2196 3798 2264 γὰρ,

2236 2284 2391 2354 φησι,
2434 2286 2640 2356 Κυρίου
2687 2286 2873 2354 ἁγνὸς,
2904 2286 3173 2356 διαμένων
3220 2289 3299 2350 είς
3328 2287 3502 2341 αἰῶνα
3536 2287 3747 2351 αἰῶνος.
3782 2308 3796 2339 ι

2237 2375 2349 2428 Καὶ
2384 2374 2568 2443 πάλιν,
2610 2395 2627 2426 ι
2657 2376 3000 2447 Καθήλωσον
3028 2380 3091 2431 ἐκ
3115 2377 3208 2430 τοῦ
3240 2378 3406 2446 φόόου
3441 2395 3537 2431 σου
3563 2378 3664 2440 τὰς
3691 2379 3800 2447 σάρ-

2235 2487 2337 2532 κας
2377 2487 2499 2540 μου.
2546 2489 2564 2520 ι
2605 2471 2665 2523 '0
2714 2470 2823 2542 γάρ
2857 2472 3257 2543 ἐνθυμούμενος
3289 2472 3379 2525 ἀεὶ
3427 2473 3517 2525 τὸν
3565 2472 3798 2536 θάνατον,

2234 2563 2330 2617 καὶ
2361 2562 2422 2616 τὸ
2453 2563 2564 2635 πῦρ
2604 2562 2665 2616 τὸ
2706 2564 2947 2626 αἰώνιον,
2978 2565 3073 2618 κα)⁸
3104 2564 3194 2617 τὸν
3225 2562 3487 2634 σκώληκα
3524 2565 3623 2616 τὸν
3671 2564 3801 2616 ἁκοίο

2237 2673 2427 2725 μητον,
2455 2658 2553 2710 καὶ
2578 2656 2637 2709 τὸ
2661 2656 2849 2720 σκότος
2873 2657 2932 2710 τὸ
2955 2656 3240 2727 ἐξώτερον,
3276 2657 3371 2710 καὶ
3394 2657 3486 2710 τὸν
3512 2656 3802 2725 κλαυθμὸν,

2233 2750 2326 2801 καὶ
2366 2747 2610 2820 βρυγμδν
2651 2750 2761 2803 τῶν
2794 2749 3025 2803 ὀδόντων
3048 2791 3062 2815 ,
3097 2751 3194 2804 καὶ
3236 2750 3335 2820 τὴν
3375 2750 3649 2821 αἰσχύνην
3678 2751 3801 2802 ἐκεί·

2231 2855 2352 2909 νην,
2387 2839 2485 2910 τὴν
2540 2840 2631 2893 ἐπὶ
2682 2841 2775 2893 τοῦ
2822 2841 3057 2914 φοϐεροῦ
3098 2842 3346 2911 βήματος
3401 2839 3496 2893 τοῦ
3555 2838 3799 2911 Χριστοῦ,

2232 2930 2464 2985 ἐνώπιον
2527 2934 2777 3001 ἀγγέλων
2830 2935 2925 2987 καὶ
2966 2934 3300 3005 ἀνθρώπων,
3340 2932 3552 2986 διαλύει
3613 2932 3711 3001 μὲν
3752 2931 3804 2985 τὺ

2230 3023 2350 3078 λίαν
2378 3025 2477 3092 τῆς
2518 3026 2733 3095 ἡδονῆς,
2764 3028 2948 3080 πᾶσαν
2974 3025 3029 3079 δὲ
3069 3026 3168 3095 τὴν
3196 3026 3496 3095 ἐπιθυμίαν
3530 3025 3701 3079 αὐτοῦ
3736 3027 3802 3087 εἰς

2230 3115 2367 3168 Θεὸν
2402 3116 2777 3186 μετατίθησιν.
2820 3118 3189 3188 Ἐφαψώμεθα
3219 3113 3332 3182 οῦν,
3367 3117 3674 3186 ἀγαπητοὶ,
3708 3117 3804 3169 τῶν

539 3218 742 3264 terram
777 3225 791 3263 :
824 3209 1270 3273 fornicationem,
1326 3210 1755 3274 immunditiam,
1788 3210 2124 3279 passionem,

2235 3205 2565 3275 σωματικῶν
2596 3206 2693 3259 καὶ
2727 3208 3116 3277 πνευματικῶν
3145 3206 3367 3269 κόπων,
3411 3206 3509 3259 καὶ
3552 3208 3587 3273 ἠ
3627 3206 3800 3258 ἐπιθυ-

539 3299 1047 3369 concupiscentiam
1084 3300 1283 3353 malam
1322 3300 1398 3364 7‘;
1454 3315 1565 3353 non
1594 3300 1742 3354 enim
1780 3300 2000 3355 vocavit
2025 3315 2128 3354 nos

2235 3293 2327 3362 μία
2376 3294 2673 3366 ὑποχωρεῖ.
2721 3295 3040 3366 Ἑπιθυμίαι
3094 3295 3203 3365 γὰρ
3269 3295 3505 3365 ὀκνηρὸν
3558 3297 3804 3349 ἀποκτείο

538 3392 687 3447 Deus
716 3392 771 3446 in
806 3391 1237 3455 immunditiam,
1285 3392 1378 3447 sed
1414 3392 1473 3446 in
1503 3390 1995 3447 sanctificationem
2035 3394 2079 3425 ⁷⁷
2108 3409 2125 3459 ;

2235 3401 2427 3439 νουσιν.
2460 3387 2535 3439 Οὐ
2570 3387 2679 3457 γὰρ
2706 3386 3099 3459 προαιροῦνται
3130 3390 3185 3441 αί
3212 3391 3393 3458 χεῖρες
3427 3386 3599 3440 αὐτοῦ
3642 3389 3801 3441 ποιεῖν

539 3499 651 3537 non
684 3482 857 3554 igitur
882 3492 1076 3552 regnet
1120 3492 1406 3553 peccatum
1434 3483 1490 3538 in
1520 3493 1707 3538 vestro
1740 3484 1961 3538 mortali
2000 3500 2126 3541 cor-

2235 3493 2297 3528 τι.
2348 3475 2407 3529 '0
2434 3476 2491 3529 δὲ
2525 3477 2827 3548 φιλόψυχος
2854 3478 3059 3549 Κύριος
3074 3481 3290 3548 φησὶν,ι
3328 3478 3451 3531 Ἐὰν
3472 3480 3501 3531 ὁ
3531 3477 3802 3548 ὀφθαλμός

541 3590 699 3645 pore,
740 3574 795 3629 in
837 3574 944 3629 hoc
994 3582 1057 3629 ut
1103 3576 1381 3631 obediatis
1412 3575 1883 3645 concupiscentiis
1912 3577 2032 3645 ejus
2051 3578 2120 3643 ⁷⁸,

2235 3584 2317 3618 σου
2350 3568 2378 3619 ὁ
2414 3566 2585 3632 δεξιὸς
2626 3569 2969 3633 σκανδαλίζει
3014 3587 3096 3636 σε,
3125 3570 3275 3634 ἔξελε
3310 3571 3491 3634 αὐτὸν,
3539 3571 3640 3623 καὶ
3686 3570 3800 3640 βάλε

540 3665 638 3720 sed
670 3665 966 3720 induimini
993 3667 1290 3721 Dominum
1315 3673 1568 3722 nostrum
1598 3667 1784 3721 Jcsum
1811 3666 2117 3735 Christum,

2235 3661 2330 3713 ὶπδ
2361 3661 2477 3715 σοῦ·
2510 3663 2783 3733 συμφέρει
2834 3663 2943 3735 γάρ
2995 3682 3100 3729 σοι,
3154 3665 3239 3717 ἴνα
3288 3662 3560 3733 ἀπόληται
3608 3663 3669 3715 ἓν
3705 3662 3802 3716 τῶν

536 3769 593 3814 et
647 3761 833 3816 carnis
884 3776 1073 3815 curam
1124 3775 1194 3815 ne
1246 3759 1553 3816 infeceritis
1581 3760 1636 3813 in
1681 3759 1973 3815 desideriis
1995 3761 2060 3814 "°.
2096 3779 2114 3811 ι

2235 3751 2402 3819 μελῶν
2433 3770 2547 3817 σου,
2581 3754 2676 3808 καὶ
2723 3753 2800 3822 μὴ
2830 3756 2953 3809 ὅλον
2986 3755 3049 3808 τὸ
3080 3756 3241 3825 σῶμά
3273 3773 3367 3808 σου
3398 3754 3574 3826 βληθῇ
3607 3756 3688 3817 είς
3714 3755 3801 3825 τὴν

538 3850 755 3906 Rursus
794 3868 807 3905 :
843 3869 861 3902 ι
900 3853 960 3906 In
997 3852 1201 3922 quibus
1235 3866 1428 3906 omnes
1454 3866 1557 3905 nos
1587 3850 1898 3905 conversati
1931 3866 2123 3906 sumus

2235 3844 2443 3913 γέενναν
2468 3866 2485 3898 ›
2505 3842 2619 3919 [τοῦ
2640 3848 2826 3920 πυρός.
2851 3843 2925 3903 Ob
2948 3848 3333 3920 ῥυ[σ]θείημεν
3360 3850 3545 3919 χάριτι
3573 3846 3799 3918 Χριστοῦ

535 3943 835 4014 aliquando
891 3945 947 3999 in
980 3944 1449 4014 concupiscentiis
1495 3944 1750 3999 cordium
1778 3952 2118 4010 nostrorum,

2235 3941 2432 4010 Κυρίου
2485 3942 2687 4015 ἡμῶν.]
2742 3943 2901 4014 Αὐτῷ
2945 3946 2978 4014 ἡ
3015 3945 3144 4010 δόξα
3178 3944 3276 4017 [τῷ
3319 3944 3512 4014 ἀγαθῷ
3545 3943 3693 4015 Θεῷ]
3731 3943 3799 4004 εἰς
3960 3972 3961 4047 χ

535 4033 802 4089 facientes
830 4035 1145 4089 voluntates
1174 4035 1357 4088 carnis
1385 4041 1442 4088 et
1466 4034 1864 4104 cogitationum
1901 4040 2123 4088 nostra—

2235 4035 2350 4097 τοὺς
2380 4034 2604 4099 αἰῶνας.
2655 4036 2712 4089 Ἀ
2721 4038 2851 4106 μήν.
3960 4033 3961 4055 1

535 4140 656 4177 rum
694 4125 760 4178 ⁸⁸.
811 4144 829 4175 )
880 4124 1143 4193 Quisquis
1192 4124 1360 4194 igitur
1409 4125 1563 4194 cupit
1615 4125 2118 4195 concupiscentiam
2162 4123 2372 4194 fugere,
2439 4127 2607 4182 totius
2648 4128 2978 4196 corruptela:
3007 4128 3299 4193 artiﬁcem,
3338 4144 3461 4199 quze
3526 4128 3794 4181 hominem
3960 4184 3961 4197 χ

536 4227 685 4273 recta
711 4217 1037 4272 transmittit
1064 4217 1119 4270 in
1165 4216 1569 4287 penitissimam
1630 4218 1887 4288 abyssum
1955 4218 2182 4279 inferni,
2227 4218 2274 4272 is
2318 4217 2425 4271 sibi
2476 4218 2722 4274 studiose
2746 4226 2901 4289 paret
2941 4220 3039 4273 Dei
3065 4221 3342 4276 timorem.
3375 4239 3393 4271 ι
3428 4220 3624 4274 Timor
3659 4221 3794 4274 enim
3960 4238 3961 4289 ῃ

534 4311 752 4366 Domini
780 4320 1026 4377 sanctus,
1066 4319 1399 4379 permanens
1441 4310 1495 4363 in
1526 4312 1785 4364 saeculum
1819 4311 2001 4365 sazculi
2032 4312 2099 4377 εί,
2131 4331 2147 4360 ι
2192 4311 2269 4365 ait
2316 4312 2509 4367 David.
2564 4314 2780 4369 Rursus
2836 4315 2982 4371 idem
3040 4332 3055 4369 :
3097 4333 3114 4366 ι
3175 4314 3400 4385 Conﬁge
3448 4315 3650 4368 timore
3711 4323 3794 4367 tuo

534 4421 732 4461 carnes
760 4421 909 4460 meas
938 4405 1008 4457 ⁸⁸.
1042 4424 1059 4455 ι
1091 4404 1194 4470 Qui
1225 4404 1374 4457 enim
1397 4404 1604 4474 jugiter
1646 4405 1717 4458 ob
1780 4405 1974 4460 oculos
2040 4406 2240 4458 mentis
2268 4406 2424 4474 ponit
2455 4412 2511 4460 et
2539 4405 2800 4461 obversat
2826 4407 3233 4478 impendentem
3305 4418 3563 4470 mortem,
3624 4406 3793 4475 ignem

536 4499 691 4552 illum
779 4508 1069 4561 aeternum,
1128 4495 1437 4549 insomnem
1509 4510 1614 4549 nec
1685 4511 1927 4565 unquam
1986 4495 2511 4564 interquiescentem
2604 4488 2893 4562 vet-mem,
2960 4500 3082 4555 illas
3173 4498 3475 4553 exteriores
3526 4498 3789 4561 tenebras,

534 4598 723 4652 fletum
753 4611 817 4650 ac
844 4594 1135 4649 stridorem
1164 4592 1698 4657 dentium,dedecus
1727 4607 1947 4662 quoque
1982 4593 2116 4647 illud
2159 4592 2469 4662 ignominiae
2517 4610 2780 4665 perquam
2852 4597 3073 4666 plenum
3123 4612 3234 4665 quo
3304 4594 3630 4664 aspergendi
3676 4601 3792 4647 sunt

534 4690 781 4761 reprobi,
827 4698 953 4743 ante
1000 4687 1348 4741 formidabile
1423 4686 1631 4742 Christi
1685 4688 1953 4751 tribunal,
2015 4688 2181 4756 inque
2220 4699 2518 4758 conspectu
2549 4698 2605 4743 et
2638 4691 2959 4761 angelorum
2991 4691 3276 4745 hominum
3306 4689 3617 4751 constituti,
3650 4689 3791 4743 nullo

533 4780 757 4850 negotio
798 4780 843 4834 is
868 4779 1165 4849 interpolat
1194 4794 1257 4833 ac
1305 4792 1531 4849 prorsus
1563 4777 1812 4832 dissolvit
1871 4779 2272 4847 quantamlihet
2323 4780 2727 4835 lcnocinantem
2812 4781 3130 4835 illecebram
3191 4779 3539 4849 voluptatis,
3582 4793 3788 4832 omnem

536 4871 779 4941 denique
806 4868 1313 4939 concupiscentiam
1342 4886 1451 4939 qua
1516 4878 1889 4938 Oppugnatur,
1916 4868 1971 4922 in
2006 4884 2250 4923 amorem
2310 4870 2636 4926 transcribit
2699 4870 2815 4925 Dei.
2856 4870 3102 4924 Labores
3168 4868 3335 4938 igitur
3364 4882 3714 4937 capessamus
3742 4874 3791 4918 et

537 4962 791 5032 corporis
824 4972 880 5017 ct
908 4963 1155 5032 spiritus,
1188 4971 1243 5016 et
1283 4962 1334 5015 in
1369 4962 1603 5017 articulo
1638 4963 1879 5031 suscepti
1910 4961 2117 5016 laboris
2155 4963 2366 5017 secedit
2413 4964 2886 5034 concupiscentia.
2929 4964 3152 5032 Pigrum
3183 4961 3331 5015 enim
3389 4976 3453 5015 ac
3515 4960 3789 5015 socordem

538 5056 986 5125 concupiscentia
1037 5054 1283 5109 occidit:
1336 5070 1446 5109 non
1501 5058 1649 5109 cnim
1702 5055 1895 5108 volunt
1960 5070 2155 5109 manus
2189 5056 2311 5125 ejus
2349 5054 2653 5125 quidquam
2718 5055 2959 5125 operari.
2986 5056 3253 5109 Dominus
3279 5055 3587 5108 animarum
3612 5069 3790 5107 aman-

540 5143 785 5197 tissimus
815 5147 925 5198 ait:
977 5164 995 5195 ι
1035 5145 1091 5199 Si
1133 5146 1326 5200 oculus
1369 5153 1498 5199 tuus
1552 5146 1743 5200 dexter
1772 5146 2108 5200 scandalizat
2151 5156 2222 5211 te,
2249 5163 2383 5201 erue
2436 5164 2563 5201 cum
2597 5157 2653 5202 et
2704 5148 2915 5217 projice
2979 5146 3079 5201 abs
3132 5155 3217 5213 te;
3251 5148 3448 5201 melius
3482 5146 3629 5200 enim
3697 5144 3785 5197 tibi

539 5237 631 5301 sit,
673 5236 881 5308 1141
911 5246 971 5290 ut
1036 5248 1226 5307 pereat
1296 5254 1464 5292 unum
1514 5238 1888 5293 membrorum
1936 5246 2182 5304 tuorum,
2218 5247 2277 5295 et
2300 5256 2410 5293 non
2445 5247 2620 5293 totum
2647 5255 2851 5309 corpus
2873 5236 3200 5309 projiciatur
3237 5237 3292 5293 in
3335 5238 3642 5308 gehennam
3669 5235 3731 5290 ⁸³.
3762 5254 3779 5287 ι

538 5333 644 5404 Ipsi
675 5332 848 5404 gloria
868 5333 922 5386 in
959 5335 1155 5388 szecula
1182 5335 1534 5389 saeculorum.
1568 5333 1763 5388 Amen.

610 5560 697 5613 ⁸⁷1
730 5560 875 5615 Petr.
912 5576 994 5625 ιιι,
1031 5561 1117 5614 1|.
1198 5562 1242 5593 ⁸⁸
1293 5562 1465 5617 Exod.
1504 5581 1594 5627 xx,
1626 5565 1710 5617 l7.
1789 5566 1833 5597 ⁶⁹
1882 5567 1948 5620 lll
1989 5569 2122 5637 Reg.
2173 5586 2256 5622 xxi
2309 5568 2531 5637 passim.
2610 5570 2655 5599 ⁷ο
2683 5560 2846 5622 Num.
2880 5585 2953 5631 xt,
3003 5568 3227 5637 passim.
3308 5568 3345 5600 τί
3397 5568 3553 5621 Prov.
3580 5584 3635 5623 x.
3668 5566 3717 5619 4.

538 5634 581 5663 ⁷³
610 5631 767 5673 Prn'v-
801 5649 888 5673 YYI
924 5632 986 5673 In
1050 5633 1131 5673 Ιί)Δ
1211 5634 1256 5663 ⁷³
1307 5635 1446 5673 νηὶυ
1524 5651 1575 5673 \vl
1663 5635 1732 5673 ους
1831 5637 1874 5668 Ἠ
1922 5638 2016 5673 1η1ι
2049 5655 2168 5673 γιιιιι
2231 5640 2261 5673 ’7
2359 5640 2403 5670 τυ
2430 5639 2447 5673 1
2487 5638 2611 5673 Dnlr
2667 5656 2701 5673 η
2762 5639 2816 5673 ΙΙ
2922 5639 2969 5669 τε
3006 5637 3196 5673 l‘nlnco
3248 5655 3303 5673 ιη
3362 5638 3393 5673 ξ
3491 5641 3532 5670 77
3556 5639 3574 5673 1
3602 5637 3763 5673 That:

3308 5568 3345 5600 ⁷¹
3397 5568 3553 5621 Prov.
3580 5584 3635 5623 x.
3668 5566 3717 5619 4.

2922 5639 2969 5669 ⁷⁸
3006 5637 3217 5692 Coloss.
3248 5655 3325 5701 Ill,
3359 5638 3413 5692 5.
3491 5639 3574 5691 ⁷⁷1
3602 5637 3781 5690 Thess.

3041 5707 3086 5738 ⁸²
3129 5708 3271 5763 Psal.
3308 5725 3489 5777 cxvnl,
3536 5709 3645 5762 120.
3717 5704 3761 5735 ⁸³

610 5560 651 5637 ξ’
679 5560 697 5613 l
730 5560 875 5615 Petr.
912 5576 994 5637 tu,
1031 5561 1117 5637 1_l_.
1198 5562 1254 5637 ‘_°_
1293 5562 1465 5637 Exod.
1504 5581 1594 5627 xx,
1626 5565 1729 5637 ην
1789 5566 1833 5597 ⁶⁹
1882 5567 1948 5620 lll
1989 5569 2122 5637 Reg.
2173 5586 2256 5622 xxi
2309 5568 2531 5637 passim.
2610 5570 2655 5599 ⁷ο
2683 5560 2846 5622 Num.
2880 5585 2953 5631 xt,
3003 5568 3227 5637 passim.

537 5634 581 5663 7’
610 5631 768 5684 Prov.
801 5632 1007 5699 xxr,10,
1050 5633 1134 5687 12.
1211 5634 1256 5663 ⁷³
1307 5635 1467 5687 Prov.
1524 5651 1597 5698 vr,
1663 5635 1751 5688 25.
1831 5637 1874 5668 ⁷³
1913 5638 2016 5691 .1υ1›
2049 5631 2129 5690 κνςῖ

2235 5640 2282 5691 7.
2310 5631 2324 5637 ’
2359 5639 2447 5691 ⁷⁵1
2486 5638 2632 5692 Petr.
2667 5656 2723 5701 ιι,
2762 5639 2845 5692 ll.

538 5718 612 5761 tv,
643 5703 693 5755 7.
771 5704 815 5733 ⁷⁸
838 5703 997 5757 Rom.
1028 5720 1103 5772 v1,
1133 5704 1219 5758 12.
1298 5706 1340 5738 ⁷ο
1370 5706 1526 5760 Rom.
1563 5721 1677 5773 xm,
1720 5706 1799 5759 ll.
1880 5708 1924 5737 ⁸ο
1959 5709 2129 5778 Εριιρε

538 5772 731 5826 Matth.
777 5789 830 5829 v.
864 5774 953 5829 29.

2238 5750 2251 5774 ,
2292 5709 2345 5763 5.
2423 5710 2463 5741 ⁸³
2496 5709 2639 5763 Psal.
2665 5725 2814 5775 xvm,
2856 5710 2937 5763 10.

593 5809 731 5826 οιιιιιο
784 5809 830 5839 1,
868 5809 953 5829 au.
