4028 6510
265 351 400 416 1653
1163 363 1485 424 HOMILIA
1532 366 1755 428 LXXV.
1788 391 1856 402 —
1897 368 1993 427 DE
2032 369 2264 430 JUSTO
2302 373 2627 434 JUDICIO.
3377 373 3510 440 1651

864 501 1080 554 ΛΟΓΟΣ
1119 501 1239 555 OE'.
1862 489 1907 543 Α

1862 489 1907 543 Α
2461 510 2748 565 noule
2783 511 2990 566 Lxxv.

727 614 864 680 Περὶ
905 613 1363 684 δικαιοκρισίας.

1356 661 1363 673 .
2475 623 2551 678 De
2565 626 2709 696 justo
2725 626 2947 697 judicio.

333 724 395 779 Ol
425 723 740 796 βουλόμενοι
780 727 1002 792 δικαίως
1043 731 1271 801 κρίνειν,
1303 731 1520 804 πρῶτον
1546 735 1645 804 μὲν
1678 737 1836 808 αἰτή-

2005 731 2110 798 Qui
2164 731 2553 788 rectitudinem
2585 750 2810 792 servare
2856 735 3090 807 cupiunt
3128 735 3350 808 judicii,
3400 738 3513 807 pri-

263 834 446 870 σονται
477 817 629 887 παρὰ
655 816 748 870 τοῦ
778 818 914 872 Θεοῦ
953 821 1145 890 σοφίαν
1175 825 1269 877 καὶ
1294 824 1530 893 σύνεσιν,
1569 827 1712 882 κατά
1742 828 1834 883 τὸν

1935 838 2086 878 ιιιιιιιι
2121 822 2346 894 quidem
2382 828 2666 896 postulent
2692 844 2722 883 a
2765 830 2899 894 Deo,
2931 829 3039 884 sibi
3077 829 3373 900 prterogari
3429 845 3513 885 sa-

263 907 607 978 Σολομῶντα,
651 909 857 981 ταύτην
905 911 1073 982 μόνην
1103 913 1198 966 καὶ
1226 913 1450 986 πρώτην
1477 917 1692 988 αἴτησιν
1726 935 1833 972 πα-

1936 914 2202 985 pientiam
2242 922 2410 986 atque
2462 917 2828 986 intellectum,
2862 919 3174 976 Salomonis
3198 922 3512 991 exemplum

268 998 646 1070 ρακαλέσαντα
676 1001 900 1071 δοθῆναι
932 1003 1098 1074 αὐτῷ,
1137 1006 1234 1057 καὶ
1275 1006 1334 1058 ού
1370 1006 1532 1076 μόνον
1579 1008 1834 1074 λαϐόντος

1937 1007 2150 1061 secuti:
2201 1006 2344 1062 hanc
2381 1009 2588 1078 quippe
2635 1025 2821 1076 unam,
2849 1021 2906 1067 et
2938 1014 3190 1083 primam,
3233 1023 3290 1070 et
3339 1015 3511 1069 solam

259 1091 362 1161 τὴν
396 1090 578 1163 χάριν,
626 1091 763 1146 ἀλλὰ
795 1093 889 1146 καὶ
923 1084 1298 1160 ἐπαινεθέντος
1345 1099 1495 1169 παρὰ
1530 1099 1666 1154 Θεοῦ
1693 1141 1707 1162 ,
1757 1101 1833 1166 ὡς

1935 1098 2370 1166 postulationem
2423 1099 2544 1154 dari
2596 1102 2703 1157 sibi
2738 1103 3070 1159 obsecravit.
3108 1106 3298 1176 Neque
3330 1114 3511 1161 tamen

260 1181 443 1246 καλῶς
475 1184 819 1254 αἰτήσαντος.
860 1187 1091 1240 Ἔπειτα
1119 1186 1175 1240 δὲ
1204 1187 1298 1240 καὶ
1325 1187 1415 1242 τὸν
1451 1187 1593 1244 οἶνον
1633 1209 1832 1263 παραι-

1937 1188 2107 1243 solam
2145 1188 2286 1245 hanc
2315 1193 2528 1262 accepit
2555 1194 2806 1262 gratiam,
2839 1196 2936 1250 sed
2987 1205 3042 1252 et
3100 1198 3192 1252 Dei
3234 1200 3513 1268 praeconio

257 1275 537 1344 τήσονται.
567 1275 704 1346 Φησὶ
755 1275 864 1349 γὰρ
912 1279 944 1349 ἡ
986 1277 1112 1331 θεία
1161 1279 1388 1350 Γραφὴ,
1428 1299 1446 1333 ι
1490 1283 1706 1352 Ι’Λνοιγε
1742 1284 1835 1338 σὺν

1935 1277 2245 1345 promeruit
2274 1279 2509 1347 laudari,
2547 1283 2695 1352 quod
2738 1293 2882 1340 recte
2916 1288 3272 1356 postulasset.
3305 1289 3511 1343 Deinde

259 1365 436 1434 στόμα
491 1365 635 1436 λόγῳ
668 1366 838 1432 Θεοῦ,
869 1368 963 1421 καὶ
1004 1370 1155 1438 κρῖνε
1205 1369 1384 1422 πάντα
1432 1371 1622 1440 ὑγιῶς.
1678 1393 1696 1424 ι
1725 1375 1834 1428 Καὶ

1935 1369 2126 1422 vinum
2164 1368 2342 1426 vitent
2383 1390 2396 1427 :
2445 1374 2527 1428 ait
2576 1375 2726 1429 enim
2773 1374 3058 1446 Scriptura
3107 1396 3119 1432 :
3183 1398 3202 1430 ι
3243 1379 3408 1449 Aperi
3451 1396 3513 1435 os

256 1450 435 1520 αὖθιςο
474 1474 492 1507 ι
530 1458 592 1510 Οἱ
637 1456 894 1512 δυνάσται
943 1457 1212 1529 θυμώδεις
1242 1461 1398 1528 εἰσὶν,
1433 1458 1576 1516 οἶνον
1619 1465 1693 1536 μὴ
1741 1483 1834 1518 πι-

1936 1466 2093 1512 tuum
2126 1461 2369 1518 sermoni
2421 1462 2540 1526 Dei,
2576 1471 2633 1517 et
2690 1472 2838 1518 recte
2877 1473 3076 1520 cuncta
3113 1467 3350 1523 decerne
3380 1469 3448 1523 ⁸⁵.
3487 1487 3504 1520 ι

255 1544 520 1612 νέτωσαν,
555 1545 640 1598 ἵνα
673 1545 750 1617 μὴ
785 1546 1150 1601 ἐπιλάθωνται
1180 1547 1281 1618 τῆς
1315 1549 1541 1618 σοφίας,
1573 1553 1666 1604 καὶ
1697 1552 1834 1623 ὀρθὰ

1936 1549 2149 1606 Rursus
2195 1569 2208 1606 :
2268 1572 2286 1603 ι
2331 1553 2592 1608 Potentes
2645 1552 2807 1610 facile
2853 1556 3274 1621 incandescunt,
3323 1560 3509 1614 vinum

255 1637 441 1707 κρῖναι
480 1636 542 1690 ού
586 1636 847 1691 δύνωνται
886 1640 997 1702 τοῖς
1027 1638 1328 1695 ἀσθενέσιν.
1362 1659 1381 1691 ι
1416 1641 1527 1694 Kal
1575 1642 1702 1695 ὅταν
1751 1661 1831 1707 τις

1935 1639 2121 1711 itaque
2159 1659 2228 1699 ne
2276 1644 2493 1713 bibant,
2525 1661 2596 1700 ne
2642 1647 3040 1702 obliviscantur
3079 1649 3385 1718 sapientiae,
3442 1667 3513 1706 ne

253 1728 588 1783 λῦσαιθέλει
625 1733 856 1802 πρᾶγμα
893 1731 1404 1803 συμπεπλεγμένον,
1436 1732 1664 1803 ζητήσει
1703 1734 1832 1806 περὶ

1936 1743 2084 1788 recte
2108 1735 2362 1806 judicare
2417 1738 2635 1807 possint
2667 1737 2722 1792 in
2771 1754 2936 1795 causa
2979 1739 3246 1794 debilium
3279 1742 3345 1795 ⁸⁸.
3381 1762 3399 1793 ι
3455 1744 3511 1798 Si

253 1821 446 1887 αὺτοῦ,
477 1822 692 1893 πρῶτον
721 1823 773 1876 τί
810 1823 888 1894 τῷ
915 1823 1034 1894 Θεῷ
1067 1822 1311 1894 ἀρέσκει,
1346 1825 1439 1878 καὶ
1469 1824 1700 1898 εὑρίσκῃ
1733 1827 1829 1880 αὐ-

1932 1828 2151 1896 quando
2182 1829 2317 1899 quid
2343 1831 2663 1900 perplexum
2687 1839 2742 1886 et
2765 1832 3039 1902 explicatu
3072 1833 3292 1890 dillicile
3316 1849 3513 1890 occur-

252 1914 352 1967 τοῦ
383 1916 481 1987 τὴν
512 1915 667 1968 λύσιν
695 1916 974 1987 ἐπωφελῆ.
1013 1916 1237 1988 Πρῶτος
1276 1917 1302 1968 6
1339 1917 1501 1986 νόμος
1527 1917 1831 1973 ἐντέλλεται

1935 1918 2088 1984 rerit,
2110 1921 2258 1989 quod
2287 1922 2478 1991 cupies
2507 1921 2831 1989 dissolvere,
2859 1940 2889 1977 a
2916 1924 3028 1979 Deo
3049 1941 3234 1995 quaere
3274 1927 3510 1995 primum

251 2007 465 2074 λέγων,
509 2025 528 2058 ‹
583 2007 657 2059 Ού
696 2007 949 2076 ποιήσετε
1000 2006 1182 2061 ἄδικον
1235 2009 1292 2060 ἐν
1353 2006 1530 2077 κρίσει
1563 2021 1574 2035 ’
1627 2009 1720 2063 καὶ
1770 2010 1830 2062 ού

1933 2010 2068 2080 quid
2127 2011 2205 2065 illi
2257 2022 2547 2082 acceptum
2591 2014 2662 2068 sit
2705 2021 2762 2069 et
2808 2015 3150 2085 gratiosum:
3215 2033 3343 2071 mox
3395 2019 3513 2090 eju;

253 2099 608 2173 προστεθήσῃ
658 2100 798 2170 μετά
840 2099 1076 2170 πλήθους
1111 2100 1607 2172 ὲκκλῖναικρίσεις.
1639 2122 1656 2156 ι
1699 2105 1829 2171 Kal,

1934 2101 2263 2158 solutionem
2300 2105 2624 2160 nanciscere
2663 2107 3075 2162 accommodam
3102 2123 3166 2162 ac
3197 2109 3507 2178 perutilem.

261 2209 280 2241 ι
326 2190 542 2261 Πένητα
586 2191 686 2244 ούκ
725 2191 971 2262 ἐλεήσεις
1017 2193 1075 2245 ἐν
1116 2192 1294 2263 κρίσει
1340 2193 1435 2246 καὶ
1472 2195 1532 2248 ού
1578 2195 1832 2268 διαστρέ-

1935 2193 2004 2247 Et
2032 2194 2256 2263 quidem
2311 2196 2576 2265 primaria
2622 2197 2710 2252 lex
2743 2198 2924 2268 jubet,
2954 2199 3146 2254 dicens
3182 2217 3196 2255 :
3240 2219 3257 2251 ι
3287 2201 3404 2254 Non
3433 2201 3511 2256 la-

250 2283 376 2353 ψεις
415 2283 598 2355 κρίσιν
631 2283 885 2355 πένητος·
939 2287 1000 2339 ού
1052 2285 1195 2357 λήψῃ
1249 2286 1541 2357 πρόσωπον
1580 2289 1830 2359 πτωχοῦ,

1936 2286 2047 2341 cies
2067 2287 2215 2357 quod
2255 2286 2522 2359 injustum
2547 2299 2632 2344 est
2660 2289 2717 2344 in
2755 2291 2985 2361 judicio,
3026 2308 3130 2347 nec
3170 2293 3395 2364 adjicies
3453 2304 3512 2348 ut

250 2377 380 2430 ούδέ
413 2375 715 2447 θαυμάσεις
759 2377 1049 2447 πρόσωπον
1081 2377 1366 2431 δυνάστου’
1407 2380 1466 2432 ἐν
1511 2378 1828 2452 δικαιοσύνῃ

1936 2393 2062 2432 cum
2088 2379 2444 2435 multitudine
2479 2380 3021 2454 declinesjudieium
3055 2385 3123 2438 ⁸⁸⁵.
3164 2404 3182 2436 ι
3212 2386 3308 2439 Ει;
3349 2404 3367 2436 ι
3391 2385 3510 2440 Νοιι

252 2471 460 2541 κρινεῖς
490 2469 581 2522 τὸν
603 2467 830 2536 πλησίον
865 2487 974 2522 σου.
1018 2489 1036 2521 ι
1069 2471 1198 2534 Kal,
1239 2489 1256 2521 ι
1293 2471 1354 2522 Ui
1387 2471 1571 2542 κριταί
1599 2488 1693 2526 σου
1717 2473 1836 2544 κρί-

1937 2479 2220 2542 pervertes
2245 2473 2516 2544 judicium
2560 2476 2846 2544 pauperis,
2884 2491 2993 2531 non
3033 2477 3273 2547 accipies
3324 2493 3514 2548 perso-

255 2579 347 2615 σιν
384 2561 600 2616 δικαίαν
631 2562 929 2633 κρινοῦσιν,
965 2563 1058 2615 xal
1091 2563 1191 2616 οὐκ
1222 2561 1618 2632 ἐπιγνώσονται
1663 2567 1836 2638 πρόσ-

1937 2565 2397 2636 nampauperis,
2446 2581 2552 2621 nec
2605 2568 2950 2622 revereberis
2993 2569 3208 2623 vultum
3247 2571 3507 2639 potentis.

253 2671 429 2717 ωπον,
469 2654 531 2706 ού
575 2654 836 2724 λήψονται
875 2654 1044 2724 δῶρα.
1077 2654 1158 2708 Τά
1202 2655 1310 2725 γὰρ
1338 2657 1488 2728 δῶρα
1517 2657 1720 2730 ἐξαίρει
1749 2660 1836 2714 λό-

1937 2654 1998 2708 In
2046 2654 2263 2724 justitia
2307 2655 2583 2726 iudicabis
2636 2656 2949 2726 proximum
2995 2665 3150 2712 tuum
3205 2658 3271 2714 ⁸⁷.
3328 2678 3346 2709 ι
3402 2659 3509 2713 Et:

254 2761 388 2812 γους
416 2743 664 2801 δικαίων.
707 2763 724 2794 ι
756 2745 866 2797 Kal
909 2744 1117 2805 δίκαιος
1146 2743 1208 2797 τὸ
1243 2744 1452 2800 δίκαιον
1486 2747 1690 2816 διώξει.
1726 2750 1836 2803 Kal

1943 2765 1962 2797 ι
2001 2745 2224 2802 Judices
2259 2747 2336 2802 tui
2379 2747 2655 2818 judicium
2682 2749 2893 2818 justum
2935 2749 3290 2820 judicabunt,
3331 2767 3511 2820 neque

253 2839 285 2892 6
320 2837 609 2909 Ἱερεμίας,
643 2855 661 2888 ι
702 2838 978 2907 Ποιήσατε
1002 2840 1178 2908 κρῖμα
1209 2839 1304 2891 καὶ
1338 2838 1710 2911 δικαιοσύνην,
1741 2842 1836 2896 καὶ¹

1936 2847 2237 2909 agnoscent
2256 2854 2570 2909 personam,
2594 2856 2704 2895 non
2724 2841 2996 2910 accipient
3021 2857 3247 2895 munera
3269 2842 3511 2907 ;_etenim

253 2931 561 3001 ἐξαιρεῖσθε
589 2931 996 3001 διηρπασμένον
1029 2931 1094 2983 ἐκ
1117 2930 1296 3002 χειρὸς
1327 2931 1690 2997 ἀδικοῦντος.»
1726 2935 1837 2988 Καὶ

1938 2945 2170 2984 munera
2204 2930 2462 2985 auferunt
2492 2927 2656 2986 verba
2683 2932 2962 3003 justorum
2997 2933 3062 2986 ⁸⁸.
3096 2952 3113 2986 ι
3150 2933 3340 2988 Justus
3367 2934 3511 3003 quod

252 3025 435 3088 ἄλλος,
470 3026 527 3079 ἐν
557 3023 759 3089 ἄλλοις,
797 3025 891 3087 Ὃς
916 3022 1122 3076 δίκαιον
1152 3023 1347 3094 κρίνει,
1367 3023 1458 3077 τὸν
1494 3025 1694 3079 ἄδικον·
1723 3027 1837 3082 ἄδι-

1922 3021 2145 3091 justum
2203 3029 2288 3076 est
2337 3023 2713 3091 persequitur.
2767 3024 2834 3077 Et
2883 3024 3196 3079 Jeremias:
3267 3042 3286 3075 ι
3332 3025 3513 3079 Facite

254 3133 355 3169 κον
383 3115 462 3179 δὲ,
504 3113 597 3167 τὸν
628 3113 856 3179 δίκαιον,
887 3112 983 3165 καὶ
1027 3113 1331 3183 ἀμφότεροι
1374 3113 1652 3183 βδελυκτοὶ
1683 3116 1837 3187 παρὰ

1934 3110 2206 3181 judicium
2242 3120 2298 3166 et
2337 3112 2636 3182 justitiam,
2670 3113 2868 3183 eripite
2892 3131 3018 3169 eum
3046 3115 3139 3184 qui
3171 3116 3382 3185 patitur
3424 3131 3512 3169 ra-

257 3206 467 3276 Κυρίῳ’
490 3207 518 3258 6
545 3204 602 3258 δὲ
627 3203 805 3274 ζητῶν
826 3203 915 3256 τὸν
940 3203 1163 3275 Κύριον,
1185 3205 1408 3276 εὑρήσει
1435 3205 1558 3272 γνῶ
1571 3223 1655 3260 σιν
1689 3207 1828 3277 μετὰ

1937 3201 2151 3272 pinam,
2183 3202 2251 3258 de
2277 3218 2444 3258 manu
2489 3206 2839 3275 oppressoris
2868 3206 2936 3261 ⁸⁸.
2978 3224 2996 3256 ι
3035 3205 3391 3275 Alioquitam
3419 3207 3512 3276 qui

249 3296 623 3368 δικαιοσύνης.
661 3296 772 3350 Kal
806 3295 990 3360 πάλιν,
1024 3314 1042 3347 ι
1072 3296 1288 3367 Καρδία
1321 3297 1514 3366 ἀνδρὸς
1537 3297 1834 3365 λογιζέσθω

1930 3296 2141 3365 justum
2175 3295 2430 3350 decernit
2459 3311 2581 3351 esse
2608 3296 2894 3368 injustum,
2924 3313 3088 3368 quam
3123 3297 3219 3367 qui
3249 3297 3511 3369 injustum

249 3390 458 3454 δίκαια,
518 3389 606 3442 ἵνα
652 3388 760 3442 ὑπὸ
785 3388 878 3442 τοῦ
931 3386 1070 3441 Θεοῦ
1117 3387 1382 3458 διορθωθῇ
1425 3388 1493 3442 τά
1521 3389 1836 3462 διαδήματα

1929 3387 2144 3459 judicat
2173 3403 2297 3442 esse
2343 3388 2580 3460 justum,
2612 3397 2845 3460 uterque
2871 3390 3018 3460 apud
3041 3389 3334 3445 Dominum
3360 3405 3507 3445 exse-

251 3481 447 3536 αὐτοῦ.
493 3499 512 3534 ι
547 3481 658 3535 Kal
687 3483 716 3535 6
743 3480 1209 3553 Παροιμιαστὴς,‹
1231 3480 1550 3534 Ἐπίσταται
1573 3483 1601 3535 6
1629 3483 1836 3549 δίκαιος

1936 3478 2176 3534 crabilis.
2210 3477 2314 3545 Qui
2343 3481 2541 3550 quaerit
2574 3481 2890 3547 Dominum,
2940 3482 3185 3537 inveniet
3226 3481 3511 3536 scientiam

251 3575 468 3644 κρίνειν
505 3571 817 3644 πενιχρούς·
841 3573 868 3624 6
901 3572 957 3626 δέ
987 3573 1192 3645 ἀσεϐὴς
1239 3573 1301 3626 οὐ
1340 3574 1525 3644 νοήσει
1551 3573 1772 3643 γνῶσιν.
1807 3594 1826 3627 ι

1936 3587 2061 3627 οιιιιι
2090 3572 2325 3642 justitia.
2375 3573 2592 3629 Rursus
2637 3593 2650 3629 :
2695 3592 2713 3624 ι
2753 3573 2860 3629 Cor
2890 3573 2995 3628 viri
3035 3574 3239 3645 cogitet
3275 3575 3512 3642 justa‘”,

253 3666 370 3719 Kal
416 3664 604 3728 πάλιν,
649 3683 668 3716 ι
713 3664 878 3735 Ἀνὴρ
922 3665 1187 3736 φρόνιμος
1216 3665 1565 3720 κατευθύνων
1604 3665 1835 3737 πορεύε-

1940 3673 2048 3718 uta
2074 3664 2189 3718 Deo
2215 3663 2525 3734 dirigantur
2545 3681 2768 3736 gressus
2789 3666 2911 3736 ejus
2944 3666 3011 3719 °‘.
3052 3683 3070 3717 ι
3102 3666 3170 3720 Ει
3217 3665 3511 3720 Paroemia—

249 3769 366 3808 ται·
402 3754 498 3808 καὶ
539 3754 681 3825 ἀρχὴ
725 3753 850 3808 ὀδοῦ
907 3755 1142 3825 ἀγαθῆς,
1198 3755 1294 3808 τοῦ
1344 3759 1517 3811 ποιεῖν
1567 3756 1772 3809 δίκαια.
1809 3775 1827 3807 ι

1942 3765 2064 3810 stes
2095 3773 2108 3810 :
2146 3775 2164 3808 ι
2219 3756 2384 3811 Novit
2416 3757 2682 3812 Dominus
2709 3757 2960 3828 judicare
2995 3756 3380 3827 pauperculos,
3412 3757 3510 3811 im-

251 3848 366 3902 Kal
413 3848 442 3901 6
483 3846 604 3900 Ἰὼϐ
631 3886 646 3909 ,
683 3865 702 3897 ‹
738 3846 1093 3916 Δικαιοσύνην
1118 3886 1132 3911 ,
1199 3847 1399 3917 φησὶν,
1462 3847 1792 3900 ἐνεδεδύκειν
1819 3889 1834 3915 ,

1936 3848 2062 3917 pius
2096 3855 2281 3902 autem
2317 3863 2426 3903 non
2461 3849 2731 3920 intelliget
2769 3849 3056 3904 scientiam
3095 3850 3162 3901 θ’.
3204 3867 3221 3900 ι
3265 3848 3470 3902 lterum
3500 3866 3511 3901 :

251 3938 624 4010 ἠμφιασάμην
668 3939 724 3991 δὲ
751 3941 950 4010 κρῖμα,
985 3940 1076 3992 ἴσα
1119 3938 1406 4002 διπλοΐδος.
1447 3957 1466 3990 ι
1513 3940 1626 3994 Kal
1655 3936 1834 4004 αὖθις,

1944 3959 1961 3991 ι
1988 3939 2082 3995 Vir
2108 3939 2374 4009 prudens,
2406 3939 2495 3994 via
2522 3949 2672 3994 recta
2708 3941 3056 4012 ingreditur;
3090 3948 3146 3995 et
3178 3940 3513 4010 principium

260 4049 278 4081 ι
316 4028 380 4082 Et
426 4028 699 4094 ἐξέκλινεν
731 4031 759 4082 6
792 4029 926 4092 πούς
976 4047 1078 4100 μου
1116 4031 1179 4082 ἐκ
1228 4029 1326 4098 τῆς
1372 4029 1525 4082 ὀδοῦο
1569 4031 1618 4083 εἰ
1660 4031 1716 4084 δέ
1743 4031 1837 4084 καὶ

1937 4030 2040 4086 viae
2085 4031 2263 4096 bonae,
2322 4031 2505 4086 facere
2544 4047 2665 4101 quae
2702 4032 2848 4103 justa
2883 4042 3012 4087 sunt
3038 4033 3106 4088 ".
3165 4051 3183 4083 ι
3214 4032 3511 4087 Jobitem:

253 4122 522 4192 ἐφαύλισα
543 4125 717 4193 κρῖμα
734 4122 1063 4193 θεράποντός
1093 4139 1217 4192 μου.
1251 4122 1359 4175 Kal
1383 4121 1556 4176 ταῦτα
1584 4124 1681 4193 μὲν
1704 4123 1837 4195 περὶ

1946 4141 1964 4173 ι
1995 4122 2216 4177 Justitia
2249 4121 2480 4177 indutus
2515 4138 2669 4187 sum;
2718 4123 2950 4177 vestitus
2983 4132 3168 4178 autem
3218 4138 3338 4177 sum
3364 4123 3515 4194 judi-

252 4215 669 4285 δικαιοκρισίας.
725 4213 902 4267 Καλὸν
941 4214 998 4266 δέ
1052 4214 1461 4284 ἐπιμνησθῆναι
1521 4214 1708 4268 καὶτὸ
1735 4213 1832 4268 τοῦ

1943 4211 2112 4276 cium,
2148 4211 2306 4280 quasi
2333 4211 2636 4282 diploidem
2663 4212 2761 4267 “.n
2797 4213 3012 4268 Rursus
3042 4230 3056 4266 :
3088 4231 3106 4262 ι
3141 4212 3197 4267 Si
3220 4212 3517 4268 declinavit

266 4305 592 4359 Ἀποστόλου
647 4305 811 4378 ῥητὸν
865 4305 926 4358 τὸ
987 4305 1232 4374 φάσκον,
1279 4325 1297 4357 ι
1333 4305 1524 4376 Τολμᾷ
1556 4322 1640 4369 τις
1682 4305 1836 4377 ὑμῶν

1937 4314 2035 4370 pes
2078 4315 2235 4356 meus
2291 4301 2359 4356 de
2392 4300 2504 4368 via,
2563 4302 2608 4357 si
2658 4301 2963 4372 contempsi
3001 4301 3275 4373 judicium
3326 4301 3515 4356 famuli

254 4398 496 4467 πρᾶγμα
547 4396 689 4467 ἔχων
744 4396 883 4465 πρὸς
917 4395 1008 4448 τὸν
1047 4396 1252 4466 ἕτερον,
1287 4396 1571 4467 κρίνεσθαι
1605 4398 1698 4450 ἐπὶ
1727 4397 1837 4451 τῶν

1939 4390 2048 4445 mei
2070 4393 2138 4445 ’⁵.
2180 4410 2198 4442 ι
2231 4391 2444 4447 Ethaac
2478 4393 2705 4462 quidem
2747 4393 2816 4448 de
2857 4393 3053 4464 judicii
3081 4394 3358 4464 aequitate.
3397 4395 3521 4450 Non

253 4490 481 4558 ἀδίκων,
512 4491 607 4543 καὶ
626 4489 746 4560 οὐχὶ
776 4489 974 4560 μᾶλλον
1007 4489 1099 4542 ἐπὶ
1125 4488 1234 4541 τῶν
1265 4489 1436 4558 ἁγίων
1463 4507 1476 4555 ;
1513 4508 1530 4540 ι
1570 4490 1679 4544 Kal
1738 4491 1836 4544 ἐπ-

1946 4479 2332 4536 inconcinnum
2385 4483 2592 4553 alioqui
2646 4483 2814 4539 fuerit
2855 4484 3172 4540 meminisse
3200 4486 3537 4554 apostolicae--

255 4585 404 4650 ἀγει,
444 4601 462 4634 ι
496 4581 639 4652 Ἤδη
672 4582 770 4651 μὲν
799 4576 891 4634 οῦν
930 4583 1066 4644 ὅλως
1122 4583 1344 4652 ἥττημα
1377 4582 1506 4651 ύμῖν
1551 4585 1718 4648 ἐστιν,
1751 4584 1836 4637 ὅτι

1938 4575 2246 4640 sententiaz,
2272 4592 2394 4645 quae
2425 4576 2597 4630 dicit:
2643 4595 2661 4628 ι
2706 4576 2888 4630 Audet
2911 4577 3110 4646 aliquis
3144 4586 3387 4631 vestrum
3416 4593 3516 4631 ne-

255 4674 432 4742 κρῖμα
460 4669 612 4741 ἔχετε
663 4671 779 4742 μεθ’
811 4672 1021 4725 ἑαυτῶν
1050 4688 1064 4703 ο
1093 4671 1180 4725 διὰ
1214 4672 1266 4725 τί
1301 4673 1423 4742 ούχὶ
1461 4673 1662 4743 μᾶλλον
1697 4675 1834 4728 ἀπο-

1937 4666 2148 4737 gotium
2208 4667 2418 4721 habens
2467 4667 2733 4722 adversus
2778 4669 3036 4730 alterum,
3074 4667 3311 4738 judicari
3370 4669 3514 4737 apud

257 4763 576 4835 στερεῖσθε;
619 4763 706 4818 διὰ
727 4763 779 4816 τί
813 4763 932 4834 οὐχὶ
964 4763 1162 4835 μᾶλλον
1192 4763 1502 4831 ἀδικεῖσθε;
1534 4765 1650 4819 ἀλλ’
1679 4766 1838 4834 ὑμεῖς

1939 4757 2184 4827 iniquos,
2221 4767 2276 4812 et
2301 4774 2413 4812 non
2450 4759 2622 4829 magis
2652 4759 2798 4828 apud
2840 4767 3062 4814 sanctos
3088 4759 3180 4812 9"?
3212 4778 3229 4810 ι
3255 4759 3511 4814 lnducit.:

256 4854 516 4921 ἀδικεῖτε,
541 4853 633 4906 καὶ
655 4851 813 4906 τοῦτο
836 4852 1117 4921 ἀδελφούς.
1139 4871 1159 4905 ι
1194 4853 1305 4906 Kal
1333 4853 1550 4923 ἐπάγει,
1593 4854 1837 4908 ι”Αδικοι

1945 4869 1962 4901 ‹
2003 4850 2124 4906 Jam
2169 4849 2318 4904 enim
2378 4851 2607 4904 omnino
2646 4851 2908 4906 delictum
2950 4853 3006 4906 in
3040 4851 3199 4907 vobis
3223 4860 3328 4916 est,
3385 4854 3512 4921 quia

257 4945 537 5015 βασιλείαν
568 4944 702 4998 Θεοῦ
739 4945 798 4998 ού
831 4945 1333 5014 κληρονομήσουσιν
1359 4960 1374 5008 ;
1405 4963 1422 4996 ι
1447 4943 1608 4997 Ἀλλὰ
1645 4944 1833 5013 μηδεὶς

1934 4941 2204 5013 judicium
2235 4941 2451 4996 habetis
2481 4941 2623 4995 inter
2652 4944 2899 4996 vosmet?
2937 4943 3148 5015 1142
3186 4960 3357 5013 quare
3403 4961 3513 4999 non

254 5033 448 5088 οἰέσθω
477 5034 659 5104 μόνοις
705 5036 820 5097 τοῖς
861 5034 928 5087 τὰ
976 5033 1130 5087 κοινὰ
1175 5031 1478 5103 πράγματα
1519 5031 1832 5096 δικάζουσιν

1941 5031 2114 5102 magis
2144 5031 2391 5086 fraudem
2443 5032 2850 5102 patimini?sed
2877 5032 2974 5088 vos
3016 5034 3275 5104 injuriam
3304 5034 3509 5102 facitis;

254 5125 520 5196 ἁρμόζειν
571 5125 663 5178 τὸν
710 5125 840 5192 περ)⁸
896 5126 992 5194 τῆς
1039 5121 1443 5194 δικαιοκρισίας
1493 5123 1693 5192 νόμον,
1739 5124 1835 5176 καὶ

1940 5129 1996 5176 et
2025 5121 2130 5176 hoc
2155 5121 2452 5175 fratribus!
2496 5138 2563 5177 an
2595 5121 2844 5188 nescitis,
2882 5123 3011 5192 quia
3046 5123 3221 5194 iniqui
3281 5140 3510 5194 regnum

256 5215 461 5278 ύπτίως
507 5215 714 5269 κείσθω
759 5216 969 5287 ρέγχων
1017 5213 1363 5286 ἀμερίμνως.
1409 5212 1584 5265 Πᾶσιν
1622 5213 1731 5284 γὰρ
1779 5213 1836 5279 ἐξ

1937 5214 2034 5268 Dei
2080 5231 2191 5269 non
2242 5214 2605 5284 possidebunt
2634 5215 2721 5268 ’7?
2769 5234 2786 5266 ι
2831 5215 2997 5286 Atqui
3035 5231 3199 5271 nemo
3236 5217 3513 5273 existimet

259 5309 379 5361 ῖσου
416 5308 477 5361 τὸ
513 5308 778 5373 ζωοποιδν
823 5307 1049 5378 Πνεῦμα
1083 5305 1434 5376 ἐγκελεύεται
1481 5305 1577 5375 τὴν
1613 5305 1836 5376 ἐντολὴν

1937 5315 2186 5361 nostrum
2218 5305 2287 5361 de
2313 5307 2465 5377 justo
2494 5307 2708 5377 judicio
2749 5323 3061 5363 sermonem
3098 5309 3231 5364 solis
3259 5308 3328 5362 iis
3358 5324 3510 5363 com-

256 5399 460 5471 ταύτην
508 5402 647 5471 Φησὶ
673 5399 781 5470 γὰρ
817 5400 910 5452 καὶ
950 5399 1038 5453 διὰ
1073 5399 1168 5452 τοῦ
1194 5397 1378 5458 Δαϐὶδ,
1420 5415 1438 5447 ι
1469 5396 1830 5463 Παιδεύθητε,

1932 5407 2123 5468 petere
2173 5399 2268 5468 qui
2321 5399 2388 5453 de
2438 5400 2830 5456 communibus
2875 5401 3113 5471 negotiis
3145 5401 3272 5456 lites
3305 5401 3512 5455 direm-

257 5493 459 5554 πάντες
491 5493 538 5544 οἱ
564 5492 842 5562 κρίνοντες
871 5492 972 5562 τὴν
1005 5491 1128 5560 γῆν,
1169 5488 1492 5544 δουλεύσατε
1523 5487 1602 5558 τῷ
1639 5488 1830 5559 Κυρίῳ

1932 5491 2080 5559 pturi
2128 5490 2460 5546 sententiam
2509 5489 2718 5559 ferunt,
2779 5503 2942 5564 atque
2981 5493 3112 5548 hinc
3146 5492 3381 5562 supinus
3407 5489 3509 5544 ob-

327 5669 371 5701 ”
397 5669 562 5724 Prov.
614 5685 758 5736 χχιιι,
786 5671 838 5727 9.
915 5669 960 5701 ⁸³
1000 5668 1132 5724 ibid.
1165 5671 1217 5724 5.
1292 5671 1337 5703 8°
1367 5669 1538 5726 Exod.
1582 5684 1731 5734 xxm,
1771 5667 1826 5721 ἓ.
1899 5669 1918 5698 ⁸

1934 5668 2143 5723 ’Levit.
2177 5684 2287 5733 xxx,
2325 5667 2407 5722 15.
2486 5668 2531 5701 ⁸⁸
2571 5669 2744 5724 Exod.
2786 5684 2931 5732 ιιιιιιι,
2965 5667 3016 5721 8;
3091 5667 3253 5722 8".ler.
3288 5682 3416 5728 xxn,
3452 5665 3525 5722 πμ

257 5742 306 5774 ’λ’
332 5740 490 5794 Prov.
535 5756 644 5805 xxr,
675 5740 760 5794 12.
836 5741 880 5772 ⁹¹
912 5740 1076 5794 Prov.
1111 5757 1200 5806 xx,
1224 5742 1313 5795 ill.
1391 5745 1437 5775 θ’
1467 5743 1628 5799 Prov.
1651 5741 1848 5805 'xx1x,1

1961 5738 2006 5770 ⁹⁸
2040 5740 2201 5796 Prov.
2235 5756 2342 5804 χιιι,
2378 5740 2432 5794 8.
2542 5739 2585 5772 ³⁸
2606 5741 2708 5797 .lob
2733 5755 2876 5806 xxix,
2904 5739 2990 5794 M.
3081 5737 3126 5769 "
3158 5736 3261 5792 .lob
3283 5737 3527 5802 unﬁt...

260 5813 305 5844 ἰ’
339 5809 511 5864 lCor.
543 5827 616 5878 vr,
644 5810 695 5864 1.
769 5813 814 5845 ³⁷
851 5809 985 5866 ibid.
1022 5811 1131 5866 7-9.
