4028 6524
531 377 666 440 1655

1795 375 2160 436 ANTIOCHI
2201 373 2547 434 MONACHI

3631 368 3749 432 163:6

527 490 848 554 dormiscat,
899 489 1210 544 destertcns
1273 489 1492 546 interim
1553 507 1615 546 ac
1685 508 1916 548 securus
1964 507 2108 548 curae.

2219 491 2275 543 ἐν
2304 491 2476 560 φόϐῳ,
2509 492 2603 544 καὶ
2641 487 2970 558 ἀγαλλιᾶσθε
3011 485 3160 556 αὐτῷ
3204 485 3260 536 ἐν
3297 483 3494 555 τρόμῳο
3539 489 3641 546 πᾶς
3670 492 3752 542 ἂν·

527 581 710 636 omnis
753 599 765 634 :
821 580 1078 636 omnibus
1123 581 1268 635 enim
1325 598 1392 637 ex
1445 600 1605 654 :eqno
1651 586 1961 641 viviﬁcator
2020 588 2112 642 ille

530 670 770 741 Spiritus
828 671 932 726 hoc
979 671 1294 741 prmscrihit
1350 674 1691 729 mandatum.
1734 675 1826 729 Ait
1861 677 2008 730 enim
2043 677 2110 742 is,

531 777 632 832 per
673 778 737 818 os
781 762 952 817 David
988 779 1001 815 :
1063 781 1080 813 ι
1118 764 1454 831 Erudimini,
1490 781 1684 822 omnes
1716 767 1808 836 qui
1853 768 2115 837 judicatis

539 869 743 916 erram,
788 853 992 908 servite
1023 854 1254 908 Domino
1275 855 1327 909 in
1355 856 1569 920 timore,
1603 867 1660 912 et
1687 859 1957 912 exsultate
1982 859 2032 912 ei
2059 859 2112 912 in

532 951 794 1008 tremore,
863 946 1262 1016 apprchendite
1332 947 1704 1017 disciplinam,
1770 966 1838 1004 ne
1895 949 2115 1019 quando

537 1039 813 1093 irascatur
843 1039 1130 1103 Dominus,
1183 1047 1237 1092 ct
1293 1040 1531 1108 pereatis
1568 1039 1635 1095 de
1667 1041 1753 1094 via
1795 1042 1942 1112 justa
1985 1042 2051 1094 ⁸⁸.
2090 1061 2108 1093 ι

533 1130 748 1184 Rursus
784 1147 796 1182 :
835 1147 852 1179 ι
894 1129 1044 1184 Beati
1099 1131 1192 1200 qui
1240 1131 1561 1186 custodiunt
1600 1131 1893 1202 judicium,
1936 1142 1992 1188 et
2036 1133 2116 1187 fa-

529 1222 686 1275 ciunt
706 1219 978 1290 justitiam
1006 1219 1060 1272 in
1089 1220 1236 1272 omni
1265 1229 1510 1289 tempore
1532 1221 1597 1274 ν’.
1642 1240 1659 1272 ›
1684 1221 1752 1274 Ει
1790 1239 1803 1274 :
1846 1240 1864 1272 ι
1896 1221 1952 1276 Si
1984 1237 2114 1276 vere

530 1313 726 1382 utique
753 1311 1028 1382 justitiam
1069 1311 1384 1380 loquimini,
1413 1313 1846 1384 rectejudicate,
1885 1314 1982 1368 lilii
2009 1315 2113 1369 ho-

531 1403 743 1458 minum
780 1405 818 1457 ¹.
857 1422 876 1454 ι
943 1402 996 1457 Si
1049 1419 1177 1457 vere
1212 1403 1424 1474 uti'jue,
1475 1421 1581 1458 non
1616 1406 1995 1461 commentitie
2049 1421 2114 1459 ac

527 1494 893 1560 mendaciter,
920 1509 1100 1562 neque
1148 1509 1249 1562 per
1294 1493 1631 1564 hypocrisin.
1682 1496 1897 1550 Dixeris
1929 1512 1943 1548 :
1977 1494 2110 1565 quid

528 1584 698 1654 igitur
733 1583 802 1637 ad
850 1599 937 1637 me
987 1583 1131 1638 istud
1190 1583 1388 1639 attinet
1436 1586 1781 1648 mandatum,
1817 1586 1906 1640 cui
1959 1586 2110 1639 nulla

526 1674 842 1728 concredita
868 1674 1416 1744 functiojudiciariaa
1464 1676 1777 1745 potestatis,
1831 1677 1925 1745 qui
1974 1675 2109 1729 nihil

527 1767 711 1822 minus
744 1783 908 1837 quam
933 1767 1178 1838 judicem
1208 1766 1515 1835 proﬁteor?
1545 1768 1684 1822 lluic
1702 1766 2102 1836 responderim,

527 1856 676 1912 Deus
713 1858 807 1927 qni
865 1857 1142 1911 hominem
1185 1857 1454 1918 condidit.
1483 1857 1613 1912 fecit
1639 1874 1766 1912 cum
1811 1873 1925 1912 sua:
1983 1873 2101 1912 esse

527 1949 742 2017 spontis
773 1964 836 2002 ac
863 1948 1024 2002 liberi
1071 1948 1283 2002 arbitrii
1316 1966 1327 2000 :
1367 1963 1625 2018 capacem
1660 1956 1928 2018 praeterea
1968 1965 2101 2018 pro-

525 2039 693 2110 positi
736 2039 1080 2103 alterutrius,
1105 2048 1196 2092 ant
1229 2039 1452 2094 virtutis
1486 2048 1579 2093 aut
1602 2041 1742 2094 vitii.
1767 2039 2015 2109 Cumque
2046 2039 2101 2092 in

527 2132 720 2186 faciem
782 2131 1026 2186 hominis
1095 2132 1393 2200 inspirans,
1450 2132 1813 2202 multiplicem
1879 2148 2100 2186 sensum

527 2221 838 2286 insevisset,
874 2221 1103 2290 perinde
1149 2230 1314 2290 atque
1349 2221 1404 2274 in
1453 2223 1629 2292 agello
1670 2223 1950 2293 quopiam,
2005 2239 2102 2277 ex-

527 2314 842 2383 plessetque
891 2315 1188 2368 satellitum
1225 2315 1478 2369 ordinem
1519 2333 1533 2382 ;
1587 2316 1640 2369 in
1686 2316 1884 2369 horum
1923 2315 2104 2370 medio

526 2403 690 2474 jussit
719 2412 963 2458 mentem
1009 2404 1259 2459 residere
1297 2405 1613 2475 primariam
1647 2416 1810 2475 atque
1841 2422 2102 2461 sensuum

528 2493 980 2561 moderatricem,
1009 2510 1109 2549 ceu
1136 2511 1319 2566 regem
1343 2498 1602 2566 stipatum
1627 2499 1886 2554 satellitio
1907 2501 2102 2567 milite,

536 2602 722 2656 regem
781 2587 966 2656 plane,
1005 2602 1072 2641 ex
1123 2588 1442 2643 conditione
1493 2588 1700 2643 bonum
1751 2605 1816 2645 ac
1866 2591 2102 2660 justum.

530 2678 706 2734 Penes
735 2693 861 2731 eum
917 2678 1086 2747 igitur
1138 2680 1366 2734 omnino
1407 2689 1491 2734 est
1533 2679 1819 2751 judicandi
1854 2683 2101 2747 libertas,

531 2785 642 2839 qno
665 2769 1037 2824 discerniculo
1067 2770 1245 2825 virtus
1276 2786 1305 2825 a
1339 2771 1475 2825 vitio
1518 2772 1916 2843 distinguatur,
1971 2782 2103 2843 puta

531 2859 900 2929 temperantia
926 2859 995 2912 ab
1028 2859 1223 2914 effreni
1252 2861 1514 2928 libidine;
1551 2863 1820 2934 ingluvies
1851 2865 1918 2919 ab
1949 2880 2108 2920 exer-

531 2951 662 3006 citio
695 2951 1067 3015 abstinentiae,
1119 2952 1198 3005 ira
1230 2967 1260 3006 a
1287 2955 1736 3021 mansuetudine,
1772 2956 1952 3012 inanis
1985 2957 2106 3028 glo-

535 3043 632 3097 ria:
664 3043 786 3097 sitis
821 3045 890 3097 ab
940 3044 1276 3098 humilitate.
1298 3045 1488 3100 Virtus
1512 3046 1752 3118 denique
1800 3050 1982 3103 omnis
2020 3049 2107 3103 vi-

533 3133 673 3191 tium
728 3133 893 3187 habet
942 3133 1031 3188 cui
1085 3135 1414 3201 reluctetur,
1469 3153 1580 3206 quo
1652 3153 1778 3193 cum
1834 3139 2176 3218 judiciumc

532 3235 805 3281 exerceat.
833 3226 982 3281 Mens
1013 3227 1183 3298 igitur
1209 3229 1252 3282 si
1278 3228 1541 3283 malitiam
1584 3231 1936 3295 condemnet,
1965 3232 2106 3287 ferat

531 3327 718 3374 autem
761 3337 862 3390 pro
924 3319 1132 3375 virtute
1195 3323 1554 3387 sententiam,
1610 3332 1760 3378 recte
1812 3323 2102 3394 judicavit,

531 3407 774 3488 fecitque
799 3411 1070 3480 judicium
1117 3419 1172 3464 et
1201 3412 1497 3484 justitiam.
1534 3414 1690 3480 Quod
1719 3415 1763 3469 si
1796 3431 1894 3484 per
1919 3415 2109 3470 immo-

532 3500 782 3555 deratam
845 3504 1215 3573 sumptionem
1290 3505 1403 3559 vini
1465 3505 1699 3575 seipsam
1766 3505 1970 3576 fugerit
2045 3521 2110 3560 ac

532 3593 816 3659 nescierit,
843 3597 1098 3665 prolapsa
1125 3597 1236 3667 jam
1271 3606 1358 3652 est
1382 3613 1411 3651 a
1438 3597 1769 3652 rectitudine
1800 3597 2019 3667 judicii,
2052 3606 2112 3652 ut

535 3684 624 3738 ille
654 3687 784 3740 olim
832 3687 1120 3753 Ochozias,
1145 3704 1208 3743 ac
1248 3689 1447 3744 misere
1473 3697 1706 3760 mgrotat
1754 3689 2110 3760 azgrotatione

533 3779 601 3834 ad
635 3789 864 3836 mortem
892 3786 911 3815 '
947 3802 959 3837 :

2219 581 2436 652 θρωπος
2465 580 2733 649 δράξασθε
2765 579 3036 643 παιδείας,
3063 579 3271 647 μήποτε
3308 574 3529 645 ὁργισθῇ
3553 576 3752 648 Κύριος.

2217 673 2310 725 καὶ
2333 672 2623 726 ἀπολεῖσθε
2649 670 2706 736 ἐξ
2729 670 2850 723 ὁδοῦ
2878 668 3112 731 δικαίας,
3154 687 3171 718 ι
3206 667 3315 719 Καὶ
3336 665 3512 724 πάλιν,
3541 685 3558 714 ι
3588 668 3759 720 Μακά-

2218 783 2322 835 ριοι
2366 765 2415 817 οί
2450 763 2816 834 φυλάσσοντες
2846 763 3050 832 κρίσιν,
3084 760 3180 812 καὶ
3214 757 3487 819 ποιοῦντες
3519 756 3761 810 δικαιοσύ-

2216 873 2314 926 νην
2343 857 2400 908 ἐν
2427 855 2592 910 παντὶ
2624 854 2823 926 καιρῷ,
2854 875 2872 906 ι
2908 853 3038 916 Καὶ,
3070 869 3087 902 ι
3123 851 3185 904 Εἰ
3206 848 3418 917 άληθῶς
3443 847 3549 916 ἄρα
3573 848 3758 902 δικαιο-

2219 947 2384 1018 σύνην
2406 947 2639 1012 λαλεῖτε,
2670 947 2833 1000 εύθέα
2862 944 3108 1016 κρίνατε,
3137 941 3243 994 υἱοὶ
3265 940 3373 992 τῶν
3411 938 3504 993 άνθ
3516 939 3712 1009 ρώπων.
3741 961 3758 991 ι

2217 1042 2279 1094 El
2305 1039 2520 1110 άληθῶς
2553 1039 2682 1108 ἄρα,
2728 1039 2822 1092 καὶ
2859 1039 2936 1108 μὴ
2971 1035 3191 1105 ψεῦδος,
3231 1033 3363 1103 μηδὲ
3400 1032 3522 1086 καθ’
3551 1033 3760 1100 ύπόκρι.

2219 1151 2325 1186 σιν.
2357 1132 2422 1184 Τί
2447 1129 2562 1196 οὖν,
2590 1130 2777 1201 φησιν,
2814 1129 2951 1199 πρός
2987 1145 3075 1198 με,
3113 1128 3204 1180 τδν
3236 1126 3307 1196 μὴ
3339 1125 3762 1194 ἐμπεπιστευμέ-

2215 1240 2304 1277 νον
2337 1221 2659 1291 δικαστικὴν
2703 1220 2916 1291 ἁρχήν;
2955 1219 3029 1271 Τὸ
3072 1215 3444 1287 παράγγελμα
3474 1214 3626 1267 τοῦτο
3667 1209 3785 1283 ὲγῶ’

2217 1331 2299 1368 σοι
2322 1313 2452 1383 ἐρῶ·
2491 1314 2547 1365 '0
2569 1312 2704 1376 Θεὸς
2725 1314 2753 1364 6
2782 1311 2974 1374 κτίσας
2997 1309 3088 1362 τὸν
3114 1307 3422 1379 ἄνθρωπον,
3441 1305 3762 1370 αὐτεξούσιον

2215 1401 2378 1457 αὐτὸν
2429 1403 2708 1472 ἐποίησεν,
2746 1399 2998 1454 δεκτικὸν
3049 1397 3376 1468 προσϐολῆς,
3435 1396 3652 1466 ἀρετῆς,
3681 1398 3762 1448 καὶ

2215 1495 2434 1558 κακίας.
2482 1493 2758 1556 Φυτεύσας
2785 1492 2841 1544 δὲ
2875 1491 2977 1553 τὰς
3005 1489 3224 1550 πλείους
3252 1488 3556 1558 αἰσθήσεις,
3597 1485 3765 1556 ὥσπερ

2214 1585 2272 1637 ἐν
2307 1583 2486 1655 μικρῷ
2517 1601 2623 1636 τινι
2657 1582 2866 1655 χωρίῳ,
2899 1584 2964 1651 τῇ
3000 1580 3120 1649 ὄψει
3155 1578 3473 1649 δορυφόρων
3513 1577 3661 1643 τάξιν
3690 1579 3763 1629 ἐκ.

2212 1673 2549 1744 πληρούσας,
2577 1671 2876 1744 ἐνθρονίζει
2908 1673 3120 1733 αὑταῖς,
3159 1667 3349 1738 ὥσπερ
3393 1667 3612 1737 βασιλέα
3647 1669 3764 1735 ἁγα-

2213 1765 2304 1820 θὸν
2351 1765 2447 1819 καὶ
2497 1765 2726 1830 δίκαιον,
2769 1765 2859 1817 τὸν
2900 1763 3144 1835 ἡγεμόνα
3213 1761 3361 1815 νοῦν.
3408 1759 3764 1831 Κρίνεταιοῦν

2207 1859 2427 1921 πάντως
2498 1858 2668 1928 ἀρετὴ
2719 1857 2815 1910 καὶ
2870 1857 3058 1916 κακία,
3110 1855 3409 1916 τουτέστιν,
3465 1851 3762 1922 σωᾳροσύνη

2204 1951 2300 2004 καὶ
2344 1950 2628 2014 ἀκολασία,
2686 1947 3104 2018 γαστριμαργία
3158 1946 3254 1999 καὶ
3322 1945 3556 2012 ἄσκησις
3613 1943 3764 2013 θυμὸς

2204 2036 2298 2089 καὶ
2343 2037 2587 2107 πραότης
2647 2035 3071 2111 κενοδοξίαικαὶ
3118 2032 3588 2104 ταπεινοφροσύνη
3626 2051 3638 2063 ο
3682 2033 3764 2085 καὶ

2205 2128 2389 2192 ἁπλῶς
2420 2130 2575 2182 πᾶσα
2610 2129 2778 2199 ἀρετὴ
2834 2128 2996 2198 δίκην
3048 2128 3162 2197 ἔχει
3212 2127 3347 2196 πρὸς
3399 2125 3501 2195 τὴν
3550 2125 3764 2178 ἀντιδια-

2208 2218 2568 2289 στελλομένην
2597 2219 2736 2289 αὐτῇ
2769 2219 2992 2273 κακίαν.
3039 2218 3166 2271 Ἐάν
3194 2213 3286 2270 οὖν
3307 2217 3334 2268 6
3365 2215 3494 2278 νοῦς
3521 2215 3763 2284 κατακρί-

2204 2329 2284 2365 νει
2309 2311 2406 2380 τὴν
2434 2311 2654 2376 κακίαν,
2681 2309 2970 2364 δικαιώσει
3001 2309 3058 2364 δέ
3081 2311 3181 2381 τὴν
3206 2309 3430 2380 ἀρετὴν,
3457 2306 3617 2361 εὐθέα
3643 2307 3765 2376 ἔκρι-

2205 2419 2314 2464 νεν,
2353 2401 2450 2456 καὶ
2500 2401 2771 2472 ἐφύλαξεν
2803 2404 2978 2472 κρῖμα
3015 2403 3109 2455 καὶ
3141 2402 3514 2470 δικαιοσύνην.
3548 2400 3607 2452 El
3637 2401 3763 2453 δὲέκ

2207 2494 2544 2558 πολυποσίας
2589 2495 2914 2566 ἐπιλάθηται
2961 2494 3194 2558 ἑαυτοῦ,
3236 2494 3428 2547 πίπτει
3475 2495 3540 2546 ἐκ
3583 2491 3672 2545 τοῦ
3695 2491 3764 2544 δι-

2207 2587 2387 2650 καίου,
2430 2586 2505 2648 ῶς
2540 2585 2812 2656 Ὀχοζίας,
2847 2587 2942 2640 καὶ
2983 2589 3260 2658 ἀρρωστεῖ
3292 2585 3608 2658 ἀρρωστίαν
3645 2585 3765 2653 πρὸς

2207 2679 2456 2744 θάνατον,
2487 2680 2766 2733 τουτέστιν
2798 2679 3022 2733 άπόλλει
3043 2679 3140 2751 τὴν
3168 2679 3472 2749 διάκρισιν,
3505 2677 3600 2731 καὶ
3626 2676 3762 2731 δίδω-

2209 2787 2293 2824 σιν
2321 2771 2419 2842 τὴν
2439 2771 2680 2827 νικῶσαν
2700 2773 2882 2842 ψῆφον
2905 2775 2970 2845 τῇ
2997 2773 3189 2843 κακία,
3213 2772 3308 2824 καὶ
3333 2770 3665 2838 ἀποθνήσκει
3687 2769 3764 2820 τδν

2207 2865 2424 2919 αίώνιον
2455 2864 2706 2920 θάνατον.
2745 2867 2970 2930 Τούτοις
2995 2865 3051 2918 δέ
3085 2867 3462 2935 ἐπιμαρτυρεῖ
3505 2862 3597 2915 καὶ
3620 2863 3646 2914 6
3668 2861 3766 2914 Κύ·

2212 2974 2347 3028 ριος,
2375 2957 2573 3027 λέγων,
2621 2977 2640 3010 ι
2665 2957 2743 3011 ’Τί
2773 2958 2832 3011 δέ
2866 2958 2960 3011 καὶ
2993 2959 3085 3026 ἀφ’
3119 2957 3330 3010 ἑαυτῶν
3379 2957 3444 3009 οὐ
3486 2955 3688 3024 κρίνετε
3714 2953 3766 3004 τὸ

2207 3045 2444 3111 δίκαιονς
2467 3065 2486 3098 ι
2538 3048 2626 3110 Ὠς
2656 3046 2763 3118 γὰρ
2798 3048 3033 3110 ὑπάγεις
3079 3047 3216 3116 μετά
3245 3045 3340 3099 τοῦ
3387 3043 3655 3097 ἀντιδίκου
3684 3058 3766 3094 σου

2209 3136 2298 3189 ἐπ’
2329 3137 2587 3208 ἄρχοντα,
2630 3140 2688 3190 ὲν
2725 3140 2791 3208 τῇ
2841 3137 2946 3208 ὀδῷ
2989 3137 3075 3200 δὸς
3122 3137 3387 3208 ἐργασίαν
3444 3133 3767 3202 ἀπηλλάχθαι

2211 3226 2306 3280 ἀπ’
2337 3226 2525 3290 αὐτοῦ,
2579 3228 2789 3297 μήποτε
2848 3228 3130 3300 κατασύρῃ
3180 3245 3238 3280 σε
3271 3228 3413 3297 πρὸς
3441 3226 3534 3278 τὸν
3571 3223 3764 3295 κριτὴν,

2207 3318 2303 3372 καὶ
2353 3321 2381 3372 6
2427 3321 2621 3390 κριτὴς
2679 3319 2978 3393 παραδώσῃ
3026 3337 3085 3374 σε
3134 3321 3212 3389 τῷ
3259 3320 3590 3390 πράκτωρι,
3636 3316 3767 3370 καὶό

2205 3409 2469 3482 πράκτωρ
2507 3411 2642 3482 βάλῃ
2694 3429 2753 3464 σε
2804 3415 2884 3476 είς
2925 3413 3194 3483 φυλακήν.
3238 3413 3413 3481 Ἀμὴν
3459 3410 3605 3478 ἀμὴν
3641 3407 3766 3475 λέγω

2207 3518 2308 3567 σοι,
2343 3503 2404 3556 οὐ
2446 3503 2520 3575 μὴ
2557 3503 2778 3576 ἐξέλθῃς
2808 3504 3020 3558 ἐκεῖθεν
3048 3504 3152 3566 ἓως
3179 3497 3241 3558 οὗ
3270 3503 3490 3573 ἀποδῷς
3519 3502 3606 3553 τὸν
3626 3501 3767 3569 ἐσχα-

2205 3610 2297 3648 τον
2331 3595 2656 3667 κοδράντην.
2692 3597 2852 3668 Αύτῷ
2883 3598 2916 3668 ἡ
2966 3597 3095 3663 δόξα
3125 3596 3203 3666 τῷ
3249 3595 3396 3666 μόνῳ
3444 3595 3764 3663 δικαιοκριτῇ

2209 3686 2430 3758 Χριστῷ
2461 3688 2539 3749 είς
2565 3689 2694 3752 τοὺς
2721 3687 2948 3751 αἰῶνας.
2989 3689 3185 3758 Ἀμήν.

1019 3784 1124 3840 hoc
1173 3793 1278 3848 est,
1319 3783 1553 3839 descivit
1581 3800 1612 3839 a
1659 3785 1808 3854 justo
1871 3783 2104 3838 rationis
2137 3781 2369 3853 judicio,
2414 3781 2670 3852 ultroque
2739 3784 2960 3838 malitia:
3008 3782 3174 3838 cessit
3235 3779 3500 3850 palmaris
3546 3775 3767 3830 victorize

534 3879 820 3936 tesseram,
851 3890 914 3929 ac
949 3889 1007 3930 se
1042 3883 1260 3930 πίει-ηπ
1296 3875 1464 3931 morti
1499 3875 1730 3930 addixit.
1763 3864 1890 3930 Hm'c
1956 3874 2224 3930 Dominus
2285 3888 2387 3927 suo
2437 3876 2634 3928 astruit
2675 3875 3012 3939 testimonio,
3074 3874 3302 3928 dicens:
3338 3890 3356 3922 ι
3395 3872 3513 3926 Cur
3544 3879 3714 3924 autem
3742 3884 3767 3922 a

532 3963 828 4034 vobisipsis
885 3981 994 4020 non
1045 3967 1328 4037 judicatur
1388 3969 1535 4039 quod
1578 3970 1788 4040 justum
1843 3975 1929 4022 est
1989 3968 2042 4022 ’?
2079 3987 2096 4020 ι
2138 3965 2369 4033 Quando
2398 3966 2553 4021 vadis
2582 3983 2706 4022 cum
2737 3967 3052 4023 adversario
3088 3976 3183 4022 tuo
3241 3965 3308 4020 ad
3367 3964 3690 4035 principem.
3721 3963 3765 4014 in

531 4056 620 4109 via
650 4057 719 4111 da
752 4053 978 4128 operam
1024 4059 1248 4118 liberari
1274 4061 1342 4115 ab
1377 4076 1466 4127 eo,
1534 4061 1828 4131 nequando
1861 4060 2042 4116 trahat
2090 4069 2144 4114 te
2209 4058 2275 4112 ad
2304 4057 2570 4128 judicem,
2621 4069 2676 4114 et
2718 4059 2886 4131 judex
2921 4059 3102 4114 tradat
3135 4068 3188 4114 te
3242 4059 3465 4122 tortori,
3511 4070 3567 4113 et
3611 4065 3768 4112 tortor

533 4148 713 4204 mittat
749 4161 800 4206 te
837 4151 890 4206 in
926 4168 1225 4206 carcerem.
1264 4152 1435 4208 Amen
1486 4169 1646 4208 amen
1676 4153 1800 4208 dico
1828 4153 1950 4219 tibi,
1988 4169 2100 4209 non
2135 4153 2313 4208 exibis
2387 4151 2543 4208 illinc
2605 4153 2784 4209 donec
2828 4153 3137 4209 reddideris
3195 4152 3565 4207 novissimum
3646 4166 3765 4221 qua-

531 4242 783 4297 drantem
813 4242 852 4296 ⁸.
878 4243 986 4312 lpsi
1034 4243 1202 4314 gloria
1249 4245 1348 4299 soli
1371 4245 1524 4315 justo
1552 4243 1725 4314 judici
1751 4243 1973 4301 Christo
2032 4246 2088 4300 in
2127 4247 2346 4302 saecula.
2375 4247 2576 4302 Amen.

906 4381 1117 4453 1153
1153 4382 1442 4437 HOMILIA
1491 4382 1731 4438 LXXVI.

1065 4493 1138 4548 De
1153 4496 1302 4567 justa
1327 4513 1599 4551 mensura.

601 4606 734 4673 Quae
764 4606 911 4676 justa
968 4613 1099 4660 sunt
1148 4606 1356 4672 omnia,
1396 4624 1660 4678 perquam
1690 4611 1952 4667 amabilia
1987 4613 2103 4668 Deo

2794 4386 3012 4440 ΛΟΓΟΣ
3069 4387 3206 4453 oq'.

2672 4500 2805 4568 Περὶ
2861 4499 3319 4568 δικαιομετρίας.

2279 4613 2464 4666 Πάντα
2493 4611 2562 4666 τὰ
2609 4612 2793 4667 δίκαια
2834 4611 3060 4681 θεόφιλα
3111 4613 3208 4665 καὶ
3251 4613 3542 4684 εὐάρεστοι.
3578 4612 3766 4677 Ὥσπερ

533 4706 666 4750 sunt
689 4705 746 4750 et
773 4704 1022 4765 accepta.
1051 4695 1120 4752 Ut
1151 4696 1300 4750 enim
1333 4697 1649 4766 aequitatem
1697 4699 1913 4769 judicii,
1945 4703 2017 4756 ita
2048 4713 2104 4758 et

2210 4704 2316 4774 γὰρ
2345 4704 2443 4774 τὴν
2468 4703 2872 4770 δικαιοκρισίαν
2902 4680 3092 4774 ἀγαπᾷ
3126 4705 3155 4756 6
3185 4680 3543 4767 Θεὸς,ὀῦτως
3571 4706 3661 4757 καὶ
3680 4703 3765 4772 τὴν

534 4787 588 4842 in
636 4787 915 4842 metiendo
969 4796 1241 4842 servatam
1277 4788 1550 4858 justitiam
1601 4791 1781 4862 diligit
1813 4793 1980 4847 Deus.
2007 4794 2108 4849 Ju-

531 4886 655 4932 stus
691 4879 840 4932 enim
873 4895 996 4934 cum
1025 4879 1116 4943 sit,
1152 4879 1207 4933 in
1253 4879 1309 4933 id
1341 4881 1571 4950 respicit
1599 4882 1926 4948 clementer,
1959 4887 2108 4954 quod

529 4971 740 5041 justum
779 4980 882 5025 est.
922 4971 1052 5026 .lure
1088 4972 1259 5042 igitur
1283 4973 1439 5044 jubet
1471 4972 1757 5042 Scriptura
1786 4978 2107 5032 servandam

533 5077 654 5116 esse
683 5063 998 5131 aequitatem
1021 5073 1076 5118 et
1095 5065 1357 5134 ponderis
1387 5075 1444 5120 et
1474 5079 1763 5118 mensurae.
1787 5066 2108 5124 “Nefarium

535 5164 767 5219 prorsus
843 5161 1008 5219 atque
1081 5168 1302 5207 omnem
1381 5170 1694 5225 expurgans
1761 5156 2109 5227 iniquitatem

535 5250 621 5296 est
657 5240 907 5318 duplices
928 5244 1133 5298 habere
1159 5261 1466 5308 mensuras.
1494 5264 1717 5317 parvam
1746 5262 1801 5305 et
1830 5267 2104 5322 magnam.

535 5331 694 5389 Unde
752 5344 806 5388 et
860 5336 1131 5404 propheta
1176 5339 1364 5401 Amos,
1399 5341 1671 5410 ejusmodi
1719 5345 2109 5414 immorigeros

536 5440 640 5479 nec
671 5425 820 5480 dicto
852 5426 1143 5480 audientes
1174 5428 1424 5483 indicans
1466 5431 1630 5504 longe
1676 5450 1800 5490 esse
1856 5436 2106 5491 miserri-

537 5534 658 5572 mos
690 5534 703 5571 :
747 5537 765 5570 ι
797 5517 893 5574 .Vze
941 5517 1015 5584 ei,
1041 5519 1139 5582 ait,
1176 5520 1270 5588 qui
1323 5521 1608 5579 desiderat
1659 5526 1808 5582 diem
1841 5526 2059 5582 Domini
2088 5545 2102 5594 ;

609 5716 656 5747 ”
679 5716 819 5771 Psal.
844 5732 903 5779 ιι,
940 5715 1120 5770 Ιθ-ΙΞ.
1196 5719 1240 5750 ⁹⁹
1275 5717 1417 5774 Psal.
1447 5734 1532 5783 cv,
1566 5720 1618 5772 5.

542 5782 562 5818 ⁸
603 5786 734 5840 Luc.
763 5803 836 5852 γι,
865 5787 954 5840 38.

1697 5721 1710 5751 '
1741 5721 1879 5774 Psal.
1920 5737 2048 5786 Lvn,
2082 5723 2135 5775 2.

2205 4795 2638 4866 δικαιομετρίαν.
2687 4795 2909 4857 Δίκαιος
2965 4793 3076 4864 γὰρ
3141 4793 3238 4859 ὢν,
3282 4797 3507 4866 προνοεῖ
3565 4793 3656 4847 τοῦ
3701 4792 3765 4844 δι-

2205 4883 2384 4937 καίου.
2448 4883 2689 4946 Εἰκότως
2739 4879 2832 4936 οὖν
2885 4884 2918 4952 ἠ
2974 4882 3164 4954 Γραφὴ
3222 4884 3600 4952 παραγγέλλει
3655 4881 3764 4948 περὶ

2209 4974 2560 5044 ἱσοσταθμίας
2601 4977 2694 5029 καὶ
2738 4975 3090 5046 ίσομετρίας·
3133 4975 3392 5044 ἀθέμιτον
3434 4978 3546 5046 γάρ
3614 4978 3762 5034 ἐστιν,

2209 5066 2304 5119 καὶ
2359 5069 2541 5138 πάσης
2587 5069 2802 5132 ἀδικίας
2855 5069 3135 5133 ἐπέκεινα,
3164 5069 3324 5122 δισσὰ
3380 5070 3558 5140 μέτρα
3611 5069 3761 5137 ἔχειν,

2211 5157 2408 5227 μικρὸν
2440 5158 2534 5211 καὶ
2561 5159 2722 5228 μέγα.
2753 5160 2914 5212 Ὅθεν
2943 5161 3038 5213 καὶ
3071 5163 3100 5213 6
3131 5161 3424 5230 προφήτης
3462 5161 3642 5230 Ἀμώς
3671 5177 3763 5227 φη·

2209 5265 2314 5313 σιν,
2341 5249 2638 5313 ταλανίζων
2686 5251 2814 5313 τοὺς
2847 5251 3150 5320 ἀνηκόους,
3190 5271 3209 5303 ι
3247 5252 3385 5305 Οὐαὶ
3427 5253 3454 5303 6
3494 5249 3763 5318 ἐπιθυμῶν

2207 5339 2305 5410 τὴν
2360 5342 2576 5412 ἡμέραν
2631 5343 2856 5413 Κυρίου,
2901 5345 2996 5397 καὶ
3035 5343 3172 5414 αὕτη
3218 5345 3367 5396 ἐστὶν
3419 5344 3646 5405 σκότος·
3681 5338 3762 5393 τοῦ

2207 5438 2428 5506 ποιῆσαι
2460 5439 2654 5508 μικρὸν
2692 5439 2915 5509 μέτρον,
2941 5439 3035 5492 καὶ
3057 5439 3222 5506 ζυγὸν
3244 5439 3446 5493 ἄδικον.
3482 5455 3502 5488 ι
3546 5435 3763 5505 Ὁμοίως

2207 5531 2342 5589 καὶό
2373 5531 2638 5600 Μιχαίας,
2677 5549 2695 5582 ι
2737 5532 2798 5583 El
2825 5529 3276 5601 δικαιωθήσεται,
3309 5529 3500 5598 λέγων.
3538 5529 3596 5580 ἐν
3625 5524 3762 5594 ζυγῷ

2213 5723 2304 5779 ’lV
2337 5724 2470 5792 Reg.
2496 5739 2536 5789 ι,
2558 5724 2612 5779 2.

2692 5724 2710 5754 ³
2749 5723 2882 5780 Luc.
2919 5741 3014 5788 ιιι,
3055 5725 3145 5779 57.
3225 5727 3242 5754 ⁵
3276 5722 3460 5778 Matth.
3483 5738 3536 5786 ν,
3570 5720 3655 5784 25,
3679 5719 3757 5773 26.
