3868 6522
163 357 304 422 1557

1071 359 1401 420 HOMIle
1441 361 1729 422 LXXVII.
1769 387 1838 395 -
1878 362 1975 445 DE
2015 364 2528 426 PIENITENTIA.

3281 368 3416 432 1058

159 481 387 547 ἄνομος.
429 476 522 529 καὶ
587 475 645 526 ἐν
705 476 1009 546 μαρσίππῳ
1077 474 1317 544 σταθμία
1379 473 1556 528 δόλου.
1596 493 1614 526 ι
1651 475 1764 533 Τὰ,

1845 475 1953 544 ipsa
1987 477 2136 531 enim
2175 485 2260 532 est
2297 478 2542 532 tenebra:
2567 480 2585 510 ⁸
2616 495 2627 531 :
2665 487 2726 531 ut
2773 478 2936 533 faciat
2979 495 3206 548 parvum
3259 495 3414 534 men-

160 571 305 624 αὐτὰ
344 571 437 623 καὶ
476 572 504 622 6
541 569 882 639 Ψαλμῳδός·
923 587 942 619 ι
978 568 1209 631 Ψευδείς
1257 567 1368 637 γάρ
1425 570 1565 621 εἰσιν
1626 568 1735 620 υίοὶ

1839 581 2025 620 suram
2064 575 2120 620 et
2169 575 2436 621 stateram
2470 568 2513 621 ⁷.
2552 567 2665 622 Nec
2705 566 2928 620 abludit
2957 567 3258 621 Michaeas:
3299 585 3318 617 ι
3357 565 3416 620 Si

159 661 269 714 τῶν
295 660 622 730 ἀνθρώπων.
652 661 708 712 ἐν
734 660 919 728 ζυγοῖς
950 659 1046 712 τοῦ
1090 658 1369 727 ἀδικῆσαι.
1407 678 1427 710 ι
1458 659 1570 713 Καὶ
1623 659 1734 712 δει-

1845 657 2228 726 iustiﬁcabitur
2283 659 2337 714 in
2389 668 2598 715 statera
2644 660 2892 730 iniquus,
2919 670 2976 715 et
3023 661 3080 713 in
3135 658 3417 728 marsupio

159 751 344 806 κνύων
368 753 448 805 ὃτι
469 753 567 821 τῆς
586 751 897 816 πλεονεξίας
927 752 1075 804 ἐστιν
1102 751 1162 804 τὸ
1183 751 1416 819 νόσημα,
1435 749 1580 822 [καὶ]
1611 751 1734 802 ἐπι-

158 843 342 914 φέρει,
383 862 401 894 ι
435 844 597 896 Αὐτοὶ
628 845 693 896 ἐκ
725 844 1084 914 ματαιότητος
1109 843 1202 896 ἐπὶ
1224 843 1284 896 τὸ
1316 843 1447 895 αὐτὸ
1483 843 1558 912 μὴ
1581 842 1735 895 ἐλπί-

159 938 304 1000 ζετε,
333 937 420 989 ἐπ’
454 937 669 990 ἀδικίαν
710 938 806 989 καὶ
855 937 948 988 ἐπὶ
984 937 1254 1006 ἅρπαγμα
1294 935 1368 1005 μὴ
1401 935 1733 989 ἐπιποθεῖτε.

159 1025 403 1089 Πλοῦτος
431 1025 526 1079 ἐὰν
560 1028 694 1097 ῥέει,
727 1027 800 1096 μὴ
831 1026 1191 1096 προστίθεσθε
1226 1027 1478 1098 καρδίαν.
1516 1045 1534 1078 ι
1574 1027 1682 1080 Καὶ
1709 1028 1737 1079 ό

156 1115 328 1186 τόμος
356 1116 705 1185 προστάττει,
733 1115 944 1184 λέγων’
982 1117 1068 1168 ‘Ev
1103 1116 1345 1186 μέτροις,
1379 1117 1474 1169 καὶ
1505 1117 1564 1168 ἐν
1605 1131 1736 1169 στα-

133 1203 325 1275 θμοῖς
378 1208 473 1260 καὶ
514 1209 570 1259 ἐν
604 1206 812 1274 ζυγοῖς,
835 1207 1023 1260 δίκαια
1046 1206 1201 1260 ἔσται
1233 1207 1383 1276 ὑμῖν.
1416 1207 1525 1259 Καὶ
1558 1202 1736 1273 αὖθις,

163 1317 182 1347 ι
233 1298 311 1350 Οὐ
355 1300 745 1368 μετακινήσεις
794 1299 981 1369 φησὶν,
1021 1299 1170 1368 ὅρια,
1201 1298 1236 1352 ἃ
1268 1298 1453 1352 ἔθεντο
1491 1301 1538 1352 οἱ
1566 1300 1738 1352 πατέ-

161 1404 259 1455 ρες
311 1403 425 1442 σου.
470 1407 488 1439 ι
531 1389 591 1441 '0
647 1389 705 1441 δέ
771 1392 1061 1461 προφήτης
1114 1392 1411 1460 Σοφονίας,
1465 1412 1482 1443 ι
1548 1395 1738 1464 Κρῖμα

157 1478 488 1549 ἐργάζεσθε,
523 1482 616 1534 καὶ
646 1481 994 1552 δικαιοσύνην
1025 1483 1323 1554 ζητήσατε,
1347 1486 1495 1548 ὅπως
1532 1502 1740 1538 σκεπα-

158 1573 333 1643 σθῆτε
371 1576 431 1626 ἐν
457 1573 640 1644 ἡμέρᾳ.
669 1575 839 1646 ὀργῆς
875 1577 1106 1647 Κυρίου.
1138 1597 1156 1630 ι
1202 1578 1477 1642 Ὡσαύτως
1506 1578 1564 1631 δέ
1593 1579 1688 1631 καὶ⁸
1714 1581 1742 1632 6

173 1664 457 1736 Ἰεζεκιὴλ,
489 1684 506 1718 ι
535 1668 722 1736 Κρῖμα
745 1670 838 1720 καὶ
858 1668 1208 1739 δικαιοσύνην
1231 1671 1517 1740 ποιήσατε,
1536 1670 1732 1739 λέγων,

158 1755 332 1822 ζυγὸν
377 1757 616 1820 δίκαιον,
651 1759 742 1811 καὶ
780 1758 978 1829 μέτρον
1031 1759 1274 1824 δίκαιον,
1305 1762 1396 1813 καὶ
1423 1760 1593 1830 χοῖνιξ
1656 1761 1738 1814 δι-

159 1847 297 1900 καία
323 1848 474 1901 ἔσται
507 1850 654 1919 ύμῖν.
687 1869 706 1901 ι
737 1850 796 1904 '0
818 1827 1324 1923 6Eﬂapmptanijg
1350 1869 1364 1883 ·
1403 1827 1625 1921 ιΠΣυγοὶ
1653 1852 1741 1905 66-
1773 1827 1815 1882 Β

158 1937 292 2002 λιοι,
350 1937 625 2010 βδέλυγμα
679 1942 911 1994 ἐνώπιον
959 1943 1189 2013 Κυρίου,
1235 1943 1529 2014 σταθμεῖον
1572 1943 1628 1996 δέ
1658 1944 1742 1996 δί-

161 2047 322 2084 καιον
346 2032 532 2084 δεκτὸν
561 2032 730 2104 αύτῷ.
766 2053 784 2086 ι
824 2034 935 2087 Καὶ
964 2035 1146 2097 πάλιν,
1177 2053 1194 2085 ι
1235 2035 1536 2105 Σταθμείον
1567 2037 1736 2107 μέγα,

169 2122 270 2174 καὶ
331 2122 547 2192 μικρὸν,
584 2123 680 2176 καὶ
730 2124 905 2196 μέτρα
955 2125 1150 2191 δισσὰ,
1179 2127 1465 2197 ἀκάθαρτα
1513 2127 1744 2181 ἐνώπιον

162 2213 400 2283 Κυρίου,
433 2216 526 2268 καὶ
558 2217 843 2288 ἀμφότερα
871 2220 930 2272 ἐν
961 2220 1074 2281 τοῖς
1099 2219 1527 2291 ἐπιτηδεύμασιν
1563 2221 1744 2274 αὐτῶν

163 2307 722 2377 συμποδισθήσονται.
760 2327 778 2359 ι
819 2311 977 2372 Ἴσως
1010 2310 1162 2363 δοκεῖ
1181 2312 1354 2365 ταῦτα
1383 2315 1498 2374 τοῖς
1528 2313 1743 2377 πολλοῖς

160 2398 262 2451 τοῦ
297 2396 522 2468 μηδενὸς
552 2400 676 2465 ἄξια
709 2398 846 2455 εἶναι
875 2417 890 2432 ·
921 2404 1038 2457 ἀλλ’
1068 2406 1222 2459 οὐδὲν
1275 2407 1397 2478 εἰκῆ
1432 2408 1526 2460 καὶ
1568 2409 1744 2479 μάτην

163 2495 225 2545 αἱ
291 2493 643 2549 θεόπνευστοι
706 2498 927 2567 Γραφαὶ
971 2499 1405 2571 διαγορεύουσιν.
1453 2501 1639 2555 Πάντα
1688 2501 1745 2555 δὲ

163 2583 311 2654 πρὸς
342 2585 616 2656 σωτηρίαν
645 2588 801 2658 ἡμῶν
834 2591 928 2642 καὶ
957 2589 1105 2659 ζωὴν
1133 2589 1350 2644 αἰώνιον
1386 2592 1447 2644 τὸ
1502 2609 1744 2663 προσκυ-

161 2675 333 2744 νητὸν
377 2677 768 2749 ἐνομοθέτησεν
814 2679 1065 2750 Πνεῦμα.
1127 2681 1498 2752 Φυλαξὼμεθα
1543 2682 1743 2750 τοίνυν,

164 2769 467 2837 ἀγαπητοὶ,
504 2770 566 2822 τὸ
595 2772 767 2834 πάθος
820 2774 919 2845 τῆς
964 2773 1299 2839 πλεονεξίας,
1336 2775 1435 2844 τῆς
1484 2775 1746 2848 δευτέρας

163 2860 636 2932 είδωλολατρείας.
671 2863 842 2919 Τοῦτο
906 2865 1014 2937 γὰρ
1069 2867 1435 2937 παιδευόμεθα
1493 2868 1581 2922 διὰ
1648 2871 1746 2940 τῆς

169 2953 516 3023 ίσομετρίας,
552 2943 625 3018 ὡς
665 2956 758 3008 καὶ
784 2957 812 3009 6
844 2956 1047 3028 Κύριος
1074 2959 1231 3028 ἡμῶν
1273 2958 1479 3027 Ἰησοῦς
1514 2961 1746 3031 Χριστὸς

165 3048 228 3100 ὲν
258 3051 371 3111 τοῖς
401 3049 753 3117 Εύαγγελίοις
796 3053 1122 3120 προστάττει
1172 3055 1305 3124 ἡμῖν
1354 3053 1552 3122 λέγων,
1596 3074 1612 3106 ι
1659 3055 1748 3107 Δί-

1838 757 2043 805 statera
2104 750 2283 805 dolosi
2311 751 2354 805 ⁸.
2395 771 2412 802 ι
2452 751 2709 806 Concinit
2769 751 2856 805 his
2902 751 3092 820 regius
3143 751 3360 804 Psaltcs
3401 767 3413 800 :

1845 865 1863 895 ι
1897 843 2188 898 Mendaces
2233 843 2328 897 lilii
2376 844 2659 897 hominum
2714 843 2769 897 in
2807 842 3058 904 stateris,
3106 849 3168 894 ut
3207 839 3415 910 injuste

1838 944 2000 1006 agant
2025 936 2067 988 ’.
2108 955 2126 988 ι
2171 935 2459 1004 Simulque
2491 935 2782 990 insinuans
2831 935 2966 988 tales
3011 933 3203 986 morbo
3238 932 3417 1000 impo-

1841 1025 2010 1080 tentis
2039 1025 2287 1080 avaritite
2316 1041 2638 1095 aegrescere,
2676 1027 2845 1081 infert
2877 1044 2892 1081 :
2939 1045 2957 1077 ι
3006 1026 3115 1096 Ipsi
3152 1026 3220 1080 de
3256 1024 3414 1078 vani-

1839 1125 1949 1170 tate
1984 1117 2037 1171 in
2080 1117 2322 1186 idipsum
2355 1117 2529 1172 nolite
2579 1132 2822 1187 sperare,
2853 1119 2907 1172 in
2963 1118 3319 1186 iniquitatem
3360 1124 3417 1170 et

1839 1209 2087 1278 rapinam
2135 1209 2304 1263 nolite
2363 1209 2794 1278 concupiscere;
2834 1211 3043 1265 divitiae
3073 1210 3116 1263 si
3166 1209 3414 1270 aﬂluant,

1838 1302 2012 1356 nolite
2041 1317 2137 1355 cor
2168 1317 2450 1372 apponere
2485 1302 2550 1357 ‘°.
2596 1321 2613 1354 ι
2649 1302 2794 1368 Quin
2815 1303 2905 1357 lex
2930 1303 3048 1372 ipsa
3075 1303 3337 1371 jubet,ut
3361 1301 3415 1353 in

1841 1393 2145 1456 mensuris,
2173 1393 2240 1446 .in
2276 1392 2618 1462 ponderibus
2658 1403 2715 1446 et
2767 1394 2820 1447 in
2852 1395 3079 1448 stateris
3124 1395 3272 1464 justa
3307 1392 3420 1446 sint

1839 1483 2019 1538 vobis.
2050 1483 2219 1538 Addit
2252 1492 2309 1538 et
2341 1485 2476 1538 illud
2507 1502 2521 1538 :
2566 1504 2585 1535 ‹
2629 1485 2748 1538 Non
2805 1485 3108 1539 transferes
3153 1484 3421 1538 terminos

1841 1590 1981 1643 quos
2032 1584 2342 1644 posuerunt
2393 1583 2582 1644 patres
2614 1575 2693 1628 tui
2725 1576 2790 1628 “.
2826 1593 2844 1625 ι
2880 1573 2989 1629 Sed
3021 1583 3078 1628 et
3109 1573 3422 1643 Sophonias

1841 1665 2110 1735 propheta
2149 1683 2162 1718 :
2208 1683 2226 1716 ι
2257 1665 2537 1720 Judicium
2582 1666 2888 1734 operemini
2921 1676 2977 1720 et
3019 1665 3290 1736 justitiam
3327 1678 3421 1718 ex-

1844 1757 2052 1826 quirite
2081 1766 2143 1812 ut
2170 1758 2538 1828 protegamini
2568 1758 2622 1811 in
2653 1757 2744 1811 die
2771 1757 2868 1812 irae
2903 1756 3119 1811 Domini
3157 1757 3221 1808 η.
3259 1775 3277 1806 ι
3313 1754 3423 1809 Nec

1843 1865 2007 1904 secus
2062 1851 2369 1905 Ezechiel:
2421 1868 2438 1901 ι
2471 1849 2755 1905 Judicium
2806 1857 2862 1904 et
2912 1849 3190 1920 justitiam
3234 1846 3417 1901 facite.

1843 1941 2060 1996 Stalera
2097 1942 2269 2010 justa,
2295 1950 2350 1995 et
2397 1956 2658 1994 mensura
2707 1941 2876 2011 justa.
2909 1949 2966 1993 et
3009 1937 3233 1994 chmnix
3279 1937 3421 2007 justa

1841 2035 1950 2088 erit
1983 2033 2144 2087 vobis
2184 2033 2244 2082 ³³.
2290 2052 2306 2082 ι
2338 2031 2569 2086 Accedit
2599 2032 2688 2087 his
2721 2030 3114 2086 Parwmiastes
3157 2047 3170 2082 :
3205 2028 3422 2083 Statera

1843 2126 2032 2181 dolosa
2060 2124 2402 2180 abominatio
2429 2134 2514 2179 est
2543 2133 2672 2178 ante
2719 2123 3015 2177 Dominum
3036 2162 3049 2186 ,
3077 2120 3298 2191 pondus
3327 2135 3419 2172 an-

1845 2218 2182 2288 temjustum
2211 2217 2554 2286 acceptabile
2579 2223 2663 2270 est
2687 2215 2738 2269 ei
2773 2215 2836 2266 η.
2875 2235 2890 2265 ο
2924 2214 3131 2267 Iterum
3160 2229 3174 2264 ε
3201 2211 3425 2265 Pondns

1843 2327 2100 2382 magnum
2125 2317 2182 2365 et
2212 2324 2465 2380 parvum,
2495 2317 2550 2362 et
2574 2323 2846 2362 mensurae
2871 2305 3120 2376 duplices
3142 2303 3423 2357 immunda

1844 2417 1974 2464 sunt
2005 2423 2192 2464 coram
2244 2405 2515 2471 Domino;
2551 2413 2606 2458 et
2667 2412 2904 2472 utraque
2954 2403 3008 2454 in
3049 2399 3252 2454 studiis
3280 2398 3420 2451 irre—

1846 2501 2058 2556 tientur
2085 2499 2147 2552 "’.
2185 2517 2202 2549 ι
2239 2498 2402 2552 Forte
2451 2497 2568 2551 hzec
2606 2492 3046 2564 aliquammultis
3091 2490 3272 2544 videri
3320 2504 3422 2559 po-

1844 2600 2074 2648 tuerunt
2122 2591 2330 2644 nullius
2375 2603 2549 2659 prope
2597 2587 2886 2650 momenti,
2920 2593 2975 2639 et
3019 2583 3246 2652 indigna
3304 2597 3428 2651 qum

1846 2685 2242 2754 depromantur
2300 2681 2356 2735 in
2427 2695 2662 2735 aerem:
2719 2687 2774 2733 at
2819 2687 2970 2732 certe
3030 2675 3171 2731 nihil
3223 2674 3422 2727 horum

1848 2784 2056 2830 temere
2103 2773 2218 2827 sive
2255 2771 2609 2826 frustratorie
2672 2769 2969 2824 enuntiant
3015 2775 3110 2821 aut
3180 2763 3428 2835 produnt

1847 2864 2151 2933 Scripturae
2189 2861 2463 2916 divinitus
2495 2859 2800 2930 inspirata.
2837 2855 3051 2912 Cuncta
3072 2855 3220 2909 enim
3245 2854 3311 2909 ad
3335 2867 3423 2907 sa-

1846 2957 2017 3010 lutem
2047 2963 2314 3018 nostram,
2347 2961 2610 3007 aeternam
2639 2964 2861 3020 quoque
2893 2947 3193 3018 parandam
3223 2946 3421 3007 vitam,

1850 3047 2032 3102 sanxit
2064 3060 2221 3100 sacer
2251 3044 2344 3098 ille
2375 3060 2440 3098 ac
2463 3041 2790 3112 suppliciter
2811 3037 3130 3094 adorandus
3156 3036 3420 3106 Spiritus.

164 3138 312 3201 δοτε,
339 3140 432 3192 καὶ
477 3139 760 3209 δοθήσεται
814 3142 946 3212 ύμῖν
972 3156 984 3170 ·
1021 3144 1220 3215 μέτρον
1256 3146 1419 3199 καλὸν
1450 3147 1741 3199 ἐπιπεπιε-

1850 3137 2044 3206 Magno
2073 3135 2242 3204 igitur
2275 3133 2458 3187 studio
2491 3131 2750 3195 vitemus,
2790 3127 3128 3193 charissimi,
3160 3126 3424 3180 vitiosam

168 3230 392 3300 σμένον,
424 3231 519 3284 καὶ
572 3232 967 3304 σεσαλεύμενον
1008 3234 1271 3288 δώσουσιν
1310 3239 1388 3300 είς
1421 3239 1510 3292 τὸν
1543 3239 1743 3292 κόλπον

1845 3231 2093 3286 avaritiae
2122 3227 2495 3288 affectionem,
2526 3241 2648 3294 qua:
2675 3223 2992 3294 (erudiente
3015 3236 3118 3276 nos
3139 3219 3425 3290 Apostolol
3449 3253 3452 3255 λ
3523 3257 3535 3270 .

165 3323 348 3393 ὑμῶν.
391 3322 479 3394 Τῷ
538 3323 688 3395 αὐτῷ
741 3326 851 3395 γὰρ
895 3325 1079 3397 μέτρῳ
1111 3321 1154 3394 ᾧ
1195 3332 1444 3399 μετρεῖτε
1472 3369 1486 3392 ,
1521 3331 1745 3400 ἀντιμε-

163 3415 506 3486 τρηθήσεται
550 3418 697 3488 ὑμῖν.
737 3437 755 3469 ι
786 3419 1009 3489 Λύτῷή
1053 3418 1180 3484 δόξα
1220 3422 1300 3483 εἰς
1343 3420 1470 3483 τοὺς
1519 3421 1744 3485 αἰῶνας.

178 3508 239 3559 Ἀ
251 3509 379 3578 μήν.

1846 3322 2158 3379 secundum
2213 3316 2848 3385 idololatriam,primas
2895 3323 3062 3369 tenet.
3107 3334 3123 3365 ι
3165 3313 3323 3376 Datc,
3352 3313 3429 3365 ait

1842 3417 2113 3473 Dominus
2147 3415 2200 3467 in
2240 3410 2574 3480 Evangeliis,
2607 3419 2663 3464 et
2705 3407 2930 3464 dabitur
2966 3406 3168 3472 vobis;
3200 3421 3427 3459 mensu-

1843 3525 1959 3564 ram
1981 3508 2204 3568 bonam,
2231 3503 2557 3573 coagitatam
2609 3501 2822 3555 dabunt
2845 3499 2900 3553 in
2922 3499 3104 3553 sinum
3135 3505 3382 3552 vestrum
3412 3515 3425 3549 :

162 3599 369 3654 eadem
404 3596 552 3652 enim
590 3613 851 3653 mensura
883 3615 992 3668 qua
1039 3599 1215 3654 mensi
1267 3599 1508 3666 fueritis,
1577 3603 1902 3659 remetietur
1950 3597 2112 3653 vobis
2175 3595 2237 3647 “.
2281 3614 2298 3646 ι
2333 3593 2438 3664 Ipsi
2473 3593 2645 3663 gloria
2695 3591 2750 3645 in
2817 3591 3017 3645 saecula
3076 3590 3427 3644 saeculorum.

166 3696 376 3748 Amen.
881 3727 884 3730 -

768 3781 989 3835 ΛΟΓΟΣ
1025 3783 1146 3836 OZ'.

699 3871 839 3937 Περὶ
872 3871 1215 3939 μετανοίας.

253 3980 346 4044 Ὠς
377 3980 604 4045 γλυκεῖά
632 3981 1029 4051 ἐσιιν,άδελφοί
1063 3999 1185 4053 μου,
1217 3984 1250 4052 ἡ
1270 3983 1531 4053 μετάνοια
1550 4002 1565 4016 ο
1594 3985 1748 4039 οὐδὲν

161 4075 364 4144 ἕτερον
422 4072 538 4126 ἀλλ’
591 4072 625 4143 ἢ
685 4073 1036 4145 φάρμακονί
1081 4075 1246 4146 ζωῆς.
1299 4077 1551 4131 Μάλιστα
1602 4079 1683 4132 ὃτι
1721 4079 1749 4132 6

162 4169 384 4237 γλυκὺς
440 4166 718 4237 Δεσπότης
780 4167 957 4237 ἡμῶν,
1000 4167 1399 4238 ἀμνησίκακος,
1454 4169 1750 4238 ἀγαθὸς,ὁ

161 4257 497 4329 οἰκτίρμων,
530 4259 558 4312 ὁ
586 4258 989 4329 φιλάνθρωπος,
1017 4261 1044 4313 6
1067 4260 1383 4330 φιλόψυχος,
1419 4262 1446 4313 6
1485 4261 1753 4329 φιλόπτω-

2201 3777 2416 3850 1144
2468 3775 2756 3832 HOMILIA
2816 3774 3072 3829 Lxxvn.

2414 3869 2488 3922 De
2529 3868 2860 3940 pwm’tentia.

1915 3984 2191 4052 Quantum
2223 3984 2277 4038 in
2300 4000 2359 4038 se
2394 3983 2561 4038 habet
2585 3982 2855 4052 dulcoris,
2877 3983 3073 4038 fratres
3095 3980 3227 4045 mei,
3249 3978 3432 4050 pceni-

1850 4077 2044 4142 tentia,
2075 4092 2240 4147 quam
2263 4085 2348 4130 est
2371 4076 2558 4130 suavis
2585 4077 2598 4129 l
2642 4076 2804 4130 Aliud
2838 4063 3239 4146 prorsus'nihil
3264 4086 3434 4141 quam

1849 4170 2158 4227 sarciendae
2199 4169 2326 4224 vita:
2371 4169 2614 4224 salutare
2647 4170 3035 4240 pharmacum,
3071 4173 3134 4220 ut
3162 4180 3230 4220 eo
3261 4162 3441 4218 ωειχί-

1847 4280 1956 4329 mc,
1987 4263 2116 4333 quia
2149 4260 2337 4317 suavis
2378 4269 2464 4316 est
2500 4261 2770 4316 Dominus
2815 4269 3036 4322 noster,
3075 4257 3218 4312 male
3269 4251 3437 4309 nobis

161 4369 293 4424 χος,
324 4352 352 4404 6
406 4350 658 4420 κηδεμὼν
691 4351 790 4420 τῆς
843 4351 1119 4422 σωτηρίας
1158 4353 1338 4423 ήμῶν,
1375 4353 1462 4406 ἀεὶ
1493 4351 1625 4424 διψᾷ
1651 4353 1752 4424 τὴν

164 4443 468 4514 μετάνοιαν
504 4441 680 4512 ἡμῶν.
712 4441 1077 4512 Εύφραίνεται
1117 4443 1226 4514 γάρ
1265 4443 1358 4496 ἐπὶ
1380 4447 1492 4508 τοῖς
1517 4444 1751 4514 δάκρυσι

1849 4357 2276 4413 commissorum
2306 4355 2469 4410 facile
2519 4355 2834 4418 immemor,
2867 4354 3144 4424 benignus
3164 4391 3178 4414 ,
3207 4350 3436 4404 misera--

1849 4458 1962 4512 tor,
1999 4446 2229 4501 humani
2283 4446 2524 4516 generis,
2585 4446 2699 4500 imo
2754 4447 3068 4500 animarum
3113 4452 3432 4496 nostrarum

159 4536 285 4590 τῶν
318 4533 724 4605 μετανοούντων
743 4573 757 4599 ,
795 4533 1086 4602 ἀγάλλεται
1116 4534 1210 4587 ἐπὶ
1243 4537 1309 4606 τῇ
1334 4535 1744 4606 ἐξομολογήσει,

1858 4539 2293 4603 amantissimus,
2321 4538 2501 4593 modis
2532 4539 2792 4593 onmibus
2834 4536 3186 4608 prospiciens
3235 4541 3446 4587 nostrae

159 4628 358 4701 χαίρει
419 4626 512 4679 ἐπὶ
568 4629 635 4698 τῇ
682 4627 1118 4699 συντετριμμένῃ
1159 4625 1256 4680 καὶ
1299 4626 1745 4698 τεταπεινωμένῃ

1847 4633 2098 4688 omnium
2143 4631 2326 4686 saluti.
2350 4631 2454 4686 Hic
2491 4631 2615 4685 talis
2656 4629 2796 4684 nihil
2836 4639 2947 4684 tam
2991 4628 3110 4682 sitit
3153 4641 3320 4695 quam
3357 4633 3422 4677 ut

166 4717 402 4789 καρδίᾳ,
432 4717 522 4771 καὶ
554 4718 693 4789 μετὰ
720 4716 1100 4787 μακροθυμίας
1129 4717 1336 4787 πολλῆς
1356 4718 1620 4788 ἀναμένει
1650 4717 1747 4788 τὴν

1848 4725 2264 4796 resipiscamus,
2292 4740 2504 4794 nosque
2541 4725 2807 4793 preniteat
2847 4723 2977 4777 vita:
3008 4719 3246 4790 turpiter
3277 4728 3436 4772 actae.

163 4810 520 4880 ἐπιστροφὴν
567 4809 746 4879 ἡμῶν,
784 4809 879 4860 καὶ
915 4809 1014 4862 οὐκ
1060 4809 1346 4862 ἀπολείπει
1377 4809 1482 4873 ἕως
1512 4810 1750 4879 ἐσχάτης

1847 4812 2026 4882 Super
2047 4812 2306 4883 lacrymis
2335 4828 2394 4867 se
2429 4813 2843 4882 recipientium,
2881 4811 2950 4866 ad
2990 4811 3277 4866 meliorem
3309 4807 3444 4860 vita:

162 4899 456 4969 ἀναπνοῆς
483 4914 499 4930 ο
539 4897 720 4972 [ποθεῖ
749 4897 920 4951 πολλὰ
963 4899 1064 4969 τὴν
1102 4899 1390 4968 μετάνοιαν
1421 4899 1577 4970 ἡμῶν
1606 4940 1620 4964 ,
1655 4900 1751 4953 καὶ

1847 4904 2061 4976 frugem
2097 4905 2236 4958 mire
2272 4904 2491 4958 laetatur
2532 4914 2589 4957 et
2632 4904 3011 4959 cxhilarescit.
3040 4901 3296 4956 Exsultat
3340 4913 3436 4953 su-

163 4995 256 5056 ὠς
290 4992 381 5045 τὸν
443 4993 854 5062 μετανοήσαντα
884 4991 1093 5046 ἄσωτον
1125 4991 1238 5044 υἱὸν
1267 4991 1480 5062 δέχεται
1515 4992 1610 5044 καὶ
1647 5009 1752 5044 κα-

1861 5012 1959 5066 per
1987 4996 2332 5051 confessione
2364 4995 2660 5065 pmnitenti
2679 5013 2766 5051 um
2795 5012 2963 5066 super
2995 4994 3243 5049 contrito
3264 4991 3439 5047 corde

157 5083 449 5156 ταφιλείο]
487 5085 820 5154 παρακαλῶν
848 5085 941 5139 καὶ
971 5085 1418 5156 προτρεπόμενος
1471 5085 1568 5138 ἕνα
1617 5085 1748 5138 ’ἑκα-

1861 5100 1917 5143 et
1965 5090 2255 5144 humiliato
2295 5087 2611 5142 incredibili
2651 5087 2852 5159 gaudio
2881 5086 3256 5159 perfunditur.
3293 5084 3438 5153 Quin

163 5191 303 5227 στον
333 5172 490 5243 ἡμῶν
520 5173 660 5244 μετὰ
689 5173 887 5243 μυρίας
923 5174 1354 5245 ἁθεμιτουργίας
1384 5174 1479 5227 καὶ
1515 5173 1753 5227 διαϐολι-

1863 5180 2199 5250 nimisquam
2239 5179 2635 5252 longanimiter
2679 5190 2923 5236 nostram
2976 5179 3230 5250 cperitur
3297 5193 3434 5232 con-

163 5266 279 5327 κὰς
304 5262 531 5334 πράξεις
568 5264 704 5336 πρὸς
726 5265 889 5318 αὐτὸν
922 5265 1248 5337 ἐπιστρέψαι
1270 5280 1286 5296 ·
1326 5266 1510 5331 καθὼς
1538 5266 1636 5338 βοᾷ
1665 5265 1754 5320 διὰ

1861 5269 2198 5336 versionem,
2235 5286 2339 5325 nec
2367 5271 2587 5324 interim
2615 5270 2978 5340 conquiescit,
3013 5269 3082 5324 ad
3115 5283 3440 5339 supremum

248 5425 272 5456 ⁸
302 5424 469 5479 Amos
506 5442 560 5491 v,
594 5425 678 5479 lO.
783 5426 804 5456 "
837 5427 1002 5480 Amos
1031 5442 1143 5488 vru,
1173 5425 1225 5478 5.
1327 5426 1348 5458 ⁸
1376 5427 1540 5481 Mich.
1582 5445 1653 5493 vt,
1716 5430 1764 5484 ll

1877 5433 1897 5463 ’
1927 5431 2070 5485 Psal.
2106 5446 2210 5492 LXI,
2264 5429 2349 5484 l0.
2470 5431 2514 5462 ¹⁰
2541 5429 2676 5484 ibid.
2711 5428 2795 5483 ll.
2913 5429 2957 5460 ¹¹
2987 5428 3159 5482 Exod.
3203 5442 3314 5483 xIx,
3342 5423 3433 5476 ΕΗ.

169 5497 218 5527 ¹¹
257 5495 505 5565 Sophon.
539 5512 596 5560 ιι,
623 5496 677 5550 5.
756 5496 800 5528 "
831 5497 1032 5551 Ezech.
1093 5512 1179 5560 VL,
1212 5495 1264 5562 9,
1300 5497 1386 5551 10.
1470 5498 1512 5529 “
1548 5499 1710 5554 Prov.
1739 5518 1764 5555 ιι

1850 5501 1902 5554 l.
1984 5502 2026 5532 ”
2057 5502 2219 5555 Prov.
2249 5517 2344 5564 xx,
2382 5500 2468 5555 10.
2550 5502 2615 5555 ¹⁶.
2641 5499 2758 5554 Luc
2796 5515 2870 5557 v1.
2900 5500 2987 5554 58.

1441 5608 1678 5665 νΑῐιιίΕ
1708 5611 2116 5668 LECTIONES.

256 5731 271 5770 i
304 5727 618 5807 Φάρμακον,
666 5725 836 5807 dictio
875 5723 1086 5780 medica
1109 5734 1212 5807 est,
1251 5733 1309 5807 ut
1361 5726 2116 5807 probatur,__Del_ver_borum
2166 5726 2415 5807 signific-
2455 5729 2492 5783 Ι.
2547 5727 2672 5807 259:,
2706 5726 2850 5807 ear-4
2913 5724 3186 5807 Odyssea}.
3224 5721 3324 5780 llic
3380 5722 3435 5778 in

167 5796 615 5867 bonampartem
654 5796 893 5852 sumitur
921 5810 1021 5865 pro
1055 5796 1304 5853 antidoto
1330 5796 1444 5852 sive
1482 5797 1742 5853 remedio.
1783 5797 1884 5869 (Ex
1908 5797 2067 5852 Dion.
2090 5796 2289 5869 Areop.
2311 5800 2482 5871 Epist.
2514 5800 2583 5853 ad
2611 5796 2975 5868 Damt/reum.)
