3868 6518
453 337 587 402 1659

1716 337 2079 397 ANTIOCHI
2123 338 2465 399 MONACIII

3561 338 3671 403 16ξο

444 463 619 516 usque
653 447 778 501 vita:
817 455 1020 501 nostra:
1071 446 1304 500 halitum
1351 446 1654 507 sustinens,
1692 462 1756 499 ac
1781 446 2005 501 demum

2129 452 2199 505 ,οὗ
2228 453 2509 523 προφήτου
2550 451 2741 518 λέγων’
2773 450 2929 504 Μετὰ
2982 449 3158 503 ταῦτα
3218 449 3398 502 πάντα
3451 451 3578 519 πρός
3614 470 3668 519 με

368 578 391 617 »κ
443 546 569 608 post
608 546 687 593 tot
718 539 952 593 aliorum
988 537 1337 591 infandorum
1377 537 1674 591 criminum
1710 537 2007 608 myriades,

444 641 568 701 post
604 639 685 685 tot
708 630 911 701 ﬂagitia
942 644 1065 699 quae
1093 629 1377 682 incentorc
1411 627 1635 681 diabolo
1687 627 1791 696 ipsi
1833 627 2011 697 gessi-

444 740 587 787 mus,
623 722 863 776 invitans
891 730 947 775 et
993 720 1291 774 exhortans
1333 718 1399 773 ad
1446 719 1631 788 ipsum
1681 726 1741 773 ut
1776 734 2013 773 conver—

446 824 631 867 tamur
654 855 668 878 ,
700 810 1161 882 quemadmodum
1214 825 1352 863 voce
1382 810 1583 863 clamat
1642 810 1965 879 prophetica
1998 828 2009 861 :

446 908 514 962 Et
544 922 667 960 cum
701 906 817 959 haec
841 905 1025 958 omnia
1058 903 1279 967 feceris,
1306 902 1392 955 vel
1440 918 1567 956 sero
1598 902 1663 955 ad
1695 917 1781 955 me
1833 917 2015 956 rever—

448 1008 584 1054 tere.
613 997 768 1052 Addo
799 1039 810 1062 ,
840 996 1006 1050 nobis
1057 996 1218 1065 longe
1270 992 1561 1063 disjunctis
1611 993 1759 1045 ultro
1815 991 2016 1045 obvius

445 1090 714 1155 occurrit,
744 1086 1220 1156 circumplectitur
1242 1093 1301 1138 et
1334 1083 1588 1153 astringit
1615 1100 1629 1148 ;
1672 1092 1863 1151 totque
1894 1082 2011 1151 piav

447 1184 701 1239 culorum
726 1181 873 1235 notis
901 1178 1338 1241 interstinctum,
1358 1184 1436 1230 tot
1461 1190 1743 1244 aSpersum
1772 1174 2013 1244 probris,

449 1284 503 1329 et
528 1274 799 1329 cervicem
831 1287 1007 1341 usque
1039 1271 1189 1324 nulla
1221 1285 1329 1323 non
1365 1276 1523 1338 parte
1558 1268 1818 1322 sordibus
1848 1283 2017 1337 squa-

450 1364 652 1419 lentem
678 1364 936 1433 dignatur
963 1360 1390 1429 bcnignissimus
1421 1358 1573 1413 suavi
1597 1359 1787 1412 osculo
1824 1374 1837 1423 ;
1862 1374 1923 1411 ac
1950 1373 2017 1412 nc

446 1469 571 1509 cum
605 1451 875 1523 ejusmodi
898 1449 1120 1519 quidem
1151 1448 1219 1502 de
1244 1455 1475 1501 eatenus
1508 1446 1815 1500 commissis
1845 1461 2017 1513 expo-

447 1546 633 1608 stulat,
667 1544 841 1613 magis
874 1552 1059 1596 autem
1095 1539 1427 1593 felicissima:
1458 1538 1605 1591 illius
1651 1538 1780 1590 vita:
1835 1537 2017 1591 futura

448 1636 589 1688 bona
618 1650 675 1688 se
710 1633 969 1686 daturum
1000 1630 1291 1700 pollicetur
1320 1647 1332 1681 :
1359 1638 1526 1698 atque
1554 1636 1613 1681 ut
1640 1636 1724 1682 est
1750 1643 2017 1695 perquam

448 1727 708 1789 clemens,
750 1721 1229 1792 indulgentissime
1280 1736 1391 1773 non
1443 1720 1623 1774 solum
1679 1719 1865 1788 priora
1922 1719 2018 1772 de-

449 1816 711 1883 Iicta,sed
740 1824 797 1869 et
828 1814 988 1868 nobis
1012 1822 1283 1883 praerogat
1307 1811 1532 1864 arrham
1564 1810 1692 1864 vita:
1719 1818 2014 1873 secuturaz,

450 1910 709 1963 nimirum
742 1907 975 1978 gratiam
1016 1905 1257 1975 Spiritus
1283 1904 1481 1967 sancti,
1511 1902 1821 1970 stolamque
1863 1901 2021 1956 exhi-

448 2003 541 2055 bet
576 2000 895 2070 primariam
936 1998 1085 2051 illam
1125 1994 1566 2065 incorruptionis
1602 1995 1667 2057 ‘7,
1709 2010 1873 2063 quam
1914 1994 2017 2063 ipsi

446 2091 761 2159 accepimus
810 2088 1050 2158 primum
1107 2085 1416 2156 regenerati
1455 2084 1581 2139 facti
1642 2084 1786 2137 unda
1843 2083 2020 2152 bapti-

449 2183 664 2243 smatis.
705 2182 803 2236 sed
842 2180 1035 2235 eadem
1082 2195 1180 2249 per
1224 2187 1512 2247 peccatum
1550 2177 1752 2230 misere
1799 2190 2020 2230 eramus

447 2274 684 2344 Spoliati.
717 2272 867 2327 llanc
900 2273 1075 2342 ipsam
1104 2270 1264 2324 nobis
1293 2268 1589 2323 sinceriter
1613 2268 2016 2338 pmnitentibus

448 2382 513 2422 ac
548 2374 665 2421 toto
694 2376 920 2435 pectore
952 2363 1020 2417 ad
1061 2378 1186 2417 eum
1243 2361 1529 2415 conversis
1579 2358 1817 2430 gratuito
1852 2359 2019 2413 donat

449 2458 574 2527 pius
628 2456 709 2512 Ad
768 2457 903 2518 hzec,
946 2455 1092 2509 diem
1144 2453 1341 2507 indicit
1396 2452 1625 2522 transigi
1678 2452 1915 2515 festum,
1953 2466 2020 2505 eo

450 2549 638 2603 beatas
709 2546 829 2600 illas
885 2560 948 2599 ac
1001 2543 1105 2598 sibi
1168 2557 1431 2613 perquam
1498 2541 1692 2595 charas
1763 2540 2017 2605 virtutes,

450 2648 732 2694 ostentans
775 2635 1209 2708 gratulabundus
1239 2650 1404 2705 quam
1453 2634 1662 2688 invenit
1703 2633 2021 2687 drachmam

452 2731 735 2791 (nimirum
761 2728 952 2784 aeterni
983 2728 1147 2797 Regis
1179 2726 1519 2797 imaginem),
1539 2740 1808 2795 ovcmque
1834 2724 2028 2780 errati-

452 2840 573 2880 cam
606 2822 921 2892 imprsilam
965 2820 1213 2874 humeris
1254 2819 1543 2889 gestitans,
1580 2818 1648 2873 ad
1705 2817 1791 2872 sui
1849 2818 2026 2873 Patris

454 2915 665 2969 inducit
694 2922 1070 2982 conspectum,
1105 2912 1197 2966 ubi
1228 2912 1533 2966 laetantium
1566 2910 1811 2964 omnium
1860 2911 2021 2965 habi-

454 3007 587 3062 tatio
615 3007 671 3060 in
697 3006 812 3075 ipso
840 3013 945 3067 est,
968 3004 1207 3058 animam
1239 3004 1400 3058 istius
1435 3018 1598 3072 supra
1631 3018 1823 3057 omnes
1850 3003 2017 3069 locat,

2052 1780 2174 1838 Bv‘

2116 544 2473 614 ἀνάστρεψον.
2536 542 2646 595 Καὶ
2722 542 2801 595 ἔτι
2868 542 3085 611 μακρὰν
3164 539 3319 609 ἡμῶν
3383 540 3671 607 ἀπεχόντων

2115 632 2465 705 προστρέχει,
2498 632 2592 685 καὶ⁵
2654 630 2945 697 καταφιλεί
2992 628 3087 681 καὶ
3154 626 3566 696 καταλαμϐάνει
3601 631 3671 678 τὴν

2115 722 2475 777 κατάστικτον
2506 721 2598 773 καὶ
2630 719 2997 790 κηλιδωμένον
3046 720 3140 771 καὶ
3169 718 3513 787 όλορὺπαρον
3544 720 3673 786 ἡμῶν

2115 816 2387 887 τράχηλον
2416 831 2428 843 ·
2466 814 2563 867 xai.
2624 813 2725 866 οὐκ
2772 811 2998 878 ἐγκαλεῖ
3049 811 3180 879 περὶ
3225 809 3335 863 τῶν
3391 810 3672 881 προύρων,

2117 906 2230 961 ἀλλ’
2262 905 2657 975 ἐπαγγέλλεται
2681 904 2749 957 τά
2780 904 3047 973 μέλλοντα
3076 920 3091 935 ·
3123 902 3223 955 καὶ
3252 901 3326 964 ὡς
3350 902 3674 970 ὖπεράγαθις

2117 997 2177 1049 οὐ
2238 996 2400 1064 μόνον
2462 997 2734 1065 συγχωρεῖ
2791 994 2892 1057 τὰς
2945 993 3245 1063 ἁμαρτίας,
3280 994 3425 1046 ἀλλὰ
3475 996 3568 1047 καὶ
3597 998 3671 1046 τὸν

2119 1090 2415 1161 ἀρραϐῶνα
2474 1089 2572 1157 τῆς
2618 1086 2766 1156 ζωῆς
2794 1087 3048 1157 παρέχει,
3086 1086 3186 1155 τὴν
3214 1088 3375 1155 χάριν
3410 1084 3510 1137 τοῦ
3543 1087 3672 1150 ἁγίου

2119 1180 2259 1233 Πνεύ
2271 1197 2461 1250 ματος,
2488 1178 2584 1232 xa‘t
2608 1179 2707 1249 τὴν
2730 1177 2959 1249 πρώτην
2992 1178 3190 1246 στολὴν
3235 1178 3332 1246 τῆς
3372 1177 3673 1239 ἀθανασίας,

2120 1272 2215 1325 xai.
2266 1270 2367 1339 τῆς
2416 1269 2746 1341 ἀφθαρσίας,
2777 1270 2843 1340 ἦν
2893 1268 3225 1338 ὲνεδύθημεν
3272 1268 3359 1320 διὰ
3396 1267 3493 1320 τοῦ
3544 1270 3675 1334 ἁγίου

2122 1362 2528 1435 βαπτίσματος,
2559 1364 2654 1415 καὶ
2686 1361 3081 1430 ἀπεδυσάμεθα
3109 1360 3197 1413 διὰ
3229 1360 3329 1428 τῆς
3360 1360 3632 1429 ἁμαρτίας
3662 1376 3673 1388 ο

2120 1450 2275 1515 αὖθις
2322 1452 2631 1522 εἰλικρινῶς
2685 1453 2843 1521 ἡμῶν
2889 1451 3294 1520 μετανοούντων
3325 1452 3429 1503 καὶ
3468 1451 3678 1519 61mp-

2119 1545 2246 1607 δίως
2296 1544 2738 1613 ἐπιστρεφόντων
2788 1542 2947 1613 ἡμῶν
2994 1543 3133 1613 πρὸς
3184 1542 3365 1605 αὑτὸν,
3410 1541 3679 1611 χαρίζεται

2120 1636 2251 1705 ἡμῖν
2277 1633 2368 1687 καὶ
2399 1633 2592 1703 ἑορτὴν
2626 1634 2773 1701 ἀγει,
2806 1633 2900 1685 καὶ
2930 1632 3196 1700 συγκαλεῖ
3220 1632 3318 1693 τὰς
3352 1633 3524 1698 φίλας
3550 1630 3678 1698 αὖτῷ

2125 1729 2283 1795 ἁγίας
2317 1727 2599 1795 δυνάμεις,
2624 1725 2930 1786 ἐπιδεικνὺς
2966 1725 3148 1786 αὐτοῖς
3179 1724 3276 1792 τὴν
3312 1723 3568 1792 δραχμὴν
3626 1723 3677 1788 ἦν

2119 1814 2278 1889 εὗρε,
2340 1818 2585 1871 τουτέστι
2642 1816 2740 1888 τὴν
2799 1815 3082 1886 βασιλικὴν
3139 1816 3325 1867 εἰκόνα
3383 1812 3553 1867 αὐτοῦ
3603 1818 3680 1864 καὶ

2118 1910 2483 1978 καθομοίωσιν
2507 1926 2518 1940 ’
2554 1909 2647 1963 καὶ
2698 1910 2784 1961 ἐπ’
2814 1908 2979 1977 ὤμων
3013 1908 3197 1977 φέρων
3248 1907 3310 1959 τὸ
3339 1905 3679 1975 πλανώμενον

2118 2003 2388 2074 πρόϐατον
2441 2002 2653 2069 εἰσάγει
2713 1999 2851 2069 πρὸς
2894 1999 2985 2051 τὸν
3058 1999 3190 2051 ἴδιον
3242 1998 3472 2067 Πατέρα
3506 2013 3519 2025 ·
3572 1996 3681 2048 ἕνθι

2118 2094 2559 2167 εὐφραινομένων
2587 2092 2857 2161 πάντωνῆ
2893 2091 3143 2144 κατοικία
3179 2092 3238 2141 ἐν
3270 2089 3445 2158 αὐτῷ,
3483 2090 3573 2142 καὶ
3600 2090 3681 2155 τὴν

2117 2187 2294 2256 ψυχὴν
2332 2184 2497 2238 αὐτοῦ
2542 2184 2755 2253 τίθησιν
2792 2182 2933 2253 ὑπὲρ
2980 2183 3089 2236 τῶν
3137 2183 3558 2249 ἀποφυγόντων,
3592 2182 3683 2233 Καὶ

2122 2279 2377 2342 πολλάκις
2402 2278 2498 2331 καὶ
2532 2276 2656 2344 εἰκῆ
2693 2274 3033 2343 κατεγκαλού
3046 2291 3208 2345 μενος
3242 2275 3372 2343 παρ’
3413 2272 3574 2342 ἡμῶν
3602 2289 3685 2340 μα-

2121 2371 2385 2441 κροθυμεῖ
2413 2370 2506 2424 καὶ
2532 2369 2803 2439 ἀνέχεται.
2835 2368 2965 2439 [Καὶ
2982 2368 3162 2438 χαίρει
3185 2368 3279 2419 ἐπὶ
3300 2370 3366 2435 τῇ
3397 2368 3684 2432 ἐπιστροφῇ

2121 2464 2215 2516 καὶ
2269 2461 2526 2531 μετανοίᾳ
2584 2459 2793 2530 ήμῶν.1
2838 2461 3095 2529 Ἔχοντες
3117 2453 3232 2520 οὖν,
3254 2455 3505 2522 ἀδελφοὶ,
3533 2451 3685 2505 τοιοῦ-

2121 2570 2212 2607 τον
2240 2552 2610 2621 εὔσπλαγχνον
2640 2550 2938 2620 Δεσπότην,
2977 2549 3050 2619 μὴ
3073 2550 3405 2621 όκνήσωμενᾼ
3436 2543 3687 2612 ἀποστρέ-

2124 2645 2221 2714 qm
2256 2644 2390 2714 πρὸς
2418 2619 2583 2697 αὐτὸν
2628 2619 2938 2713 συντόμως,
2972 2642 3105 2711 μηδὲ
3159 2619 3446 2711 βάλλωμέν
3482 2637 3689 2693 ἑαυτοὺς

2124 2736 2204 2798 εἰς
2243 2733 2537 2805 ρᾳθυμίαν,
2567 2732 2663 2787 καὶ
2710 2732 3019 2801 ἀπόγνωσιν
3050 2732 3139 2784 διὰ
3168 2732 3236 2783 τὰ
3279 2728 3584 2783 ἀνύποιστα
3608 2727 3691 2778 καὶ

2123 2824 2474 2895 ἀναρίθμητα
2521 2824 2678 2894 ἡμῶν
2724 2824 3099 2894 ἁμαρτήματα
3147 2820 3297 2890 Αὕτη
3337 2819 3452 2888 γάρ
3494 2819 3638 2870 ἐστιν
3665 2819 3690 2881 ἡ

2122 2914 2301 2968 τελεία
2328 2913 2473 2986 χαρὰ
2512 2914 2605 2967 τοῦ
2638 2913 2879 2966 διαϐόλου
2912 2929 2929 2945 ·
2960 2912 3101 2983 αὕτη
3163 2910 3310 2963 ἐστὶν
3344 2911 3377 2979 ἡ
3430 2909 3569 2978 πρὸς
3608 2908 3693 2959 θά-

2123 3022 2280 3058 νατον
2300 3004 2561 3075 ἁμαρτία,
2585 3005 2650 3075 ἢν
2670 3004 2816 3072 λέγει
2837 3005 2869 3074 ἡ
2895 3003 3107 3074 Γραφή.

453 3099 547 3168 qui
573 3108 734 3153 atam
767 3098 1021 3152 clementi
1046 3098 1207 3151 Patre
1233 3096 1472 3151 ultronci
1506 3096 1847 3151 resiliuntac
1870 3097 2156 3153 secedunt.
2220 3099 2328 3153 Sed
2395 3108 2451 3154 et
2489 3099 2650 3153 nobis
2708 3099 2944 3153 subinde
3005 3113 3067 3152 ac
3109 3107 3321 3153 temere
3349 3090 3697 3164 dequerenti-

457 3191 561 3244 bus
595 3205 659 3243 ac
704 3204 888 3243 secum
936 3189 1434 3257 expostulantibus,
1472 3204 1583 3242 non
1618 3203 1745 3241 raro
1795 3189 2029 3243 sustinet
2067 3205 2131 3243 ac
2179 3190 2389 3260 perfert
2433 3191 2782 3261 longanimis.
2852 3190 3061 3259 Itaque,
3097 3188 3318 3249 fratres,
3355 3186 3522 3240 talem
3583 3198 3696 3237 cum

456 3280 758 3335 habeamus
788 3288 842 3334 et
867 3280 946 3334 sic
979 3279 1392 3334 misericordem
1421 3280 1735 3344 Dominum,
1760 3296 1828 3335 ne
1853 3289 2179 3336 cunetemur
2235 3283 2305 3337 ad
2359 3299 2485 3338 eum
2547 3283 2817 3346 converti,
2854 3298 2960 3349 neu
3017 3279 3494 3336 intolerandorum
3528 3293 3589 3330 ac
3614 3278 3691 3329 in-

455 3371 882 3427 numerabilium
917 3386 1070 3425 more
1119 3372 1369 3426 exterriti
1437 3379 1788 3441 peccatorum
1830 3387 1930 3425 nos
1976 3372 2124 3442 ipsos
2162 3374 2429 3429 dcdamus
2493 3376 2781 3439 socordiae,
2854 3384 2947 3429 aut
3013 3374 3066 3428 in
3116 3374 3375 3444 abyssum
3427 3370 3699 3441 pertruda-

453 3481 575 3521 mus
641 3461 1060 3533 desperationis.
1099 3462 1308 3533 1145
1332 3463 1469 3515 Dum
1494 3463 1641 3516 enim
1663 3463 2017 3518 lentescimus
2042 3473 2097 3518 et
2138 3475 2466 3523 cunctamur
2489 3467 2761 3535 converti,
2791 3467 3008 3537 plenum
3040 3482 3298 3537 paramus
3328 3466 3551 3521 diabolo
3573 3480 3695 3535 gau-

455 3560 649 3623 dium;
690 3556 1004 3628 desperatio
1063 3564 1245 3609 autem
1306 3563 1454 3608 recta
1517 3554 1587 3608 ad
1643 3566 1877 3611 mortem
1931 3557 2176 3614 deducit.

523 3654 865 3710 Accedamus
906 3650 1131 3706 interim
1161 3649 1228 3703 ad
1264 3650 1673 3718 pmnitentiam,
1707 3668 1827 3720 qua:
1854 3653 2026 3706 nostri

2206 3655 2603 3726 Προσὲλθωμεν
2664 3649 2758 3709 οὖν
2789 3656 2860 3725 τῇ
2916 3654 3195 3725 μετανοίᾳ,
3244 3651 3343 3706 καὶ
3384 3650 3525 3719 αὕτη
3573 3666 3695 3720 πρε-

457 3761 623 3802 causa
671 3745 817 3815 apud
892 3746 1063 3799 Deum
1111 3744 1272 3812 plena
1327 3741 1583 3811 fungatur
1642 3742 1914 3813 legatione
1973 3760 2037 3799 ac

458 3846 739 3908 precetur.
774 3836 885 3889 Nos
916 3850 1136 3904 quoque
1171 3848 1295 3888 cum
1336 3831 1573 3888 Jeremia
1608 3835 1879 3905 propheta
1927 3836 2037 3890 cla—

460 3945 673 3985 memus
726 3943 862 3984 voce
919 3934 1174 3981 exserta:
1206 3946 1223 3978 ι
1262 3926 1397 3993 Quia
1445 3937 1665 3997 peccata
1707 3939 1893 3984 nostra
1923 3929 2038 3999 ipsa

460 4025 783 4081 restiterunt
830 4023 988 4078 nobis
1018 4064 1031 4087 ,
1057 4032 1113 4076 et
1155 4023 1285 4091 quia
1332 4022 1518 4077 multae
1561 4023 2040 4093 prmvaricationes

460 4124 661 4171 nostrze
719 4130 905 4169 coram
951 4124 1024 4178 te,
1069 4113 1296 4167 Domine
1327 4129 1341 4177 ;
1370 4113 1465 4167 sed
1500 4113 1585 4167 fac
1620 4114 1904 4167 nobiscum
1938 4130 2039 4183 pro

459 4207 628 4277 gloria
701 4206 939 4261 nominis
1011 4205 1090 4258 tui
1117 4205 1179 4257 ¹⁸.
1212 4205 1323 4258 Et:
1371 4223 1388 4254 ι
1446 4204 1526 4257 Tu
1583 4204 1637 4257 in
1707 4205 1866 4259 nobis
1934 4220 2038 4269 es,

464 4299 712 4361 Domine,
748 4305 803 4352 et
829 4312 1029 4351 nomen
1105 4305 1355 4349 sanctum
1406 4302 1560 4347 tuum
1604 4295 1920 4349 invocatum
1959 4306 2042 4351 est

461 4402 629 4455 super
692 4402 792 4441 nos
818 4388 879 4439 ".
928 4406 946 4437 ι
1001 4386 1068 4439 Ει
1149 4400 1273 4437 cum
1351 4384 1572 4438 Michaea
1639 4388 2037 4455 opploremus:

468 4497 485 4529 ι
526 4477 667 4531 Iram
714 4476 930 4530 Domini
988 4474 1242 4544 portabo,
1282 4474 1542 4543 quoniam
1572 4476 1796 4543 peccavi
1826 4476 1877 4529 ei
1906 4478 1973 4530 ³ο.
2016 4496 2034 4529 ι

461 4570 598 4624 Cum
659 4569 871 4623 David:
910 4586 927 4618 ι
971 4566 1238 4621 Delictum
1311 4582 1495 4620 meum
1584 4569 1866 4637 cognitum
1938 4569 2040 4623 tibi

465 4656 588 4726 feci,
632 4669 689 4714 et
737 4668 1019 4730 peccatum
1066 4675 1247 4713 meum
1313 4674 1424 4711 non
1485 4659 1840 4714 abscondi“.
1875 4679 1892 4711 ›
1930 4660 2039 4715 Sed

465 4750 721 4805 rcvelabo
762 4769 780 4802 ι
826 4751 893 4804 Et
926 4749 1235 4805 confitebor
1258 4748 1555 4803 adversum
1589 4765 1674 4803 me
1703 4750 2036 4820 injustitiam

468 4857 642 4894 meam
671 4841 927 4906 Domino,
954 4850 1010 4895 et
1046 4852 1105 4894 tu
1156 4840 1417 4895 remisisti
1462 4840 1805 4909 impietatem
1855 4843 2039 4897 cordis

467 4934 576 4987 mei
600 4936 665 4987 “.
712 4952 731 4986 ι
774 4935 854 4988 Tu
897 4934 1042 4989 enim
1074 4933 1285 4997 dixisti,
1315 4933 1545 4987 Domine
1580 4949 1594 4987 :
1638 4952 1655 4984 ι
1694 4933 1793 4988 Dic
1829 4942 1885 4988 tu
1922 4934 2038 5004 pri-

2144 3747 2326 3800 σΰεόει
2382 3748 2521 3817 ὑπὲρ
2582 3746 2741 3817 ἡμῶν
2791 3746 2927 3817 πρὸς
2954 3748 3043 3800 τὸν
3086 3746 3221 3798 Θεόν
3247 3761 3261 3774 °
3299 3744 3586 3815 βοήσωμεν
3615 3742 3696 3794 καὶ

2140 3840 2298 3908 ἡμεῖς
2318 3840 2456 3909 μετά
2474 3837 2567 3891 τοῦ
2588 3839 2868 3909 προφήτου
2884 3837 3168 3910 Ἰερεμίου,
3183 3838 3339 3890 «Ὅτι
3360 3838 3419 3890 αἱ
3447 3833 3695 3905 ἁμαρτίαι

2138 3933 2170 4000 ή
2182 3930 2296 4001 μῶν
2320 3932 2653 4002 ἀντέστησαν
2684 3933 2836 4002 ἡμῖν,
2868 3931 2950 3983 ὅτι
2984 3928 3178 3983 πολλαλ⁵
3209 3930 3267 3984 αἱ
3291 3927 3516 3997 ἀνομίαι
3543 3925 3691 3994 ἡμῶν

2140 4022 2382 4075 ἐναντίον
2444 4039 2560 4087 σου,
2590 4023 2761 4092 Κύριε
2782 4037 2795 4049 ’
2828 4019 3054 4090 ποίησον
3079 4020 3210 4089 ἡμῖν
3240 4018 3427 4070 ἕνεκεν
3472 4016 3559 4067 τοῦ
3590 4016 3692 4067 ἐετὸ-

2144 4112 2310 4185 ματός
2345 4131 2458 4167 σου.
2500 4132 2518 4164 ι
2558 4113 2689 4179 Καὶ,
2721 4130 2739 4163 ι
2772 4113 2844 4165 Σὺ
2873 4114 2931 4164 ἐν
2964 4112 3116 4179 ἡμῖν,
3150 4108 3350 4179 Κύριε,
3385 4108 3480 4160 xai.
3508 4107 3563 4158 τό
3587 4106 3693 4156 ὅνο-

2146 4206 2220 4275 μά
2271 4221 2363 4258 σου
2420 4203 2777 4273 ἐπικέκληται
2846 4204 2929 4271 ἐφ’
2973 4204 3141 4273 ἡμᾶς.
3182 4220 3201 4251 ι
3243 4201 3355 4251 Καὶ
3407 4197 3543 4269 μετὰ
3596 4197 3693 4248 Μι-

2142 4295 2319 4364 χαίοι),
2346 4314 2361 4345 ι
2386 4294 2585 4366 ὐργὴν
2607 4293 2815 4365 Κυρίου
2842 4292 3068 4356 ὑποίσω,
3087 4290 3221 4343 διότι
3238 4291 3482 4359 ἥμαρτον
3509 4285 3689 4353 αὐτῷ.»

2143 4386 2253 4440 Καὶ
2283 4386 2419 4456 μετά
2450 4385 2545 4439 τοῦ
2577 4387 2760 4449 Δαϐὶδ,
2798 4407 2815 4437 ι
2854 4385 2965 4456 Τὴν
3002 4382 3229 4452 ἀνομίαν
3279 4399 3382 4451 μου
3422 4378 3691 4449 ἐγνώρισα,

2144 4478 2237 4530 καὶ
2284 4477 2381 4548 τὴν
2410 4479 2683 4549 ἁμαρτίαν
2721 4495 2823 4547 μου
2850 4478 2949 4529 οὐκ
2974 4475 3243 4543 ἐκάλυψα,
3291 4493 3308 4523 ι
3344 4472 3458 4524 ἀλλ’
3490 4510 3506 4532 ,
3534 4490 3550 4520 ι
3588 4466 3694 4529 Ἑξο

2141 4569 2427 4639 ἀγορεύσω
2455 4572 2575 4622 κατ’
2596 4568 2729 4638 ἐμοῦ
2756 4568 2853 4637 τὴν
2872 4566 3102 4636 ἀνομίαν
3136 4582 3237 4633 μου
3276 4564 3354 4633 τῷ
3387 4561 3585 4631 Κυρίῳ,
3610 4558 3691 4609 καὶ

2144 4662 2207 4714 σὺ
2234 4661 2456 4730 ἀφῆκας
2485 4660 2582 4729 τὴν
2614 4658 2869 4711 ἀσέϐειαν
2904 4659 3002 4726 τῆς
3032 4655 3263 4725 καρδίας
3298 4670 3421 4723 μου.
3455 4672 3472 4702 ι
3507 4650 3573 4701 Sb
3600 4646 3691 4713 γάρ

2142 4748 2317 4814 εἶπας,
2354 4751 2547 4822 Κύριε·
2583 4770 2600 4801 ι
2644 4750 2777 4802 Εἰπὲ
2824 4748 3036 4817 πρῶτος
3075 4746 3308 4813 ἀνομίας
3371 4762 3463 4796 σου
3499 4744 3579 4794 ἵνα
3621 4739 3693 4791 δι-

2144 4843 2405 4912 καιωθῇς.
2450 4860 2467 4893 I
2501 4840 2728 4912 Θαρρῶν
2784 4839 2898 4903 οὖν,
2932 4839 3196 4901 Δέσποτα,
3224 4838 3309 4898 είς
3360 4836 3422 4887 τὸ
3488 4832 3690 4894 πέλαγος

2142 4934 2237 5004 τῆς
2309 4931 2707 5001 εὐσπλαγχνίας
2760 4948 2875 4994 σου,
2907 4928 3199 5000 προσςρέρω
3262 4943 3345 4977 σοι
3412 4926 3474 4975 ὲκ
3518 4921 3686 4988 στόμι-

468 5040 591 5078 Inus
620 5024 940 5093 iniquitates
967 5032 1107 5088 tuas,
1145 5033 1205 5078 ut
1232 5024 1554 5094 justificcris
1579 5025 1643 5077 ’³.
1685 5043 1703 5075 ›
1748 5025 1851 5094 Spe
1876 5025 2026 5096 igituI

2144 5042 2232 5087 τος
2272 5024 2517 5095 ῥυπαροῦ
2587 5023 2681 5076 καὶ
2713 5023 2938 5093 χειλέων
2985 5021 3316 5091 ἀκαθάρτων
3368 5019 3468 5086 τὴν
3514 5013 3689 5067 ἱκεσίαν

470 5126 661 5182 frctus,
707 5118 957 5181 Domine,
992 5117 1329 5173 inexhausta:
1355 5126 1410 5170 et
1444 5116 1713 5187 abyssalis
1734 5118 2054 5173 misericor-

469 5206 573 5259 diae
605 5215 823 5271 tuze,ex
856 5223 951 5262 ore
988 5224 1110 5263 meo
1153 5208 1389 5277 impuro,
1426 5215 1482 5259 et
1521 5206 1688 5260 labiis
1719 5207 2044 5271 immundis,

471 5300 614 5352 hanc
671 5314 837 5353 unam
903 5302 1367 5369 supplicationem
1425 5299 1599 5354 oﬂ‘cro
1662 5300 1783 5355 tibi.
1842 5302 2051 5356 Memor

470 5399 621 5455 esto,
658 5390 787 5461 quia
831 5398 1028 5445 nemen
1085 5403 1240 5447 tuum
1284 5400 1536 5446 sanctum
1590 5391 1904 5446 invocatum
1960 5402 2044 5447 est

472 5499 641 5554 super
669 5500 775 5551 me,
808 5484 901 5555 qui
930 5499 1014 5539 me
1038 5484 1319 5539 redemisti
1348 5484 1591 5553 pretioso
1616 5492 1711 5537 tuo
1744 5485 2040 5555 sanguine.

534 5662 730 5716 "Luc.
761 5678 849 5731 xv,
877 5663 965 5717 9.2.
1053 5663 1091 5695 ’⁸
1125 5662 1234 5717 Jcr.
1278 5677 1386 5726 xw,
1432 5661 1481 5714 7.
1566 5662 1605 5693 ³³
1658 5661 1789 5716 ibid.
1845 5664 1895 5716 9.

477 5748 619 5796 XLIII,
646 5734 735 5786 26.

1053 5663 1091 5695 ’⁸
1125 5662 1234 5717 Jcr.
1278 5677 1386 5726 xw,
1432 5661 1481 5714 7.

2012 5663 2053 5694 ²⁹
2098 5660 2262 5717 Mich.
2297 5676 2403 5728 vn,
2440 5662 2491 5717 9.

2151 5116 2379 5188 ταύτην.
2415 5116 2704 5185 Μνήσθητι
2730 5118 2813 5168 ὅτι
2844 5116 2907 5167 τὸ
2935 5112 3107 5182 ὄνομά
3137 5129 3230 5163 σου
3262 5111 3323 5163 τδ
3355 5110 3508 5176 ἅγιον
3538 5104 3689 5157 ἐπικέ-

2151 5210 2345 5281 κληται
2398 5210 2484 5261 ἐπ’
2520 5208 2661 5278 ἐμοὶ,
2692 5208 2783 5260 καὶ
2815 5205 3157 5276 ὲξηγόρασάς
3190 5222 3255 5272 με
3306 5205 3382 5272 τῷ
3416 5200 3574 5271 τιμίῳ
3618 5213 3686 5249 σου

2150 5302 2344 5372 αἵματι
2365 5319 2380 5334 ο
2420 5302 2502 5354 ὅτι
2530 5300 2868 5372 ἐσφράγισάς
2896 5316 2963 5369 με
3026 5296 3105 5367 τῷ
3133 5296 3415 5368 ἀρῤαϐὠνι
3440 5292 3532 5345 τοῦ
3564 5292 3687 5357 aria":

2151 5410 2243 5445 σου
2313 5390 2650 5461 Πνεύματος,
2700 5391 2790 5443 xai.
2838 5390 3116 5458 ἀνήγαγές
3169 5406 3237 5459 με
3280 5389 3343 5439 ὲκ
3405 5384 3497 5437 τοῦ
3554 5378 3683 5451 βυθοί

2151 5484 2293 5555 [τῆς]
2322 5484 2429 5538 τῶν
2482 5483 2723 5553 ἀνομιῶν
2778 5500 2899 5553 μου,
2933 5482 3017 5535 ἵνα
3081 5481 3155 5552 μὴ
3204 5480 3515 5549 ἀπθσυλήση
3576 5476 3683 5542 μεθ)

3526 5652 3565 5681 ³³
3600 5650 3676 5703 lsa.

2606 5660 2650 5692 ²¹
2702 5658 2844 5716 Psal.
2896 5674 3040 5721 XXXI,
3092 5658 3142 5712 5.
3233 5657 3277 5688 ⁸³
3326 5652 3456 5709 ibid.
