3868 6518
137 351 284 410 1661

1065 348 1395 409 HOMILIA
1432 346 1721 409 LXXVII.
1745 349 1933 408 -ΒΕ
1971 350 2474 412 ΡίΕΝΙΤΕΝΤΙΑ.

3258 340 3391 402 ιςθε

130 456 357 527 ἐχθρός.
408 454 581 524 Ἰησοῦ
610 456 833 527 Χριστε,
866 455 1116 525 ἀντίσχου
1169 474 1259 526 μοι
1308 456 1404 510 καὶ
1431 456 1591 526 γενοῦ
1626 474 1711 536 μοι

1823 458 2058 529 Signasti
2104 460 2251 515 enim
2308 477 2392 516 me
2427 459 2737 514 arrhabone
2769 456 2941 513 sancti
2978 454 3057 510 tui
3109 453 3385 523 Spiritus:

131 549 341 621 βοηθὸς
376 548 634 621 κραταιὸς
661 550 718 601 ἐν
744 548 987 618 πολέμῳ,
1014 548 1095 602 ὅτι
1136 547 1325 611 δοῦλός
1355 551 1471 619 είμι
1525 550 1713 603 ἐπιθυ-

133 645 299 715 μίας,
330 644 423 698 καὶ
466 642 814 713 πολεμοῦμαι
860 643 955 695 ὑπ’
981 642 1152 708 αὐτῆς
1183 658 1197 673 ⁸
1226 641 1361 695 ἀλλά
1400 643 1487 705 σὺ,
1515 642 1710 712 Κύριε,

134 735 222 805 μὴ
248 735 620 805 ἐγκαταλίπῃς
664 750 733 803 με
773 733 865 785 τὸν
893 735 982 786 ἐπὶ
1013 734 1115 803 γῆς
1141 732 1477 804 ἐρριμμένον
1520 734 1577 785 ὲν
1609 749 1711 785 κα-

127 826 339 897 ταδίκῃ
389 824 565 895 ἔργων
599 840 701 893 μου
732 838 745 853 ⁸
778 822 1144 894 ἐλευθέρωσόν
1197 841 1287 890 με,
1320 824 1584 884 Δέσποτα,
1616 825 1713 893 τῆς

129 917 389 987 πονηρᾶς
411 914 655 977 δουλείας
686 912 778 967 τοῦ
807 915 1274 984 κοσμοκράτορος,
1310 915 1406 968 καὶ
1433 914 1715 967 οἱκείωσόν

133 1027 211 1079 με
256 1011 316 1062 ὲν
343 1011 457 1072 τοῖς
485 1007 871 1079 προστάγμασί
910 1024 1002 1059 σου
1033 1023 1045 1035 ⁸
1076 1009 1106 1077 ἠ
1141 1007 1257 1069 ὁδὸς
1282 1008 1385 1075 τῆς
1420 1007 1568 1078 ζωῆς
1608 1024 1710 1077 μου

128 1101 161 1152 ὁ
198 1100 434 1171 Χριστός
467 1115 567 1169 μου
601 1114 614 1126 ⁸
652 1098 745 1151 καὶ
788 1097 847 1150 τὸ
891 1098 1007 1164 φῶς
1032 1098 1141 1149 τῶν
1175 1097 1471 1167 ὀφθαλμῶν
1500 1114 1623 1168 μου,
1655 1096 1714 1151 τὸ

130 1194 432 1263 πρόσωπόν
483 1208 598 1244 σου.
631 1191 728 1244 Θεὲ
765 1190 1029 1255 Δέσποτα,
1062 1190 1157 1242 καὶ
1209 1190 1381 1260 Κύριε
1424 1190 1524 1261 τῆς
1572 1188 1715 1258 ζωῆς

132 1304 275 1355 μου,
306 1282 679 1356 μετεωρισμὸν
708 1282 1001 1352 ὀφθαλμῶν
1032 1299 1133 1352 μου
1189 1282 1263 1351 μὴ
1292 1281 1433 1351 δῴης
1467 1298 1555 1350 μοι
1587 1298 1601 1312 ⁸
1622 1280 1715 1333 καὶ

129 1375 441 1444 ἐπιθυμίαν
486 1374 662 1442 κακὴν
724 1373 1035 1442 ἀπόστησον
1081 1373 1177 1425 ἀπ’
1234 1371 1394 1441 ἐμοῦ.
1436 1371 1712 1441 Ἀντίσχου

131 1482 234 1531 με,
257 1463 483 1533 Χριστὲ,
512 1465 576 1534 τῇ
612 1463 757 1533 χειρί
789 1478 883 1515 σου
914 1465 981 1531 τῇ
1004 1462 1137 1533 ἀγίᾳ
1158 1477 1173 1491 ⁸
1205 1461 1414 1532 ὀρέξεις
1450 1462 1544 1515 καὶ
1584 1479 1710 1513 συν-

128 1557 427 1626 ουσιασμοὶ
458 1556 529 1626 μὴ
568 1554 1024 1609 καταλαὸέτωσάν
1066 1572 1153 1621 με,
1186 1555 1281 1607 καὶ
1313 1554 1457 1625 ψυχῇ
1506 1554 1715 1609 ἀναιδεῖ

132 1646 219 1715 μὴ
248 1644 504 1716 παραδῷς
533 1662 619 1713 με.
654 1643 879 1713 Λάμψον
917 1646 974 1696 ἐν
1012 1645 1135 1713 ἐμοὶ
1181 1644 1241 1696 τὸ
1272 1644 1386 1713 φῶς
1414 1644 1509 1697 τοῦ
1538 1662 1709 1715 προσ..

128 1736 292 1789 ὠπου
349 1753 466 1799 σου,
511 1734 703 1805 Κύριε,
737 1736 823 1788 ἵνα
882 1736 1023 1805 μὴή
1070 1735 1257 1787 σκοτία
1309 1736 1592 1806 καταλάϐῃ
1623 1754 1708 1804 με,

128 1833 235 1884 καὶ
265 1833 293 1883 ὁ
319 1831 637 1902 περιπατῶν
676 1832 734 1884 ὲν
768 1832 902 1902 αὐτῇ
931 1831 1235 1901 ὑφαρπάσῃ
1273 1849 1361 1900 με.
1388 1831 1479 1901 Μὴ
1529 1848 1709 1899 παρα-

124 1922 265 1993 δῷς,
293 1922 483 1994 Κύριε,
507 1922 716 1992 θηρίοις
746 1925 995 1993 ἀοράτοις
1017 1923 1194 1993 ψυχὴν
1217 1920 1717 1992 ὲξομολογουμένην

130 2032 244 2068 σοι.
280 2015 371 2086 Μὴ
402 2014 690 2087 καταδέξῃ.
732 2014 925 2086 Κύριε,
956 2015 1229 2085 πληγῆναι
1251 2014 1450 2067 δοῦλόν
1483 2030 1577 2066 σου
1613 2012 1717 2065 ὑπὸ

126 2106 320 2160 κυνῶν
350 2106 643 2177 ἀλλοτρίων
665 2122 681 2137 ⁸
718 2106 897 2171 ξενίαν
932 2107 1027 2159 τοῦ
1060 2107 1218 2175 ἁγίου
1255 2124 1351 2160 σου
1400 2106 1717 2173 Πνεύματος

129 2195 477 2262 καταξίωσόν
512 2214 601 2266 με,
634 2198 815 2267 Πάτερ
840 2197 991 2266 ἀγιε,
1019 2196 1294 2266 γενέσθαι,
1326 2197 1424 2250 καὶ
1451 2193 1599 2249 οἷκον
1622 2194 1714 2248 τοῦ

129 2289 379 2360 Χριστοῦ
409 2306 501 2341 σου
526 2304 540 2319 ⁸
575 2290 929 2359 οίκοδόμησόν
963 2307 1051 2360 με,
1089 2290 1119 2343 6
1149 2290 1337 2361 ὀδηγὸς
1359 2290 1468 2342 τῶν
1510 2290 1717 2342 πεπλα-

128 2380 395 2449 νημένων
417 2396 431 2410 ⁸
460 2381 727 2450 όδήγησόν
780 2398 871 2450 με,
902 2381 989 2433 ἵνα
1029 2381 1102 2451 μὴ
1132 2380 1366 2434 ἐκκλίνω
1390 2382 1469 2444 εἰς
1497 2379 1563 2432 τά
1592 2382 1712 2450 ἀρι-

130 2471 312 2541 στερά
334 2488 346 2500 ⁸
381 2472 672 2541 πρόσωπόν
696 2489 810 2536 σου,
840 2471 1033 2541 Κύριε,
1068 2473 1193 2525 ἰδεῖν
1218 2472 1483 2525 ἐπιποθῶ⁸
1508 2474 1535 2525 ὁ
1558 2472 1710 2533 Θεὸς,

126 2562 216 2632 τῷ
273 2562 413 2629 φωτὶ
461 2562 554 2615 τοῦ
601 2560 892 2633 προσώπου
952 2581 1044 2615 σου
1093 2563 1359 2634 όδήγησὸν
1433 2581 1500 2633 με
1528 2578 1540 2591 ⁸
1592 2564 1717 2631 ῥοῦν

127 2653 392 2723 δακρύων
422 2654 654 2724 χάρισαί
697 2672 787 2723 μοι
817 2655 903 2725 τῷ
930 2655 1099 2726 δούλῳ
1133 2673 1247 2719 σου,
1278 2657 1370 2708 καὶ
1400 2655 1600 2725 ἰκμάδα
1624 2654 1715 2707 τοῦ

131 2744 303 2813 ἁγίου
366 2762 458 2798 σου
517 2744 841 2815 Πνεύματος
888 2745 1130 2816 δώρησαι
1163 2746 1241 2816 τῷ
1270 2746 1552 2816 πλάσματί
1599 2764 1713 2811 σου,

131 2837 228 2890 ἵνα
267 2837 343 2906 μὴ
387 2837 638 2905 ξηρανθῶ
678 2838 754 2900 ὡς
789 2840 822 2908 ἡ
861 2839 999 2908 συκῆ
1029 2838 1097 2908 ἥν
1131 2840 1194 2892 σὺ
1248 2840 1548 2909 κατηράσω
1580 2858 1593 2870 ⁸
1626 2839 1717 2892 καὶ

129 2928 282 2981 ἔστω
301 2928 371 2981 τὰ
395 2928 605 2999 δάκρυά
646 2946 748 2999 μου
782 2932 863 2992 είς
888 2930 1019 2998 ἐμὸν
1047 2929 1198 3000 πόμα
1230 2945 1245 2961 ⁸
1285 2933 1380 2983 καὶ
1417 2933 1449 3001 ὴ
1476 2948 1713 3002 προσευ-

130 3020 207 3089 χή
264 3035 364 3089 μου
399 3019 518 3071 ἀντί
567 3018 842 3089 βρώσεως.
873 3019 1107 3090 Τρέψον,
1132 3019 1327 3091 Κύριε,
1352 3020 1444 3073 τὸν
1490 3021 1717 3074 κοπετόν

1823 553 2088 608 reduxisti
2150 554 2296 608 enim
2368 569 2455 608 me
2526 569 2592 608 ex
2654 551 2921 606 altissima
2966 548 3227 618 voragine
3278 546 3388 601 ini-

1816 646 2089 715 quitatum
2161 661 2453 710 mearum,
2522 655 2584 699 ut
2645 658 2714 698 nc
2775 642 2831 696 in
2896 639 3079 711 praeda
3140 638 3386 693 abduce-

1816 746 1899 790 ret
1933 752 2019 790 Ine
2061 737 2338 791 inimicus.
2371 738 2502 792 Jesu
2546 736 2764 791 Christe
2788 776 2801 801 ,
2837 732 3059 788 sutIulci
3103 747 3191 785 me
3224 738 3389 799 atque

1815 837 2153 893 sustenta,et
2180 840 2300 884 esto
2331 829 2464 883 mihi
2495 828 2801 890 auxiliaris,
2830 834 2886 880 tu
2916 827 2968 879 in
2994 824 3144 879 bello
3170 832 3385 893 potens.

1817 919 2021 974 Servus
2058 920 2207 973 enim
2239 936 2359 973 sum
2405 919 2894 989 concupiscentim,
2926 917 2993 971 ab
3034 917 3137 970 hac
3190 914 3387 967 misere

1816 1026 2104 1081 oppugnor
2133 1030 2147 1076 ;
2179 1011 2271 1065 sed
2302 1020 2379 1074 tu,
2410 1011 2661 1076 Domine,
2699 1027 2766 1064 ne
2815 1026 2901 1064 me
2951 1009 3305 1076 derelinquas
3332 1006 3386 1059 in

1819 1108 2021 1155 terram
2049 1100 2362 1171 disjectum,
2381 1099 2831 1170 quandoquidem
2849 1114 3088 1169 agnosco
3109 1106 3165 1151 et
3186 1096 3387 1149 damno

1816 1207 1983 1262 opera
2007 1207 2148 1247 mea.
2183 1192 2483 1261 Emancipa
2509 1208 2615 1257 me,
2642 1191 2893 1252 Domine,
2915 1192 3046 1261 jugo
3063 1189 3384 1259 depressum

1816 1284 2141 1339 miseranda:
2195 1284 2500 1347 servitutis,
2524 1299 2629 1352 qua
2690 1282 2882 1337 mundi
2940 1283 3098 1337 istius
3150 1280 3389 1335 obstrin-

1815 1390 1913 1445 gor
1960 1374 2219 1444 principi.
2257 1376 2388 1429 Tum
2438 1390 2522 1430 me
2558 1375 2821 1429 ascribito
2849 1374 3140 1437 clientela},
3165 1382 3292 1426 tuus
3329 1380 3388 1425 ut

1816 1469 1920 1523 sim
1968 1483 2068 1537 per
2111 1468 2557 1523 observationem
2612 1467 2996 1522 mandatorum
3041 1475 3298 1527 tuorum,
3331 1474 3387 1518 tu

1816 1560 1912 1629 qui
1956 1560 2046 1615 via
2080 1576 2142 1615 es
2188 1561 2314 1615 vitae
2363 1576 2520 1625 meae,
2558 1567 2614 1614 et
2660 1559 2916 1615 Christus
2964 1574 3153 1620 meus,
3187 1559 3281 1613 sed
3332 1566 3390 1611 et

1818 1651 1987 1706 facies
2018 1660 2109 1705 tua
2135 1651 2323 1705 lumen
2349 1651 2637 1705 oculorum
2674 1666 2926 1705 meorum
2967 1656 3071 1703 est.
3103 1650 3247 1704 Deus
3280 1650 3387 1702 Do-

1818 1741 1988 1805 mine,
2016 1750 2072 1795 et
2094 1742 2325 1796 Domine
2350 1742 2476 1797 vita:
2502 1756 2657 1805 mea},
2684 1740 3063 1796 extollentiam
3100 1740 3389 1793 oculorum

1822 1849 2069 1888 meorum
2098 1849 2167 1889 ne
2203 1833 2433 1888 dederis
2454 1833 2614 1897 mihi,
2646 1842 2701 1888 et
2728 1833 3234 1903 concupiscentiam
3266 1849 3393 1903 pra—

1829 1941 1954 1979 vam
1986 1934 2174 1979 averte
2208 1941 2238 1979 a
2273 1940 2380 1979 me.
2407 1925 2666 1979 Sustenta
2691 1940 2799 1989 me,
2820 1924 3069 1989 Domine,
3102 1940 3268 1978 manu
3301 1934 3390 1978 tua

1819 2027 2027 2071 sancta.
2056 2015 2347 2085 Appetitas
2381 2015 2593 2070 ventris
2615 2024 2670 2069 et
2700 2015 3037 2070 concubitus
3060 2030 3168 2068 non
3190 2030 3388 2084 appre-

1819 2108 2067 2163 hendant
2099 2124 2206 2172 me,
2232 2118 2289 2163 et
2335 2108 2532 2163 animae
2585 2108 2913 2163 irreverenti
2950 2122 3019 2161 ne
3057 2107 3241 2162 tradas
3281 2124 3388 2163 me.

1820 2200 2042 2254 Illustra
2076 2198 2129 2252 in
2182 2213 2269 2251 me
2306 2199 2495 2252 lumen
2542 2198 2731 2252 vultus
2772 2197 2874 2259 tui,
2926 2197 3157 2251 Domine
3181 2236 3195 2259 ,
3223 2206 3283 2251 ut
3320 2214 3391 2253 ne

1819 2290 2296 2361 comprehendant
2328 2306 2416 2346 me
2441 2290 2703 2352 tenebrae,
2729 2290 2824 2345 sed
2867 2298 2923 2345 et
2952 2290 3045 2359 qui
3073 2290 3393 2345 obambulat

1818 2400 1931 2449 eas,
1968 2401 2035 2439 ne
2064 2384 2419 2439 clanculariis
2446 2384 2563 2438 suis
2594 2383 2737 2437 dolis
2762 2383 3008 2452 abripiat
3037 2399 3144 2438 me.
3173 2382 3253 2437 Ne
3284 2392 3395 2437 tra-

1820 2475 1940 2537 das,
1980 2474 2233 2537 Domine,
2270 2475 2465 2530 bestiis
2507 2473 2881 2529 invisibilibus
2924 2475 3163 2528 animam
3215 2474 3391 2529 confi-

1820 2572 2025 2620 tentem
2077 2566 2298 2620 tibi.Ne
2336 2566 2583 2635 patiaris,
2637 2566 2867 2620 Domine
2896 2607 2910 2630 ,
2952 2582 3172 2620 servum
3236 2578 3389 2620 tuum

1820 2656 2136 2711 immaniter
2162 2658 2407 2727 torqueri
2435 2674 2465 2712 a
2500 2659 2733 2712 canibus
2762 2659 2912 2724 istis,
2954 2658 3048 2727 qui
3084 2674 3113 2711 a
3142 2667 3194 2711 te
3226 2658 3390 2711 alieni

1821 2755 1951 2801 sunt
2005 2756 2062 2801 et
2112 2746 2461 2801 defecerunt.
2504 2748 2736 2817 Dignum
2800 2764 2887 2802 me
2941 2746 3164 2807 eflicito,
3229 2748 3394 2801 Pater

1819 2846 2030 2901 sancte,
2064 2838 2332 2907 hospitali
2389 2854 2620 2892 munere
2663 2840 2834 2893 sancti
2872 2838 2949 2891 tui
2994 2838 3255 2907 Spiritus,
3283 2854 3397 2892 me-

1820 2943 1927 2997 que
1949 2926 2229 2982 exaedifica
2256 2926 2311 2981 in
2336 2926 2679 2982 domicilium
2707 2927 2911 2980 Christi
2936 2926 3036 2979 tui.
3065 2927 3179 2979 Dux
3202 2941 3393 2981 eorum

1821 3020 1916 3089 qui
1981 3027 2305 3074 exerrarunt
2339 3036 2369 3073 a
2418 3020 2529 3082 via,
2561 3019 2788 3089 prmdux
2842 3019 2978 3071 mihi
3028 3028 3146 3073 esto
3206 3028 3263 3073 et
3307 3034 3399 3072 co-

131 3130 241 3182 μου
267 3115 346 3175 είς
367 3112 541 3182 χαρὰν
571 3112 713 3183 ἐμοί’
738 3113 832 3165 καὶ
848 3112 997 3178 δέξαι
1026 3130 1092 3183 με
1115 3114 1195 3176 εἰς
1228 3114 1327 3178 τὰς
1348 3114 1599 3177 αἰωνίους
1624 3131 1711 3165 σου

1822 3112 2040 3175 mitare,
2107 3118 2168 3164 ut
2221 3127 2290 3165 ne
2359 3111 2425 3164 ad
2483 3109 2768 3164 sinistram
2842 3110 3140 3164 declinem.
3180 3109 3395 3165 Faciem

129 3206 346 3275 σκηνάς
365 3220 379 3234 ⁸
409 3205 667 3275 φθασάτω
695 3223 763 3277 με
802 3208 835 3277 ἠ
866 3204 1205 3277 ἐλεημοσύνη
1239 3222 1357 3272 σου,
1388 3206 1559 3278 Κύριε
1579 3245 1593 3268 ,
1619 3206 1710 3259 καὶ

125 3297 185 3349 οἱ
208 3296 483 3367 οἰκτιρμοί
509 3315 604 3351 σου
629 3298 841 3352 καταλα
855 3296 1099 3351 ὁὲτωσάν
1128 3314 1215 3365 με,
1240 3300 1334 3351 καί⁵
1364 3298 1501 3365 ἄφες
1532 3298 1713 3359 πάσας

126 3387 235 3452 τὰς
270 3389 540 3460 ἀμαρτίας
592 3407 716 3459 μου.
750 3390 821 3442 Σὺ
856 3389 965 3459 γὰρ
1000 3385 1055 3442 εἷ
1083 3390 1214 3452 Θεὸς
1248 3389 1503 3460 ἀληθινὸς
1533 3388 1709 3459 ἀφιὼν

124 3479 385 3549 ἀνομίας.
434 3480 544 3533 Καὶ
611 3480 685 3551 μὴ
730 3480 1021 3550 καταδέξῃ,
1075 3480 1272 3552 Κύριε,
1312 3481 1579 3551 ἀτιμάσαι
1637 3480 1708 3535 τὰ

126 3571 277 3639 ἔργα
296 3570 403 3624 τῶν
426 3570 626 3641 χειρῶν
650 3590 765 3638 σου,
782 3572 870 3625 διὰ
894 3572 963 3625 τὰ
984 3572 1159 3643 πλήθη
1180 3572 1287 3625 τῶν
1312 3572 1551 3643 ἀνομιῶν
1575 3590 1702 3641 μου,

125 3660 274 3714 ἀλλά
307 3660 637 3715 ἀνακάλεσαί
695 3680 783 3732 με,
820 3662 1087 3728 Δέσποτα,
1118 3664 1208 3717 διὰ
1235 3663 1331 3716 τοῦ
1384 3664 1707 3733 μονογενοῦς

128 3770 233 3805 σου
260 3752 388 3805 Υἰοῦ
421 3752 516 3807 τοῦ
544 3754 795 3825 Σωτῆρος
824 3756 981 3824 ἡμῶν
1005 3771 1019 3786 ⁸
1053 3757 1148 3809 καὶ
1168 3754 1383 3826 ἐγειρόν
1416 3774 1482 3827 με
1518 3757 1709 3825 κείμε-

125 3861 223 3896 νον
252 3843 326 3909 ὡς
354 3844 484 3897 Λευῖ
515 3846 604 3899 τὸν
630 3844 869 3917 τελώνην
892 3863 906 3877 ⁸
937 3847 1031 3900 καὶ
1062 3848 1397 3918 ζωοποίησόν
1443 3866 1508 3919 με
1538 3850 1630 3901 τδν
1653 3851 1712 3902 ὲν

126 3937 433 4006 ἁμαρτίαις
472 3938 874 4007 νενεκρωμένον
900 3978 914 4002 ,
955 3938 1031 4000 ὡς
1084 3942 1182 4009 τῆς
1236 3941 1411 4010 χήρας
1453 3940 1544 3992 τὸν
1575 3941 1711 4004 υἱὸν,

125 4030 218 4080 ὅτι
255 4029 318 4081 σὺ
358 4028 517 4096 μόνος
544 4029 809 4099 ὑπάρχεις
843 4032 876 4100 ἡ
909 4030 1207 4094 ἀνάστασις
1233 4032 1341 4084 τῶν
1370 4030 1710 4086 τεθνεώτων.

126 4119 252 4172 Καὶ
281 4120 361 4172 σοὶ
383 4120 507 4184 δόξα
534 4120 735 4191 πρέπει
774 4121 855 4183 είς
888 4122 1013 4184 τοὺς
1046 4121 1271 4183 αἰῶνας.
1303 4121 1499 4191 Ἀμήν.

1822 3216 1994 3268 tuam,
2019 3205 2092 3259 mi
2135 3203 2386 3269 Domine,
2414 3204 2777 3273 flagrantibus
2800 3203 2947 3257 votis
2976 3202 3165 3257 videre
3196 3218 3399 3258 concu-

1828 3297 2005 3366 pisco.
2051 3297 2217 3359 Deus,
2266 3294 2636 3349 illustratione
2659 3296 2848 3350 vultus
2888 3295 2965 3350 tui
2996 3294 3170 3364 dirige
3228 3310 3311 3348 me
3344 3295 3397 3349 in

1818 3389 2005 3451 viam,
2059 3387 2265 3441 flumen
2324 3387 2691 3457 lacrymarum
2752 3385 2977 3456 indulge
3034 3385 3170 3439 mihi
3243 3400 3402 3439 servo

1809 3488 1927 3540 tuo,
1986 3478 2275 3533 humorem
2336 3478 2511 3531 sancti
2605 3475 2684 3531 tui
2772 3476 3013 3547 Spiritus
3096 3476 3227 3530 huic
3305 3486 3400 3531 tuo

1813 3568 2072 3641 plasmati
2164 3568 2470 3623 liberaliter
2558 3568 2892 3638 impertire,
2967 3577 3028 3622 ut
3120 3584 3190 3623 ne
3275 3584 3397 3623 exa-

1818 3671 1998 3717 rescat
2078 3662 2330 3731 exemplo
2406 3662 2653 3716 ficulnea:
2713 3661 2860 3715 illius
2889 3660 2979 3715 cui
3044 3669 3101 3715 tu
3167 3660 3400 3715 maledi-

1818 3755 1966 3809 xisti.
2028 3754 2289 3809 Poculum
2355 3754 2489 3807 mihi
2548 3769 2683 3808 mea:
2723 3754 2835 3808 sint
2884 3754 3161 3824 lacrymze,
3223 3754 3399 3807 vicem

1821 3845 2100 3899 alimoniae
2191 3846 2450 3915 suppleat
2507 3844 2691 3899 oratio
2757 3861 2898 3898 mea.
2964 3844 3183 3914 1146
3236 3844 3399 3899 Verte

1820 3937 2104 4006 planctum
2138 3951 2322 3990 meum
2383 3936 2439 3989 in
2488 3934 2750 4003 gaudium
2814 3934 2947 3988 mihi
2981 3951 2998 4000 ;
3031 3934 3259 3988 admitte
3314 3947 3401 3987 me

1820 4029 1877 4083 in
1933 4036 2140 4083 aeterna
2207 4028 2559 4082 tabernacula
2616 4034 2728 4079 tua.
2759 4026 3041 4095 Anticipet
3095 4041 3182 4079 me
3241 4025 3403 4079 mise-

1822 4121 2061 4175 riCOrdia
2090 4132 2205 4186 tua,
2242 4120 2493 4182 Domine,
2520 4127 2575 4172 et
2619 4118 3009 4171 miserationes
3061 4124 3165 4171 tua:
3207 4131 3401 4185 appre-

133 4214 388 4270 hendant
450 4230 561 4279 me,
620 4225 677 4269 et
722 4216 943 4272 remitte
988 4217 1175 4270 omnia
1220 4228 1446 4287 peccata
1516 4232 1655 4271 mea.
1698 4215 1780 4269 Tu
1838 4216 2008 4280 enim,
2078 4217 2221 4271 Deus
2276 4230 2463 4276 verus,
2488 4212 2583 4283 qui
2649 4211 2884 4266 remittis
2935 4210 3276 4279 iniquitates.
3324 4208 3401 4262 Ne

129 4310 387 4381 patiaris,
445 4310 696 4376 Domine,
745 4326 885 4380 Opus
921 4326 1182 4365 manuum
1218 4320 1434 4365 tuarum
1495 4312 1609 4365 ullo
1663 4311 1937 4367 atrociore
1968 4312 2183 4381 aspergi
2216 4310 2539 4381 Opprobrio,
2591 4308 2662 4363 ob
2689 4306 3095 4361 multitudinem
3146 4304 3406 4373 iniquita-

130 4418 261 4459 tum
319 4419 603 4470 mearum;
661 4407 793 4473 quin
828 4420 1025 4459 revoca
1064 4420 1151 4459 me
1205 4420 1304 4473 per
1354 4404 1695 4475 unigenitum
1758 4404 1954 4459 Filium
2032 4415 2185 4459 tuum
2255 4412 2459 4457 nostra:
2533 4401 2780 4456 omnium
2862 4398 3056 4453 salutis
3104 4398 3397 4452 vindicem.

135 4501 334 4558 Excita
370 4514 456 4552 me
491 4501 690 4555 misere
736 4501 1029 4569 jacenteln,
1062 4508 1121 4555 ut
1144 4502 1272 4555 olim
1310 4502 1464 4556 illum
1511 4502 1751 4557 telonem
1799 4503 1929 4557 Levi
1959 4521 1973 4570 ;
2001 4503 2217 4557 vivifica
2249 4518 2335 4556 me
2382 4510 2730 4571 peccatorum
2765 4509 2941 4554 morte
2972 4498 3321 4565 labefactum,
3344 4510 3404 4555 ut

126 4611 271 4655 tunc
328 4597 499 4653 filium
545 4597 765 4663 viduae;
801 4606 860 4653 tu
913 4598 1067 4652 solus
1109 4598 1446 4653 resurrectio
1488 4613 1551 4653 es
1604 4608 1975 4654 mortuorum.
2012 4600 2137 4653 Tibi
2175 4598 2349 4669 gloria
2383 4598 2438 4651 in
2470 4596 2695 4651 saecula.
2730 4598 2925 4650 Amen.

202 4690 367 4741 Θέλει
418 4689 474 4741 δὲ
515 4690 543 4741 6
575 4691 631 4741 ὲν
675 4690 906 4761 ἀληθεία
945 4689 1221 4759 μετανοῶν
1265 4690 1351 4758 ἐφ’
1378 4684 1459 4754 οἷς
1510 4690 1711 4761 ἔπραξε

1894 4690 2059 4762 Optet
2087 4692 2140 4745 in
2179 4691 2395 4761 primis,
2424 4704 2591 4758 quem
2616 4703 2745 4741 vere
2772 4685 3028 4755 pmnitet,
3061 4694 3117 4739 ct
3149 4700 3206 4739 se
3240 4683 3311 4737 ob
3337 4699 3402 4737 ea

123 4782 326 4844 κακοῖς
358 4779 452 4833 καὶ
477 4780 667 4834 ἑαυτὸν
712 4781 1148 4852 ἐπιμέμφεσθαι,
1172 4783 1267 4835 καὶ
1291 4781 1359 4833 τὰ
1382 4781 1513 4852 παρ’
1536 4782 1711 4836 ἄλλων

123 4872 315 4943 ὀνείδη
358 4874 642 4944 καρτερῶς
692 4874 879 4944 φέρειν
904 4890 917 4905 ⁸
956 4875 1213 4944 μετάνοια
1245 4874 1351 4945 γάρ
1390 4875 1506 4928 ἐστι
1539 4876 1598 4928 τὸ
1621 4876 1711 4929 ὑπ’

130 4963 399 5033 ἀφρόνων
422 4964 801 5033 χλευάζεσθαι,
828 4966 919 5019 καὶ
943 4969 1246 5035 καρτερεῖν,
1266 4966 1361 5017 καὶ
1385 4965 1711 5035 ὁλοκαρδίως

126 5055 475 5127 προσφέρειν
525 5057 604 5127 τῷ
633 5058 751 5127 Θεῴ
800 5057 1205 5128 ἐξομολόγησιν.
1252 5055 1313 5110 Ὀ
1358 5055 1584 5120 Ἡσαΐας
1620 5074 1715 5109 πο-

124 5148 435 5219 τνιώμενος
468 5150 597 5219 περὶ
630 5149 738 5203 τῶν
770 5151 1019 5220 σκληρῶν
1058 5151 1149 5203 καὶ
1191 5150 1598 5219 ἀμετανοήτων,
1619 5149 1710 5202 λέ-

126 5254 223 5303 γει
254 5253 268 5265 ⁸
307 5256 326 5288 ι
383 5238 473 5309 Μὴ
513 5239 613 5292 οὐκ
646 5240 818 5309 ἰσχύει
871 5239 1075 5310 Κύριος
1123 5240 1218 5293 τοῦ
1282 5239 1453 5291 σῶσαι
1490 5258 1503 5300 ς
1573 5239 1709 5293 ἀλλά

124 5328 223 5380 διὰ
265 5326 368 5391 τὰς
415 5330 692 5400 ἁμαρτίας
746 5331 897 5399 ὑμῶν
950 5330 1290 5401 ἀπέστρεψεν
1320 5331 1380 5383 τὸ
1418 5330 1709 5397 πρόσωπον

128 5418 300 5472 αὑτοῦ
326 5420 421 5489 ἀφ’
446 5421 621 5489 ὑμῶν,
649 5422 730 5474 ὅτι
782 5422 955 5484 οὐδεὶς
987 5422 1140 5475 λαλεῖ
1180 5423 1388 5485 δίκαια,
1424 5422 1534 5475 οὐδ’
1564 5422 1710 5475 ἔστιν

131 5508 319 5578 κρίσις
377 5510 625 5581 ἀληθινή.
671 5531 688 5562 ι
742 5514 968 5583 ’Έτερος
1015 5514 1071 5567 δέ
1126 5531 1261 5583 φησι
1289 5532 1304 5547 ⁸
1342 5534 1359 5565 ι
1400 5513 1488 5576 Ὠς
1545 5514 1708 5567 καλὸν

132 5596 461 5667 ἐλεγχθέντα
516 5601 828 5671 φανερῶσαι
871 5602 1183 5672 μετάνοιανί
1211 5602 1366 5657 Οὕτω
1389 5601 1498 5673 γὰρ
1536 5602 1706 5675 φεύξῃ

215 5754 258 5787 ²⁵
280 5755 383 5810 Isa.
416 5771 535 5821 1.1x,
568 5755 672 5810 1-5.

1813 4796 1939 4851 qua:
1982 4794 2275 4850 perperam
2326 4777 2517 4848 gessit,
2553 4775 2748 4829 durius
2797 4774 3048 4843 coargui,
3081 4781 3137 4827 et
3173 4788 3294 4841 qum
3333 4773 3402 4827 ab

1811 4873 1936 4927 aliis
1959 4872 2288 4941 ingeruntur
2311 4867 2629 4938 opprobria,
2654 4879 2920 4936 generose
2933 4863 3073 4919 ferat
3101 4864 3406 4932 ;pmniten-
3464 4896 3469 4901 ς

1813 4965 1887 5017 tia
1912 4963 2061 5017 enim
2097 4970 2183 5015 est
2214 4961 2281 5014 ab
2312 4956 2764 5028 imprudentibus
2798 4953 3131 5009 subsannari
3163 4970 3175 5005 :
3210 4968 3274 5007 ae
3316 4954 3402 5007 in-

1815 5054 1978 5108 terim
2010 5053 2138 5107 dum
2172 5052 2287 5105 lucc
2329 5059 2443 5104 toto
2489 5048 2705 5118 perfers
2748 5055 2996 5116 pectore,
3034 5061 3145 5098 non
3193 5045 3403 5101 desinis

1817 5148 1929 5201 Deo
1958 5146 2161 5200 offerre
2190 5143 2622 5198 confessionem.
2658 5139 2825 5193 Isaias
2853 5139 3031 5192 Deum
3070 5138 3400 5206 suppliciter
3496 5128 3501 5131 ’

1815 5236 2102 5290 obtestans
2156 5250 2257 5304 pro
2313 5233 2438 5287 duri
2491 5231 2789 5285 admodum
2822 5228 3007 5282 cordis
3051 5226 3397 5287 hominibus,

1812 5345 2025 5400 proque
2082 5326 2581 5398 impmnitentibus,
2636 5324 2809 5380 dicit:
2864 5342 2882 5375 ‹
2944 5321 3222 5391 Numquid
3288 5334 3400 5373 non

1814 5429 1995 5491 potest
2018 5419 2284 5474 Dominus
2304 5433 2401 5472 vos
2421 5418 2603 5472 salvos
2632 5416 2815 5470 facere
2843 5414 2866 5466 ?
2891 5412 2984 5468 sed
3013 5421 3240 5481 propter
3264 5423 3395 5477 pec.

1814 5521 1935 5567 cata
1975 5519 2157 5565 vestra
2193 5509 2397 5564 avertit
2426 5508 2625 5563 faciem
2664 5521 2821 5562 suam
2862 5521 2890 5559 a
2926 5502 3104 5567 vobis,
3139 5499 3267 5569 quia
3299 5512 3397 5551 ne-

1813 5619 1901 5657 mo
1931 5603 2079 5673 jnsta
2120 5600 2392 5673 loquitur,
2421 5615 2603 5671 neque
2630 5606 2713 5656 est
2734 5595 3006 5671 judicium
3044 5606 3235 5647 verum
3266 5590 3332 5644 ".
3372 5606 3397 5643 ι
