4028 6526
537 341 671 403 1663

1804 341 2169 402 ANTIOCHI
2209 340 2557 402 MONACHI

3660 333 3783 399 lilﬁi,

527 453 634 510 Sed
667 461 723 510 et
756 452 934 507 alter:
976 468 993 500 ι
1033 448 1207 516 Quam
1239 451 1443 504 bonum
1484 460 1589 513 est,
1626 466 1751 505 cum
1796 453 1888 521 qui
1936 468 2096 506 coar-

2205 451 2453 505 ἑκούσιον
2510 450 2802 522 ἁμαρτίαν.
2850 468 2866 501 ι
2923 450 3031 502 Καὶ
3088 449 3284 509 πάλιν,
3322 465 3340 497 ι
3378 447 3684 517 Ἥμαρτες,
3718 449 3785 515 μή

524 544 731 613 guitur,
764 542 1116 597 manifestare
1176 540 1600 610 pcenitentiaml
1640 541 1721 595 sic
1766 542 1915 595 enim
1959 539 2104 594 ellu-

524 638 641 707 gies
666 634 1039 689 voluntarium
1070 640 1356 702 peccatum
1389 632 1453 685 ²⁵.
1499 652 1515 683 ι
1556 633 1809 687 Rursus:
1856 652 1873 684 ι
1909 633 2108 688 Pecca-

526 728 634 781 sti?
660 743 730 782 ne
755 726 927 782 addas
955 728 1097 781 ultra
1130 744 1145 794 ;
1180 729 1275 783 sed
1306 738 1362 783 et
1384 746 1485 799 pro
1517 728 1759 799 peccatis
1801 728 1913 781 tuis
1952 728 2106 796 prio-

526 820 681 875 ribus
708 820 1012 890 deprecare
1044 822 1111 873 ’⁵.
1143 840 1161 871 ι
1195 820 1415 875 lnducit
1443 821 1575 875 item
1607 840 1619 875 :
1667 839 1685 871 ι
1729 818 1896 886 Quasi
1917 819 2105 874 afacie

525 913 806 981 serpentis
869 912 991 981 fuge
1022 928 1053 965 a
1099 922 1326 983 peccato
1353 915 1399 945 ’⁸
1432 931 1446 978 ;
1493 931 1511 964 ι
1546 932 1643 963 -ι
1684 911 1915 981 Sapiens
1956 912 2105 965 enim

527 1002 723 1055 timore
769 1011 1061 1071 correptus
1111 1002 1410 1057 declinata
1458 1003 1603 1056 malo
1627 1003 1695 1056 ’⁵.
1740 1023 1757 1054 ι
1790 1002 1895 1057 Job
1924 1003 2055 1057 item
2088 1021 2101 1055 :

530 1113 547 1143 ι
588 1094 745 1158 Quod
786 1093 831 1148 si
861 1102 1152 1164 postquam
1188 1096 1446 1165 peccavi,
1482 1096 1795 1149 voluntarie
1833 1095 2105 1150 occultavi

526 1195 814 1255 peccatum
842 1202 1047 1251 meum,
1073 1202 1184 1242 non
1217 1189 1366 1242 enim
1397 1188 1673 1243 reveritus
1726 1187 1807 1242 sic
1839 1203 1959 1242 sum
2007 1203 2102 1242 co-

526 1279 734 1347 piosam
781 1280 1197 1334 multitudinem
1248 1280 1510 1344 civitatis,
1550 1280 1852 1349 quominus
1899 1280 2100 1348 prode-

528 1386 665 1436 rem,
697 1371 998 1427 conﬁterer
1041 1381 1095 1427 et
1140 1373 1457 1443 evulgarem
1511 1372 1644 1426 illud
1684 1373 1738 1426 in
1800 1384 2104 1442 conspectu

525 1466 802 1519 eorum”.
829 1484 843 1516 ι
874 1467 940 1519 Et
972 1465 1025 1518 in
1055 1466 1284 1520 Actibus
1314 1466 1514 1519 Petrus
1545 1466 1895 1520 multitudini
1920 1464 2059 1518 dixit
2087 1483 2099 1517 :

530 1574 547 1607 ι
586 1556 937 1611 Poenitemini
971 1556 1138 1626 igitur
1181 1565 1235 1611 et
1267 1556 1657 1611 convertimini
1679 1598 1699 1631 ,Α
1721 1568 1781 1610 ιιι
1812 1556 2103 1610 deleantur

524 1658 745 1717 peccata
775 1657 975 1713 vestra,
1013 1648 1058 1703 si
1094 1648 1316 1717 quando
1352 1649 1617 1702 venerint
1660 1658 1907 1716 tempora
1936 1647 2104 1702 refri-

522 1740 659 1809 gerii
688 1741 789 1794 ³⁰.ι
821 1742 887 1795 Ει
928 1756 1048 1803 nos,
1082 1740 1417 1805 charissimi,
1446 1740 1911 1809 quemadmodum
1942 1754 2106 1809 supe-

524 1833 640 1888 rius
684 1834 821 1888 mihi
874 1834 1084 1889 dictum
1119 1846 1225 1896 est,
1280 1850 1384 1889 una
1431 1834 1697 1904 poeniteat
1717 1834 1842 1888 vita:
1870 1834 2095 1903 prioris,

524 1928 689 1982 corde
722 1943 949 1998 prorsus
983 1929 1223 1994 sincero,
1264 1944 1294 1982 a
1324 1929 1482 1981 malis
1510 1941 1633 1996 quae
1661 1926 1763 1995 ipsi
1792 1926 2061 1996 gessimus
2082 1968 2095 1990 ,

520 2033 820 2073 conversos
863 2018 931 2071 ad
979 2018 1173 2082 Deum,
1225 2033 1289 2072 ac
1350 2018 1644 2072 dicentes:
1701 2018 2097 2083 Peccavimus,

520 2106 792 2176 prepitius
838 2115 960 2160 esto
990 2123 1003 2170 ;
1031 2106 1219 2176 inique
1262 2108 1498 2177 egimus,
1524 2108 1775 2162 condona
1805 2125 1818 2173 ;
1862 2107 2097 2163 oil‘endi-

489 2194 659 2263 'mus,
687 2199 985 2253 conciliare
1044 2208 1102 2253 tu
1164 2200 1347 2255 nobis.
1392 2201 1647 2270 Expurga
1686 2216 1811 2265 nos,
1846 2203 2099 2271 exemplo

518 2289 823 2345 meretricis
848 2292 1017 2357 illius,
1038 2301 1093 2346 ut
1117 2293 1475 2362 publicanum
1496 2293 1649 2346 illum
1673 2308 1775 2347 nos
1794 2294 2096 2348 etiamnum

517 2379 768 2451 iustifica.
799 2384 995 2438 Veniat
1027 2400 1194 2454 super
1226 2400 1311 2439 me
1366 2384 1749 2439 misericordia
1777 2395 1889 2451 tua,
1928 2401 2097 2455 super

517 2494 600 2532 me
636 2477 891 2532 roscidus
924 2478 1125 2532 humor
1150 2480 1462 2533 clementiae
1492 2488 1598 2533 tuae
1626 2478 1880 2543 distillet,
1914 2496 2096 2550 neque

514 2572 665 2625 sinas
701 2586 787 2625 me
824 2571 1133 2625 venundari
1186 2571 1366 2640 pretio
1417 2579 1769 2640 peccatorum
1819 2586 2093 2637 meorum,

516 2664 811 2733 nequando
881 2662 1290 2717 obdormiscam
1335 2672 1390 2717 et
1447 2662 1687 2717 emoriar
1750 2662 2095 2715 amarissima

516 2766 692 2812 morte
721 2756 967 2826 peccati;
999 2755 1132 2827 quin
1169 2757 1354 2825 potius
1401 2755 1609 2810 redime
1656 2770 1741 2809 me
1779 2770 1809 2809 a
1838 2755 2093 2824 praesenti

514 2850 716 2905 saeculo
753 2865 1009 2919 nequam.
1051 2848 1273 2917 lndulge
1320 2848 1453 2902 mihi
1489 2847 1828 2917 ptenitentia:
1854 2855 2090 2917 tempus,

514 2944 696 2997 locum
737 2942 1033 3013 purgandae
1063 2940 1417 2995 conscientia:
1466 2940 1707 3009 imparti.
1740 2959 1757 2991 ι
1796 2940 1915 2995 Non
1945 2941 2091 2996 enim

514 3044 597 3091 est
644 3052 751 3105 pax
796 3035 851 3089 in
901 3034 1118 3089 ossibus
1157 3032 1296 3088 meis
1330 3049 1360 3088 a
1392 3033 1530 3087 facie
1566 3041 1917 3103 peccatorum
1946 3049 2094 3088 meo-

2208 544 2449 614 προσθῇς
2512 545 2615 608 ἔτι,
2640 545 2733 596 καὶ
2784 543 2909 611 περὶ
2940 541 3047 594 τῶν
3096 541 3381 611 προτέρων
3416 557 3510 591 σου
3549 540 3782 609 δεήθητι.

2215 654 2233 685 ι
2273 635 2382 686 Kal.
2434 635 2649 702 ἐπάγει,
2686 652 2703 684 ι
2754 633 2841 695 Ὠς
2892 632 2998 685 ἀπὸ
3058 630 3352 700 προσώπου
3398 630 3574 697 ὄφεως
3626 629 3782 696 φεῦγε

2207 724 2315 775 ἀπὸ
2366 724 2666 794 ἁμαρτίας.
2728 742 2744 773 ι
2775 754 2846 763 -—
2881 740 2899 773 ι
2938 724 3106 791 Σοφδς
3136 724 3245 792 γὰρ
3274 722 3535 791 φοῦηθεὶς
3582 720 3785 785 ἐξέκλι-

2208 832 2297 867 νεν
2342 816 2450 869 ἀπὸ
2479 816 2671 870 κακοῦ.
2710 835 2727 865 ›
2767 817 2933 885 Φησὶν
2953 816 3009 868 δὲ
3036 815 3130 867 και¹
3159 817 3186 866 ὁ
3221 814 3363 877 Ἰὼϐ,
3392 833 3410 866 ι
3450 815 3513 866 Ei
3542 813 3651 881 γὰρ
3697 815 3783 867 καὶ

2209 905 2472 977 ἁμαρτὼν
2517 906 2808 971 ἑκουσίως,
2844 906 3055 976 ἔκρυψα
3090 906 3189 975 τὴν
3241 904 3516 974 ἁμαρτίαν
3552 921 3656 973 μου
3679 920 3691 933 ·
3725 906 3779 956 οὗ

2208 998 2317 1069 γὰρ
2345 998 2641 1069 διετράπην
2662 996 2986 1067 πολυοχλίαν
3016 997 3243 1059 πόλεως.
3264 997 3358 1048 τοῦ
3393 995 3466 1065 μὴ
3498 995 3776 1066 ἐξαγορεῦ-

2212 1106 2301 1141 σαι
2350 1088 2582 1143 ἐνώπιον
2633 1089 2834 1142 αὐτῶν.
2874 1108 2892 1140 ι
2930 1088 3040 1142 Καὶ
3073 1090 3129 1141 ὲν
3170 1090 3290 1149 ταῖς
3324 1088 3594 1159 Πραξεσιν
3624 1090 3652 1140 ὁ
3686 1088 3782 1140 [lsi-

2208 1197 2335 1250 τρος
2368 1180 2446 1250 τῷ
2480 1180 2676 1250 πλήθει
2702 1198 2713 1211 ·
2744 1200 2763 1233 ι
2789 1182 3172 1251 Μετανοήσατε
3200 1175 3294 1232 οὖν
3326 1180 3422 1232 καὶ⁷
3453 1180 3781 1249 ἐπιστρέψα-

2211 1270 2324 1335 σθε,
2356 1272 2435 1334 είς
2463 1271 2525 1324 τὸ
2583 1270 2969 1341 ἐξαλειφθῆναι
3000 1270 3152 1339 ὑμῶν
3177 1270 3277 1333 τὰς
3314 1270 3614 1340 ἁμαρτίας,
3641 1271 3783 1332 ὅπω;

2209 1362 2274 1416 ἂν
2305 1362 2534 1416 ἔλθωσιν
2569 1365 2752 1434 καιροὶ
2777 1364 3113 1433 ἀναψύξεως.
3156 1382 3174 1415 ι
3210 1364 3321 1415 Καὶ
3354 1364 3537 1433 ἡμεῖς,
3570 1364 3784 1431 ἀγαπη-

2206 1456 2309 1515 τοὶ,
2350 1455 2533 1517 καθὼς
2563 1456 2913 1526 προείρηται,
2944 1458 3001 1521 ἐξ
3046 1455 3376 1527 εἰλικρινοῦς
3422 1456 3654 1523 καρδίας
3689 1472 3783 1524 με-

2205 1546 2559 1616 τανοήσωμεν
2615 1547 2723 1599 ἀπὸ
2764 1546 2872 1599 τῶν
2926 1546 3130 1612 κακῶν,
3169 1540 3245 1600 ὧν
3294 1548 3637 1615 ἐπράξαμεν,
3671 1550 3785 1599 ἐπι-

2208 1638 2536 1707 στραφέντες
2560 1640 2694 1708 πρὸς
2712 1640 2801 1691 τὸν
2819 1638 2971 1702 Θεὸν,
2998 1640 3091 1691 καὶ
3113 1640 3384 1706 λέγοντες,
3404 1640 3781 1707 Ἦμάρτομεν,

2209 1727 2455 1797 ἱλάσθητι
2480 1741 2493 1755 ⁸
2524 1730 2899 1798 ὴνομήσαμεν,
2950 1728 3305 1800 συγχώρησον
3334 1747 3345 1760 ·
3374 1729 3784 1801 προσεκρούσα-

2135 1795 2177 1849 Β
2209 1838 2328 1889 μεν,
2361 1795 2756 1891 καταλλάγηθι.
2780 1795 2883 1883 "0.;
2930 1795 3291 1892 tijvmndpv'qv
3342 1795 3643 1894 καθάρισον
3666 1840 3679 1853 ο
3710 1824 3786 1886 ὡς

2202 1912 2291 1964 τὸν
2348 1909 2585 1980 τελώνην
2646 1912 2967 1965 δικαίωσον·
3002 1914 3204 1966 ἐλθέτω
3255 1915 3340 1967 ἐπ’
3372 1915 3473 1984 ἐμὲ
3523 1916 3585 1967 τὸ
3639 1916 3784 1979 ἔλεός

2206 2019 2298 2055 σου
2323 2018 2335 2030 ·
2379 2002 2725 2062 ὲπισταξάτω
2755 2003 2842 2055 ἐπ’
2877 2004 2974 2071 ἐμὲ
3015 2006 3048 2073 ή
3094 2004 3473 2076 φιλανθρωπία
3526 2023 3645 2060 σου.
3678 2008 3786 2059 Καὶ

2207 2094 2280 2163 μὴ
2344 2096 2671 2165 συγχωρήσῃ
2721 2112 2787 2165 με
2842 2097 3116 2166 πραθῆναι
3154 2100 3274 2160 ταῖς
3324 2098 3625 2167 ἁμαρτίαις
3662 2116 3783 2164 pm.

2206 2185 2328 2254 μηδ’
2353 2186 2597 2239 ὑπνῶσαί
2621 2187 2714 2240 καὶ
2732 2188 3024 2241 ἀποθανεῖν
3046 2189 3138 2242 τὸν
3166 2190 3360 2259 πικρὸν
3386 2190 3483 2259 τῆς
3508 2190 3785 2259 ἁμαρτίας

2203 2278 2454 2343 θάνατον,
2502 2278 2619 2331 ἀλλ’
2665 2280 2999 2350 ὲξαγόρασόν
3056 2299 3123 2352 με
3181 2282 3289 2334 ἀπὸ
3339 2281 3434 2334 τοῦ
3488 2282 3785 2343 ἐνεστῶτος

2201 2372 2397 2437 αἰῶνος
2426 2374 2686 2443 πονηροῦ.
2722 2375 2822 2436 Δός
2856 2391 2946 2443 μοι
2978 2373 3169 2442 καιρὸν
3209 2375 3522 2443 μετανοίας,
3560 2376 3659 2426 καὶ
3697 2376 3756 2425 τό

2202 2476 2301 2513 πον
2330 2462 2648 2530 ἀπολογίας,
2683 2463 2764 2516 ὅτι
2803 2481 2821 2513 ι
2863 2464 2976 2516 Οὐκ
3000 2462 3154 2516 ἔστιν
3184 2466 3374 2536 είρήνη
3430 2468 3547 2527 τοῖς
3575 2466 3783 2527 ὀστέοις

2208 2572 2311 2625 μου
2342 2555 2451 2608 ἀπὸ
2481 2556 2777 2621 προσώπου
2808 2555 2917 2609 τῶν
2944 2556 3228 2627 ἁμαρτιῶν
3261 2575 3363 2626 μου
3384 2573 3398 2587 ’
3436 2558 3517 2610 ὅτι
3568 2560 3623 2612 αἱ
3661 2560 3783 2610 ἀνο-

2203 2647 2323 2715 μίαι
2351 2665 2453 2715 μου
2489 2648 2772 2719 ὑπερῆραν
2799 2649 2896 2718 τὴν
2930 2650 3173 2720 κεφαλήν
3205 2665 3329 2720 μου.
3376 2650 3522 2702 Ὠσεὶ
3567 2653 3783 2723 φορτίον

2202 2742 2339 2813 βαρὺ
2365 2741 2748 2811 ὲὸαρύνθησαν
2778 2740 2865 2793 ἐπ’
2890 2741 3009 2808 ὲμέ.
3042 2741 3167 2793 Ἐὰν
3194 2741 3303 2809 γὰρ
3337 2742 3574 2807 ἀνομίας
3603 2759 3782 2812 παρα·

2199 2834 2465 2904 τηρήσῃς,
2494 2832 2691 2903 Κύριε,
2717 2830 2910 2901 Κύριε,
2942 2831 3027 2893 τίς
3058 2831 3424 2900 ὑποστήσεται
3451 2851 3465 2898 ;
3505 2833 3589 2885 ὅτι
3626 2834 3778 2903 παρὰ

2202 2925 2294 2977 σοῦ
2326 2922 2553 2995 ἱλασμός
2594 2926 2762 2977 ἐστιν.
2804 2942 2821 2973 ι
2857 2922 3246 2993 Πιστεύσωμεν
3300 2919 3394 2976 οὖν
3442 2924 3519 2993 τῷ
3569 2924 3709 2995 Θεῷ,
3733 2929 3781 2978 οἱ

2200 3015 2289 3069 διὰ
2335 3016 2435 3079 τὰς
2480 3016 2756 3085 ἁμαρτίας
2814 3016 2971 3086 ήμῶν
3032 3017 3415 3085 ἀπεγνωκότες
3472 3020 3571 3089 τῆς
3641 3020 3783 3089 ζωῆς

516 3142 663 3192 rum,
696 3128 824 3196 quia
848 3126 1169 3196 iniquitates
1199 3140 1336 3179 meae
1364 3139 1738 3195 supergressa:
1765 3132 1895 3179 sunt
1929 3133 2095 3195 caput

2204 3108 2401 3178 ἡμῶν·
2439 3110 2534 3161 καὶ
2586 3107 3005 3179 ἐπιστρέψωμεν
3061 3110 3198 3179 πρὸς
3259 3109 3470 3182 Κύριον
3524 3112 3615 3164 τὸν
3650 3114 3781 3164 Θεὲν

516 3234 721 3282 meum,
738 3220 881 3273 sicut
902 3235 1043 3273 onus
1068 3234 1231 3289 grave
1249 3227 1487 3288 gravata:
1508 3227 1635 3271 sunt
1661 3233 1829 3286 super
1847 3232 1933 3271 me
1954 3217 1996 3248 ³³
2024 3235 2038 3270 :
2070 3236 2087 3269 ι

514 3311 741 3375 etenim,
782 3329 800 3362 ι
841 3311 1094 3375 Domine,
1129 3312 1173 3366 si
1199 3310 1942 3379 observaverisiniquitates,
1966 3309 2094 3379 quis

515 3403 846 3459 sustinebit?
869 3403 998 3473 quia
1017 3404 1161 3473 apud
1190 3412 1239 3458 te
1262 3400 1583 3473 propitiatio
1612 3409 1697 3456 est
1720 3400 1785 3454 ³¹.
1824 3419 1842 3452 ›
1881 3399 2093 3473 1147

514 3496 813 3552 Credamus
830 3496 1239 3567 igiturDeo,qui
1253 3514 1284 3551 ιι
1295 3494 2094 3567 rgentibuspeccatis,pr0pria:

514 3590 638 3644 vita:
668 3605 822 3660 spem
861 3589 1183 3660 abiecimus,
1210 3597 1266 3644 et
1289 3596 1677 3643 convertamur
1704 3587 1769 3640 ad
1797 3585 2092 3642 Dominum

513 3682 685 3735 Deum
718 3680 775 3733 iu
806 3680 1153 3750 plenitudine
1181 3678 1365 3733 cordis
1399 3679 1595 3738 nostri,
1624 3686 1921 3746 operantes
1948 3678 2091 3732 inte-

513 3770 617 3824 rim
644 3768 935 3839 justitiam,
967 3768 1228 3839 quodque
1256 3774 1510 3837 superest
1539 3765 1665 3819 vitae
1695 3766 1861 3820 istius
1888 3774 2092 3821 nostra:

512 3868 791 3915 vertamus
820 3860 875 3914 in
908 3860 1209 3932 legitimam
1239 3859 1415 3929 ipsius
1450 3858 1776 3913 servitutem
1808 3872 1914 3927 pro
1946 3858 2091 3912 bona

510 3952 629 4023 ejus
663 3956 969 4017 voluntate,
1002 3960 1062 4005 ut
1115 3950 1386 4005 medelam
1436 3959 1665 4004 accuret
1699 3948 2091 4004 oblitterandis

512 4042 709 4112 prioris
757 4043 884 4099 vita:
933 4042 1176 4107 delictis,
1210 4042 1483 4112 nobisque
1506 4042 1770 4096 virtutem
1804 4049 2089 4112 suggerat.

510 4150 618 4204 qua
646 4134 913 4189 adversus
946 4143 1257 4189 commenta
1285 4133 1576 4188 diabolica:
1604 4133 1963 4204 malignitatis
1984 4132 2087 4202 ipsi

511 4225 918 4293 prazvaleamus.
972 4224 1450 4279 Terriculamenta
1498 4224 1743 4279 minasve
1786 4224 1908 4293 ejus
1948 4223 2086 4276 nihil

510 4315 736 4369 omnino
767 4323 851 4369 est
883 4315 1030 4385 quod
1062 4316 1372 4370 timeamus.
1408 4314 1693 4369 Emarcuit
1738 4314 1887 4368 enim
1942 4314 2088 4370 illius

511 4406 712 4474 impuri
750 4406 949 4469 virtus,
983 4406 1140 4475 quasi
1182 4405 1338 4460 nervi
1388 4404 1755 4475 praemortui;
1788 4404 1934 4470 Quin
1985 4419 2085 4474 pn-

2199 3198 2359 3269 ήμῶν
2388 3198 2449 3263 ἐξ
2496 3199 2623 3270 ὅλης
2672 3202 2771 3270 τῆς
2797 3199 3025 3271 καρδίας
3064 3199 3222 3270 ήμῶν
3248 3216 3259 3230 ·
3293 3202 3386 3255 καὶ
3412 3201 3777 3271 ὲργασώμεθα

2196 3289 2294 3361 τὴν
2325 3290 2669 3361 δικαιοσύνην
2698 3292 2796 3354 τὰς
2831 3292 3251 3363 λοιπὰςήμέρας
3286 3294 3385 3363 τῆς
3424 3294 3573 3363 ζωῆς
3601 3295 3778 3364 ἡμῶν,

2200 3386 2295 3439 καὶ
2329 3386 2704 3456 δουλεύσωμεν
2727 3388 2874 3457 αὐτῷ
2894 3390 3069 3459 ὀρθῶς
3096 3389 3238 3443 κατὰ
3268 3390 3329 3443 τὸ
3351 3390 3564 3460 θέλημα
3592 3390 3776 3443 αὑτοῦ·

2199 3480 2292 3532 καὶ
2337 3480 2552 3549 ποιήσει
2603 3482 2747 3533 ἴασιν
2798 3484 2909 3543 τοῖς
2958 3483 3243 3553 προτέροις
3282 3482 3441 3552 ἡμῶν
3474 3486 3781 3553 παραπτώ-

2200 3588 2359 3639 μασι.
2392 3572 2501 3625 Καὶ
2536 3571 2737 3641 ἔχομεν
2779 3572 3008 3641 δύναμιν
3045 3573 3137 3626 τοῦ
3188 3574 3631 3645 κατακυριεῦσαι
3673 3576 3782 3628 τῶν

2195 3663 2372 3734 ἔργων
2404 3664 2497 3718 τοῦ
2525 3664 2795 3719 διαϐόλου.
2835 3666 2948 3736 Τὴν
2984 3666 3041 3719 δὲ
3075 3667 3305 3737 ἀπειλὴν
3335 3668 3504 3721 αὑτοῦ
3530 3669 3671 3731 ὅλως
3709 3669 3783 3738 μὴ

2194 3756 2523 3827 φοϐηθῶμεν
2552 3775 2563 3786 ·
2608 3757 2795 3821 ἄτονος
2828 3759 2937 3829 γάρ
2966 3760 3115 3812 ἐστιν
3140 3802 3154 3824 ,
3186 3760 3375 3831 ὥσπερ
3408 3759 3608 3831 νεκροῦ
3661 3760 3782 3813 νεῦ-

2195 3864 2299 3917 ρα’
2357 3847 2493 3901 ἀλλά
2545 3849 2871 3919 φοϐηθῶμεν
2934 3851 3025 3904 τὸν
3082 3852 3494 3920 παντοδύναμον
3550 3851 3780 3923 Κύριον,

2193 3940 2287 3992 καὶ
2312 3938 2413 4002 τὰς
2448 3939 2670 4003 ἐντολὰς
2713 3941 2875 3993 αὑτοῦ
2924 3941 3270 4010 φυλάξωμεν,
3309 3944 3404 3994 καὶ
3433 3943 3693 4013 ζήσωμεν
3724 3946 3781 3997 ὲν

2192 4028 2363 4098 αὐτῷ.
2423 4030 2532 4082 Καὶ
2616 4030 2711 4083 ἐὰν
2773 4031 2915 4084 οὕτω
2964 4032 3103 4101 μετὰ
3153 4032 3474 4101 στεναγμῶν
3541 4034 3638 4086 καὶ
3686 4036 3779 4086 δα-

2192 4122 2373 4192 κρύων
2399 4122 2766 4190 ἱκετεύσωμεν
2794 4124 2929 4191 πρὸς
2959 4123 3143 4185 αὑτὸν,
3162 4124 3305 4190 λέξει
3335 4125 3429 4177 καὶ
3457 4126 3596 4196 πρὸς
3630 4128 3776 4196 ἡμᾶς

2190 4213 2279 4267 διὰ
2318 4213 2579 4284 Ἰεζεκιὴλ
2628 4213 2722 4267 τοῦ
2781 4216 3063 4286 προφήτου
3090 4233 3103 4245 ·
3143 4234 3161 4267 ι
3198 4216 3285 4269 Ζῶ
3316 4216 3448 4284 ἐγὼ,
3475 4217 3627 4285 λέγει
3658 4219 3776 4271 Κύ-

2194 4322 2328 4377 ριος,
2364 4307 2425 4359 οὐ
2450 4305 2712 4377 βούλομαι
2746 4307 2839 4361 τὸν
2867 4307 3100 4362 θάνατον
3129 4308 3222 4362 τοῦ
3250 4310 3601 4380 ἀμαρτωλοῡ,
3619 4312 3693 4375 ὡς
3715 4314 3775 4365 τὸ

2190 4398 2517 4469 ἐπιστρέψαι
2557 4400 2650 4453 καὶ
2708 4399 2806 4470 ζῇν
2830 4401 3012 4455 αὐτόν.
3053 4420 3072 4453 ι
3106 4403 3218 4455 Καὶ
3244 4400 3419 4468 αὖθις,
3462 4422 3481 4455 ι
3528 4405 3619 4459 Ἑν
3649 4400 3774 4478 ﬂia

510 4497 619 4553 tius
644 4498 1079 4568 omnipotentem
1103 4497 1393 4552 Dominum
1418 4512 1795 4560 revereamur,
1822 4497 1972 4551 illius
1991 4496 2089 4551 ob-

2200 4492 2375 4562 ήμέρᾳ
2428 4491 2731 4563 ἐπιστρέψῃ
2766 4495 2795 4545 ὁ
2839 4492 3041 4563 ἄνομος
3068 4494 3131 4545 ὲκ
3166 4495 3355 4548 πασῶν
3384 4496 3494 4549 τῶν
3533 4498 3773 4566 ἀνομιῶν

508 4605 794 4645 servemus
814 4590 1095 4654 mandata,
1122 4598 1289 4659 atque
1320 4588 1376 4643 in
1413 4588 1519 4643 hoc
1544 4588 1718 4643 vitam
1742 4589 2083 4658 expleamus.

2200 4581 2377 4646 ιὺτοῦ,
2413 4584 2509 4636 καὶ
2562 4584 2779 4653 ποιήσει
2813 4583 3184 4655 δικαιοσύνην,
3214 4587 3275 4639 οὐ
3312 4590 3384 4657 μὴ
3437 4589 3663 4660 μνησθῶ
3693 4589 3772 4642 ἔτι

507 4682 559 4735 Si
594 4681 660 4736 ad
690 4696 817 4736 eum
852 4681 1074 4738 modum
1108 4696 1234 4736 cum
1268 4680 1477 4751 gemitu
1508 4695 1573 4735 ac
1608 4680 1867 4751 lacrymis
1892 4680 2080 4749 ipsum

2200 4674 2252 4727 τὰ
2306 4675 2686 4746 ἁμαρτήματα
2733 4676 2920 4731 αὑτοῦ.
2968 4696 2985 4728 ι
3026 4707 3096 4717 --
3129 4695 3146 4727 ι
3185 4679 3365 4732 Πολλὰ
3397 4680 3508 4751 γὰρ
3558 4682 3771 4735 ποθεῖὸ

506 4772 784 4842 supplices
838 4771 1098 4826 obtestati
1146 4770 1438 4834 fuerimus,
1487 4770 1683 4840 utique
1726 4769 2085 4839 respondebit

2200 4766 2391 4839 ἰύριος
2415 4768 2512 4839 τὴν
2535 4769 2692 4839 ήμῶν
2718 4770 3014 4840 σωτηρίαν.
3049 4790 3066 4822 ι
3102 4774 3272 4843 Φησὶν
3301 4772 3407 4843 γὰρ
3438 4776 3552 4837 τοίς
3577 4776 3769 4827 ἑαυτοῦ

506 4866 653 4935 quod
708 4880 808 4935 per
862 4864 1211 4919 Ezechielem
1278 4864 1609 4934 prophetam
1655 4862 1840 4917 dixit:
1888 4879 1906 4914 ι
1943 4862 2083 4919 Vivo

2200 4861 2475 4932 ιαθηταῖς,
2515 4880 2533 4912 ι
2558 4861 2762 4929 Λέγετε
2788 4862 2993 4926 αὐτοῖς,
3013 4864 3345 4918 Μετανοεῖτε
3366 4882 3379 4894 ·
3409 4866 3645 4936 ἤγγικεν
3666 4868 3771 4937 γὰρ

507 4973 627 5027 ego,
660 4957 795 5011 dicit
828 4958 1118 5022 Dominus,
1153 4957 1280 5027 quia
1310 4957 1437 5010 nolo
1476 4963 1713 5009 mortem
1742 4954 2076 5023 peccatoris,

2200 4954 2225 5024 ή
2261 4952 2506 5021 βασιλεία
2531 4953 2639 5005 τῶν
2671 4953 2940 5023 οὐρανῶν.
2984 4975 3002 5007 ι
3044 4956 3144 5009 Διὰ
3192 4958 3351 5010 τοῦτο
3402 4958 3509 5028 γὰρ
3551 4959 3768 5011 καταλι-

507 5050 679 5118 magis
728 5058 913 5104 autem
952 5059 1012 5104 ut
1063 5056 1423 5105 convertatur
1461 5057 1519 5101 et
1559 5046 1707 5100 vivat
1744 5047 1810 5099 ³³.
1860 5065 1878 5097 ι
1925 5046 2078 5100 Rur-

2200 5044 2305 5099 πὼν
2328 5046 2396 5098 τὰ
2425 5046 2779 5116 ἐννενήκοντα
2805 5048 2958 5101 ἐννέα
2989 5050 3239 5117 πρόϐατα
3270 5053 3327 5102 ὲν
3354 5050 3430 5119 τῷ
3461 5050 3575 5120 ὄρει
3599 5054 3627 5103 ὀ
3658 5070 3765 5104 ποι-

508 5156 602 5195 sus
640 5158 653 5194 :
699 5160 717 5193 ι
758 5142 817 5195 1η
870 5158 1204 5213 quacunque
1251 5142 1341 5196 die
1401 5156 1703 5195 conversus
1752 5139 1923 5194 fuerit
1975 5139 2080 5193 ini-

2200 5137 2354 5209 μὴνὸ
2391 5137 2576 5201 καλὸς,
2630 5140 2917 5209 πορεύεται
2978 5141 3158 5210 ζητῶν
3212 5144 3272 5195 τὸ
3325 5143 3643 5207 ἀπολωλὸς,
3677 5146 3765 5197 καὶ

510 5247 653 5302 quus
715 5233 784 5287 ab
844 5234 1106 5289 omnibus
1167 5234 1553 5304 iniquitatibus
1614 5232 1747 5293 suis.
1774 5242 1829 5286 et
1882 5230 2081 5286 fecerit

2200 5227 2357 5300 :bpdw
2386 5226 2640 5298 βαστάζει
2692 5232 2784 5283 ἐπὶ
2815 5232 2943 5295 τοὺς
2971 5230 3156 5301 ὤμους
3188 5232 3354 5285 αὑτοῦ
3408 5234 3636 5303 χαίρων,
3670 5236 3763 5285 καὶ

508 5324 794 5394 justitiam,
827 5340 936 5378 non
995 5334 1161 5379 erunt
1226 5327 1369 5380 ultra
1432 5325 1485 5379 iu
1532 5324 1795 5379 memoria
1856 5334 2081 5391 peccata

2200 5321 2447 5390 ιυγκαλεῖ
2504 5323 2601 5385 τὰς
2654 5324 2766 5377 ἄνω
2821 5324 3100 5395 δυνάμεις,
3128 5328 3337 5396 χαίρων
3406 5327 3500 5381 καὶ
3569 5327 3761 5394 λέγων,

508 5416 657 5471 illius
684 5416 749 5470 “.
803 5437 820 5469 ι
873 5417 1154 5472 Desiderat
1187 5437 1205 5467 ι
1246 5418 1515 5472 Dominus
1557 5432 1892 5487 magnopere
1931 5416 2081 5470 salu-

2200 5436 2205 5467 ι
2242 5414 2690 5489 Συγχάρηθη[τέ]
2734 5434 2844 5486 μοι,
2876 5417 2957 5469 ὅτι
2982 5410 3140 5488 εὖρον
3169 5418 3229 5471 τὸ
3266 5416 3564 5479 ἀπολωλός.
3608 5436 3624 5467 ι
3659 5418 3763 5469 Καὶ

508 5517 617 5565 tem
679 5517 922 5565 nostram
967 5510 1031 5563 ⁷⁸.
1083 5528 1102 5561 ι
1154 5509 1301 5563 Dixit
1360 5510 1507 5565 enim
1566 5509 1855 5579 discipulis
1908 5508 2022 5562 suis
2067 5526 2079 5560 :

2200 5510 2401 5575 ιπέιγει,
2439 5527 2458 5561 ι
2506 5508 2666 5577 Λέγω
2700 5508 2829 5577 ὑμῖν
2874 5509 2954 5562 ὅτι
2998 5508 3170 5573 οὕτως
3230 5507 3378 5577 χαρὰ
3404 5507 3555 5560 ἔσται
3600 5509 3657 5559 ἐν
3690 5506 3761 5573 τῷ

565 5636 1023 5715 ’¹⁵Ειὲοιί.χχ,‹1.
1100 5649 1345 5705 "Eccli.
1410 5666 1519 5712 χχι,
1558 5650 1601 5702 ι.
1681 5648 1725 5678 ’τ
1778 5646 1913 5700 ιι)ι‹ι.
1992 5644 2096 5699 ιπι

2200 5663 2239 5699 v.
2295 5663 2402 5711 νιν,
2438 5646 2523 5701 lii.
2633 5648 2678 5678 ’θ
2710 5647 2812 5702 Joh
2875 5664 3019 5709 χχχι,
3052 5648 3143 5707 55,
3180 5647 3265 5700 Si.
3348 5646 3391 5676 ³⁸
3424 5644 3539 5699 Act.
3569 5661 3643 5701 ut.
3679 5646 3754 5697 i9.

581 5722 619 5750 ³¹
648 5721 787 5776 Psal.
818 5738 1021 5787 xxxvii,
1056 5722 1108 5785 4,
1144 5722 1193 5776 5.
1309 5721 1349 5751 ³³
1386 5720 1525 5773 l‘sal.
1560 5734 1737 5784 ιῑχχιχ,
1775 5718 1827 5781 5,
1865 5719 1916 5773 4.
2036 5717 2079 5748 ³³

2200 5719 2309 5772 Ech.
2354 5734 2503 5780 χχιιι,
2532 5721 2624 5772 ξιτ).
2742 5719 2783 5750 ³³
2814 5720 3006 5773 Ezccli.
3044 5734 3230 5780 χχχιιι,
3262 5718 3346 5780 12,
3390 5716 3468 5768 l3.
3548 5716 3590 5745 ³³
3619 5715 3755 5768 Tim-

513 5808 575 5857 ιι,
607 5792 661 5848 4.

2633 5648 2678 5678 ’θ
2710 5647 2812 5702 Job
2875 5664 3019 5709 χχχι,
3052 5648 3143 5707 55,
3180 5647 3265 5700 Si.

2742 5719 2783 5750 ³³
2814 5720 3006 5773 Ezccli.
3044 5734 3230 5780 χχχιιι,
3262 5718 3346 5780 12,
3390 5716 3468 5768 l3.
