4028 6514
264 392 400 456 1565
1200 392 1524 452 HOMILIA
1560 393 1967 454 LXXVIII.--
1999 395 2095 453 DE
2135 396 2551 458 PATIENTIA.
3365 399 3502 462 166‘)

255 498 470 572 οὐρανῷ
513 499 606 552 ἐπί
652 499 728 552 ἐνὶ
759 497 1069 569 ἁμαρτωλῷ
1113 501 1462 569 μετανοοῦντι
1493 500 1523 570 ἢ
1557 501 1648 552 ἐπὶ
1676 502 1824 553 ἐννε-

1938 521 1954 551 ι
1991 503 2164 558 Dicite
2213 503 2292 558 eis
2323 521 2336 557 :
2373 504 2760 560 Pmnitentiam
2819 506 2983 576 agite,
3041 509 3506 579 appropinquavit

255 598 487 661 νήκοντα
538 591 695 644 ἐννέα
745 590 994 654 δικαίοις,
1027 589 1221 655 οἵτινες
1280 592 1342 644 οὑ
1404 593 1590 662 χρείαν
1634 592 1819 662 έχουσι

1937 593 2079 646 enim
2134 611 2362 664 regnum
2416 597 2679 650 caelorum
2714 596 2778 650 ³⁸.
2818 617 2833 648 ι
2873 598 2954 651 0b
2993 597 3096 652 hoc
3127 599 3273 653 enim
3330 601 3507 654 bonus

259 682 564 752 μετανοίας.
602 700 622 734 ι
652 680 810 752 Αὐτῷ
845 682 878 751 ἡ
915 681 1042 745 δόξα
1072 683 1150 742 εἰς
1187 681 1310 743 τοὺς
1364 682 1587 744 αἰῶνας.
1627 683 1819 752 Ἀμήν.

1937 685 2022 738 hic
2087 695 2295 754 pastor,
2331 687 2538 741 relictis
2598 688 2895 756 nonaginta
2948 704 3144 742 novem
3189 690 3406 755 ovibus,
3450 691 3502 744 in
3553 695 3558 733 .’

255 782 442 829 monte
475 772 766 827 erraticam
796 773 944 826 illam
972 771 1067 825 ubi
1094 771 1324 831 invenit.
1363 772 1677 840 impositam
1709 772 1954 827 humeris
2013 774 2184 829 refert
2235 775 2302 828 ad
2359 776 2572 829 caulam
2593 777 2856 846 gaudens.
2909 777 3188 832 Convocat
3242 779 3506 833 sublimes

253 864 378 919 illas
433 864 707 927 virtutes,
764 863 955 918 dicens
1017 880 1030 916 :
1087 880 1106 914 ι
1147 861 1620 932 Congratulamini
1684 863 1818 916 mihi
1852 864 1981 933 quia
2039 865 2219 942 inveni
2277 865 2547 935 perditam
2607 867 2752 920 illam
2816 867 3089 922 oviculam
3140 869 3203 924 ³⁷.
3243 888 3260 920 ›
3300 869 3367 923 Et
3419 869 3504 922 in—

253 956 454 1011 ducit:
497 975 515 1008 ι
551 958 682 1012 Dico
742 957 923 1021 vobis,
955 956 1084 1027 quia
1141 958 1222 1011 sic
1274 957 1382 1011 erit
1437 958 1702 1028 gaudium
1764 959 1820 1012 in
1891 960 2032 1015 ccelo
2105 977 2270 1031 super
2344 978 2453 1016 uno
2532 972 2820 1032 peccatore
2889 964 3269 1033 paenitentiam
3311 975 3503 1035 agente

254 1047 428 1118 magis
460 1062 626 1118 quam
675 1063 842 1119 super
894 1047 1190 1118 nonaginta
1240 1062 1441 1104 novem
1492 1049 1657 1120 justis
1728 1050 1966 1128 quilnon
2015 1051 2262 1124 indigent
2292 1053 2701 1124 poenitentia“.
2735 1074 2752 1105 ι
2795 1056 2901 1125 Ipsi
2958 1056 3131 1126 gloria
3175 1056 3230 1110 in
3283 1057 3504 1112 szecula.

253 1141 451 1198 Amen.

859 1258 1078 1313 ΛΟΓΟΣ
1117 1259 1244 1313 ΟΗ⁰.

2416 1258 2699 1314 HOMILIA
2737 1259 3021 1316 LXXVIII.

784 1372 924 1441 Περὶ
957 1370 1293 1442 ὑπομονῆς.

339 1487 526 1555 Ὀλίγα
565 1484 686 1540 τινὰ
728 1486 858 1555 περὶ
901 1484 1192 1557 μετανοίας
1239 1486 1372 1555 ἡμῖν
1413 1484 1835 1555 προδιαλεχθέν-

256 1597 372 1649 τες,
404 1580 646 1646 εἴπωμεν
672 1577 810 1632 Θεοῦ
851 1575 1244 1649 συνεργοῦντος
1269 1576 1364 1629 καὶ
1401 1578 1527 1647 περὶ
1555 1577 1836 1648 ὑπομονῆς

2509 1371 2586 1424 De
2620 1373 2909 1442 patientia.

2003 1482 2072 1537 Et
2107 1480 2326 1552 quidem
2375 1479 2443 1535 de
2485 1481 2814 1550 ptenitentia
2849 1499 2974 1537 cum
3012 1499 3286 1554 perpauca
3331 1488 3505 1544 disse-

1936 1576 2213 1630 ruerimus
2257 1573 2414 1628 vobis
2446 1573 2628 1642 priore
2653 1590 2926 1640 sermone,
2956 1588 3228 1646 superest,
3267 1581 3378 1634 Deo
3409 1596 3504 1636 eo-

255 1674 357 1742 τῆς
392 1670 670 1741 σωζοὺσης
708 1670 800 1722 τὸν
854 1669 1140 1741 ἄνθρωπον
1166 1683 1179 1698 ⁸
1213 1669 1313 1722 ὅσα
1341 1667 1562 1739 ἡαὺτοῦ
1607 1671 1835 1739 παρέχει

1937 1677 2227 1737 operante,
2260 1669 2514 1723 nonnihil
2571 1677 2630 1723 ut
2676 1669 2923 1724 dicamus
2953 1669 3020 1724 de
3055 1671 3342 1739 patientia,
3383 1689 3505 1743 qua:

261 1759 664 1830 φιλανθρωπία.
705 1757 915 1829 Χρῄζει
966 1756 1076 1828 γὰρ
1118 1757 1152 1828 ἡ
1206 1755 1463 1828 μετάνοια
1493 1757 1591 1827 τῆς
1633 1758 1835 1827 ὑπομο-

1937 1773 2066 1814 sane
2102 1759 2380 1814 hominem
2415 1769 2565 1815 recta
2625 1760 2877 1829 provehit
2922 1761 2989 1814 ad
3034 1763 3228 1817 salutis
3259 1773 3501 1832 portum.

259 1854 379 1923 νῆς,
417 1853 511 1906 καὶ
545 1852 713 1922 χωρὶς
755 1849 927 1920 αὑτῆς
970 1848 1325 1919 τελειωθῆναι
1357 1849 1418 1902 οὑ
1443 1848 1689 1903 δύναται.
1721 1851 1835 1903 Μο-

1937 1851 2008 1906 Ea
2041 1853 2230 1922 utique
2253 1852 2524 1916 dicemus,
2551 1869 2895 1922 quaecunque
2925 1853 3098 1923 ipsius
3127 1855 3344 1910 Domini
3376 1873 3504 1928 sug-

259 1948 521 2017 νόπτερος
550 1945 658 2015 γὰρ
686 1943 843 2006 ἀετὸς
869 1943 929 1996 οὑ
969 1942 1192 1997 δύναται
1220 1944 1299 2006 είς
1325 1941 1460 2013 ὕψος
1494 1944 1798 2014 ἀναπτῆναι
1816 1959 1830 1974 ·

1931 1950 2083 2013 geret
2116 1942 2445 2013 benignitas.
2471 1944 2799 1998 Paenitentia
2828 1945 2976 1997 enim
2999 1945 3181 2016 indiga
3209 1946 3504 2002 admodum

259 2041 358 2093 καὶ
397 2037 645 2107 ὑπομονὴ
692 2035 887 2088 τελειοῖ
917 2033 1018 2105 τὴν
1059 2035 1369 2104 μετάνοιαν,
1418 2035 1511 2088 καὶ
1570 2053 1834 2105 στεφανη-

1939 2045 2023 2090 est
2060 2035 2362 2106 patientiae,
2399 2035 2536 2090 citra
2599 2036 2758 2105 cujus
2801 2049 3026 2104 operam
3073 2037 3261 2105 perfici
3321 2040 3506 2094 neuti-

260 2130 537 2202 φοροῦσαν
581 2126 750 2198 αὐτὴν
801 2125 1197 2178 ἀναδείκνυσιν.
1250 2126 1324 2178 Οὑ
1377 2129 1535 2195 μόνον
1585 2126 1642 2179 δέ
1688 2128 1833 2180 ἐστιν

261 2224 530 2294 χρήσιμος
575 2223 609 2290 ἡ
659 2217 907 2288 ὑπομονὴ
946 2219 1028 2280 εἰς
1058 2217 1156 2288 τὴν
1192 2218 1290 2288 τῆς
1325 2219 1613 2287 μετανοίας
1641 2222 1832 2290 συνέρ-

259 2332 438 2383 γειαν,
470 2312 583 2367 ἀλλ’
612 2312 718 2364 οὐδ’
739 2311 876 2374 ὅλως
917 2311 1116 2381 ἀρετὴν
1147 2310 1180 2380 ἦ
1216 2309 1435 2380 ἐντολὴν
1497 2310 1631 2364 Θεοῦ
1675 2311 1834 2364 δυνά-

263 2407 407 2479 μεθα
437 2406 602 2476 χωρὶς
659 2405 831 2472 αὑτῆς
871 2401 1244 2473 κατορθῶσαι.
1281 2403 1353 2455 Τὸ
1404 2403 1700 2472 κεφάλαιον
1738 2400 1832 2458 οὖν

261 2499 373 2551 τῶν
400 2498 457 2550 ἐν
484 2499 614 2567 ἡμῖν
659 2494 878 2564 ἀγαθῶν
912 2494 943 2563 ἡ
972 2493 1216 2563 ὑπομονὴ
1256 2493 1534 2563 τυγχάνει.
1570 2495 1680 2547 Καὶ
1729 2493 1833 2566 χρὴ

261 2590 446 2642 πάντα
493 2585 798 2659 πειρασμὸν
833 2585 931 2639 καὶ
989 2584 1168 2652 θλίψιν
1233 2584 1352 2656 μεθ’
1410 2586 1687 2658 ὑπομονῆς
1739 2587 1834 2640 καὶ

262 2681 616 2753 εὐχαριστίας
672 2677 1092 2750 προσδέξασθαι,
1119 2677 1268 2736 ὅπως
1315 2678 1715 2748 καταλάϐωμεν
1737 2680 1833 2746 τὴν

261 2774 368 2842 γῆν
397 2771 495 2840 τῆς
528 2767 881 2836 ἐπαγγελίας.
911 2766 1088 2820 Καλὸν
1111 2766 1167 2820 δὲ
1197 2766 1257 2818 τὸ
1290 2768 1361 2835 μὴ
1394 2767 1740 2835 μεταϐαίνειν
1771 2768 1835 2820 ἐκ

259 2863 430 2917 τόπου
453 2863 532 2924 είς
549 2861 730 2914 τόπον.
748 2859 1014 2921 Ἕκαστος
1044 2859 1150 2927 γὰρ
1183 2859 1240 2909 ἐν
1265 2851 1308 2924 ᾧ
1336 2857 1562 2927 ἐκλήθη,
1583 2860 1640 2912 ὲν
1659 2857 1834 2927 τούτῳ

265 2955 497 3024 μενέτω.
530 2939 592 3005 Ἦ
619 2949 864 3022 ὑπομονὴ
895 2951 1054 3004 πόνον
1079 2949 1404 3012 ἐκδιδάσκει,
1433 2949 1671 3010 καὶτοὺς
1706 2946 1836 3012 ἔξω·

262 3045 356 3097 θεν
383 3041 726 3114 πειρασμοὺς
754 3041 892 3094 κατὰ
927 3041 1022 3111 τῆς
1045 3040 1374 3109 ἐγκρατείας
1418 3037 1704 3108 καρτερῶς
1737 3039 1834 3106 φέ-

265 3157 373 3210 ρει.
412 3139 506 3190 Ὃν
535 3137 736 3206 τρόπον
757 3134 886 3204 γὰρ,
918 3134 990 3204 μὴ
1018 3132 1344 3204 θερμανθεὶς
1378 3132 1510 3203 μηδέ
1540 3131 1834 3202 μαλαχθεὶς

261 3235 290 3284 6
310 3230 477 3301 κηρὸς
511 3229 604 3281 ἐπὶ
641 3227 800 3288 πολὺ,
833 3228 892 3279 οὑ
911 3226 1135 3280 δύναται
1156 3225 1253 3295 τὴν
1277 3223 1660 3294 ἐπιτιθεμένην
1686 3224 1833 3294 αὑτῷ

265 3320 540 3391 σφραγῖδα
583 3318 874 3382 δέξασθαιο
905 3315 1080 3379 οὕτως
1125 3316 1248 3368 οὑδὲ
1299 3315 1584 3384 ἄνθρωπος
1629 3316 1724 3370 ἐὰν
1758 3317 1832 3386 μὴ

261 3413 355 3465 διὰ
402 3412 578 3465 πόνων
627 3411 722 3464 καὶ
773 3409 1070 3464 ἀσθενειῶν
1121 3409 1449 3479 δοκιμασίιῇ,
1498 3410 1560 3462 οὑ
1611 3409 1833 3462 δύναται

262 3505 513 3576 χωρῆσαι
548 3504 642 3572 τῆς
700 3502 901 3572 ἀρετῆς
948 3501 1042 3552 τοῦ
1087 3499 1223 3552 Θεοῦ
1273 3499 1368 3570 τὴν
1417 3500 1706 3568 σφραγῖδα.
1739 3499 1836 3551 Διὰ

263 3596 423 3649 τοῦτο
452 3596 479 3647 6
509 3594 715 3663 Κύριος
772 3592 925 3660 ἔλεγε
980 3591 1056 3661 τῷ
1110 3590 1306 3661 Παύλῳ
1333 3607 1344 3618 ·
1390 3610 1406 3641 ι
1445 3591 1629 3660 Ἀρκεῖ
1681 3608 1762 3643 σοι
1805 3592 1835 3659 ἡ

266 3688 426 3757 χάρις
460 3703 584 3754 μου.
631 3685 694 3737 Ἦ
725 3684 832 3754 γὰρ
856 3683 1082 3752 δύναμίς
1117 3699 1219 3753 μου
1247 3684 1304 3734 ἐν
1320 3681 1573 3753 ἀσθενείᾳ
1596 3680 1836 3734 τελειοῦ-

263 3797 378 3833 ται.
406 3798 423 3829 ι
465 3780 590 3831 ’Ἠτε
622 3779 830 3846 ἀφῆκεν
861 3779 889 3829 6
918 3776 1156 3838 διάϐολος
1191 3774 1283 3827 τὸν
1320 3773 1544 3843 Κύριον,
1575 3774 1694 3826 τότε
1738 3768 1836 3844 ἦλ-

267 3869 361 3922 θον
387 3871 435 3921 οί
465 3868 704 3936 ἄγγελοι,
736 3868 831 3920 καὶ
863 3867 1142 3936 διηκόνουν
1190 3864 1357 3934 αὑτῷ.
1391 3865 1600 3935 Ὥσπερ
1637 3861 1730 3918 οὖν
1779 3868 1836 3918 ἐν

265 3960 347 4030 τῷ
373 3957 730 4030 πειράζεσθαι
755 3957 918 4011 αὑτὸν
945 3957 1006 4008 οὑ
1039 3956 1289 4025 παρῆσαν
1313 3956 1362 4008 οἱ
1392 3956 1635 4023 ἄγγελοι,
1666 3957 1836 4020 οὑτως

266 4050 364 4103 καὶ
391 4048 547 4118 ἡμῶν
575 4045 988 4116 πειραζομένων
1019 4044 1196 4114 καιρῷ
1235 4064 1342 4098 τινι
1369 4045 1745 4116 ὑποχωροῦσιν
1773 4049 1834 4100 οὑ

270 4141 492 4211 μακρὰν
525 4140 573 4192 οἱ
615 4139 707 4191 τοῦ
740 4138 873 4191 Θεοῦ
909 4137 1152 4206 ἄγγελοι,
1184 4139 1278 4190 καὶ
1325 4138 1461 4208 μετὰ
1491 4139 1586 4208 τὴν
1617 4139 1832 4208 ἀναχώ-

267 4247 428 4302 ρησιν
477 4230 584 4281 τῶν
638 4228 1027 4300 πειραζόντων,
1071 4227 1320 4297 ἔρχονται
1378 4228 1514 4299 πρὸς
1543 4230 1688 4299 ἡμᾶς
1717 4228 1834 4281 δια-

265 4321 549 4383 κονοῦντες
578 4319 696 4372 θεῖα
726 4321 995 4388 νοήματα,
1029 4317 1330 4386 φωτισμὸν,
1365 4319 1676 4385 κατάνυξιν,
1705 4321 1832 4388 γλυ-

265 4413 501 4483 κασμὺν,
532 4412 626 4466 καὶ
654 4411 931 4480 ὑπομονήν
950 4426 965 4441 ο
992 4413 1084 4463 καὶ
1109 4410 1293 4463 λοιπὸν
1335 4412 1632 4464 ἁνακτᾶται
1667 4413 1830 4482 ψυχὴ,

263 4503 341 4565 ὡς
371 4503 700 4556 κοπιάσασα.
732 4502 830 4553 Διὰ
859 4500 1017 4553 τοῦτο
1043 4501 1137 4553 καὶ
1158 4501 1187 4552 6
1230 4501 1461 4564 Ἡσαΐας
1489 4501 1672 4571 λέγει’
1714 4521 1732 4554 ι
1772 4503 1835 4556 Ol

267 4595 629 4664 ὑπομένοντες
651 4592 741 4646 τὸν
767 4593 920 4658 Θεὸν,
955 4591 1271 4656 ἀλλάξουσιν
1308 4591 1460 4662 ἰσχύν
1481 4609 1496 4624 ’
1527 4594 1834 4664 πτεροφυή-

267 4703 454 4740 σουσιν
481 4687 555 4747 ὡς
603 4686 784 4740 ἀετοί·
834 4683 1188 4754 δραμοῦνται,
1221 4684 1316 4736 καὶ
1374 4684 1434 4737 οὑ
1487 4685 1830 4739 κοπιάσουσιο

269 4776 598 4846 βαδιοῦνται,
637 4777 730 4828 καὶ
759 4776 818 4828 οὑ
855 4775 1221 4828 πεινάσουσιν.
1255 4794 1272 4826 ι
1313 4773 1510 4839 Καθὼς
1542 4794 1705 4846 φησιν
1743 4777 1839 4831 καὶ

267 4870 297 4920 6
327 4866 566 4934 Μωῦσῆς
614 4867 748 4936 πρὸς
794 4867 882 4918 τὸν
925 4866 1052 4919 λαόν
1075 4883 1118 4916 ἰ
1150 4864 1248 4918 Διὰ
1283 4865 1438 4918 τοῦτο
1461 4868 1718 4936 ἐπείρασέ
1759 4885 1841 4934 σε,

269 4960 366 5012 καὶ
428 4958 676 5011 ἐκάκωσέ
740 4975 821 5020 σε,
883 4957 968 5010 ἵνα
1020 4956 1246 5027 ψωμίσῃ
1283 4974 1342 5009 σε
1393 4958 1455 5010 τὸ
1522 4958 1717 5027 μάννα,
1757 4959 1841 5012 ἵνα

267 5047 486 5117 γνωσθῇ
518 5046 584 5099 τὰ
615 5049 670 5099 ἐν
695 5051 759 5117 τῇ
783 5047 982 5117 καρδίᾳ
1013 5064 1126 5100 σου.
1163 5036 1250 5109 Ὣς
1282 5049 1333 5100 εί
1359 5064 1440 5110 τις
1472 5047 1717 5101 παιδεύει
1746 5049 1841 5100 ἄν-

270 5138 486 5205 θρωπος
509 5137 598 5190 τὸν
626 5138 738 5190 υἱὸν
761 5137 946 5203 αὑτοῦ,
979 5137 1148 5200 οὑτως
1191 5137 1391 5207 Κύριος
1415 5137 1698 5191 ἐπαίδευσέ
1723 5156 1799 5191 σε.
1817 5158 1834 5190 ι

271 5229 381 5281 Καὶ
418 5226 594 5293 αὖθις,
657 5249 674 5280 ι
702 5230 810 5282 Καὶ
860 5229 1108 5282 ἐκάκωσέ
1161 5247 1218 5282 σε
1279 5228 1500 5300 Κύριος,
1537 5231 1623 5282 ἵνα
1670 5225 1727 5283 εὖ
1757 5248 1839 5284 σοι

270 5321 472 5390 ποιήσῃ
514 5320 598 5373 ἐπ’
645 5321 913 5391 ἐσχάτων.
945 5340 962 5372 ι
1013 5322 1176 5390 Λέγει
1224 5321 1280 5373 δὲ
1333 5321 1425 5373 καὶ
1477 5321 1504 5372 6
1555 5321 1843 5392 προφήτης

270 5409 466 5480 Ναοὺμ
493 5429 506 5442 ο
543 5431 561 5463 ι
583 5413 832 5483 Χρηστὸς
883 5413 1082 5481 Κύριος
1133 5415 1245 5474 τοῖς
1275 5412 1637 5482 ὑπομένουσιν
1683 5413 1844 5466 αὑτὸν

271 5501 329 5551 ἐν
361 5501 542 5572 ἡμέρᾳ
577 5502 829 5572 θλίψεως.
862 5523 878 5553 ι
911 5503 1102 5566 Ἀλλος
1135 5503 1190 5556 δέ
1219 5520 1233 5532 ³
1271 5521 1289 5553 ι
1318 5502 1408 5573 Μὴ
1438 5504 1618 5576 εἴπῃς,
1645 5503 1844 5566 Κακῶς

272 5590 549 5661 κρήσομαι
582 5591 675 5644 τὸν
723 5593 916 5663 ἐχθρόν
959 5610 1083 5663 μου,
1132 5592 1246 5644 ἀλλ’
1295 5592 1586 5663 ὑπόμεινον
1615 5593 1706 5646 τὸν
1734 5591 1840 5644 K6-

349 5768 391 5802 ⁸⁵
428 5771 614 5824 Matth.
652 5787 728 5829 Ill.
755 5772 808 5826 2.
887 5774 928 5806 ³⁷
961 5773 1095 5828 Luc.
1129 5789 1214 5840 xv,
1252 5775 1304 5827 6.
1383 5772 1426 5803 ³⁸
1461 5772 1594 5828 ibid.
1633 5773 1684 5824 '7.

1937 2123 2100 2195 quam
2152 2126 2347 2195 possit.
2377 2127 2569 2194 Neque
2614 2125 2762 2179 enim
2799 2125 2984 2194 aquila
3014 2127 3216 2181 unialis
3245 2128 3291 2181 si
3325 2138 3411 2183 est
3451 2139 3507 2182 et

1937 2218 2264 2274 alterutrius
2288 2217 2554 2272 destituta
2593 2216 2870 2286 przesidio,
2900 2226 3068 2286 queat
3095 2233 3336 2287 unquam
3377 2221 3507 2274 Slllt-

1936 2312 2123 2365 volare
2162 2319 2218 2365 et
2249 2311 2304 2364 in
2350 2309 2586 2364 sublime
2635 2307 2868 2362 sustolli.
2903 2308 3177 2363 Patientia
3229 2312 3503 2379 pceniten-

1939 2401 2068 2456 tiam
2101 2401 2340 2470 perficit,
2377 2410 2433 2455 et
2469 2416 2588 2454 eam
2613 2401 2766 2453 velut
2816 2398 2998 2452 indice
3038 2410 3279 2455 ostentat
3315 2403 3506 2471 praesi-

1937 2492 2026 2564 gni
2061 2508 2266 2547 corona
2312 2492 2646 2547 redimitam.
2669 2490 2782 2544 Nec
2814 2506 2880 2544 eo
2911 2491 3088 2544 solum
3142 2491 3506 2546 conducibilis

1937 2583 2101 2638 nobis
2134 2584 2410 2639 censenda
2456 2592 2539 2638 est
2587 2582 2873 2651 patientia,
2898 2582 3046 2651 quod
3089 2581 3382 2638 efficaciter
3410 2600 3505 2638 eo-

1937 2686 2203 2745 Operetur
2243 2674 2598 2745 perficiundze
2649 2674 3009 2744 paenitentiae,
3042 2675 3135 2728 sed
3171 2676 3316 2744 quod
3357 2677 3506 2729 nulfa
3542 2719 3545 2721 .

1938 2783 2194 2838 prorsum
2226 2767 2428 2830 virtus,
2463 2767 2746 2821 nullumve
2778 2766 2876 2820 Dei
2913 2766 3227 2820 mandatum
3269 2767 3374 2821 nisi
3407 2769 3507 2822 hac

1938 2860 2160 2922 comite,
2201 2859 2444 2929 legitime
2495 2857 2686 2928 perﬁci
2729 2867 2917 2926 queat.
2951 2857 3225 2911 Bonorum
3252 2857 3506 2928 igitur(si

1937 2968 2046 3020 qua
2101 2951 2155 3004 in
2199 2952 2365 3005 nobis
2414 2949 2564 3020 sunt)
2618 2950 2786 3005 cardo
2821 2958 2878 3004 et
2908 2960 3068 3020 caput
3104 2950 3366 3019 patientia
3401 2963 3503 3006 est.

1935 3043 2162 3098 Omnem
2197 3043 2428 3112 proinde
2486 3042 2867 3108 tentalionem,
2906 3042 3257 3096 afllictionem
3288 3059 3506 3098 omnem

1937 3149 2162 3188 necesse
2209 3133 2279 3187 sit
2326 3141 2386 3186 ut
2430 3133 2795 3202 suscipiamus
2824 3149 2948 3187 cum
2991 3133 3251 3202 patientia
3285 3143 3342 3187 et
3375 3150 3502 3204 gra-

1939 3225 2135 3277 tiarum
2166 3224 2404 3285 actione,
2442 3239 2551 3292 quo
2595 3225 2674 3277 vel
2707 3224 2923 3278 tandem
2960 3225 3176 3293 assequi
3214 3229 3374 3280 detur
3402 3236 3511 3280 ter—

1939 3331 2052 3368 ram
2092 3316 2239 3369 illam
2285 3315 2686 3384 promissionis.
2748 3314 2963 3387 1143
3017 3317 3307 3388 Egregium
3350 3319 3511 3388 plane

1941 3407 2030 3472 sit,
2064 3422 2173 3460 non
2208 3407 2368 3461 facile
2406 3407 2575 3476 (plani
2605 3409 2659 3461 in
2693 3423 2900 3461 morem
2948 3424 3011 3462 ac
3064 3409 3206 3478 vagi)
3246 3411 3425 3465 eloco
3457 3411 3509 3464 in

1941 3497 2120 3551 locum
2147 3499 2351 3552 diduci.
2392 3500 2780 3568 Unusquisque
2819 3499 2965 3554 enim
3023 3501 3076 3554 in
3107 3502 3252 3570 quod
3283 3514 3512 3557 vocatus
3540 3552 3547 3558 .

1939 3597 2046 3656 est,
2079 3591 2135 3644 in
2181 3607 2248 3645 eo
2286 3599 2341 3645 et
2374 3600 2612 3646 maneat.
2645 3592 2913 3646 Patientia
2963 3592 3137 3646 solum
3168 3593 3271 3646 hoc
3302 3602 3352 3648 te
3382 3595 3512 3648 edo-

1939 3687 2047 3744 cet,
2076 3696 2173 3749 per
2208 3680 2596 3735 abstinentiam
2635 3681 2870 3735 infracto
2903 3690 2963 3734 ut
2993 3680 3134 3734 feras
3175 3681 3356 3735 animo
3386 3693 3510 3736 ten-

1943 3771 2176 3825 tationes
2218 3787 2338 3841 quae
2385 3771 2639 3826 alicunde
2690 3773 3034 3826 extrinsecus
3065 3779 3116 3826 te
3163 3771 3507 3830 adoriuntur.

1940 3861 2413 3926 Quemadmodum
2440 3862 2586 3915 enim
2617 3878 2741 3916 cera
2775 3871 2833 3916 ut
2865 3863 3187 3932 plurimum,
3215 3864 3318 3919 nisi
3353 3883 3509 3921 reca-

1939 3954 2111 4007 lescat
2145 3962 2237 4007 aut
2267 3954 2684 4023 prmmolliatur,
2713 3970 2824 4007 non
2875 3955 3034 4008 facile
3095 3955 3147 4008 in
3195 3971 3252 4010 se
3310 3958 3509 4026 recipit

1939 4045 2104 4116 sigilli
2143 4046 2596 4114 impressionem;
2640 4045 2711 4098 ita
2758 4053 2814 4099 et
2858 4045 3044 4111 homo,
3098 4047 3204 4101 nisi
3258 4047 3507 4103 laborum

1940 4154 2002 4192 ac
2033 4137 2361 4211 multivaria:
2399 4137 2735 4192 infirmitatis
2762 4136 3028 4207 probetur
3060 4138 3346 4204 exercitio,
3379 4157 3513 4194 neu-

1941 4229 2147 4298 tiquam
2181 4229 2326 4283 sinet
2360 4229 2612 4299 insigniri
2655 4245 2715 4284 se
2759 4229 3040 4298 signaculo
3071 4229 3272 4283 divinae
3297 4231 3504 4299 gratiau

1938 4322 2020 4377 0b
2068 4322 2173 4376 hoc
2221 4321 2390 4375 Paulo
2444 4321 2730 4389 respondit
2775 4320 3079 4374 Dominus:
3121 4341 3137 4373 ι
3163 4321 3373 4375 Sufficit
3411 4324 3506 4376 til;i

1937 4413 2110 4484 gratia
2152 4427 2292 4476 mea,
2324 4413 2498 4466 virtus
2549 4412 2694 4466 enim
2730 4427 2848 4465 mea
2884 4412 2937 4465 in
2989 4412 3307 4466 infirmitate
3340 4416 3504 4482 perfi-

1939 4507 2084 4561 citur
2109 4507 2173 4560 ³⁹.
2198 4525 2215 4556 ›
2255 4505 2484 4571 Quando
2515 4505 2807 4559 Dominum
2839 4505 3049 4559 dimisit.
3075 4505 3348 4570 diabolus,
3379 4515 3508 4561 tunc

1936 4607 2207 4652 venerunt
2249 4598 2448 4667 angeli,
2475 4605 2530 4652 et
2559 4597 2948 4652 ministrabant
2973 4597 3104 4650 ei”.
3137 4597 3505 4663 Quemadmo-

1870 4726 1911 4778 ο
1940 4688 2073 4740 dum
2102 4687 2269 4758 igitur
2292 4687 2422 4741 dum
2454 4696 2780 4749 tentaretur,
2820 4703 2931 4741 non
2978 4687 3238 4757 leguntur
3284 4687 3508 4742 affuisse

1939 4779 2142 4847 angeli,
2175 4779 2248 4831 ita
2273 4778 2434 4832 nobis
2471 4793 2688 4846 quoque
2738 4777 2792 4831 in
2818 4777 3120 4832 tentatione
3154 4778 3367 4846 positis,
3393 4787 3512 4832 tan-

1941 4869 2056 4921 tillo
2107 4868 2329 4921 interim
2373 4883 2428 4921 sc
2480 4868 2806 4922 submovent
2853 4877 3121 4936 tempore.
3161 4883 3262 4922 nec
3316 4869 3507 4936 procul

1939 4966 2121 5012 tamen
2155 4957 2432 5012 absistunt
2461 4959 2637 5027 angeli
2665 4959 2781 5012 Dei.
2814 4956 3087 5012 Caeterum
3123 4973 3246 5011 mox
3271 4973 3300 5011 a
3329 4967 3506 5012 tenta-

1940 5047 2074 5100 toris
2106 5062 2348 5112 secessu,
2394 5047 2599 5102 instant
2647 5047 2809 5101 nobis
2863 5055 3219 5117 suggerentes
3263 5062 3384 5116 quae
3442 5047 3510 5100 ad

1946 5138 2146 5193 divinae
2191 5139 2455 5194 bonitatis
2506 5139 2892 5210 cogitationem
2925 5138 3157 5204 faciant;
3195 5147 3346 5207 puta,
3381 5138 3511 5190 illu-

1947 5229 2271 5284 strationem
2321 5231 2538 5295 mentis,
2596 5230 3111 5299 compunctionem,
3166 5229 3512 5283 dulcedinem

1942 5319 2169 5389 spiritus
2217 5329 2272 5373 ct
2312 5321 2671 5391 patientiam;
2703 5329 2867 5390 atque
2911 5321 2982 5374 ita
3023 5320 3304 5389 deinceps,
3333 5320 3511 5373 anima

1945 5411 2069 5464 talis
2107 5411 2336 5466 amissas
2379 5411 2612 5465 resumit
2650 5411 2824 5476 vires,
2858 5427 2920 5466 ac
2947 5411 3231 5466 referetur
3265 5425 3362 5479 pro
3393 5424 3509 5461 mo-

1942 5501 2074 5554 dulo
2105 5503 2349 5556 toleratae
2377 5503 2707 5558 afflictionis.
2727 5503 2956 5572 Propter
2978 5503 3082 5556 hoc
3114 5502 3279 5556 Isaias
3309 5518 3322 5552 :
3359 5518 3376 5549 ι
3405 5497 3511 5552 Su—

1943 5589 2212 5645 stineutes
2247 5591 2418 5645 Deum
2450 5591 2744 5646 mutabunt
2792 5590 3193 5656 fortitudinem,
3233 5595 3508 5642 assument

1804 5773 1885 5827 ³⁹1
1917 5771 2044 5826 Cor.
2081 5790 2175 5839 xu,
2217 5775 2269 5827 9.
2347 5773 2390 5804 ⁸ο
2418 5773 2605 5827 Matth.
2634 5788 2704 5831 tv.
2738 5773 2820 5827 ll.
