4028 6518
519 417 650 484 1667

1765 402 2131 467 ANTIOCHI
2169 399 2514 462 MONACHI

3645 387 3767 451 1663

511 547 720 603 pennas
758 538 820 584 ut
867 526 1086 599 aquilaa,
1117 530 1347 580 current
1381 530 1438 576 et
1484 533 1594 574 non
1639 519 1964 581 lassescent,
1993 530 2090 569 va-

2202 529 2314 584 ριον
2349 511 2438 563 ἵνα
2467 525 2552 562 σοι
2581 507 2859 578 βοηθήσῃο
2892 505 2952 558 ού
2992 503 3471 573 καθυποστερήσει
3503 501 3611 571 γὰρ
3645 501 3770 554 ὑπο-

510 623 643 677 dent
669 629 727 677 et
771 635 881 674 non
915 618 1160 674 esuriem
1191 616 1258 667 “.
1295 633 1312 665 ι
1353 612 1421 666 Ει
1458 610 1640 664 Moses
1673 607 1741 663 ad
1773 607 2085 677 populum:

515 735 534 765 ι
565 716 798 782 Propter
834 711 941 764 hoc
991 707 1227 762 tentavit
1258 713 1310 759 te
1343 713 1396 758 et
1429 699 1623 756 afﬂixit
1647 708 1722 765 te,
1750 709 1812 754 ut
1841 705 2092 768 pasceret

510 819 561 861 te
591 821 814 870 manna,
847 811 909 858 ut
930 811 1060 856 nota
1094 799 1292 854 ﬁerent
1335 812 1457 867 quae
1486 796 1543 850 in
1577 794 1746 849 corde
1781 802 1877 848 tuo
1909 806 2093 847 versa-

509 899 733 961 bantur,
765 895 921 966 quasi
971 893 1017 947 si
1048 892 1173 962 quis
1216 889 1404 945 erudit
1459 891 1630 942 homo
1675 886 1848 940 ﬁlium
1909 901 2088 950 suum,

512 987 594 1040 sic
627 985 895 1040 Dominus
942 981 1186 1036 erudivit
1231 988 1281 1034 te
1305 979 1370 1032 “.
1407 996 1425 1030 ι
1459 977 1676 1031 Rursus
1715 993 1727 1029 :
1768 975 1878 1030 «Et
1900 973 2094 1028 afflixit

517 1086 568 1130 te
626 1075 913 1135 Dominus,
968 1083 1031 1127 ut
1085 1071 1228 1125 bene
1268 1069 1368 1125 tibi
1421 1069 1632 1124 faceret
1681 1068 1737 1121 in
1796 1066 2094 1138 postremis

514 1166 625 1220 tuis
644 1165 711 1218 ⁵³.
747 1184 764 1216 ι
805 1163 950 1220 Dicit
975 1150 1236 1216 autemet
1264 1160 1534 1230 propheta
1571 1158 1827 1213 Nahum:
1864 1175 1882 1208 ι
1912 1156 2095 1210 Bonus

512 1257 782 1313 Dominus
827 1253 1282 1325 exspectantibus
1337 1268 1465 1307 eum
1521 1253 1578 1307 in
1631 1253 1720 1307 die
1779 1249 2092 1304 tribulatio-

512 1349 598 1404 nis
622 1348 687 1400 “.
718 1366 738 1401 ι
774 1347 932 1401 Alius
960 1346 1090 1400 item
1117 1361 1130 1397 :
1165 1363 1182 1396 ι
1213 1345 1295 1398 Ne
1325 1343 1496 1408 dicas,
1528 1343 1805 1399 Ultionem
1844 1350 2096 1412 expetam

512 1439 581 1494 de
613 1438 840 1493 inimico
876 1453 1022 1501 meo,
1058 1435 1154 1490 sed
1188 1435 1399 1489 sustine
1427 1434 1720 1489 Dominum
1759 1443 1820 1488 ut
1860 1432 2094 1487 auxilie-

515 1540 606 1586 tur
645 1530 765 1592 tibi,
796 1543 911 1582 non
970 1527 1117 1581 enim
1165 1524 1446 1578 fraudabit
1494 1524 1763 1593 patientia
1812 1523 1936 1592 pios
1964 1523 2036 1575 ⁸⁸.
2071 1540 2089 1574 ι

512 1622 594 1678 Ad
627 1638 753 1677 eum
788 1620 1013 1675 modum
1045 1618 1186 1672 nihil
1234 1632 1347 1671 non
1381 1616 1687 1671 sufferebat
1715 1615 2006 1670 lenissimo
2043 1623 2100 1670 et

515 1712 777 1783 placabili
818 1711 1005 1766 animo
1060 1709 1145 1763 vir
1188 1709 1382 1763 David.
1432 1711 1625 1778 Neque
1674 1708 1824 1762 enim
1879 1707 1926 1761 is
1971 1722 2099 1761 cum

515 1804 864 1859 intoleranda
897 1800 1288 1856 maledicentia
1319 1801 1707 1866 lacesseretur,
1741 1807 1798 1853 et
1834 1797 2097 1853 audiret:

521 1915 539 1947 ι
569 1895 866 1966 Egredere,
903 1894 989 1948 vir
1023 1894 1249 1962 iniquus
1267 1892 1332 1957 “,
1361 1911 1378 1942 ι
1418 1893 1591 1945 ullum
1644 1892 1799 1946 dedit
1841 1889 2099 1945 concitati

515 1986 687 2040 animi
715 1985 1007 2040 indicium.
1043 1983 1150 2038 Sed
1189 1991 1242 2035 et
1283 1983 1651 2036 consobrinus
1684 1981 1860 2051 ipsius
1886 1983 1977 2035 tali
2021 1981 2103 2036 in—

516 2078 784 2149 dignitate
837 2085 1128 2146 permotus
1180 2091 1306 2130 cum
1357 2074 1610 2140 dixisset,
1671 2073 1847 2140 «Quis
1893 2073 1985 2127 hic
2019 2081 2103 2127 est

514 2170 671 2224 canis
712 2168 808 2238 qui
857 2167 1140 2222 maledicit
1192 2165 1419 2221 domino
1478 2181 1602 2220 meo
1635 2164 2104 2236 regi?Profectus

515 2261 667 2325 hinc,
699 2260 1007 2330 percutiam
1035 2274 1184 2322 cum,
1225 2266 1281 2313 ct
1315 2258 1561 2312 auferam
1594 2265 1758 2327 caput
1781 2256 1956 2326 ipsius
1972 2255 2052 2321 l"';
2079 2273 2096 2306 ι

516 2352 665 2405 hunc
711 2350 910 2404 durius
959 2348 1230 2419 coarguit,
1269 2345 1496 2402 dicens:
1533 2368 1550 2398 ‹
1577 2347 1802 2401 Dimitte
1852 2361 2003 2410 eum,
2044 2353 2105 2399 ut

516 2441 810 2497 maledicat
850 2440 1011 2504 mihi,
1070 2445 1131 2492 ut
1171 2438 1356 2492 videat
1405 2437 1673 2492 Dominus
1707 2447 1764 2492 et
1796 2453 1896 2508 pro
1935 2438 2105 2493 male-

517 2534 763 2589 dictione
823 2533 928 2586 hac
984 2529 1255 2584 retribuat
1313 2529 1450 2583 mihi
1499 2529 1641 2583 bona
1667 2527 1733 2582 ³⁸.
1764 2548 1781 2580 ι
1830 2529 2102 2596 Quocirca

516 2641 628 2679 non
682 2624 780 2679 abs
856 2638 912 2676 rc
969 2621 1283 2690 psallebat:
1328 2639 1344 2672 ι
1377 2620 1722 2689 Exspectans
1785 2620 2101 2691 exspectavi

518 2717 839 2782 Dominum,
875 2723 931 2768 et;
962 2713 1202 2766 intendit
1231 2712 1389 2778 mihi,
1421 2720 1478 2767 et
1522 2711 1807 2766 exaudivit
1842 2712 2105 2782 depreca-

519 2809 727 2862 tionem
769 2822 945 2860 meam
969 2805 1035 2860 ⁸⁸.
1070 2823 1087 2854 ι
1130 2804 1368 2876 [Rursus
1408 2821 1420 2858 :
1461 2805 1850 2874 «Exspectabo
1899 2821 2104 2860 nomen

519 2909 698 2965 tuum,
735 2897 996 2968 quoniam
1056 2897 1264 2952 bonum
1318 2897 1372 2950 in
1426 2907 1729 2966 conspectu
1780 2905 2101 2953 sanctorum

519 3003 744 3046 tuorum
772 2992 836 3043 ⁵ο.
862 2989 908 3060 ι]
936 2989 1041 3056 Qui
1071 2998 1126 3044 et
1152 3005 1254 3044 nos
1293 2989 1360 3044 ad
1392 2989 1718 3059 patientiam
1748 2990 2100 3055 adhortatur,

519 3085 753 3138 dicens:
792 3103 808 3133 ‹
833 3082 1081 3137 Viriliter
1120 3096 1242 3150 age,
1280 3090 1336 3135 et
1370 3081 1719 3135 confortetur
1769 3098 1866 3136 cor
1923 3092 2099 3149 tuum,

2197 604 2333 674 μονὴ
2375 599 2646 664 εὐσεϐεῖς.
2672 618 2692 652 ι
2730 597 2916 661 Οὕτως
2970 596 3235 667 ὑπέμεινε
3285 595 3383 648 καὶ
3415 596 3444 647 6
3473 593 3775 664 πραότατος

2194 693 2357 746 Δαϐἰδ
2379 709 2392 722 '
2427 688 2828 760 κατακείμενος
2871 687 2979 758 γὰρ
3027 687 3122 741 καὶ⁸
3159 685 3518 757 λιθαξόμενος
3549 683 3657 738 ὑπὸ
3686 683 3774 735 τοῦ

2195 785 2382 856 Σεμεῒ,
2424 784 2519 838 καὶ
2549 782 2795 844 ἀκούων,
2836 799 2856 832 ι
2889 779 3141 847 Ἔξελθε,
3173 780 3313 849 ἀνὴρ
3339 780 3368 831 6
3400 777 3772 847 παράνομοςμ

2194 879 2294 932 οὐκ
2317 875 2698 947 ἠγανάκτησε.
2733 872 3158 944 Χαλεπήναντος
3208 871 3265 924 δὲ
3319 871 3416 924 ἐπὶ
3459 869 3638 938 τούτῳ
3685 865 3778 918 τοῦ

2197 968 2420 1040 ἀνεψιοῦ
2477 967 2667 1033 αὑτοῦ,
2721 967 2817 1019 καὶ
2860 965 3108 1027 εἰπόντος
3135 981 3146 994 ·
3186 983 3204 1014 ι
3229 963 3325 1026 Τίς
3372 963 3521 1014 ἐστιν
3552 952 3709 1022 οὗτος
3753 957 3782 1008 ὁ

2197 1060 2342 1115 κύων
2391 1060 2449 1124 ὃς
2505 1060 2820 1131 καταρᾶται
2865 1057 2956 1110 τὸν
3005 1055 3213 1128 Κύριόν
3265 1072 3369 1124 μου
3404 1050 3780 1121 τὸνβασιλέα,

2198 1150 2485 1223 παρελθὼν
2539 1150 2597 1203 δὲ
2650 1147 2879 1214 πατάξω
2912 1147 3096 1210 αὑτὸν,
3134 1147 3231 1199 καὶ
3259 1143 3449 1214 ἀφελῶ
3483 1142 3583 1215 τὴν
3616 1157 3784 1208 κεφα-

2197 1243 2294 1314 λὴν
2340 1242 2583 1297 αὐτοῦ’»
2648 1242 2982 1312 ἐπετίμησεν
3025 1239 3194 1310 αὑτῷ,
3250 1239 3426 1306 λέγων
3453 1253 3468 1268 ⁸
3528 1256 3548 1289 ι
3581 1235 3784 1303 ’Ἄφετε

2199 1334 2361 1387 αὑτὸν
2410 1334 2755 1402 καταρᾶσθαί
2810 1350 2901 1403 με,
2931 1335 3080 1396 ὅπως
3113 1333 3200 1404 ἴδῃ
3231 1333 3474 1402 Κύριος,
3515 1330 3612 1384 καὶ
3657 1330 3786 1383 ἀντ-

2199 1428 2453 1499 αποδὼσῃ
2483 1444 2570 1498 μοι
2599 1425 2799 1496 ἀγαθά.
2825 1425 3019 1478 »Ὅθεν
3048 1425 3272 1488 εἰκότως
3299 1423 3549 1494 ἔψαλλεν·
3572 1441 3592 1474 ι
3624 1420 3788 1474 Ὑπο-

2204 1518 2382 1589 μένων
2422 1517 2694 1586 ὑπέμεινα
2723 1515 2814 1568 τὸν
2846 1514 3074 1586 Κύριον,
3106 1514 3200 1566 καὶ
3234 1513 3508 1584 προσέσχε
3545 1525 3666 1582 μοι·
3693 1509 3790 1563 καὶ

2202 1609 2523 1680 είσήκουσεν
2576 1609 2676 1677 τῆς
2728 1604 2970 1678 δεήσεως
3028 1623 3152 1676 μου.
3182 1624 3201 1656 ι
3235 1602 3700 1674 Προτρεπόμενος
3733 1599 3791 1651 δὲ

2202 1703 2371 1771 ἡμᾶς,
2405 1699 2571 1771 φησίν
2600 1713 2613 1726 ·
2659 1719 2677 1750 ι
2716 1698 2990 1770 Ἀνδρίζου
3018 1698 3114 1752 καὶ
3161 1695 3548 1768 κραταιούσθω
3587 1695 3622 1765 ἡ
3655 1709 3796 1763 καρο

2201 1790 2289 1844 δία
2332 1807 2448 1855 σου,
2488 1791 2583 1844 καὶ
2609 1790 2902 1860 ὑπόμεινον
2933 1789 3026 1842 τὸν
3072 1787 3296 1860 Κύριον.
3331 1788 3396 1842 Οἱ
3431 1787 3543 1857 γὰρ
3580 1782 3792 1854 ὑπομέ-

2203 1901 2386 1947 νοντες
2417 1882 2508 1936 τὸν
2553 1881 2779 1952 Κύριον,
2809 1881 2965 1934 αὐτοὶ
3013 1880 3492 1952 κληρονομήσουσι
3537 1877 3644 1947 γῆν
3682 1875 3792 1928 τῶν

2204 1973 2444 2041 ζώντων.
2473 1993 2492 2027 ι
2531 1974 2663 2041 Kal,
2697 1992 2714 2024 ι
2742 1973 2818 2026 Ού
2848 1971 2923 2044 μὴ
2953 1971 3373 2044 αἰσχυνθείησαν
3401 1972 3452 2024 οἱ
3486 1969 3793 2040 ὑπομένον-

2203 2070 2293 2132 τές
2329 2085 2409 2133 σε,
2468 2066 2666 2137 Κύριε,
2697 2065 2875 2138 Κύριε
2927 2065 3037 2121 τῶν
3089 2066 3395 2137 δυνάμεων.
3445 2065 3630 2134 Σκεύη
3685 2062 3794 2134 γὰρ

2205 2158 2495 2228 κεραμέως
2521 2156 2810 2228 δοκιμάζει
2841 2157 3095 2227 κάμινος,
3129 2159 3228 2210 καὶ
3245 2158 3557 2228 πειρασμὸς
3579 2153 3793 2226 ἀνθρὼ-

2206 2269 2309 2304 που
2341 2251 2399 2302 ὲν
2449 2249 2823 2320 διαλογισμοῖς
2847 2250 3036 2306 αὑτοῦ.
3071 2250 3207 2304 Οὑαὶ
3257 2249 3313 2303 δὲ
3361 2252 3474 2313 τοῖς
3518 2247 3795 2303 ἀπολωλε-

2204 2343 2328 2396 κόσι
2357 2343 2456 2412 τὴν
2493 2343 2794 2413 ὑπομονήν.
2826 2342 2938 2394 Kal.
2972 2343 3027 2395 τί
3053 2343 3355 2412 ποιήσωσιν
3382 2342 3513 2395 ὅταν
3570 2338 3796 2393 ἐπισκέ-

2205 2453 2406 2505 πτηται
2439 2436 2467 2488 6
2498 2434 2741 2505 Κύριος;
2785 2434 2852 2488 Ἢ
2908 2433 3016 2506 γὰρ
3065 2433 3314 2504 ὑπομονὴ
3369 2433 3480 2486 τῶν
3541 2434 3794 2499 πενήτων

2204 2526 2304 2580 ούκ
2346 2526 2630 2580 ἀπολεῖται
2677 2528 2757 2589 εἰς
2789 2525 2960 2588 τέλος.
2990 2544 3008 2576 ι
3065 2525 3175 2580 Καὶ
3203 2528 3230 2579 6
3263 2525 3529 2594 Σοφονίας
3551 2540 3567 2555 ⁶
3610 2543 3632 2576 ι
3671 2522 3795 2576 Ἐὰν

2206 2617 2502 2688 ὑστερήσῃ,
2544 2614 2840 2685 ὑπόμεινον
2899 2615 3100 2668 αὑτόν·
3132 2615 3216 2668 ὅτι
3238 2616 3265 2668 6
3318 2613 3625 2686 ἐρχόμενος
3654 2613 3794 2684 ἥξει,

2206 2708 2299 2760 καὶ
2328 2708 2389 2760 οὑ
2416 2709 2638 2777 χρονιεῖ.
2667 2726 2684 2758 ι
2722 2707 2856 2773 Καὶ,
2883 2726 2901 2759 ι
2939 2706 3065 2760 Ἐὰν
3089 2705 3473 2776 ὑποστείληται
3498 2708 3528 2758 6
3562 2705 3797 2768 δίκαιος,

2204 2800 2304 2852 οὑκ
2326 2800 2538 2852 εὐδοκεῖ
2592 2801 2650 2852 ὲν
2679 2798 2828 2869 αὑτῷ
2861 2800 2892 2870 ἡ
2921 2799 3067 2869 ψυχή
3107 2815 3232 2868 μου.
3263 2816 3282 2849 ι
3324 2797 3436 2852 Καὶ
3467 2798 3496 2850 6
3527 2795 3748 2859 Παῦλος
3779 2813 3792 2826 ·

2213 2909 2230 2942 ι
2257 2891 2318 2942 Ei
2372 2890 2745 2960 ὑπομένομεν,
2782 2891 2878 2943 καὶ
2929 2890 3459 2961 συμϐασιλεύσομεν.
3491 2909 3509 2943 ι
3557 2890 3672 2942 Καὶ
3698 2887 3800 2944 πᾶ-

2203 2986 2287 3037 λιν
2316 3000 2328 3013 ·
2368 3002 2386 3034 ι
2427 2983 2741 3054 Ὑπομονῆς
2772 2984 2881 3055 γὰρ
2910 2983 3062 3053 ἔχετε
3109 2983 3320 3055 χρείαν,
3357 2983 3446 3036 ἴνα
3495 2981 3556 3036 τὸ
3589 2981 3799 3053 θέλημα

2203 3073 2298 3126 τοῦ
2338 3072 2472 3126 Θεοῦ
2529 3075 2888 3144 ποιήσαντες,
2916 3073 3185 3144 κομίσητε
3233 3073 3335 3138 τὰς
3393 3071 3796 3141 ἐπαγγελίας.»

518 3183 576 3228 et
623 3173 833 3227 sustine
872 3171 1269 3237 Dominum“;
1314 3172 1656 3226 sustinentes
1701 3173 1850 3226 enim
1913 3173 2099 3228 Domi-

2206 3164 2313 3215 Καὶ
2341 3165 2368 3216 ὁ
2410 3163 2666 3226 Ἰάκωϐος
2700 3180 2711 3191 ”
2754 3183 2770 3216 ι
2805 3165 2994 3217 Πᾶσαν
3041 3164 3213 3235 χαρὰν
3241 3164 3546 3236 ἡγήσασθε,
3579 3164 3802 3233 ἀδελφοί

522 3280 653 3318 num
683 3264 786 3332 ipsi
817 3263 1229 3318 hazreditabunt
1279 3271 1479 3317 terram
1507 3263 1814 3318 viventium
1838 3265 1904 3319 δ’.
1936 3284 1953 3316 ι
1995 3266 2064 3320 Et
2092 3284 2104 3319 ε

527 3374 543 3403 ι
574 3353 695 3407 Non
738 3353 1172 3418 confundentur,
1229 3353 1324 3420 qui
1382 3362 1706 3422 exspectant
1745 3363 1817 3420 te,
1851 3356 2105 3422 Domine,

521 3444 753 3498 Domine
784 3443 1051 3496 virtutum
1070 3443 1168 3494 ⁸³.»
1212 3442 1351 3495 Vasa
1378 3441 1527 3495 enim
1563 3441 1712 3512 figuli
1748 3442 1946 3511 probat
1996 3443 2109 3498 for-

523 3553 650 3599 nax,
685 3543 740 3590 et
786 3535 1018 3589 tentatio
1053 3533 1303 3588 hominis
1338 3533 1394 3587 in
1435 3533 1868 3604 cogitationibus
1899 3535 2103 3604 ejus“.

522 3631 614 3685 Vae
639 3639 824 3684 autem
867 3628 935 3681 iis
965 3626 1060 3696 qui
1109 3625 1477 3696 perdiderunt
1503 3625 1717 3696 1149
1755 3626 2100 3696 patientiam.

525 3723 590 3776 Et
621 3721 750 3791 quid
788 3720 1017 3778 facient.
1044 3734 1168 3772 cum
1205 3717 1451 3772 visitabit
1473 3718 1840 3773 Dominus”?
1875 3719 2099 3774 Patien-

527 3818 600 3869 tia
650 3815 800 3868 enim
842 3827 1144 3883 pauperum
1177 3825 1285 3864 non
1334 3809 1541 3880 peribit
1579 3811 1634 3864 in
1681 3811 1846 3864 finem
1871 3810 1978 3863 ⁵⁸.»
2013 3809 2106 3864 Ait

524 3915 707 3959 autem
734 3914 790 3958 et
821 3903 1132 3972 Sophonias
1164 3918 1177 3954 :
1219 3921 1236 3952 ‹
1267 3901 1323 3956 Si
1359 3916 1569 3955 moram
1601 3901 1812 3965 fecerit,
1848 3909 2104 3970 exspecta

521 4012 686 4062 cum;
723 3995 850 4064 quia
890 3993 1120 4048 veniens
1146 3994 1332 4047 veniet
1364 4003 1420 4048 et
1450 4010 1560 4047 non
1601 3993 1921 4047 tardabit".
1946 4013 1964 4045 ι
1995 3993 2060 4048 Et
2089 4011 2102 4047 :

2211 3272 2334 3325 μου,
2362 3255 2491 3308 ὅταν
2542 3259 2872 3326 πειρασμοῖς
2923 3257 3260 3328 περιπέσητε
3307 3259 3598 3323 ποικίλοις,
3635 3259 3801 3326 γινώ-

2208 3362 2428 3407 σκοντες
2456 3346 2539 3398 ὅτι
2584 3345 2645 3397 τὸ
2697 3345 2944 3414 δοκίμιον
2991 3344 3144 3416 ὑμῶν
3169 3347 3268 3418 τῆς
3319 3347 3562 3410 πίστεως
3594 3364 3799 3417 κατερ-

2205 3437 2434 3504 γάζεται
2495 3437 2817 3505 ὑπομονήνο
2861 3439 2894 3508 ἡ
2949 3438 3006 3490 δὲ
3059 3439 3306 3510 ὑπομονὴ
3365 3439 3528 3510 ἔργον
3592 3439 3800 3492 τέλειον

2205 3527 2396 3598 ἐχέτω.
2423 3548 2441 3579 ι
2485 3531 2597 3582 Καὶ
2632 3529 2850 3597 ἐπάγει·
2894 3548 2911 3580 ι
2941 3531 3226 3601 Μακάριος
3257 3531 3397 3602 ἀνὴρ
3451 3530 3510 3594 ὂς
3534 3531 3800 3601 ὑπομένει

2205 3622 2532 3693 πειρασμὸν,
2563 3623 2645 3675 ὅτι
2675 3622 2895 3690 δόκιμος
2943 3623 3252 3693 γενόμενος,
3277 3623 3512 3694 λήψεται
3548 3625 3641 3677 τὸν
3675 3625 3799 3678 στέ-

2203 3732 2369 3784 φανον
2401 3715 2499 3785 τῆς
2533 3714 2698 3785 ζωῆς.
2728 3735 2746 3767 ι
2797 3716 2855 3768 '0
2888 3715 2944 3768 δὲ
3002 3716 3204 3788 Κύριός
3255 3734 3420 3787 φησιν
3445 3735 3461 3748 ο
3506 3735 3525 3769 ι
3565 3718 3629 3771 Ὀ
3665 3719 3799 3772 ὑπο-

2205 3804 2395 3874 μείνας
2417 3806 2496 3869 είς
2521 3805 2699 3869 τέλος,
2721 3799 2878 3870 οὗτος
2905 3805 3230 3876 σωθήσεται.
3256 3825 3275 3858 ι
3301 3809 3410 3861 Καὶ
3442 3807 3634 3862 πάλινο
3669 3827 3690 3862 ι
3713 3811 3800 3862 Ἐν

2202 3900 2268 3969 τῇ
2299 3898 2543 3970 ὑπομονῇ
2576 3898 2730 3969 ὑμῶν
2752 3899 3017 3970 κτήσεσθε
3043 3898 3143 3962 τὰς
3179 3898 3356 3970 ψυχὰς
3385 3901 3564 3971 ὑμῶν.
3589 3921 3609 3954 ι
3643 3902 3800 3972 Δὺτῷ

2203 3995 2238 4064 ἡ
2265 3993 2391 4057 δόξα
2421 3995 2501 4056 εἰς
2531 3994 2658 4056 τοὺς
2684 3992 2907 4057 αἰῶνας.
2960 3994 3155 4064 ’Λμήν.

531 4110 549 4141 ι
581 4090 636 4144 Si
664 4087 1002 4143 subtraxerit
1035 4103 1094 4143 se
1121 4087 1326 4158 justus,
1360 4104 1468 4142 non
1514 4088 1754 4158 placebit
1781 4088 1834 4142 in
1905 4089 1999 4144 illo
2049 4088 2234 4144 anima
2299 4104 2419 4143 mea
2442 4090 2508 4143 ⁸⁸.
2530 4109 2547 4140 ι
2606 4089 2674 4144 Ει
2699 4089 2899 4144 Paulus
2931 4107 2944 4144 :
2978 4109 2996 4142 ι
3019 4089 3078 4144 Si
3108 4090 3559 4156 sustinuerimus,
3586 4104 3646 4148 et
3670 4108 3797 4147 con-

526 4184 1005 4254 regnahimus".x
1080 4181 1345 4237 Rursus:
1410 4203 1427 4234 ι
1478 4183 1750 4255 Patientia
1789 4184 1947 4239 vobis
1996 4185 2309 4239 necessaria
2342 4193 2447 4250 est,
2509 4192 2569 4238 ut
2631 4185 2972 4240 voluntatem
3022 4185 3119 4240 Dei
3177 4185 3445 4241 facientes
3499 4189 3798 4258 reportetis

524 4277 1005 4348 promissiones“.
1040 4295 1057 4328 ι
1105 4276 1348 4332 Jacohus
1394 4293 1664 4347 quoque:
1733 4278 1946 4334 «Omne
1999 4279 2261 4350 gaudium
2305 4280 2642 4345 existimate,
2712 4280 2914 4336 fratres
2972 4283 3109 4347 mei,
3174 4299 3300 4340 cum
3339 4283 3396 4338 in
3461 4285 3799 4340 tentationes

523 4369 709 4423 varias
748 4367 1078 4428 incideritis,
1139 4368 1380 4423 scientes
1453 4369 1601 4438 quod
1650 4370 1907 4440 probatio
1968 4369 2095 4425 fidei
2131 4364 2326 4425 vestra:
2384 4371 2713 4440 patientiam
2757 4382 3052 4441 operatur;
3116 4373 3382 4443 patientia
3430 4383 3620 4428 autem
3660 4391 3797 4444 opus

523 4461 833 4530 perfectum
885 4460 1177 4514 haheat“.
1203 4479 1221 4511 ι
1286 4460 1504 4514 lnducit
1537 4461 1724 4516 idem:
1782 4481 1800 4514 ι
1831 4462 2032 4516 Beatus
2061 4463 2136 4516 vii
2177 4463 2272 4532 qui
2309 4462 2507 4518 suﬂert
2553 4462 2936 4528 tentationem,
2997 4467 3287 4534 quoniam,
3355 4481 3483 4520 cum
3533 4466 3797 4537 probatus

525 4551 716 4613 fuerit,
752 4550 985 4621 accipiet
1037 4567 1301 4606 coronam
1333 4552 1540 4606 vitae“.
1570 4573 1587 4604 ι
1629 4553 1898 4609 Dominus
1933 4554 2064 4609 item
2095 4573 2108 4609 :
2154 4575 2172 4608 ι
2201 4555 2303 4622 Qui
2341 4556 2673 4612 sustinuerit
2724 4573 2900 4627 usque
2957 4559 3011 4612 in
3047 4558 3345 4621 fiuem,hic
3361 4560 3551 4614 salvus
3568 4560 3787 4615 erit".i

525 4643 727 4698 lterum
761 4659 773 4696 :
821 4662 838 4695 ‹
869 4643 930 4698 In
965 4645 1233 4714 patientia
1272 4657 1452 4699 vestra
1501 4645 1856 4714 possidebitis
1896 4647 2107 4702 animas
2141 4658 2354 4705 vestras
2377 4651 2443 4702 ⁸⁸.
2483 4669 2501 4700 ι
2536 4649 2642 4719 Ipsi
2676 4649 2848 4720 gloria
2883 4649 2940 4704 in
2974 4651 3193 4706 saacula.
3222 4651 3422 4708 Amen.

1034 4773 1319 4830 HOMILIA
1357 4773 1579 4829 LXXIX
1593 4816 1604 4829 .

1159 4887 1232 4942 De
1270 4904 1460 4960 agone.

597 5001 748 5069 Agon
771 5000 1075 5055 commilito
1101 5009 1186 5056 est
1217 5012 1273 5057 et
1307 5017 1540 5056 consors
1571 5002 1872 5072 patientia.
1901 5001 2105 5057 Verius

2803 4783 3022 4836 ΛΟΓΟΣ
3075 4783 3194 4838 ΟΘ’.

2789 4894 2926 4962 Περ)
2962 4894 3209 4965 ἀγῶνος.

2293 5003 2349 5056 Ὀ
2391 5004 2563 5073 ἀγὼν,
2616 5006 3030 5079 συστρατιώτης
3090 5011 3238 5063 ἐστὶν
3292 5010 3388 5064 καὶ
3453 5014 3789 5082 συμμέτοχος

526 5093 747 5148 initium
777 5102 862 5148 est
906 5102 962 5149 et
1019 5094 1184 5160 ﬁnis;
1237 5110 1303 5150 ac
1361 5110 1532 5165 prope
1578 5095 1837 5162 dixerim,
1870 5095 2099 5164 amplius

2203 5095 2300 5164 τῆς
2334 5095 2616 5167 ὑπομονῆς
2638 5117 2652 5129 ·
2696 5100 2900 5168 μᾶλλον
2933 5102 2988 5154 δὲ
3019 5101 3162 5174 ἀρχὴ
3199 5103 3296 5156 καὶ
3336 5103 3516 5166 τέλος,
3549 5105 3645 5156 καὶ
3671 5122 3789 5172 σχε-

525 5184 806 5254 quiddam.
853 5185 1006 5241 Adeo
1059 5188 1208 5241 enim
1257 5188 1532 5242 alterutra
1569 5186 1800 5242 alterius
1831 5203 1936 5258 ope
1982 5193 2099 5258 eget

2203 5188 2290 5241 δὸν
2341 5191 2538 5254 εἰπεῖν,
2571 5189 2630 5242 ἓν
2677 5191 2730 5243 τί
2771 5193 2921 5244 ἐστιν
2953 5193 3208 5262 δεόμενον
3255 5194 3358 5264 τῆς
3385 5195 3518 5265 παρ’
3550 5197 3790 5266 ἀλλήλων

526 5291 590 5330 ac
623 5282 813 5327 mutua
845 5279 1191 5348 compagine,
1226 5287 1287 5333 ut
1334 5289 1531 5334 neutra
1577 5278 1754 5350 possit
1803 5279 1872 5334 ad
1921 5279 2113 5334 victri-

528 5382 648 5423 cem
683 5368 1003 5438 pertingere
1035 5387 1294 5427 coronam
1331 5373 1449 5429 sine
1498 5389 1598 5428 sua
1645 5388 1926 5443 compare.
1958 5373 2104 5428 Con-

1767 5553 1812 5586 ιθ
1836 5553 1972 5610 ibid.
2001 5523 2087 5609 ιϐ.

1427 5624 1471 5656 ⁸⁸
1504 5627 1645 5681 Psal.
1679 5642 1839 5680 χχχιχ
1867 5667 1880 5689 ,
1911 5626 1958 5679 1.

609 5552 651 5583 ⁸⁸
680 5553 784 5607 Isa.
810 5569 905 5619 XL,
942 5555 1030 5608 51.

1109 5555 1153 5586 δ’
1181 5555 1337 5608 Deut.
1373 5570 1488 5614 vm,
1520 5557 1576 5621 2,
1610 5557 1663 5612 5.

533 5625 576 5655 ⁵⁷
606 5619 740 5676 i-hid.
795 5624 848 5677 9.

957 5623 1002 5655 ⁸⁸
1035 5624 1169 5678 ibid.
1229 5624 1317 5678 10.

535 5849 642 5898 χχι,
673 5832 739 5888 19

2208 5281 2460 5352 βοηθείας
2508 5286 2601 5336 καὶ
2660 5284 3001 5356 συνάρσεως.
3032 5287 3170 5338 υὺδὲ
3195 5287 3304 5357 γὰρ
3337 5287 3568 5341 δυνατὸν
3601 5290 3789 5358 ἑτέραν

2209 5374 2380 5444 χωρὶς
2414 5373 2647 5444 θατέρας
2682 5377 3116 5447 στεφανωθῆναι.
3156 5378 3526 5450 Ἐναρμονέως
3549 5379 3679 5448 γοῦν
3699 5379 3791 5431 καὶ

2073 5595 2087 5608 .
2199 5554 2245 5587 ⁸³
2289 5556 2500 5610 Nahum
2529 5559 2633 5619 1,7.
2713 5561 2757 5592 ⁸⁸
2781 5559 2942 5613 Prov.
2974 5575 3064 5624 xx,
3088 5560 3178 5615 22.
3257 5560 3301 5592 ⁸⁸
3324 5561 3368 5615 ll
3396 5561 3530 5631 Reg.
3557 5577 3664 5622 χιιι,
3692 5561 3783 5614 17.

2072 5626 2117 5657 ⁵ο
2138 5626 2280 5681 Psal.
2315 5643 2384 5681 LI.
2423 5628 2510 5681 11.
2613 5631 2655 5661 ⁵¹
2700 5629 2842 5681 Psal.
2897 5646 3040 5681 xxvi.
3075 5631 3161 5681 M.
3271 5634 3315 5664 ⁵²
3340 5632 3482 5681 Psal.
3528 5647 3701 5681 xxxvi.
3726 5632 3782 5681 2.

533 5695 578 5725 ⁵⁸
613 5694 749 5747 Psal.
775 5709 956 5759 vaut,
999 5697 1050 5748 7.
1125 5695 1172 5726 ⁵⁵
1205 5695 1384 5749 ‘Eccli.
1439 5711 1604 5755 xxvu.
1631 5697 1684 5751 6.
1761 5698 1806 5727 ⁵⁵
1836 5667 2007 5752 έοοιί.
2041 5713 2099 5762 ιι,

2202 5667 2384 5760 arri:

532 5762 786 5837 lleber,
817 5763 905 5821 58.
981 5767 1026 5798 ⁵³³
1056 5765 1098 5820 ΙΙ
1134 5765 1274 5821 Tim.
1317 5781 1375 5830 ιι,
1411 5765 1495 5819 12.
1573 5765 1617 5797 ⁸ο
1645 5765 1811 5821 llebr.
1841 5783 1894 5833 x,
1938 5768 2026 5823 56.

2209 5784 2290 5823 ac.
2319 5785 2356 5833 ι,
2385 5769 2481 5823 Ξοῶ
2581 5769 2623 5800 ⁸⁸
2653 5768 2784 5824 ibid.
2818 5771 2901 5824 12.
2979 5771 3023 5802 ⁸³
3042 5771 3205 5827 Marc.
3247 5788 3359 5837 xm,
3393 5772 3478 5825 15.

2613 5631 2655 5661 ⁵¹
2700 5629 2842 5682 Psal.
2897 5646 3040 5694 xxvi,
3075 5631 3161 5684 14.

2477 5698 2522 5729 ⁵⁸
2555 5698 2698 5752 Psal.
2741 5715 2814 5762 Ix,
2859 5701 2944 5754 19.

3271 5634 3315 5664 ⁵²
3339 5632 3482 5685 Psal.
3528 5647 3701 5694 xxxvi,
3726 5632 3782 5684 2.

3055 5702 3099 5732 "
3128 5701 3240 5755 lmo
3271 5701 3476 5755 Hahae.
3498 5717 3555 5764 ιι,
3585 5701 3636 5754 5.
3737 5701 3784 5731 ⁸⁸

3055 5771 3205 5826 llarc.
3247 5788 3359 5826 xm.
3393 5772 3478 5825 15.
3578 5772 3621 5803 ⁸⁸
3649 5769 3780 5826 Luc.
