4028 6518
260 395 392 458 166')

1310 396 1634 455 HOMILIA
1671 397 1934 456 LXXlX.
1967 421 2035 430 —
2069 397 2164 455 DE
2204 394 2476 456 AGONE.

3363 391 3496 456 16Ίο

253 502 562 566 ἀκολούθως
613 502 914 575 ἐζεύξαμεν
958 505 1024 574 τῇ
1080 505 1324 576 ὑπομονῇ
1380 505 1472 558 τὸν
1504 505 1712 574 ἀγῶνα,
1746 506 1825 559 ὅτι

1933 505 2097 560 cinno
2125 503 2295 575 igitur
2321 503 2518 557 ordine
2559 518 2620 557 ac
2661 501 2858 557 rationi
2881 508 3256 556 consentaneo
3280 501 3495 571 patien-

253 595 394 649 κατὰ
442 595 645 658 παντὸς
699 595 907 658 πάθους
952 595 1262 649 διαϐολικοῦ
1314 596 1411 668 τὴν
1440 597 1598 667 νίκην
1627 597 1873 685 ἀποφέη

254 703 458 756 ρονται,
493 685 948 757 συνεπισχύοντος
1001 685 1095 740 καὶ
1142 686 1512 754 ἐπαμύνοντος
1553 687 1648 740 τοῦ
1681 689 1828 755 ἀγω-

253 777 467 830 νοθέτου
516 777 725 848 Κυρίου
760 777 917 847 ἡμῶν
952 776 1129 847 Ἰησοῦ
1171 776 1430 847 Χριστοῦ.
1474 779 1532 830 'U
1563 779 1828 846 ἀγωνιζό-

253 883 409 936 μενος
436 865 615 919 πάντα
660 865 1076 937 ἐγκρατεύεται,
1110 868 1204 919 καὶ
1237 867 1296 918 ού
1324 867 1581 933 παύεται,
1618 868 1720 930 ἕως
1763 869 1828 922 ἂν

249 957 505 1028 ἐξαλείψῃ
539 957 741 1028 Κύριος
773 957 981 1021 πάντας
1039 957 1168 1020 τοὺς
1219 959 1450 1030 ἐχθροὺς
1501 961 1610 1013 ἀπὸ
1653 977 1824 1032 προσ-

251 1050 401 1103 ώπου
458 1049 647 1103 αὑτοῦ.
695 1049 761 1101 Ἦ
806 1046 900 1103 οὖν
963 1048 1261 1120 ἐγκράτεια
1290 1049 1450 1121 διπλῆ
1479 1051 1654 1104 ἐστιν.
1699 1052 1827 1104 Ἐπὶ

249 1141 408 1194 τινῶν
441 1141 548 1211 γὰρ
581 1141 663 1195 δεῖ
686 1139 1136 1210 ἐγκρατεύεσθαι,
1164 1141 1254 1193 ἐπὶ
1277 1140 1438 1194 τινῶν
1463 1142 1519 1195 δὲ
1543 1143 1603 1195 οὑ
1625 1144 1722 1196 δεῖ.
1754 1144 1828 1196 Τὸ

249 1232 484 1301 πονηρὸν
512 1232 620 1301 γὰρ
649 1232 730 1284 δεῖ
760 1232 1212 1302 ἐγκρατεύεσθαι,
1239 1232 1336 1285 καὶ
1366 1233 1440 1305 μὴ
1467 1237 1642 1287 ποιεῖν
1671 1233 1823 1288 αὑτό.

250 1323 322 1376 Τὸ
341 1324 398 1377 δέ
429 1323 628 1390 ἀγαθὸν
656 1323 728 1394 μὴ
755 1324 1205 1394 ἐγκρατεύεσθαι,
1228 1325 1360 1379 ἀλλά
1383 1329 1576 1379 ποιεῖν.
1594 1326 1828 1394 Ἐγκρά-

248 1432 439 1469 τευσαι
460 1411 552 1468 οὖν
573 1415 681 1468 ἀπὸ
712 1416 890 1487 πάσης
918 1415 1202 1488 πονηρίας,
1223 1416 1588 1487 ἐργαζόμενος
1603 1417 1664 1469 τὸ
1686 1418 1826 1486 ἀγα-

251 1507 374 1559 θόν·
409 1507 778 1579 ἐγκράτευσαι
805 1508 913 1560 ἀπὸ
936 1507 1199 1577 μοιχείας,
1233 1508 1507 1576 πορνείας,
1545 1507 1850 1578 μεθύσμαο·

248 1615 358 1664 τος,
384 1600 635 1668 ἀνομίας,
668 1599 776 1652 ἀπὸ
831 1599 1066 1670 τρυφῆς,
1114 1598 1222 1652 ἀπὸ
1280 1600 1566 1670 πονηρίας,
1614 1601 1722 1654 ἀπό
1766 1618 1825 1653 τε

249 1689 558 1760 ἐδεσμάτων
582 1689 815 1751 πολλῶν,
835 1691 928 1742 καὶ
947 1690 1558 1755 πολυτελείας,πλούτου
1579 1694 1673 1744 καὶ
1690 1709 1824 1745 καυ-

247 1782 477 1851 χήσεως,
537 1781 987 1853 ὑψηλοφροσύνης
1010 1783 1107 1836 καὶ
1137 1785 1536 1855 ὑπερηφανίας,
1568 1785 1661 1838 καὶ
1716 1784 1824 1838 ἀπὸ

1933 597 2018 651 tia:
2045 597 2446 650 connexuimus
2489 609 2738 665 agonem.
2776 594 3020 662 Utraque
3059 593 3208 647 enim
3264 593 3496 647 Domino

1930 698 2122 742 nostro
2153 688 2281 742 Jesu
2330 686 2556 741 Christo
2605 686 2722 757 (qui
2753 685 3060 755 spiritualis
3093 685 3359 754 palaestra:
3408 693 3495 737 to-
3530 693 3533 698 '

1930 779 2038 833 tius
2084 779 2441 848 agonothetes
2497 779 2603 845 est)
2650 777 2799 831 vires
2853 785 3180 846 suggerente
3210 792 3273 830 ac
3303 785 3496 847 prote-

1929 878 2111 941 gente,
2137 870 2437 939 palmarcm
2477 868 2767 922 victoriam
2798 875 3044 937 reportat
3078 868 3343 922 adversus
3371 883 3495 921 om-

1929 976 2052 1014 nem
2083 960 2366 1014 diabolica:
2391 960 2822 1030 perturbationis
2851 960 3144 1014 violentam
3178 961 3496 1030 impressio-

1927 1066 2073 1104 nem.
2106 1049 2208 1117 Qui
2241 1051 2296 1104 in
2325 1066 2496 1120 agone
2528 1051 2832 1114 contendit,
2869 1052 2937 1104 ab
2986 1052 3246 1106 omnibus
3274 1067 3332 1106 se
3366 1053 3496 1108 abs-

1929 1141 2086 1204 tinet,
2114 1155 2216 1195 nec
2252 1140 2634 1210 interquiescit
2675 1140 2852 1195 donec
2892 1141 3143 1196 inimicos
3172 1142 3497 1196 remoliatur

1927 1241 1983 1286 et
2019 1232 2237 1286 aboleat
2283 1247 2314 1286 a
2358 1232 2498 1287 facie
2547 1247 2665 1287 sua.
2719 1232 2860 1287 Sane
2901 1235 3258 1302 temperantia
3296 1234 3496 1302 duplex

1926 1330 2031 1377 est.
2079 1321 2335 1387 Quaedam
2371 1323 2519 1376 enim
2552 1330 2681 1376 sunt
2712 1338 2742 1376 a
2783 1324 2985 1392 quibus
3026 1340 3254 1380 necesse
3294 1326 3366 1379 sit
3396 1326 3493 1379 tibi

1929 1423 1989 1468 ut
2013 1413 2431 1483 temperes,alia
2465 1413 2596 1467 item
2627 1422 2755 1467 sunt
2782 1430 2904 1483 qua:
2943 1431 3082 1484 opus
3121 1416 3194 1470 sit
3244 1423 3303 1469 ut
3345 1433 3497 1471 exse—

1926 1507 2132 1577 quaris.
2168 1505 2250 1560 Ab
2279 1507 2648 1576 improbitate,
2680 1522 2859 1575 opera:
2891 1507 2961 1561 sit
2994 1509 3231 1575 pretium
3262 1519 3324 1564 ut
3364 1510 3490 1562 abs-

1927 1599 2122 1662 tineas,
2173 1613 2275 1652 nec
2327 1599 2550 1668 expleas
2596 1613 2762 1666 opere
2812 1615 2824 1651 :
2878 1608 3089 1664 contra,
3143 1600 3211 1652 ab
3246 1615 3313 1653 eo
3345 1601 3494 1668 quod

1927 1688 2130 1743 bonum
2185 1697 2268 1744 est
2318 1698 2373 1744 et
2427 1690 2719 1745 honestum
2769 1707 2964 1745 manus
3019 1707 3090 1745 ne
3157 1693 3492 1754 contrahito,

1927 1779 2102 1849 magis
2134 1789 2316 1833 autem
2359 1795 2456 1835 eas
2508 1779 2596 1834 fac
2639 1781 3022 1835 accommodes
3064 1781 3156 1850 pio
3198 1782 3375 1850 operi.
3410 1781 3494 1835 Ab

245 1847 688 1943 σματοςίκάὶ
711 1847 956 1928 καταλαλ
971 1877 1056 1938 ιᾶς
1084 1875 1179 1928 καὶ
1193 1847 1556 1948 ὑποκρίσεως,
1573 1877 1668 1930 καὶ
1684 1893 1824 1948 μνη·

1927 1873 2080 1926 omni
2112 1873 2281 1943 igitur
2309 1873 2518 1926 malitia
2571 1887 2768 1927 manus
2815 1873 3072 1927 amolitor
3112 1874 3346 1928 honesto
3372 1875 3496 1928 cui-

247 1963 523 2029 σικακίας,
555 1965 652 2016 καὶ
701 1963 885 2035 πάσης
933 1963 1302 2036 βλασφημίας,
1331 1966 1661 2037 κλέμματος,
1689 1969 1823 2022 ἀπο·

248 2055 579 2124 στερήσεως,
612 2053 1111 2128 ψευδομαρτυρίας,
1142 2056 1479 2124 πλεονεξίας,
1525 2057 1824 2128 ἐπιθυμίας

245 2147 511 2216 πονηρᾶς,
544 2145 782 2215 ἀπάτης,
800 2147 1129 2212 κενοδοξίας,
1178 2145 1519 2213 ἀλαζονείας,
1579 2150 1675 2203 καὶ
1722 2149 1823 2202 ὅσα

242 2235 455 2298 τούτοις
484 2236 646 2306 ὅμοιά
668 2238 838 2292 ἐστιν.
868 2235 1086 2290 Τούτων
1105 2236 1169 2308 δὴ
1199 2237 1304 2290 τῶν
1322 2237 1497 2309 ἔργων
1513 2237 1595 2290 δεῖ
1621 2240 1824 2308 ἐγκραο

242 2327 499 2380 τεύεσοαι
521 2327 612 2380 τὸν
639 2328 949 2398 ἀγωνιστὴν
997 2327 1090 2382 καὶ
1136 2327 1320 2382 δοῦλον
1349 2327 1444 2382 τοῦ
1482 2326 1639 2383 Θεοῦ.
1673 2329 1823 2382 Εἰσὶν

242 2418 302 2470 δὲ
335 2418 427 2472 καὶ
457 2417 595 2486 ἔργα
625 2418 808 2487 ἀγαθά
837 2417 874 2473 ἀ
897 2418 979 2472 δεῖ
1016 2418 1352 2490 ἐργάζεσθαι
1380 2420 1475 2474 καὶ
1508 2419 1583 2493 μὴ
1616 2422 1823 2494 ἐγκρα-

241 2508 526 2562 τεύεσθαι·
563 2509 670 2579 πρὸ
725 2508 782 2561 δὲ
833 2509 1077 2574 πάντων,
1141 2509 1345 2576 πίστις,
1380 2510 1542 2580 φόϐος
1593 2512 1820 2583 Κυρίου,

243 2601 460 2670 ἀγάπη,
491 2601 737 2670 ὁμόνοια,
772 2600 994 2670 ῥήματα
1016 2599 1384 2670 δικαιοσύνης,
1411 2601 1658 2674 ἀλήθεια,
1689 2603 1823 2656 ὑπο-

247 2691 408 2760 μονὴ,
462 2691 662 2763 χήραις
716 2692 1034 2762 ὑπηρετεῖν,
1088 2693 1360 2763 ὀρφανοὺς
1396 2694 1822 2764 ὑστερουμένους

243 2784 698 2850 ἐπισκέπτεσθαι,
732 2784 791 2848 ἐξ
821 2785 1079 2853 ἀναγκῶν
1105 2785 1431 2856 λυτροῦσθαι
1457 2788 1582 2851 τοὺς
1604 2787 1822 2852 δούλους

241 2873 339 2925 τοῦ
372 2873 530 2938 Θεοῦ,
561 2873 840 2943 φιλόξενον
873 2869 1036 2938 εἶναι,
1077 2874 1280 2944 ἥσυχον
1303 2915 1317 2938 ,
1367 2875 1705 2946 ἐνδεέστερον
1737 2893 1822 2946 γε·

243 2966 429 3018 νὲσθαι
476 2966 694 3019 πάντων
750 2965 1054 3036 ἀνθρώπων
1085 3005 1100 3028 ,
1149 2965 1460 3034 πρεσϐύτας
1517 2965 1772 3019 σέϐεσθαι
1803 3005 1818 3030 ,

243 3057 436 3109 ἀσκεῖν
477 3055 850 3129 δικαιοσύνην,
889 3056 1231 3128 ἀδελφότητα
1271 3057 1574 3128 συντηρεῖν,
1610 3056 1819 3126 μακρό-

1924 1964 2070 2034 piam
2101 1963 2256 2033 eperi
2289 1971 2553 2036 attentus.
2590 1964 2697 2017 Fac
2737 1965 3024 2019 contineas
3075 1965 3144 2019 ab
3197 1965 3491 2029 adulterio,

1925 2069 1956 2109 a
1998 2053 2383 2118 fornicatione,
2435 2053 2506 2108 ab
2537 2053 2828 2120 ebrietate,
2855 2055 2926 2109 ab
2957 2056 3245 2126 iniquitate
3269 2067 3325 2112 et
3360 2058 3494 2129 legis

1926 2146 2384 2216 transgressione,
2415 2161 2444 2200 a
2479 2147 2680 2217 geniali
2727 2147 2861 2201 luxu
2887 2149 3230 2213 deliciarum,
3260 2151 3328 2204 ab
3354 2151 3495 2205 edu-

1924 2235 2128 2290 liorum
2187 2235 2549 2291 immoderata
2589 2237 2768 2306 copia,
2819 2239 2888 2293 ab
2936 2239 3227 2295 immodico
3283 2252 3494 2311 quaestu

1922 2325 2265 2393 divitiarum,
2299 2327 2367 2381 ab
2409 2327 2698 2397 impotenti
2740 2330 3026 2400 jactantia,
3058 2348 3128 2386 ne
3159 2333 3291 2402 quid
3339 2334 3408 2388 de
3441 2343 3494 2389 te

1923 2416 2166 2472 senseris
2236 2416 2551 2486 sublimius,
2609 2433 2678 2473 ne
2722 2435 2822 2488 per
2867 2423 3184 2490 superbiam
3238 2425 3493 2481 evehere.

1921 2507 2152 2564 Abstine
2196 2525 2226 2564 a
2264 2509 2578 2576 mendacio,
2629 2511 2996 2578 detractione,
3044 2513 3339 2584 hypocrisi.
3384 2516 3494 2570 Ac-

1923 2607 2093 2670 ceptae
2139 2599 2354 2670 injuriae
2419 2616 2633 2656 memor
2678 2617 2748 2656 ne
2796 2611 2938 2658 esto.
2992 2604 3225 2661 Provide
3282 2606 3380 2661 tibi
3435 2617 3497 2661 ut

1926 2697 2195 2760 temperes
2245 2691 2314 2745 ab
2355 2693 2506 2746 omni
2554 2693 2920 2763 blasphemia,
2957 2711 2987 2748 a
3022 2695 3193 2761 furto,
3222 2713 3253 2751 a
3276 2707 3493 2753 vetera-

1923 2784 2062 2839 toria
2115 2784 2330 2850 fraude,
2371 2785 2511 2840 falso
2559 2786 2898 2852 testimonio,
2935 2789 3191 2852 avaritia,
3228 2791 3496 2862 concupi-

1921 2875 2131 2931 scentia
2173 2878 2336 2940 mala,
2394 2877 2702 2947 impostura
2759 2887 2814 2933 et
2883 2880 3374 2948 circumventione,
3427 2883 3495 2937 ab

1922 2967 2102 3022 inanis
2137 2967 2325 3038 gloriae
2377 2968 2646 3037 appetitu,
2678 2977 2734 3023 et
2785 2971 3125 3040 arrogantia,
3156 2971 3393 3042 denique
3425 2975 3495 3028 ab

1922 3057 1991 3112 iis
2039 3073 2381 3128 quaecunque
2428 3059 2627 3113 horum
2673 3069 2802 3116 sunt
2844 3077 3110 3131 perquam
3159 3063 3378 3120 similia.
3412 3065 3496 3120 Al)

244 3148 419 3218 θύμον
465 3148 628 3215 εἶναι,
663 3147 1028 3220 μνησικακίαν
1068 3148 1146 3218 μὴ
1196 3147 1361 3219 ἔχειν,
1413 3147 1722 3218 κάμνοντας
1753 3149 1817 3217 τῇ

1924 3149 2045 3206 istis
2076 3149 2242 3220 igitur
2277 3149 2547 3219 operibus
2597 3151 2850 3222 quisquis
2878 3169 2959 3218 es,
2997 3169 3030 3208 o
3055 3169 3214 3210 serve
3242 3156 3361 3222 Dei,
3397 3158 3493 3227 qui

241 3241 391 3312 ψυχῇ
425 3240 790 3312 παρακαλεῖν,
840 3239 1374 3308 ἐσκανδαλισμένους
1427 3239 1536 3293 ἀπὸ
1582 3239 1822 3302 πίστεως

246 3331 325 3401 μὴ
377 3329 799 3395 ἀποϐάλλεσθαι,
845 3329 960 3382 ἀλλ’
1015 3329 1366 3398 ἐπιστρέφειν
1411 3330 1506 3382 καὶ
1553 3326 1824 3398 εὑθύμους

243 3423 446 3484 ποιεῖν,
497 3421 914 3490 ἁμαρτάνοντας
965 3417 1261 3482 νουθετεῖν,
1291 3417 1572 3487 χρεώστας
1603 3417 1678 3487 μὴ
1713 3415 1824 3468 θλί-

244 3513 364 3565 ϐειν
392 3511 590 3575 ἐνδεεῖς
611 3529 626 3544 ο
651 3513 746 3565 καὶ
774 3512 828 3565 εί
870 3527 994 3564 τινα
1020 3509 1235 3573 τούτοις
1259 3508 1422 3579 ὅμοιά
1441 3511 1610 3563 ἐστιν.
1643 3508 1826 3561 Ταῦτα

243 3605 358 3675 γάρ
380 3605 474 3658 ἐάν
503 3622 586 3668 τις
635 3603 847 3675 φυλάξῃ
875 3603 970 3656 καὶ
1028 3603 1103 3673 μὴ
1141 3601 1576 3673 ἐγκρατεύσηται
1597 3601 1693 3656 ἀπ’
1727 3601 1824 3656 αὑ-

241 3696 377 3760 τῶν,
426 3696 652 3766 ζήσεται
701 3695 778 3767 τῷ
820 3695 960 3765 Θεῷ.
1013 3693 1136 3765 Χρὴ
1177 3693 1235 3746 δὲ
1263 3692 1354 3746 τὸν
1399 3693 1705 3764 ἀγωνιστὴν
1731 3693 1822 3746 καὶ

245 3789 502 3857 ἐκτήκειν
553 3788 645 3840 τὸν
695 3787 988 3841 ἀντίπαλον
1039 3787 1097 3838 ἐν
1152 3786 1220 3855 τῇ
1258 3783 1454 3837 ἐαυτοῦ
1509 3785 1697 3856 σαρκὶ,
1735 3785 1818 3837 ἵνα

249 3879 328 3951 μὴ
353 3880 441 3932 διά
486 3879 587 3950 τῆς
615 3881 911 3951 ὑγρότητος
936 3877 1218 3951 ὀλισθαίνῃ
1250 3879 1278 3930 ό
1307 3875 1432 3940 νοῦς
1477 3877 1559 3940 είς
1588 3876 1650 3930 τὸ
1677 3876 1820 3931 λεῖον

244 3970 357 4023 τῶν
389 3970 613 4039 ἡδονῶν,
641 3973 790 4036 ὅπως
819 3974 848 4026 ὁ
877 3973 1002 4038 νοῦς
1019 3974 1129 4028 τῶν
1153 3973 1571 4045 ἀγωνιζομένων
1596 3973 1700 4027 ὑπὸ
1725 3972 1819 4026 τοῦ

245 4059 396 4113 θείου
432 4061 609 4130 φωτὸς
653 4065 965 4134 ἐνεργῆται,
1000 4066 1092 4118 καὶ⁵
1139 4063 1218 4135 τῷ
1250 4063 1378 4134 θείῳ
1409 4065 1558 4135 νόμῳ
1587 4062 1814 4135 δουλεύῃ

245 4153 343 4204 καὶ
372 4152 689 4223 συνήδηται,
721 4155 861 4206 κατὰ
885 4155 975 4207 τὸν
1018 4153 1361 4209 Ἀπόστολον.

1923 3237 2225 3306 spiritualis
2254 3237 2382 3292 vita
2420 3238 2740 3308 aggrederis
2772 3252 3074 3306 certamen,
3102 3243 3280 3298 modis
3311 3245 3495 3299 omni-

1920 3329 2023 3383 bus
2059 3326 2476 3397 temperandum
2531 3343 2752 3384 censeo.
2791 3331 3006 3401 1150
3041 3332 3182 3386 Sunt
3211 3343 3403 3388 contra
3439 3342 3497 3388 et

1920 3421 2066 3476 bona
2095 3437 2266 3491 opera
2294 3437 2416 3491 qua:
2449 3430 2510 3475 ut
2539 3423 2806 3491 opereris,
2847 3440 3073 3480 necesse
3096 3427 3188 3492 sit,
3219 3443 3330 3482 non
3360 3431 3492 3486 item

1923 3521 1986 3567 ut
2030 3514 2098 3568 ab
2151 3513 2232 3567 eis
2281 3513 2586 3567 contineas.
2637 3513 2893 3568 Omnium
2949 3517 3192 3586 primum
3223 3518 3359 3574 ﬁdes
3386 3531 3492 3586 est,

1905 3603 2131 3659 deinde
2165 3605 2329 3658 timor
2356 3604 2597 3666 Domini,
2649 3605 2909 3671 ebaritas,
2943 3609 3236 3663 concordia
3277 3611 3492 3666 animo-

1927 3713 2072 3762 rum,
2100 3697 2274 3752 verba
2303 3697 2554 3768 iustitiae,
2591 3697 2818 3761 veritas,
2864 3700 3149 3768 patientia,
3179 3701 3496 3758 subservire

1924 3788 2130 3855 viduis,
2163 3789 2405 3858 pupillos
2434 3789 2631 3843 solatio
2660 3788 2954 3844 destitutos
3001 3801 3291 3860 parentum
3323 3794 3496 3850 inter-

1923 3879 2127 3942 visere,
2175 3894 2364 3934 servos
2412 3879 2510 3933 Dei
2562 3880 2756 3948 quavis
2817 3881 3146 3937 necessitate
3205 3899 3498 3953 oppressos

1923 3968 2196 4024 extricare
2238 3983 2304 4022 ac
2350 3968 2644 4034 redimere,
2671 3969 2912 4039 hospitio
2943 3973 3202 4041 excipere
3252 3977 3499 4045 peregri~

1924 4077 2049 4126 nos,
2097 4075 2220 4116 esse
2273 4061 2585 4130 requietum
2637 4069 2693 4116 et
2751 4061 3107 4129 taciturnum,
3135 4073 3413 4134 postremo
3441 4077 3500 4122 ut

1925 4153 1996 4208 de
2046 4151 2305 4206 omnibus
2353 4152 2409 4204 in
2451 4165 2742 4205 commune
2789 4150 2931 4207 bene
2997 4155 3278 4218 merearis,
3341 4170 3500 4211 senes

245 4253 552 4314 reveretor,
597 4249 869 4319 justitiam
948 4261 1259 4316 excerceto,
1306 4250 1601 4306 fraternam
1680 4257 2010 4305 conservato
2064 4247 2442 4302 dilectionem.
2511 4246 2902 4317 Longanimem
2961 4249 3220 4304 convenit
3258 4264 3379 4304 esse
3449 4259 3500 4306 te

243 4353 309 4390 ac
351 4339 696 4404 tolerantem,
728 4341 932 4397 nullius
963 4358 992 4396 a
1030 4344 1286 4413 quopiam
1330 4354 1568 4414 acceptae
1594 4345 1808 4415 injuriae
1846 4342 2190 4407 memineris,
2217 4342 2305 4397 fac
2358 4355 2455 4396 eos
2494 4341 2798 4396 consoleris
2849 4341 2945 4410 qui
3012 4344 3198 4396 animo
3228 4342 3500 4397 afflictan-

247 4439 338 4483 tur
365 4439 422 4484 et
452 4432 722 4489 laborant,
758 4435 862 4501 Qui
889 4435 1193 4490 etiamnum
1238 4437 1292 4490 in
1362 4436 1468 4490 ﬁde
1534 4437 1744 4491 haerent
1804 4436 2051 4506 perplexi
2079 4444 2134 4489 et
2169 4433 2412 4488 scandali
2448 4436 2729 4506 quidpiam
2769 4437 3048 4499 adierunt,
3091 4437 3193 4491 hos
3240 4451 3310 4491 ne
3357 4436 3500 4507 abji-

245 4521 380 4586 cito,
417 4523 588 4592 magis
637 4532 822 4578 autem
863 4524 1135 4590 adnitere,
1187 4523 1245 4579 in
1296 4525 1436 4579 viam
1484 4535 1544 4580 ut
1589 4526 1818 4580 redeant
1885 4525 2033 4590 ﬁdei,
2079 4525 2336 4593 bonoque
2389 4525 2502 4580 sint
2543 4535 2599 4580 et
2662 4525 2831 4580 alacri
2885 4526 2953 4580 ad
2998 4525 3401 4581 fidemanimo.
3432 4527 3494 4582 In

243 4632 467 4671 errores
498 4617 689 4672 devios
729 4620 822 4690 qui
865 4620 1202 4688 exorbitant,
1237 4630 1331 4676 tuo
1361 4623 1582 4676 hortatu
1648 4630 1703 4677 et
1753 4621 1984 4677 consilio
2051 4621 2120 4675 ad
2178 4621 2569 4676 rectitudinem
2614 4637 2830 4676 revoca.
2862 4622 3059 4677 Debito
3105 4623 3362 4692 quopiam
3405 4623 3500 4677 ob-

248 4708 472 4763 strictos
525 4709 645 4774 tibi,
681 4711 866 4781 inopia
903 4713 949 4768 si
982 4722 1329 4783 premuntur,
1396 4731 1465 4768 ne
1499 4714 1770 4780 afflictes;
1803 4723 1857 4768 et
1895 4715 1938 4769 si
1983 4729 2089 4783 qua
2139 4712 2226 4767 his
2296 4713 2535 4767 confinia
2588 4721 2736 4767 sunt.
2793 4714 2985 4769 lsthaec
3026 4729 3190 4783 opera
3246 4715 3500 4784 quisquis

251 4803 358 4858 rite
405 4806 796 4875 observaverit,
838 4826 948 4864 non
1001 4811 1131 4864 item
1175 4812 1244 4866 ab
1289 4811 1558 4882 ejusmodi
1619 4825 1814 4865 manus
1868 4809 2208 4865 contraxerit
2242 4824 2340 4878 per
2389 4811 2693 4864 socordiam
2751 4825 2815 4864 ac
2854 4811 3120 4865 lentorem
3164 4810 3356 4877 animi,
3380 4812 3491 4867 uti-

247 4913 357 4964 que
386 4900 534 4956 vivet
568 4903 701 4957 Deo.
730 4902 878 4974 Opus
905 4904 971 4958 ad
1001 4905 1118 4958 haec
1147 4905 1336 4970 fuerit,
1377 4915 1438 4959 ut
1467 4905 1561 4974 qui
1627 4904 1681 4958 in
1723 4903 1995 4974 spirituali
2040 4917 2213 4972 agone
2252 4901 2522 4966 decertat,
2559 4917 2716 4956 suum
2750 4909 2991 4956 maceret
3045 4910 3101 4956 et
3166 4902 3292 4956 tabe
3328 4901 3492 4958 confi-

247 4987 357 5043 ciat
399 4991 772 5047 adversarium
817 4995 873 5048 in
921 5011 1084 5050 carne
1115 4996 1339 5066 propria
1378 4996 1815 5059 delitescentem,
1858 5010 1928 5049 ne
1966 4995 2201 5047 humore
2267 4991 2558 5047 exsudanti
2603 4992 2951 5062 periclitetur
3005 5007 3182 5057 mens,
3225 5002 3280 5046 et
3307 4995 3494 5048 conci-

250 5081 346 5133 dat
374 5097 619 5153 prteceps
650 5083 706 5137 in
733 5085 962 5139 livorem
1017 5101 1082 5141 ac
1115 5087 1398 5156 planitiem
1441 5087 1670 5162 illicium
1714 5087 2084 5156 voluptatum,
2143 5099 2254 5153 quo
2290 5097 2448 5138 mens
2513 5083 2628 5152 ipsa
2679 5083 3018 5152 spiritualem
3059 5098 3285 5154 agonem
3344 5086 3500 5139 susti-

244 5173 518 5240 nentium,
555 5174 823 5230 illustrata
849 5177 1022 5232 divini
1067 5177 1291 5233 luminis
1329 5178 1642 5248 splendore,
1666 5177 1940 5232 eflicacius
1977 5183 2259 5246 operetur,
2281 5176 2386 5246 legi
2409 5175 2504 5230 Dei
2523 5176 2793 5230 serviatet
2819 5173 3228 5230 condclectetur
3253 5176 3319 5240 ‘5,
3348 5176 3500 5247 juxta

245 5267 489 5337 Apostoli
521 5268 868 5323 sententiam.

317 5361 411 5412 Δεῖ
455 5354 550 5414 οῦν
601 5363 924 5432 εὐτρεπίσαι
973 5362 1063 5416 τὸν
1091 5362 1217 5416 νοῦν
1250 5363 1345 5417 καὶ
1383 5362 1688 5433 μετῳκίσαι
1720 5360 1820 5431 τὴν

1998 5358 2105 5414 Sed
2160 5367 2216 5413 et
2263 5359 2455 5414 eadem
2493 5357 2808 5413 adornanda
2861 5357 3013 5411 venit
3051 5365 3107 5412 et
3153 5357 3497 5412 immutanda

246 5451 511 5518 διάνοιαν,
564 5454 659 5506 καὶ
700 5452 1018 5525 ὑπερκύψαι
1069 5454 1160 5507 τὸν
1206 5453 1453 5524 οὐρανὸν,
1507 5452 1602 5507 καὶ
1641 5453 1821 5519 πάσης

1927 5450 2094 5504 animi
2145 5451 2426 5521 cogitatio,
2455 5460 2511 5506 et
2545 5451 2612 5505 ad
2650 5450 2851 5505 coelum
2898 5465 3070 5519 usque
3121 5450 3498 5504 transcriben-

247 5544 484 5608 κτίσεως
505 5545 766 5617 ὑπεράνω
797 5563 899 5599 που
930 5546 1208 5615 γενέσθαι,
1235 5547 1331 5599 καὶ
1354 5545 1606 5616 διαπύρῳ
1631 5543 1820 5594 ἐπιθυ-

1927 5541 1995 5596 da
2035 5550 2120 5596 est
2166 5549 2222 5595 et
2268 5543 2588 5608 altollenda,
2614 5557 2890 5611 supraque
2915 5558 3134 5598 omnem
3187 5551 3496 5597 creaturam

250 5637 370 5707 μία,
399 5639 809 5712 ἀκαταπαύστῳ
839 5642 905 5712 τῇ
941 5639 1147 5711 διανοίᾳ
1188 5639 1326 5711 πρὸς
1374 5640 1556 5692 ἐκεῖνα
1585 5633 1817 5706 προσδε-

1931 5634 1990 5689 in
2040 5634 2275 5689 sublime
2334 5641 2416 5690 est
2463 5635 2762 5706 erigendus
2822 5635 3083 5700 animus,
3132 5642 3187 5690 et
3248 5632 3494 5704 ﬂagranti

328 5797 370 5826 ⁸⁵
403 5795 558 5848 Rom.
581 5811 672 5860 vn,
703 5795 795 5848 Ἦ.
