4028 6560
440 380 568 447 1671

1705 375 2067 437 ANTIOCHI
2109 376 2455 440 MONACIII

3563 387 3699 450 1672

436 491 750 554 desiderio,
796 488 1094 558 irrequieta
1165 495 1331 557 atque
1400 487 1611 557 perpeti
1680 486 2013 555 cogitatione

2126 483 2303 539 Ξέσθαι
2335 486 2371 540 ὃ.
2398 490 2491 540 καὶ
2513 490 2559 541 οἱ
2583 487 2829 559 ἀληθινοὶ
2866 490 3170 557 ἀγωνισταὶ
3197 492 3424 561 ἔδειξαν,
3462 498 3555 549 καὶ
3582 500 3697 552 ἐδο-

440 600 537 653 par
574 590 658 636 est
706 588 764 633 ut
810 580 1153 633 adhaerescat
1202 586 1257 631 et
1318 577 1651 647 astringatur
1712 577 2016 645 praeceptis,

437 689 559 744 qua),
607 673 867 744 agonistae
925 672 1001 727 illi
1058 686 1279 724 veraces
1328 684 1494 737 opere
1551 669 1669 739 ipso
1716 684 2017 738 reprzescn-

442 778 645 833 larunt,
718 782 927 835 suaque
971 764 1247 819 sententia
1303 771 1601 817 sanxerunt
1666 762 1773 832 piis
1824 762 2015 816 obser-

438 860 639 925 vanda,
688 859 818 913 dum
871 874 927 911 se
971 872 1143 926 agone
1202 855 1477 925 spirituali
1546 864 1882 909 exercerent.
1934 854 2015 908 llli

439 956 586 1009 enim
626 953 866 1008 'eminus
924 962 983 1005 et
1030 967 1059 1005 e
1138 950 1443 1019 longinquo
1520 954 1850 1017 prospectu,
1921 963 2018 1016 per

441 1044 603 1099 ﬁdem
682 1044 1037 1113 contemplati
1108 1041 1537 1113 promissiones,
1604 1041 1810 1093 nullam
1881 1038 2020 1091 afﬂi-

441 1139 687 1194 ctionum
718 1136 1091 1191 accessionem
1126 1133 1646 1205 prolixitudinemve
1694 1141 2021 1186 recusarunt

441 1228 705 1299 perferre.
763 1228 981 1282 Etenim
1020 1226 1245 1293 ﬁdelem
1297 1240 1417 1280 esse
1469 1240 1595 1278 eum
1641 1223 2015 1287 crediderunt,

441 1320 537 1391 qui
579 1320 927 1390 repromisit;
979 1326 1359 1385 exspectantes
1405 1318 1627 1372 interim
1672 1316 1813 1370 diem
1866 1316 2017 1369 illum

440 1412 715 1466 Dominici
777 1410 1048 1465 adventus
1112 1410 1314 1481 insigni
1380 1409 1630 1463 claritate
1675 1410 2016 1477 prmlustrem

440 1504 709 1565 futurum,
745 1518 854 1572 quo
906 1516 1036 1556 suos
1075 1501 1308 1555 famulos
1346 1500 1569 1569 publico
1609 1500 1887 1569 praeconio
1918 1500 2016 1554 de-

442 1596 754 1649 claraturus
777 1603 881 1656 est,
913 1608 1037 1650 cum
1063 1593 1280 1646 venerit
1318 1591 1373 1644 in
1407 1590 1648 1644 nubibus
1675 1591 1820 1653 coeli,
1853 1591 2019 1659 inque

445 1702 615 1739 unum
647 1700 779 1740 suos
810 1683 1127 1755 aggregabit
1165 1690 1408 1746 sanctos,
1452 1682 1716 1735 nimirum
1765 1682 2021 1751 spiritua-

442 1776 523 1831 les
554 1776 831 1847 agonistas
862 1785 919 1829 et
946 1775 1350 1844 integerrimos.
1379 1773 1611 1827 Necesse
1644 1774 1811 1842 igitur
1844 1781 1927 1827 est
1962 1781 2019 1826 ut

445 1867 796 1923 decertemus
824 1884 837 1920 :
869 1876 923 1923 et
955 1867 1179 1936 quidem
1210 1882 1411 1934 corpus
1440 1866 1713 1920 continuae
1738 1865 2019 1934 asperitati

445 1956 819 2027 objiciendum
846 1955 1113 2011 adversus
1140 1964 1323 2009 autem
1356 1954 1633 2024 improbas
1666 1956 2023 2024 cogitationes

444 2048 595 2103 omni
639 2048 940 2103 securitate
988 2054 1043 2101 et
1089 2047 1355 2115 patientia
1416 2046 1844 2116 praemuniendae
1895 2058 2024 2102 sunt

443 2140 660 2193 animm.
686 2137 911 2208 Oportet
935 2138 1180 2208 insuper,
1215 2149 1271 2192 ut
1295 2154 1616 2193 accuremus
1649 2138 2022 2194 testimonium

445 2230 793 2285 conscientiae
816 2231 1051 2300 pr0prim
1080 2231 1284 2285 habere
1314 2231 1367 2285 in
1394 2240 1693 2301 conspectu
1719 2231 1837 2285 Dei.
1871 2251 1889 2283 ι
1915 2232 2023 2286 Ex-

444 2332 718 2391 spectans,
765 2342 782 2374 ι
832 2325 1001 2384 enim,
1037 2342 1055 2374 ι
1086 2324 1399 2393 exspectavi
1429 2324 1753 2390 Dominum;
1791 2325 2025 2380 intendit

445 2415 663 2468 mihi“.
692 2434 709 2467 ›
749 2415 867 2469 Νοη
900 2416 1046 2469 enim
1074 2422 1253 2485 potest
1293 2416 1416 2484 quis
1453 2416 1708 2486 indipisci
1738 2418 2019 2483 virtutem,

444 2506 502 2561 ni
539 2507 689 2575 prius
739 2507 861 2576 (pro
917 2508 1065 2561 illius
1120 2509 1490 2580 assecutione)
1551 2524 1675 2563 cum
1736 2509 1927 2564 labore
1966 2522 2022 2564 et

446 2600 738 2653 tolerantia
784 2600 1166 2664 afﬂictionum,
1221 2617 1346 2654 enm
1405 2602 1564 2657 hoste
1608 2603 2020 2672 congrediantur.

447 2690 524 2744 Ex
557 2690 793 2745 adverso
821 2692 969 2746 enim
1020 2693 1416 2747 obluctandum
1460 2702 1687 2762 peccato
1732 2702 1815 2747 est
1851 2708 2024 2762 usque

446 2783 513 2837 ad
543 2780 800 2848 moitem,
849 2792 906 2839 et
952 2786 1065 2841 acri
1120 2786 1421 2841 certamine
1456 2798 1617 2856 atque
1650 2785 2025 2841 indesinenter

446 2877 504 2931 in
557 2878 841 2947 procinctu
890 2878 1388 2944 consistendum",
1418 2879 1572 2949 juxta
1607 2878 1889 2931 Paulinam
1928 2892 2025 2931 vo-

447 2988 590 3026 cem.
639 2973 782 3027 Dicit
832 2973 1067 3041 proinde
1127 2972 1459 3041 Scriptura:
1503 2992 1520 3022 ι
1551 2971 1690 3023 Ante
1745 2969 2025 3023 hominem

448 3065 627 3133 posita
673 3072 801 3120 sunt
835 3066 946 3118 vita
974 3074 1030 3119 et
1066 3079 1234 3126 mors,
1274 3074 1331 3117 et
1362 3062 1508 3131 quod
1546 3062 1837 3131 placuerit,
1871 3061 2027 3114 dabi-

2120 576 2397 649 ξάσθησαν
2442 582 2500 633 ἐν
2528 580 2607 651 τῷ
2635 581 2806 650 ἀγῶνι
2837 583 3037 635 αὑτῶν.
3062 584 3356 654 Πόρρωθεν
3384 588 3493 657 γὰρ
3519 591 3632 660 ἐωρ
3677 622 3694 631 -

2118 672 2273 735 κότες
2301 673 2398 736 τάς
2431 674 2765 742 ἐπαγγελίας
2815 674 2903 727 διὰ
2954 676 3210 742 πίστεως,
3247 681 3425 749 μῆκος
3466 681 3699 753 θλίψεων

2119 765 2593 835 ὑπέμειναν,’ἐπε“ι
2620 768 2809 820 πιστὸν
2845 769 3125 838 ἡγήσαντο
3170 772 3261 823 τὸν
3284 774 3666 846 ἐπαγγειλάμε

2119 872 2228 921 νον,
2258 856 2689 927 ἀπεκδεχόμενοι
2720 857 2820 927 τὴν
2850 858 3113 929 λαμπρὰν
3137 860 3353 931 ἡμέραν
3368 864 3459 916 τοῦ
3494 868 3701 919 Δεσπό-

2118 965 2235 1009 του,
2268 950 2325 1001 ἐν
2441 948 2710 1013 ἀναδείξει
2745 951 2772 1002 ὀ
2795 949 2926 1013 Θεὸς
2950 952 3076 1014 τοὺς
3102 953 3297 1006 ἑαυτοῦ
3336 955 3700 1025 θεράποντας,

2119 1039 2245 1091 ὅταν
2296 1039 2422 1111 ἔλθῃ
2472 1041 2564 1092 ἐπὶ
2588 1040 2698 1093 τῶν
2728 1040 2969 1109 νεφελῶν
2995 1045 3089 1093 τοῦ
3121 1042 3379 1113 ούρανοῦ,
3426 1048 3520 1099 καὶ
3568 1064 3700 1099 συν-

2120 1130 2302 1203 αγάγῃ
2330 1130 2455 1193 τοὺς
2494 1131 2670 1194 ὁσίους
2696 1131 2862 1184 αὑτοῦ
2907 1134 3036 1194 τοὺς
3069 1133 3312 1198 τελείους
3357 1139 3694 1205 ἀγωνιστάς.

2119 1221 2240 1292 Χρὴ
2276 1217 2369 1274 οὖν
2399 1223 2793 1292 δοκιμάζεσθαι
2826 1224 2920 1277 καὶ
2966 1225 3262 1295 ὑποφέρειν
3299 1231 3549 1299 συνεχέσι
3599 1232 3700 1302 μέν

2120 1313 2460 1384 ἀνωμαλίαις
2510 1314 2572 1366 τὸ
2628 1313 2811 1384 σῶμα,
2866 1315 3147 1386 λογισμοῖς
3196 1318 3252 1369 δὲ
3294 1324 3555 1390 πονηροῖς
3600 1321 3702 1383 τάς

2120 1404 2316 1475 ψυχάς.
2351 1405 2557 1458 Ούκοῦν
2584 1408 2722 1476 μετά
2756 1406 2937 1476 πάσης
2966 1407 3265 1475 ἀσφαλείας
3290 1412 3383 1463 καὶ
3412 1412 3699 1482 ὑπομονῆς

2122 1499 2226 1569 χρὴ
2254 1499 2313 1552 τὸ
2343 1499 2644 1569 μαρτύριον
2694 1502 2793 1569 τῆς
2834 1500 3197 1571 συνειδήσεως
3224 1504 3380 1573 ἡμῶν
3415 1509 3697 1577 κατεργά-

2121 1590 2313 1655 ζεσθαι
2362 1594 2511 1662 ἡμᾶς
2550 1590 2779 1645 ἐνώπιον
2810 1592 2901 1644 τού
2943 1592 3101 1648 Θεοῦ.
3144 1614 3162 1647 ι
3215 1596 3536 1667 ἰ’πομένων
3566 1600 3700 1669 γάρ.

2122 1686 2392 1756 ὑπέμεινα
2421 1687 2513 1739 τὸν
2549 1687 2775 1756 Κύριον,
2818 1687 2915 1740 καὶ
2947 1687 3220 1758 προσέσχε
3250 1707 3360 1759 μοι.
3388 1710 3405 1742 ι
3436 1693 3509 1744 Οὑ
3542 1692 3706 1746 δύνα-

2122 1796 2213 1830 ται
2244 1778 2353 1848 γάρ
2382 1796 2465 1841 τις
2495 1778 2801 1849 κτήσασθαι
2834 1779 3058 1850 ἀρετὴν,
3090 1781 3137 1832 εἰ
3164 1782 3237 1851 μὴ
3271 1783 3536 1854 πρότερον
3560 1786 3703 1851 ὑπὲρ

2125 1872 2294 1940 αὑτῆς
2316 1870 2421 1933 ἕως
2452 1871 2684 1941 αἵματος
2714 1872 3117 1941 παρατάξηται.
3149 1876 3239 1925 Δεῖ
3269 1875 3377 1943 γάρ
3398 1878 3500 1940 ἕως
3536 1878 3705 1932 θανά-

2123 1981 2215 2016 του
2236 1963 2719 2017 ἀντικαθίστασθαι
2738 1964 2873 2033 πρὸς
2887 1964 2985 2034 τὴν
3003 1965 3117 2033 ἀμα
3128 1967 3299 2035 ρτίαν,
3324 1972 3702 2035 ἀγωνιστικῶς

2127 2058 2219 2109 καὶ
2249 2056 2581 2121 ἀνεκλύτως,
2614 2058 2754 2109 κατά
2788 2057 2879 2109 τὸν
2924 2058 3223 2111 ἀπόστολον
3266 2060 3499 2115 Παῦλον.
3536 2062 3701 2129 Λέγει

2123 2148 2179 2200 δὲ
2214 2132 2368 2219 καίὴ
2399 2148 2611 2219 Γραφή·
2645 2166 2662 2199 ι
2705 2148 2976 2201 Ἐναντίον
3007 2150 3297 2220 ἀνθρώπου
3342 2154 3374 2222 ἡ
3410 2150 3522 2223 ζωὴ
3552 2156 3647 2207 καὶ
3675 2158 3704 2206 ὁ

2126 2239 2379 2302 θάνατος,
2405 2240 2500 2293 καὶ
2521 2239 2548 2292 ὂ
2582 2238 2674 2291 ἐάν
2699 2239 2992 2310 εὑδοκήσῃ,
3020 2240 3305 2311 δοθήσεται
3330 2243 3502 2313 αύτῷ.
3531 2264 3548 2295 ι
3590 2246 3703 2299 Καὶ

2124 2331 2234 2401 γὰρ
2267 2331 2532 2399 δεσπότης
2564 2333 2673 2385 τῶν
2720 2332 2910 2387 παθῶν
2948 2333 3167 2402 λέγεται
3225 2330 3365 2388 εἶναι
3415 2339 3445 2390 ὁ
3499 2337 3703 2405 ἀσεϐὴς

2126 2424 2220 2477 καὶ
2249 2424 2513 2494 φρόνιμος
2559 2423 2852 2491 λογισμός·
2891 2423 2979 2476 διὰ
3025 2424 3122 2493 μὲν
3174 2426 3530 2494 σωφροσύνης
3582 2428 3705 2479 ἐπιο

2128 2517 2347 2587 κρατεῖν
2396 2515 2842 2585 γαστριμαργίας
2890 2532 2949 2568 τε
2998 2515 3094 2569 καὶ
3143 2516 3476 2585 ἐπιθυμίαςο
3512 2519 3602 2571 διὰ
3646 2518 3707 2571 δέ

2124 2603 2497 2674 δικαιοσύνης,
2530 2602 2710 2673 πάσης
2755 2603 2956 2665 κακίας
2980 2619 2993 2631 '
3020 2603 3107 2656 διὰ
3138 2602 3193 2654 δὲ
3228 2603 3500 2673 ἀνδρείας,
3526 2602 3707 2672 θυμοῦ

2126 2698 2219 2752 καὶ
2259 2696 2524 2767 λογισμοῦ
2575 2697 2669 2749 καὶ
2700 2695 2866 2764 φόϐου
2892 2710 2904 2723 ⁸
2938 2696 3033 2748 καὶ
3061 2694 3233 2748 ταῦτα
3270 2696 3368 2766 οὑχ
3397 2695 3536 2748 ὥστε
3566 2696 3710 2749 αὑτὰ

2126 2791 2452 2853 καταλῦσαι,
2474 2790 2587 2843 ἀλλ’
2623 2788 2759 2843 ὥστε
2788 2790 2969 2851 αὑτοῖς
3007 2788 3081 2857 μὴ
3111 2784 3273 2851 εἶξαι.
3309 2789 3383 2840 Οὑ
3416 2788 3526 2857 γὰρ
3552 2789 3711 2856 ἐκρι-

2127 2883 2307 2953 ζωτής
2340 2884 2457 2935 ἐστι
2496 2882 2606 2935 τῶν
2662 2880 2851 2933 παθῶν
2878 2881 2907 2931 ὁ
2945 2878 3225 2948 λογισμὸς,
3254 2877 3371 2931 ἀλλ’
3406 2880 3712 2945 ἀνταγωνι-

2129 2976 2281 3045 στής.
2308 2974 2530 3044 Διόπερ,
2561 2973 2742 3041 φησὶν,
2774 2971 3070 3041 ἐπιθυμίαν
3094 2972 3177 3034 τὶς
3205 2971 3361 3040 ὑμῶν
3388 2972 3449 3024 οὑ
3478 2971 3712 3025 δύναται

2128 3063 2381 3131 ἐκκόψαι,
2416 3062 2550 3115 ἀλλά
2582 3061 2654 3131 μὴ
2688 3060 3015 3131 δουλωθῆναι
3051 3064 3116 3131 τῇ
3169 3061 3433 3131 ἐπιθυμία
3483 3061 3713 3114 δύναται

449 3165 541 3212 tur
566 3157 616 3211 ei
639 3157 703 3209 ⁶⁸.
736 3175 753 3208 ι
789 3155 895 3211 Sed
924 3157 1070 3209 enim
1110 3155 1317 3224 1151
1370 3155 1460 3223 pia
1504 3170 1568 3207 ac
1598 3153 1843 3223 prudens
1873 3156 2023 3224 cogi-

2129 3156 2157 3207 ὁ
2186 3155 2445 3224 λογισμὸς
2474 3152 2877 3224 παρασχέσθαι.
2912 3152 3115 3205 [Ιολλοῦ
3155 3147 3248 3205 οὖν
3285 3152 3497 3220 ἀγῶνος
3521 3153 3711 3222 χρεία,

450 3248 605 3311 talio,
632 3247 853 3302 domina
884 3246 1153 3301 astruitur
1198 3261 1318 3299 esse
1366 3245 1719 3299 affectionum
1749 3261 1761 3297 :
1788 3260 1885 3313 per
1906 3245 2022 3298 fru-

448 3338 731 3407 galitatem
770 3336 918 3390 enim
954 3336 1082 3389 vitae
1129 3334 1244 3388 sive
1290 3334 1717 3403 temperantiam
1765 3333 2027 3387 adversus

448 3429 661 3485 ventris
712 3428 1013 3499 ingluviem
1060 3426 1320 3496 praevalet
1377 3435 1433 3479 et
1480 3427 2023 3495 concupiscentiam:

445 3522 661 3591 justitia
691 3529 875 3576 autem
928 3520 1151 3585 comite,
1203 3519 1468 3573 malitiam
1521 3535 1740 3573 omnem
1799 3520 2025 3589 subigit,

450 3614 774 3668 vincitvero
795 3612 1120 3667 fortitudine
1150 3610 1586 3675 iracundiam,at
1612 3611 1864 3680 prudenti
1899 3630 2028 3666 con-

450 3705 784 3759 sideratione
816 3703 1133 3773 suppeditat
1157 3704 1410 3757 timorem
1439 3713 1495 3757 et
1526 3704 1772 3757 excludit
1807 3722 1818 3757 :
1860 3704 2026 3774 idque

453 3814 562 3851 non
596 3797 743 3867 quod
777 3805 986 3851 asserat
1018 3812 1113 3851 eas
1142 3796 1308 3850 animi
1369 3796 1689 3850 affectiones
1716 3798 1769 3850 vi
1810 3798 2023 3857 illarum

450 3893 717 3946 virtutum
760 3907 990 3961 prorsus
1030 3890 1319 3953 exinaniri,
1354 3890 1487 3958 quin
1537 3889 1721 3959 potius
1775 3891 2027 3945 mistione

450 3984 685 4053 quadam
752 3998 875 4037 esse
931 3982 1165 4036 invicem
1227 3982 1574 4051 conjunctas.
1638 3982 1829 4051 Neque
1878 3983 2026 4036 enim

449 4076 819 4131 consideratio
874 4075 991 4129 sive
1044 4074 1395 4128 ratiocinatio
1433 4074 1796 4143 quantalibet,
1855 4077 2028 4144 possit

449 4170 518 4223 ab
547 4169 731 4223 radice
770 4168 1081 4223 convellere
1133 4182 1353 4221 omnem
1398 4150 1713 4236 passionum
1762 4168 2027 4237 intempe-

451 4258 608 4323 riem,
635 4258 730 4313 sed
760 4259 814 4312 in
845 4259 949 4313 hoc
993 4258 1207 4313 indulta
1240 4258 1452 4311 homini
1479 4270 1584 4321 est,
1616 4268 1673 4313 ut
1711 4259 1844 4328 ipsis
1868 4260 2027 4313 oblu-

449 4359 707 4405 cteturac
725 4360 991 4420 repugnet
1013 4350 1025 4401 i
1046 4391 1058 4404 .
1090 4350 1172 4405 Ob
1207 4350 1313 4404 hoc
1342 4350 1421 4405 ait
1453 4350 1675 4419 quidem
1706 4367 1719 4404 :
1747 4351 2026 4421 Concupi-

386 4453 389 4457 '
450 4442 714 4495 scentiam
745 4457 906 4496 nemo
930 4452 1173 4496 vestrum
1222 4453 1449 4511 prorstrs
1474 4443 1776 4512 exstirpare
1802 4454 1983 4514 potest
2008 4462 2021 4497 :

450 4533 548 4588 sed
576 4532 750 4602 quid?
777 4532 848 4587 Ut
870 4548 938 4587 ne
964 4532 1425 4601 concupiscentiae
1442 4532 1743 4600 serviatur,
1773 4534 1879 4590 hoc
1906 4535 2025 4607 ipso
2059 4514 2103 4571 θ

454 4640 714 4697 praestare
756 4637 938 4699 potest
984 4628 1376 4682 consideratio.
1427 4629 1569 4685 Sane
1599 4646 1708 4684 non
1758 4631 2023 4687 mediocri

451 4735 593 4788 opus
615 4734 811 4790 agone,
839 4727 899 4773 ut
928 4735 1118 4773 revera
1152 4730 1207 4774 et
1228 4719 1522 4775 elIicaciter
1548 4720 1732 4775 dicere
1757 4723 2030 4792 possimus

451 4824 578 4862 cum
626 4809 798 4863 Paulo
834 4826 845 4861 :
885 4828 901 4858 ι
930 4808 1142 4863 Bonum
1193 4818 1472 4864 certamen
1530 4812 1756 4875 certavi,
1807 4828 2029 4867 cursum

451 4900 850 4965 consummavi,
911 4899 1071 4953 ﬁdem
1130 4900 1465 4955 servavizin
1530 4900 1801 4970 reliquum
1871 4918 2033 4972 repo—

452 4991 557 5045 sita
605 4999 691 5046 est
744 4990 878 5045 mihi
931 5007 1133 5046 corona
1188 4992 1496 5063 iustitiae“.
1528 5012 1545 5043 ι
1595 4992 1741 5047 Idem
1792 5009 1893 5049 nos
1960 4995 2029 5049 ad

450 5084 689 5153 exempli
743 5083 941 5139 similis
988 5083 1348 5138 imitationem
1416 5100 1719 5147 exercens,
1770 5086 2023 5141 dicebat:

462 5194 479 5224 ι
516 5174 618 5241 Qui
668 5176 724 5230 in
790 5192 965 5247 agone
1015 5178 1319 5243 contendit,
1352 5194 1461 5232 non
1510 5179 1868 5233 coronabitur
1922 5181 2030 5234 nisi

455 5269 698 5339 legitime
719 5269 1087 5324 deccrtaverit
1109 5271 1176 5324 "°.
1211 5290 1227 5321 ι
1261 5271 1463 5325 lterum
1497 5288 1509 5324 :
1546 5291 1563 5322 ι
1594 5270 1853 5332 Nescitis,
1881 5272 2029 5341 quod

454 5362 551 5430 qui
584 5362 639 5416 in
675 5361 855 5416 stadio
886 5373 1137 5427 currunt,
1172 5378 1364 5419 omnes
1397 5362 1619 5433 quidem
1647 5373 1899 5423 currunt.
1932 5366 2029 5419 sed

456 5470 599 5509 unus
624 5454 827 5524 accipit
876 5455 1161 5509 bravium!
1199 5456 1278 5511 sic
1312 5455 1543 5520 currite,
1571 5462 1633 5510 ut
1664 5456 2029 5525 comprehen-

525 5586 569 5616 °°
593 5582 751 5641 Psal.
770 5604 950 5653 xxxix,
983 5588 1037 5642 2.

1117 5587 1160 5619 θ’
1182 5587 1382 5656 Eplies.
1412 5603 1483 5651 vr,
1516 5587 1599 5639 l2.
1677 5586 1721 5617 ⁸⁸
1748 5587 1905 5640 Dent.
1943 5605 2068 5655 xxx,
2100 5591 2183 5645 19.

2133 3249 2217 3301 ενα
2260 3248 2352 3299 καὶ
2399 3248 2560 3316 ἡμεῖς
2610 3245 2706 3297 σὺν
2760 3244 2839 3314 τῷ
2896 3243 3095 3313 Παύλῳ
3144 3244 3385 3314 ἐνεργῶς
3433 3244 3710 3314 εἴπωμεν,

2136 3358 2154 3390 ι
2179 3338 2282 3391 Τὸν
2316 3338 2503 3405 ἀγῶνα
2540 3337 2629 3390 τὸν
2662 3336 2823 3390 καλὸν
2856 3335 3188 3405 ἠγώνισμαι,
3238 3336 3328 3389 τὸν
3373 3336 3573 3406 δρόμον
3620 3354 3711 3389 τε

2128 3433 2348 3497 τέλεκα,
2382 3431 2480 3501 τὴν
2515 3431 2703 3483 πίστιν
2743 3430 3046 3499 τετήρηκα,
3071 3428 3257 3482 λοιπὸν
3289 3430 3582 3482 ἀπόκειταί
3615 3448 3709 3499 μο.

2128 3527 2157 3578 δ
2190 3525 2288 3595 τῆς
2330 3523 2676 3591 δικαιοσύνης
2715 3522 2999 3590 στέφανος.
3024 3539 3041 3570 ι
3091 3520 3436 3589 Ἐπαλείφων
3491 3520 3551 3573 δὲ
3611 3522 3711 3573 καὶ

2127 3619 2280 3686 ἡμᾶς
2312 3615 2449 3686 πρὸς
2480 3614 2570 3667 τὸν
2616 3615 2803 3683 ὅμοιον
2832 3613 3014 3683 ζῆλον,
3047 3613 3231 3681 ἔλεγεν
3257 3630 3271 3643 ⁸
3308 3633 3326 3665 ι
3362 3614 3487 3666 Ἐὰν
3527 3614 3587 3667 δὲ
3614 3616 3711 3666 καὶ

2128 3710 2262 3780 ἀθλῇ
2290 3727 2393 3775 τις,
2418 3710 2477 3761 οὑ
2507 3706 2883 3776 στεφανοῦται,
2916 3707 3008 3760 ἐάν
3039 3708 3113 3777 μὴ
3148 3709 3391 3777 νομίμως
3420 3708 3658 3779 ἀθλήσῃ.
3690 3728 3706 3757 ι

2130 3804 2240 3855 Καὶ
2269 3800 2453 3853 πάλιν·
2485 3817 2502 3850 ι
2526 3799 2641 3851 Οὐκ
2674 3798 2872 3859 οἴδατε,
2928 3798 3011 3850 ὅτι
3056 3799 3114 3851 ἐν
3160 3798 3357 3867 σταδίῳ
3394 3798 3709 3869 τρέχοντες,

2130 3895 2331 3956 πάντες
2358 3894 2455 3963 μὲν
2480 3892 2790 3962 τρέχουσιν,
2826 3884 2905 3951 εἷς
2928 3889 2984 3942 δὲ
3026 3889 3291 3959 λαμϐάνει
3324 3890 3380 3943 τὸ
3413 3890 3710 3958 βραϐεῖον;

2128 3986 2271 4039 οὑτω
2318 3985 2563 4055 τρέχετε,
2604 3985 2689 4035 ἵνα
2738 3980 3104 4051 καταλάϐητε.
3153 3981 3291 4049 Ἐγὼ
3320 3982 3501 4035 τοίνυν
3532 3982 3711 4045 οὑτως

2126 4078 2306 4147 τρέχω
2332 4076 2405 4138 ὼς
2436 4076 2534 4127 οὐκ
2573 4073 2805 4143 ἀδήλως,
2836 4071 3011 4133 οὑτως
3037 4072 3311 4135 πυκτεύω,
3339 4073 3415 4133 ὼς
3437 4073 3540 4125 οὑκ
3573 4073 3713 4141 ἀέρα

2128 4169 2299 4239 δέρων
2320 4184 2331 4196 ·
2374 4166 2487 4220 ἀλλ’
2518 4162 2825 4226 ὑπωπιάζω
2875 4180 2977 4231 μου
3010 4162 3071 4215 τὸ
3114 4163 3276 4231 σῶμα
3308 4164 3402 4214 καὶ
3432 4163 3710 4231 δουλαγωο

2128 4263 2231 4329 γῶ,
2269 4262 2463 4332 μήπως
2501 4258 2681 4320 ἄλλοις
2729 4255 2995 4326 κηρύξας,
3052 4256 3211 4318 αὑτὸς
3254 4256 3513 4324 ἀδόκιμος
3542 4257 3713 4325 γένω-

2132 4371 2251 4425 μαι.
2283 4371 2301 4405 ι
2350 4350 2686 4405 Ἐπιστέλλει
2709 4348 2765 4401 δὲ
2804 4347 2901 4399 καὶ
2934 4347 3337 4417 Φιλιππησίοις’
3369 4367 3387 4398 ι
3414 4349 3517 4401 Τὸν
3549 4349 3711 4403 αὑτὸν

2133 4446 2320 4513 ἀγῶνα
2350 4442 2407 4495 ὃν
2440 4442 2576 4493 ἴδετε
2606 4440 2701 4492 καὶ
2730 4438 2959 4509 ἐμάθετε
2993 4440 3049 4491 ἐν
3076 4440 3218 4508 ἐμοὶ,
3255 4439 3349 4491 καὶ
3379 4438 3474 4491 νῦν
3518 4439 3709 4493 ἀκούει

2130 4554 2212 4589 τε.
2240 4553 2258 4585 ι
2295 4535 2420 4596 Τοῖς
2449 4532 2507 4584 δὲ
2546 4530 2817 4601 Ἑϐραίοις
2842 4529 3026 4599 φησίν·
3060 4548 3077 4581 ι
3109 4528 3275 4582 Οὔπω
3304 4530 3497 4600 μέχρις
3542 4531 3709 4600 αἷμα-

2137 4647 2226 4691 τος
2260 4623 2701 4689 ἀντικατέστητε,
2736 4620 2868 4691 πρὸς
2900 4618 2995 4689 τὴν
3027 4619 3303 4688 ἁμαρτίαν
3344 4621 3709 4687 ἀνταγωνιςὸ-

2135 4734 2320 4791 μενοι·
2360 4714 2455 4769 καὶ
2487 4710 2782 4780 ἐκλέλησθε
2838 4711 2935 4779 τῆς
2986 4711 3385 4781 παρακλήσεως
3428 4710 3553 4778 ἡτις
3584 4712 3708 4779 ὑμῖν

2132 4814 2205 4875 ὡς
2252 4811 2386 4872 υἱοῖς
2442 4806 2778 4873 διαλέγεται·
2808 4803 2926 4866 Υἱὲ,
2961 4804 3147 4871 φησιν,
3182 4806 3258 4874 μὴ
3284 4803 3539 4873 ὀλιγώρει
3588 4820 3709 4855 παι-

2132 4906 2284 4966 δείας
2331 4900 2558 4968 Κυρίου,
2601 4897 2735 4967 μηδὲ
2766 4896 2959 4948 ἐκλύου
3007 4896 3099 4948 ὑπ’
3129 4895 3299 4948 αὑτοῦ
3327 4896 3703 4965 ἐλεγχόμενος.

2142 4998 2240 5051 Ὃν
2264 4994 2371 5063 γάρ
2394 4992 2581 5060 ἀγαπᾷ
2612 4989 2833 5059 Κύριος,
2865 4988 3129 5049 παιδεύει,
3166 4990 3425 5057 μαστιγοῖ
3453 4988 3511 5040 δὲ
3535 4987 3707 5039 πάντα

2139 5090 2265 5142 Υίὸν
2328 5086 2387 5140 ὃν
2441 5082 2831 5155 παραδέχεται.
2863 5100 2881 5132 ›
2951 5081 3181 5144 Ἀλλους
3230 5082 3286 5133 δέ
3343 5078 3707 5149 ἐγκωμιάζων

2131 5184 2299 5251 λέγει·
2335 5201 2352 5232 ι
2385 5181 2551 5232 Ὥστε
2583 5179 2730 5247 ἡμᾶς
2766 5174 3076 5245 καυχᾶσθαι
3112 5175 3251 5244 ὑπὲρ
3303 5176 3398 5243 τῆς
3428 5172 3707 5241 ὑπομονῆς

2131 5276 2308 5344 ὑμῶν,
2342 5272 2437 5325 καὶ
2481 5270 2714 5332 πίστεως
2746 5270 2802 5320 ἐν
2830 5270 2963 5320 πᾶσι
2993 5269 3105 5331 τοῖς
3140 5268 3398 5336 διωγμοῖς
3434 5267 3591 5334 ὑμῶν
3619 5266 3710 5317 καὶ

2132 5369 2401 5438 θλίψεσιν,
2422 5360 2508 5427 αἷς
2532 5364 2812 5433 ἀνέχεσθε,
2845 5361 3100 5432 ἔνδειγμα
3120 5363 3217 5432 τῆς
3242 5362 3461 5424 δικαίας
3478 5360 3711 5428 κρίσεως

2129 5462 2224 5515 τοῦ
2259 5459 2419 5525 Θεοῦ,
2452 5457 2592 5527 ὑπὲρ
2618 5450 2685 5527 ἧς
2717 5456 2811 5508 καὶ
2848 5455 3110 5526 πάσχετε.
3146 5456 3301 5509 Ὅσοι
3332 5454 3440 5526 γὰρ
3466 5455 3710 5507 θέλουσι]

2263 5593 2306 5621 ⁶⁹
2332 5591 2375 5643 ll
2412 5589 2550 5643 Tim.
2598 5605 2668 5652 tv,
2703 5590 2752 5651 7,
2786 5587 2836 5642 8.
2916 5590 2961 5619 "°
2991 5589 3034 5643 ll
3070 5589 3212 5644 Tim.
3253 5606 3311 5653 ll,
3336 5589 3386 5643 5.

1726 5712 1955 5768 VARUE
2005 5712 2405 5768 LECTIONES.

531 5810 543 5859 ί
586 5808 723 5863 Nota
753 5809 899 5863 hunc
934 5824 1039 5862 non
1073 5806 1212 5861 tueri
1244 5804 1683 5861 immobilitalcm
1716 5820 1842 5874 erga
1867 5804 2171 5873 passiones.
