3868 6518
126 407 264 472 ιεῖῗῖ]

1121 408 1451 473 ῙΙΟΜΙΙᾸΛ
1495 413 1722 473 LXXX.
1754 440 1820 449 --
1857 413 1953 475 DE
1987 414 2434 476 CONCORDIA.

3254 406 3388 473 1674

117 514 361 576 εὐσεϐῶς
387 512 484 584 ζῇν
500 515 558 567 ὲν
587 513 828 585 Χριστῷ,
852 512 1263 585 διωχθήσονται.
1301 534 1317 569 ι
1352 518 1410 569 ’0
1440 518 1497 572 δὲ
1525 517 1708 572 Ίωάνὲ

1826 521 1957 577 latis
1980 525 2063 589 ";
2116 540 2215 595 ego
2260 523 2426 593 igitur
2453 521 2531 577 sic
2561 535 2748 583 curro,
2781 534 2891 573 non
2929 517 3085 588 quasi
3122 517 3175 572 in
3207 516 3388 573 incer-

116 620 238 673 νης,
272 622 291 655 ι
314 602 404 674 Μὴ
438 602 770 672 θαυμάζετε,
805 603 992 673 φησὶν,
1024 603 1265 673 ἀδελφοὶ,
1300 608 1346 659 εξ
1378 607 1531 676 μισεῖ
1560 606 1706 677 ὑμᾶς

115 696 144 747 6
178 694 413 764 κόσμος*
449 696 612 767 ἡμεῖς
640 694 864 765 οἴδαμεν
894 695 977 748 ὅτι
1015 696 1474 769 μεταϐεϐήκαμεν
1516 700 1581 752 ἐκ
1608 697 1705 751 τοῦ

118 786 356 839 θανάτου
410 788 489 850 εἰς
524 787 624 856 τὴν
650 786 817 857 ζωήν.
850 805 868 838 ι
908 788 1019 839 Καὶ
1060 788 1087 840 6
1123 787 1327 859 Κύριος
1357 805 1373 819 ⁸
1413 808 1431 841 ι
1483 788 1707 859 Ἀγωνί-

116 876 283 939 ζεσθε
327 879 589 930 εἰσελθεῖν
622 878 711 931 διὰ
750 879 851 948 τῆς
902 880 1095 949 στενῆς
1124 881 1321 951 πύλης,
1354 883 1435 935 ὅτι
1474 883 1707 937 πλατεῖα

118 971 155 1042 ἡ
181 970 325 1040 πύλη
357 971 450 1023 καὶ
494 971 808 1042 εὐρύχωρος
846 974 878 1042 ὴ
926 972 1042 1035 ὁδὸς
1084 974 1117 1042 ἡ
1156 974 1449 1041 ἀπάγουσα
1498 977 1578 1039 εἰς
1609 976 1709 1047 τὴν

117 1065 432 1117 ἀπώλειαν·
468 1066 561 1117 καὶ
604 1064 789 1116 πολλοί
849 1066 988 1117 εἰσιν
1042 1066 1088 1118 οξ
1144 1068 1589 1137 εἰσπορευόμενοι
1646 1068 1714 1120 δι’

116 1158 316 1227 αὐτῆς,
345 1158 425 1209 ὅτι
460 1156 617 1226 στενὴ
645 1158 678 1225 ἡ
724 1156 869 1226 πύλη
923 1159 1016 1210 καὶ
1059 1158 1396 1231 τεθλιμμένη
1438 1161 1470 1228 ἡ
1513 1159 1630 1223 ὁδὸς
1678 1163 1710 1231 ὴ

120 1252 417 1315 ἀπάγουσα
473 1252 554 1314 εἰς
606 1250 705 1319 τὴν
744 1248 912 1320 ζωὴν,
940 1270 956 1300 ι
1000 1245 1091 1322 [ἧς
1136 1249 1501 1322 ἀξιωθείημεν
1533 1252 1717 1322 χάριτι

122 1344 369 1413 Χριστοῦ
412 1342 505 1396 τοῦ
553 1341 740 1415 Θεοῦ.]
773 1344 932 1415 Αὐτῷ
961 1344 993 1413 ἡ
1026 1343 1154 1410 δόξα
1200 1346 1280 1407 εἰς
1321 1344 1448 1407 τοὺς
1488 1344 1712 1408 αἰῶνας.

132 1436 334 1505 Ἀμήν.

1806 624 1954 677 tum:
1994 615 2074 670 sic
2113 632 2316 687 pugno,
2353 630 2462 669 non
2493 613 2649 684 quasi
2706 626 2891 667 aerem
2919 608 3259 676 verberans;
3292 607 3388 664 sed

1805 704 2014 776 castigo
2042 720 2246 775 corpus
2275 719 2459 759 meum
2498 713 2555 758 et
2606 703 2661 757 in
2718 700 3045 756 servitutem
3077 698 3287 769 redigo,
3322 711 3391 751 ne

1804 794 1947 850 forte
1998 806 2124 849 etim
2178 794 2305 849 aliis
2350 793 2785 865 praedicaverim,
2831 789 2946 862 ipse
2983 790 3252 861 reprobus
3279 788 3394 843 eiii-

1806 885 2013 938 ciar".
2048 903 2066 935 ι
2121 884 2202 939 Ad
2252 884 2638 953 Philippenses
2688 888 2873 936 autem
2934 876 3034 951 per
3092 878 3390 949 Epistolam

1806 973 1946 1029 dicit
1976 993 1989 1029 :
2025 994 2041 1025 ι
2062 973 2354 1030 Certamen
2387 974 2529 1044 quod
2564 971 2782 1029 vidistis
2814 981 2869 1027 et
2893 972 3168 1027 didicistis
3198 970 3250 1023 in
3281 984 3388 1032 me,

1807 1077 1863 1123 et
1894 1083 2044 1123 nunc
2082 1068 2289 1122 auditis
2309 1066 2375 1122 ⁷³.
2398 1085 2415 1118 ι
2461 1064 2540 1121 Ad
2592 1064 2856 1121 llcbrzeos
2893 1080 3156 1136 quoque:
3196 1082 3213 1114 ι
3239 1063 3393 1117 Νοιι-

1810 1160 1941 1214 dum
1984 1175 2157 1229 usque
2188 1159 2256 1214 ad
2289 1160 2613 1230 sanguinem
2648 1160 2932 1214 restitistis
2964 1158 3229 1213 adversus
3269 1171 3395 1226 pec-

1812 1258 1995 1306 Catum
2046 1261 2438 1322 repugnantes,
2496 1260 2553 1305 et
2596 1249 2755 1306 obliti
2803 1252 2938 1306 estis
2995 1247 3395 1305 consolationis

1813 1359 1936 1414 qua:
1981 1344 2141 1397 vobis
2185 1353 2446 1413 tanquam
2491 1341 2621 1397 ﬁliis
2676 1343 2924 1413 loquitur
2951 1360 2965 1397 :
2992 1341 3117 1405 Fili,
3151 1342 3247 1405 ait,
3281 1339 3395 1393 noli

1814 1435 2091 1504 negligere
2120 1432 2468 1504 disciplinam
2505 1432 2743 1497 Domini,
2778 1449 2955 1502 neque
2984 1433 3229 1501 fatiger's
3264 1431 3394 1483 dum

120 1529 196 1583 ab
250 1545 317 1583 eo
372 1528 619 1598 argueris
673 1543 883 1598 :quem
923 1529 1070 1584 enim
1142 1530 1320 1599 diligit
1365 1528 1654 1593 Dominus,
1705 1529 1979 1598 castigat:
2013 1526 2251 1596 ﬂagellat
2315 1536 2498 1581 autem
2568 1540 2786 1580 onmem
2830 1525 2999 1579 lilium
3046 1540 3209 1594 quem
3269 1519 3399 1577 reci‘

122 1623 212 1691 pit
235 1624 299 1679 ".
330 1642 349 1675 ι
425 1622 578 1677 Alios
626 1623 756 1677 item
812 1639 920 1677 non
970 1624 1235 1679 mediocri
1308 1624 1469 1678 laude
1517 1622 1935 1687 commendans,
2001 1622 2122 1675 ait:
2188 1641 2206 1672 ι
2243 1622 2318 1675 lta
2372 1630 2433 1675 ut
2487 1636 2589 1675 nos
2636 1620 2937 1691 gloriemur
2981 1634 3084 1689 pro
3132 1616 3395 1687 patientia

124 1725 311 1770 vestra
351 1725 407 1770 et
446 1715 551 1769 ﬁde
582 1719 639 1769 in
676 1715 935 1770 omnibus
1008 1717 1494 1785 persecutionihus
1548 1716 1753 1770 vestris
1790 1726 1845 1769 et
1914 1712 2385 1777 tribulationibus,
2446 1728 2582 1781 quas
2648 1711 2934 1766 sustinetis
2987 1709 3040 1763 in
3086 1708 3396 1777 exemplum

121 1807 264 1876 justi
312 1806 506 1877 judicii
572 1806 690 1868 Dei,
720 1821 819 1876 pro
852 1822 961 1877 qua
1014 1816 1070 1861 ct
1106 1808 1359 1877 patimini
1409 1810 1493 1873 ";
1530 1808 1849 1877 quicunque
1914 1806 2063 1861 enim
2098 1805 2293 1859 volunt
2355 1805 2443 1875 pie
2489 1804 2673 1858 vivere
2707 1804 2760 1857 in
2793 1802 3037 1867 Christo,
3066 1800 3397 1872 persecutitr

128 1916 258 1954 nem
311 1900 725 1968 patientur“.i
780 1899 1020 1954 Joannes
1088 1910 1273 1955 autem
1314 1901 1392 1954 ait
1431 1918 1444 1953 :
1483 1900 1704 1953 «Nolite
1746 1899 1936 1953 mirari
2003 1896 2249 1967 (fratres)
2299 1897 2342 1950 si
2383 1895 2500 1950 odit
2554 1912 2652 1949 vos
2712 1895 2971 1959 mundus,
3040 1910 3141 1947 nos
3194 1892 3399 1945 scimus

124 1993 263 2064 quia
304 1993 552 2046 translati
597 2008 787 2046 sumus
836 1991 903 2045 de
955 2002 1129 2047 morte
1166 1993 1232 2046 ad
1302 1993 1472 2046 vitam
1530 1994 1595 2045 ⁷⁷.
1630 2012 1647 2042 ι
1727 1992 1996 2046 Dominus
2040 2006 2173 2045 vero
2211 2007 2223 2042 :
2264 2010 2280 2039 ι
2312 1987 2641 2043 Contendite
2696 1987 2907 2041 intrare
2958 2001 3057 2056 per
3112 1992 3398 2055 angustam

125 2095 369 2156 portam,
399 2085 528 2155 quia
555 2086 662 2139 lata
687 2093 769 2138 est
794 2093 949 2153 porta
989 2092 1044 2137 ct
1069 2087 1305 2155 spatiosa
1349 2086 1434 2141 via
1503 2102 1623 2157 quae
1656 2086 1809 2140 ducit
1845 2085 1913 2139 ad
1990 2085 2380 2155 perditionem,
2441 2092 2496 2137 et
2533 2082 2691 2136 multi
2733 2090 2860 2137 sunt
2907 2080 3002 2151 qui
3059 2080 3269 2134 vadunt
3300 2096 3399 2149 per

125 2200 254 2239 cam
290 2200 493 2253 :quam
542 2194 770 2255 angusta
820 2200 952 2239 vero
996 2194 1176 2255 porta,
1246 2192 1304 2237 et
1372 2192 1522 2237 arcta
1571 2192 1654 2237 est
1693 2182 1777 2236 via
1820 2199 1941 2251 qute
1994 2181 2145 2235 ducit
2194 2178 2261 2233 ad
2311 2178 2478 2233 vitam
2504 2178 2567 2231 7".
2608 2198 2625 2229 ι
2670 2174 2774 2247 Ipsi
2845 2175 3019 2247 gloria
3076 2174 3130 2228 in
3177 2172 3396 2229 secula.

126 2285 326 2333 Amen.

758 2416 978 2468 ΛΟΓΟΣ
1011 2416 1090 2468 ιιν.
1756 2399 1792 2449 ιτ

699 2541 834 2611 Περὶ
864 2544 1163 2611 ὁμονοίας.

208 2674 589 2728 Εὺαπὸδεκτον
634 2674 756 2746 θεῷ
810 2675 910 2744 τῆς
952 2673 1203 2738 ἐνώσεως
1251 2677 1346 2745 τῆς
1396 2660 1722 2744 Ἐκκλησίας

125 2769 445 2841 φροντίζειν
464 2810 477 2835 ,
522 2763 591 2841 ἦς
618 2768 775 2821 οὐδὲν
800 2768 1025 2838 ἄμεινον
1051 2770 1109 2821 ὲν
1140 2767 1469 2838 ἀνθρώποις.
1504 2770 1612 2823 Καὶ
1638 2769 1719 2833 τὸ,

127 2862 344 2923 πάντας
378 2859 706 2929 βαστάζειν,
743 2859 819 2923 ὡς
848 2858 943 2914 καὶ
971 2860 1120 2930 ἡμᾶς
1148 2860 1177 2912 6
1204 2858 1431 2931 Κύριος,
1464 2861 1559 2913 καὶ
1586 2859 1723 2913 πάν-

124 2968 245 3006 των
274 2952 565 3022 ἀνέχεσθαι
597 2954 655 3006 ὲν
687 2953 897 3024 ἀγάπῃ.
952 2953 1063 3005 Καὶ
1104 2952 1164 3004 ού
1196 2951 1303 3022 χρὴ
1332 2951 1537 3022 εὐλόγῳ
1564 2950 1724 3021 δῆθεν

126 3045 446 3115 προφάσει,
501 3043 589 3098 ἴνα
636 3044 712 3114 μὴ
746 3044 916 3109 εἴπω,
953 3042 1051 3097 καὶ
1082 3044 1204 3097 λίαν
1233 3043 1434 3113 ἀλόγῳ,
1466 3044 1723 3114 ἀποσπᾷν

126 3137 365 3201 ἑαυτοὺς
399 3136 493 3189 τοῦ
532 3135 787 3206 σώματος
827 3137 924 3207 τῆς
964 3134 1310 3207 Ἐκκλησὶας,
1349 3136 1444 3189 καὶ
1475 3134 1723 3202 ίδιάζειν,

127 3228 254 3281 ἀλλ’
284 3229 377 3283 ἐπὶ
405 3228 464 3281 τὸ
490 3228 625 3282 αὐτὸ
660 3227 758 3298 μία
784 3227 1087 3298 προσευχὴ,
1120 3227 1221 3297 μία
1243 3226 1449 3297 δέησις,
1471 3220 1553 3290 εἷς
1579 3226 1723 3294 νοῦς,

134 3322 243 3390 μία
269 3321 440 3385 ἐλπὶς,
478 3323 535 3373 ὲν
562 3320 776 3391 ἀγάπῃ,
808 3322 865 3372 ὲν
894 3322 958 3390 τῇ
991 3320 1135 3389 χαρᾷ
1164 3320 1230 3389 τῇ
1260 3316 1497 3390 ἀμώμῳ,
1520 3319 1547 3371 ὃ
1577 3320 1725 3372 ἐστιν

143 3410 362 3481 Ἰησοῦς
389 3410 645 3481 Χριστὸς,
679 3406 739 3465 οῦ
770 3411 922 3463 οὐδὲν
949 3410 1371 3483 θυμηδέστερον.
1400 3414 1606 3475 Πάντες
1632 3408 1726 3466 οῦν

128 3503 429 3573 ὀφείλομεν
480 3503 793 3575 συντρέχειν
830 3503 907 3568 ὡς
938 3504 1032 3555 ἐπὶ
1064 3504 1123 3557 ἒν
1155 3503 1574 3576 θυσιαστήριον,
1627 3506 1725 3575 μία

127 3594 327 3664 ψυχὴ,
394 3593 496 3647 κᾶν
556 3596 612 3646 ὲν
664 3592 880 3651 πολλοῖς
939 3596 1050 3656 τοῖς
1104 3593 1322 3663 μέλεσιν
1378 3594 1479 3663 μία
1530 3594 1723 3664 γνώμη

130 3685 225 3737 ἑνὶ
254 3684 556 3754 θελήματι,
606 3684 681 3746 ὡς
716 3683 774 3736 ἓν
808 3684 967 3754 σῶμα
991 3684 1353 3755 ὑπάρχοντες.
1380 3684 1591 3753 Ὥσπερ
1617 3684 1726 3755 γάρ

134 3776 351 3846 σμῆνος
373 3752 653 3845 μελισσῶν
681 3752 977 3846 ἐργάζεται
1010 3752 1236 3847 κηρίον,
1270 3776 1443 3840 οὕτως
1474 3752 1729 3848 σύστημα
1755 3752 1796 3808 C

132 3866 387 3936 ἀδελφῶν
422 3866 699 3937 βασιλείαν
728 3868 895 3921 Θεοῦ·
935 3869 1031 3921 καὶ
1056 3870 1249 3938 ὥσπερ
1277 3870 1513 3936 σάλπιγξ
1530 3870 1718 3938 διεγείο

138 3976 231 4030 ρει
262 3958 570 4029 προθυμίαν
602 3960 968 4030 πολεμιστῶν,
1002 3960 1177 4024 οὕτως
1213 3960 1470 4032 μαθητῶν
1501 3961 1726 4033 σπουδὴ,

132 4050 461 4104 διδασκαλία
479 4051 789 4121 πρακτικῆς
807 4052 1035 4123 ἀρετῆς.
1053 4052 1110 4107 '0
1128 4054 1235 4124 γὰρ
1250 4054 1501 4124 χωρίζων
1513 4053 1725 4119 ἑαυτὸν,

134 4141 323 4195 ἔοικεν
350 4140 522 4212 ὀρνέῳ
549 4142 942 4197 ὲκπετασθὲντι
976 4144 1074 4215 τῆς
1110 4144 1246 4208 ἰδίας
1270 4146 1489 4208 νοσσιᾶς
1519 4144 1613 4198 καὶ
1637 4144 1729 4198 τό-

134 4249 248 4287 πον
270 4234 334 4285 ὲκ
352 4232 517 4286 τόπου
542 4232 1031 4306 ἀμείϐοντι.”οπερ
1055 4234 1502 4289 εὐεπισούλευτον
1519 4234 1728 4305 γίνεται

136 4322 313 4375 παντὶ
362 4322 540 4394 ἰξευτῇ
575 4324 669 4376 καὶ
709 4323 972 4395 θηρευτῇ.
1026 4324 1305 4379 Πάντοθεν
1335 4326 1442 4396 γὰρ
1476 4324 1726 4394 παγίδες,

136 4411 243 4467 καὶ
270 4412 541 4465 σκάνδαλα
561 4412 794 4481 ἀνομίας
818 4413 967 4484 αὐτῷ
995 4416 1455 4487 καταπεπήτασιν
1476 4417 1526 4468 oi
1547 4416 1730 4486 νοηιιςοὶ⁵

139 4505 354 4571 ίξευταὶ
381 4506 475 4558 καὶ
502 4504 789 4577 θηρευταὶ,
821 4506 961 4559 ἀλλά
986 4507 1081 4561 καὶ
1108 4508 1159 4561 οί
1187 4507 1475 4579 ἀρπακταὶ
1496 4506 1729 4580 κόρακες

136 4597 529 4669 ὲξορύσσουσιν
577 4596 746 4650 αὑτοῦ
793 4599 920 4661 τοὺς
961 4598 1295 4670 ὀφθαλμούς.
1349 4600 1509 4655 Κατά
1552 4598 1732 4654 πάντα

133 4691 240 4746 οῦν
272 4690 411 4761 καλὴ
457 4692 550 4744 καὶ
584 4692 921 4761 εὐάρμοστος
974 4693 1006 4756 ἡ
1044 4693 1338 4764 συμφωνία
1376 4694 1476 4764 τῆς
1506 4694 1731 4762 ἀδελφό-

134 4799 307 4854 τητος
363 4783 500 4851 μετά
543 4782 795 4852 ὁμονοίας
816 4823 831 4847 ,
889 4783 1127 4853 μάλιστα
1161 4787 1295 4839 ὅπου
1328 4785 1510 4839 τελεία
1542 4788 1728 4858 ἀγάπη

134 4874 479 4947 ἐρρίζωσεν·
512 4873 696 4938 καθὼς
721 4875 1052 4946 εὑρίσκομεν
1084 4876 1350 4930 Ἐλισαῖον
1375 4877 1729 4947 μετάἪλίουο

135 4962 386 5027 ἀκούσας
416 4968 523 5037 γὰρ
553 4964 699 5031 ἅπαξ
730 4966 827 5020 καὶ
858 4966 959 5032 δίς,
990 4986 1008 5019 ι
1034 4968 1218 5021 Κάθου
1249 4966 1536 5033 ὲνταῦθα,ι
1572 4964 1731 5034 αὐτὸς

2182 2406 2393 2478 1152
2430 2406 2714 2462 llOMlLIA
2750 2402 2964 2459 LXXX.

2412 2530 2483 2586 De
2514 2533 2816 2587 concordia.

1895 2670 2006 2725 Deo
2061 2686 2228 2741 quam
2279 2680 2566 2740 acceptum
2612 2669 2685 2725 sit
2735 2668 2958 2725 tuendae
3006 2669 3400 2725 ecclesiasticae

1826 2762 2062 2817 unitatis
2125 2762 2414 2825 studium,
2481 2761 2608 2831 quis
2672 2760 2926 2815 oratione
2988 2750 3402 2830 consequatur?

1829 2855 1943 2910 liae
1975 2871 2085 2909 una
2124 2854 2263 2908 nihil
2300 2869 2534 2923 usquam
2568 2854 2714 2908 inter
2743 2852 3002 2908 homines
3029 2852 3403 2922 eomperietur

1828 2949 2052 3004 melius.
2094 2948 2203 3004 Sed
2228 2956 2284 3005 et
2307 2948 2565 3018 portandi
2589 2962 2784 3001 omnes
2806 2956 2955 3011 sunt,
2979 2946 3195 3001 Domini
3218 2954 3405 3001 exem-

1825 3037 1921 3107 plo
1956 3038 2051 3107 qui
2087 3053 2190 3092 nos
2232 3037 2636 3107 patientissime
2669 3038 2829 3102 tulit,
2887 3053 3081 3093 omnes
3116 3038 3403 3108 (inquam)

1829 3128 1883 3183 in
1918 3128 2191 3184 charitate
2226 3129 2499 3185 tolerandi
2530 3129 2785 3184 veniunt.
2823 3130 2935 3184 Nec
2967 3130 3081 3184 ullo
3110 3140 3401 3201 praetextu,

1826 3217 2139 3288 quamlibet
2175 3217 2351 3273 videri
2383 3219 2556 3287 possit
2587 3217 2965 3284 rationabilis,
3001 3229 3063 3275 ut
3090 3236 3200 3275 non
3225 3221 3405 3276 dicam

1830 3309 1980 3379 quod
2012 3309 2066 3364 id
2101 3326 2131 3365 a
2162 3313 2378 3366 ratione
2408 3312 2651 3368 alienum
2680 3313 2787 3377 sit,
2837 3314 3098 3369 convenit
3130 3330 3189 3370 sc
3215 3316 3285 3370 ab
3308 3330 3406 3371 ee-

1830 3402 2129 3457 clesiastici
2156 3404 2411 3473 corporis
2436 3406 2651 3461 unitate
2676 3406 2949 3461 divellere
2973 3422 3037 3462 ac
3056 3410 3286 3462 seors'm
3311 3408 3409 3464 de-

1828 3508 1989 3563 gere;
2044 3491 2142 3547 sed
2186 3491 2241 3547 in
2274 3509 2446 3549 unum
2476 3496 2802 3551 coadunatis
2831 3512 2939 3551 una
2967 3497 3039 3552 sit
3068 3499 3268 3562 oratio,
3303 3500 3406 3555 de-

1829 3585 2077 3654 precatio
2128 3601 2268 3650 una,
2325 3600 2482 3642 mens
2526 3604 2668 3654 una,
2725 3605 2836 3645 una
2868 3607 2996 3661 spes
3031 3591 3084 3645 in
3114 3592 3405 3657 charitate,

1834 3674 1889 3729 in
1940 3675 2142 3744 gaudio
2190 3677 2343 3747 quod
2387 3679 2524 3734 nulli
2560 3689 2746 3751 pateat
2772 3682 2935 3753 iustae
2966 3684 3404 3753 reprehensioni,

1832 3766 1924 3836 qui
1979 3766 2142 3822 Jesus
2181 3767 2444 3825 Christus
2480 3778 2601 3837 est,
2657 3787 2769 3842 quo
2800 3774 3025 3843 quidem
3059 3776 3196 3831 nihil
3228 3787 3409 3848 potest

1831 3858 2021 3914 animo
2054 3861 2297 3916 insidere
2326 3864 2561 3933 gratius.
2598 3866 2877 3922 Debemus
2901 3866 3072 3938 igitur
3097 3876 3289 3924 omnes
3310 3882 3409 3926 nos

1831 3950 1994 4019 parili
2048 3960 2107 4005 et
2149 3951 2346 4006 eodem
2393 3954 2582 4010 animo
2631 3957 2864 4025 perinde
2894 3975 2958 4014 ac
2988 3959 3058 4014 ad
3085 3960 3257 4016 altare
3297 3962 3407 4033 (ita

1833 4041 2001 4097 modo
2052 4042 2204 4112 loqui
2252 4043 2453 4113 liceat)
2506 4061 2862 4104 concurrere.
2927 4049 3168 4107 Tametsi
3217 4068 3409 4108 sumus
3458 4048 3467 4057 ’

1831 4133 2129 4203 multiplici
2160 4134 2427 4192 varietate
2456 4137 2837 4193 membrorum
2872 4140 3120 4196 distincti
3147 4182 3162 4205 ,
3210 4144 3405 4198 eadem

1831 4225 1907 4280 sit
1935 4234 1993 4281 et
2019 4227 2296 4282 sententia
2330 4238 2389 4283 et
2413 4244 2512 4299 par
2532 4230 2825 4298 voluntas,
2870 4249 2997 4289 cum
3028 4250 3199 4289 unum
3232 4235 3408 4290 idem—

1830 4334 1939 4391 que
1989 4319 2166 4376 simus
2204 4334 2440 4393 corpus.
2492 4322 2971 4391 Quemadmodum
2999 4329 3148 4383 enim
3176 4340 3406 4385 examen

1831 4427 1996 4483 apum
2032 4414 2217 4469 favum
2250 4414 2356 4471 sibi
2388 4418 2615 4473 coniicit
2639 4419 2849 4485 mellis,
2899 4420 2973 4475 ita
3007 4420 3241 4475 fratrum
3268 4436 3406 4476 con-

1831 4505 2081 4577 gregatio
2122 4522 2355 4578 regnum
2386 4519 2747 4581 repraesentat
2778 4512 2892 4567 Dei.
2954 4513 3111 4569 Sicut
3144 4515 3407 4571 tubarum

1834 4597 2061 4668 clangor
2083 4599 2412 4655 bellantium
2429 4612 2722 4672 promovet
2741 4612 2798 4659 et
2819 4605 3025 4662 excitat
3044 4606 3406 4674 alacritatem,

1837 4691 1911 4747 ita
1963 4700 2021 4749 et
2066 4694 2323 4763 practicse
2354 4695 2578 4751 virtutis
2609 4697 2862 4753 doctrina
2897 4700 3079 4754 studia
3108 4700 3409 4770 discipulo-

1835 4799 1959 4837 rum
1998 4782 2141 4839 mire
2172 4784 2414 4840 exacuit.
2475 4786 2613 4841 Nam
2648 4786 2901 4857 quisquis
2935 4803 2996 4842 se
3022 4804 3051 4841 a
3080 4790 3294 4843 caeteris
3320 4792 3409 4843 se-

1835 4884 2028 4947 gregat
2077 4883 2133 4931 et
2181 4877 2237 4931 in
2283 4885 2457 4932 totum
2499 4878 2716 4944 avellit,
2758 4880 2899 4934 nihil
2933 4879 3161 4935 diﬂ‘erre
3190 4881 3412 4936 videtur

1833 4970 1902 5025 ab
1934 4970 2021 5023 avi
2056 4984 2179 5039 quae
2209 4986 2240 5025 e
2269 4969 2404 5025 nido
2433 4972 2661 5041 proprio
2693 4973 2952 5038 evolavit,
2987 4984 3164 5044 eoque
3192 4974 3411 5046 cogitur

135 5057 270 5128 μεθ’
298 5058 465 5128 ὅρκου
506 5058 863 5128 ἀπεκρίνατο,
895 5078 913 5112 ι
954 5061 1029 5131 Ζῇ
1067 5059 1502 5130 Κύριος,λὲγων,
1538 5064 1629 5113 καὶ
1664 5061 1722 5130 ζῇ

1837 5076 1867 5114 c
1904 5061 2027 5115 loco
2062 5070 2400 5131 permutare.
2457 5061 2687 5118 Avicula
2722 5080 2843 5133 qua-
2875 5066 2997 5120 talis
3022 5076 3105 5120 est
3133 5066 3271 5121 nihil
3299 5066 3412 5122 dii.

130 5155 169 5220 ὴ
204 5149 355 5220 ψυχή
385 5166 502 5213 σου,
536 5152 585 5204 εἱ
614 5151 996 5221 ἐγκαταλείψω
1024 5169 1105 5205 σε.
1127 5171 1144 5202 ι
1190 5151 1424 5223 Ὀμοίως
1454 5153 1546 5205 καὶ
1572 5150 1726 5206 Ῥοῦθ

133 5245 171 5313 ἡ
228 5242 549 5309 Μωαὸἰτις,
608 5245 675 5315 τῇ
725 5244 967 5315 πενθερᾷ
1004 5244 1208 5313 αὐτῆς
1272 5262 1290 5295 ι
1321 5243 1458 5296 Τάδε
1508 5246 1736 5313 ποιήσαι

138 5354 240 5406 μοι
272 5334 476 5406 Κύριος
499 5377 514 5401 ,
568 5336 660 5390 καὶ
694 5336 821 5390 τάδε
854 5335 1144 5407 προσθείη,
1178 5335 1437 5405 λέγουσα,
1468 5336 1551 5390 ὅτι
1579 5338 1607 5389 6
1634 5336 1733 5390 θά-

136 5441 306 5486 νατος
339 5424 611 5479 διαστελεῖ
641 5427 745 5479 άνά
784 5427 949 5497 μέσον
981 5427 1115 5497 ἐμοῦ
1148 5426 1244 5479 καὶ
1272 5424 1387 5480 σοῦ.
1425 5446 1442 5478 ι
1495 5427 1734 5491 Εἰκότως

1840 5153 1985 5207 licile
2036 5154 2256 5223 capitur
2310 5169 2409 5223 per
2455 5156 2688 5225 aucupis
2722 5162 2817 5210 aut
2848 5158 3128 5213 venatoris
3154 5158 3408 5216 insidias.

1831 5243 1995 5298 Omni
2044 5244 2193 5297 enim
2243 5260 2312 5297 ex
2353 5254 2509 5314 parte
2575 5260 2821 5316 aucupes
2868 5246 2946 5301 illi
2994 5255 3051 5302 et
3089 5248 3409 5318 spirituales

1832 5343 2092 5406 captores
2114 5336 2342 5406 laqueos
2370 5352 2434 5392 ac
2457 5338 2711 5392 scandala
2736 5338 3045 5409 iniquitatis
3071 5346 3402 5412 praestruunt

1832 5435 1888 5482 et
1921 5428 2300 5499 agglomerant
2334 5429 2411 5483 illi
2440 5446 2599 5500 vago,
2635 5432 2901 5501 corvique
2954 5449 3181 5503 rapaces
3214 5434 3405 5488 istius.-

133 5512 242 5568 οὖν
291 5517 319 5568 6
363 5515 516 5580 Βοὼζ
539 5555 553 5577 ,
608 5516 906 5587 εὐλόγησεν
934 5516 1127 5589 αὐτὴν,
1157 5517 1365 5585 λέγων’
1409 5534 1428 5569 ι
1452 5517 1722 5572 ’Λποτίσατ

1835 5520 1980 5574 modi
2010 5531 2282 5576 excavant
2312 5531 2367 5577 et
2392 5521 2746 5579 cxterebrant
2772 5522 2982 5580 oculos.
3016 5527 3222 5581 Dccora
3252 5542 3405 5597 pror-

139 5606 357 5678 Κύριος
386 5607 485 5675 τὴν
517 5608 781 5679 ἐργασίαν
816 5623 909 5661 σου
929 5648 943 5670 ,
996 5607 1091 5661 καὶ
1121 5607 1333 5678 γένοιτο
1363 5609 1392 5662 6
1422 5608 1613 5680 μισθός
1642 5627 1722 5663 σοι

1836 5628 1933 5667 sus
1983 5621 2040 5667 et
2082 5621 2273 5682 aperte
2329 5630 2427 5684 per
2468 5616 2653 5671 omnia
2689 5632 2999 5687 congruens
3044 5617 3305 5671 fraterna:
3342 5634 3405 5674 ei

292 5784 476 5858 [Ωον.
511 5802 584 5847 Ix,
619 5786 708 5841 Si.
795 5788 859 5858 γτξ
894 5786 1028 5840 ibid.
1062 5786 1133 5841 26
1163 5827 1176 5849 ,
1209 5787 1298 5841 27.
1404 5788 1449 5819 ⁷³
1477 5787 1711 5858 Philipp.

1859 5786 1947 5841 30.
2054 5788 2098 5818 "'
2128 5789 2293 5844 llebr.
2343 5810 2410 5847 an
2443 5834 2455 5854 ,
2508 5794 2628 5849 4-6.

143 5855 194 5887 ’⁸
222 5855 271 5911 ιι
304 5855 449 5909 Titii.
478 5873 555 5920 ιιι,
594 5858 679 5912 ιε.
760 5857 805 5887 ⁷⁷
832 5855 991 5912 Joan.
1037 5873 1116 5923 ιιι,
1150 5858 1234 5913 l5.
1312 5860 1358 5895 ⁷⁸
1384 5858 1570 5912 Matth.
1617 5855 1707 5924 vn,

1859 5859 1958 5921 l6;
1988 5858 2147 5923 Luc.,
2186 5862 2271 5926 13,
2307 5864 2391 5917 2i.

397 5948 667 6011 ΡΑτιιοι..
720 5950 837 6011 Gn.
865 5950 1209 6012 LXXXIX.

2736 5796 2781 5826 "
2806 5796 2849 5849 11
2884 5795 3077 5851 Thess.
3127 5812 3142 5850 ι
3173 5837 3187 5863 ,
3233 5798 3266 5852 4
3294 5836 3310 5863 ,
3351 5796 3405 5854 5.

3015 5959 3092 6021 53
