4028 6546
503 366 643 432 1875

1768 360 2132 426 ANTIOCHI
2168 362 2509 427 MONACHI

3592 372 3706 439 1616

498 476 720 536 unionis
782 475 1073 532 consensio
1121 488 1245 531 cum
1295 471 1603 529 animorum
1642 475 1936 531 concordia
1968 494 1983 530 :
2016 476 2068 531 id

2175 474 2387 547 πλήρης
2422 472 2575 541 παρὰ
2603 472 2830 544 Κυρίου.
2863 491 2881 525 ι
2935 473 3045 526 Καὶ
3088 472 3385 545 ἀλλογενὴς
3413 469 3538 529 οὖσα
3562 481 3709 553 ἡρμό-

499 570 647 643 quod
704 569 889 625 locum
947 567 1116 622 habet
1171 568 1256 623 vel
1300 566 1574 633 maxime,
1638 565 1732 620 ubi
1784 567 1955 621 solida
2009 583 2073 624 ac

497 664 748 736 perfecta
801 661 1049 717 charitas
1111 660 1327 715 radices
1376 674 1503 714 suas
1560 656 1721 714 fixius
1768 660 2068 729 impressit.

498 756 827 827 Exemplum
851 752 1169 809 invenimus
1195 752 1249 806 in
1270 752 1471 807 Elisazo
1496 766 1619 806 cum
1643 751 1784 806 Elia.
1806 752 1903 806 Ille
1923 752 2071 806 enim

496 850 668 906 semel
713 857 767 903 et
800 846 889 902 bis
929 861 1055 901 cum
1088 844 1377 899 audisset:
1412 863 1430 895 ι
1461 843 1603 899 Sede
1630 843 1722 898 hic
1750 863 1797 909 ι,
1830 859 1955 899 cum
1979 846 2071 916 ju-

498 948 749 995 ramcnto
778 936 1063 1009 respondit
1089 955 1101 991 :
1137 955 1154 987 ι
1177 936 1323 992 Vivit
1346 936 1710 1001 Dominus,et
1732 936 1869 991 vivit
1890 937 2071 992 anima

505 1047 617 1098 tua,
653 1032 697 1087 si
729 1032 977 1086 deseram
1008 1038 1059 1084 te
1081 1029 1146 1083 ⁷⁸.
1173 1048 1191 1080 ι
1252 1028 1365 1083 Nec
1395 1043 1558 1083 secus
1608 1026 1756 1082 Ruth
1804 1028 1897 1082 illa
1926 1028 2073 1082 Moa-

500 1123 634 1178 bitis
685 1122 866 1177 socrui
913 1136 1025 1175 suae
1078 1138 1092 1176 :
1143 1138 1161 1171 ι
1196 1120 1322 1175 Hzec
1356 1119 1522 1175 faciat
1550 1120 1687 1174 mihi
1718 1120 1986 1176 Dominus
2015 1126 2073 1174 et

498 1215 615 1270 haec
660 1214 862 1278 addat,
923 1213 1053 1283 quia
1092 1228 1245 1267 mors
1278 1212 1423 1267 inter
1451 1228 1537 1267 me
1566 1220 1622 1267 et
1647 1221 1699 1268 te
1734 1214 1848 1268 sola
1875 1212 2073 1268 distin-

498 1306 715 1377 guet”.
745 1325 763 1357 ι
820 1305 953 1360 Jure
997 1303 1167 1373 igitur
1217 1303 1361 1358 Booz
1403 1303 1689 1357 benedixit
1719 1304 1791 1371 ei,
1833 1303 2067 1359 dicens:

504 1416 524 1448 ι
557 1396 775 1451 Reddat
819 1395 1089 1450 Dominus
1141 1409 1282 1464 opus
1324 1405 1513 1458 tuum,
1550 1403 1605 1449 et
1635 1395 1708 1449 sit
1740 1411 1949 1451 merces
1979 1404 2070 1450 tua

495 1488 661 1559 plena
697 1503 727 1542 a
754 1485 1076 1542 Domino".
1101 1506 1118 1537 ι
1161 1486 1287 1541 Haec
1319 1487 1522 1555 alioqui
1555 1486 1748 1542 aliena:
1775 1504 1898 1542 cum
1925 1498 2073 1544 esset

497 1579 710 1651 gentis,
768 1578 1049 1632 connubio
1102 1579 1295 1649 juncta
1349 1586 1433 1632 est
1483 1578 1585 1647 ipsi
1640 1579 1808 1642 Booz,
1847 1595 1913 1634 ex
1960 1596 2070 1651 quo

496 1671 689 1742 genuit
714 1669 901 1725 eximii
926 1670 1148 1723 Davidis
1174 1684 1361 1724 avum.
1397 1669 1538 1723 Ecce
1570 1686 1722 1736 sane,
1763 1690 1780 1722 ι
1812 1670 1945 1741 quid
1976 1671 2071 1726 bo-

496 1779 629 1817 num
659 1770 754 1817 aut
781 1760 912 1832 quid
935 1761 1241 1832 jucundum
1266 1803 1281 1826 ,
1335 1762 1380 1815 si
1422 1776 1533 1816 non
1584 1762 1837 1818 habitare
1869 1763 2068 1820 fratres

497 1855 554 1908 in
584 1869 755 1907 unum
775 1854 859 1906 "?
880 1872 898 1904 ι
943 1853 1328 1907 Ραταιιιιίιιδῑεε
1354 1852 1483 1907 item
1523 1870 1536 1907 ι
1575 1873 1593 1905 ι
1625 1853 1818 1908 Frater
1849 1855 1941 1924 qui
1969 1855 2068 1909 ad-

493 1947 719 2018 juvatur
765 1960 795 1999 a
835 1944 1039 2008 fratre,
1101 1944 1257 2013 quasi
1308 1944 1505 1999 civitas
1548 1943 1801 1998 firma‘"
1833 1964 1889 2012 ι,
1928 1955 1984 2001 et
2014 1947 2070 2001 in

496 2035 734 2090 editiore
777 2035 902 2088 loco
940 2033 1064 2088 sita.
1122 2032 1192 2086 Et
1238 2050 1252 2086 :
1300 2052 1317 2085 ι
1357 2032 1493 2087 Boni
1514 2033 1635 2103 duo
1679 2050 1842 2103 super
1874 2052 2068 2101 unum,

496 2126 701 2196 quibus
743 2135 829 2179 est
875 2123 957 2178 eis
999 2139 1214 2178 merces
1256 2141 1270 2177 ε
1304 2124 1454 2194 quia,
1488 2126 1533 2179 si
1561 2126 1886 2191 ceciderint,
1926 2144 2071 2185 unus

495 2219 674 2288 eriget
708 2226 1022 2273 consortem
1057 2232 1219 2270 suum
1238 2214 1308 2270 ⁸³.
1334 2236 1352 2268 ι
1395 2218 1460 2271 Ει
1492 2236 1504 2271 :
1540 2238 1557 2269 ι
1582 2219 1673 2273 Vae
1697 2219 1812 2282 uni,
1849 2220 1895 2274 si
1928 2221 2073 2275 ceci-

495 2309 663 2369 derit,
701 2317 757 2362 et
787 2324 896 2363 non
922 2308 994 2362 sit
1020 2308 1301 2364 secundus
1332 2310 1428 2379 qui
1454 2310 1632 2381 erigat
1658 2326 1785 2366 eum
1801 2312 1866 2366 “.
1894 2331 1910 2363 ι
1957 2312 2022 2367 Et
2055 2331 2068 2367 :

499 2400 710 2470 1153
747 2418 765 2451 ι
802 2399 857 2454 Si
887 2416 1029 2455 unus
1060 2400 1374 2471 impegerit,
1406 2401 1516 2456 duo
1544 2402 1851 2457 consistent
1875 2404 2072 2458 adver-

496 2507 593 2545 sus
611 2507 761 2545 eum.
800 2490 1102 2546 Fuuiculus
1129 2493 1326 2563 triplex
1357 2509 1467 2548 non
1492 2494 1605 2548 cito
1638 2504 1927 2566 rumpetur
1946 2494 2014 2550 ⁸⁸.
2045 2516 2063 2549 ι

494 2583 603 2639 Sed
622 2584 675 2637 in
689 2584 919 2638 Actibus
931 2586 1303 2654 apostolorum
1322 2586 1587 2657 scriptum
1604 2588 1841 2657 est,quia
1861 2607 1879 2638 ι
1901 2588 2072 2655 Quot-

493 2684 632 2746 quot
653 2674 1007 2730 crediderant
1026 2686 1185 2730 erant
1208 2676 1261 2731 in
1286 2694 1479 2739 unum,
1506 2688 1561 2734 et
1585 2679 1865 2735 habebant
1884 2681 2070 2737 omnia

493 2766 808 2822 communia
826 2765 895 2819 ".
922 2785 940 2817 ›
995 2766 1294 2836 Aliquanto
1318 2777 1443 2838 post
1472 2787 1485 2823 :
1522 2789 1539 2820 ι
1574 2771 1947 2826 Multitudinis
1976 2787 2071 2829 eo-

494 2872 618 2912 rum
654 2856 749 2926 qui
778 2855 1131 2911 crediderant
1157 2867 1279 2913 erat
1305 2873 1403 2913 cor
1429 2876 1599 2914 unum
1632 2868 1687 2916 et
1710 2861 1892 2916 anima
1916 2878 2025 2917 una
2050 2880 2065 2919 :

493 2956 552 3005 et
585 2963 748 3003 nemo
770 2948 1071 3017 quidquam
1104 2964 1296 3003 eorum
1329 2964 1450 3019 qua:
1479 2952 1816 3020 possidebat,
1849 2953 2071 3008 dicebat

494 3056 618 3096 esse
662 3055 824 3094 suum
852 3078 869 3109 ,
927 3041 1024 3095 sed
1070 3051 1229 3094 erant
1258 3041 1371 3096 illis
1402 3043 1584 3096 omnia
1615 3046 1927 3097 communia
1943 3046 2015 3098 ⁸⁷.
2042 3064 2063 3097 ι

2176 565 2278 638 σθη
2303 564 2380 637 τῷ
2407 563 2579 630 Βοὼζ,
2617 565 2713 619 καὶ
2742 564 3034 635 ἐγέννησεν
3066 565 3156 618 τὸν
3186 567 3412 620 πάππον
3442 569 3528 622 τοῦ
3552 574 3711 631 Δαόίδ.

2171 658 2338 727 Λέγει
2383 657 2444 711 δὲ
2493 657 2592 712 καὶ
2631 658 2796 723 αὐτὸς
2827 650 2984 721 οὗτος
3032 658 3287 712 ὁΔαὸίδο
3349 680 3369 710 ς
3418 660 3541 716 Ἰδοὺ
3582 664 3632 719 δὲ
3668 668 3715 721 τί

2171 749 2368 816 καλὸν,
2420 750 2456 822 ἢ
2503 751 2556 805 τί
2597 752 2846 821 τερπνὸν,
2882 749 2995 804 ἀλλ’
3026 750 3059 821 ἢ
3092 750 3153 804 τὸ
3178 757 3459 806 κατοικεῖν
3486 754 3715 825 ἀδελφοὺς

2171 843 2265 897 ἐπὶ
2288 843 2350 896 τὸ
2371 843 2532 909 αὑτό;
2557 861 2575 894 ι
2610 843 2720 895 Kal.
2738 843 2766 895 ὁ
2790 842 3207 915 Παροιμιαστής
3232 858 3426 913 φησιν’
3453 862 3471 894 ι
3492 844 3715 914 ’Δδελφὸς

2172 932 2280 988 ὑπὸ
2327 933 2560 1003 ἀδελφοῦ
2617 933 3013 1006 βοηθούμενος,
3068 934 3143 998 ὡς
3192 934 3343 999 πόλις
3375 936 3603 1009 ὀχυρὰ,ι
3640 940 3719 993 καὶ

2173 1024 2373 1097 ὑψηλή.
2406 1026 2517 1079 Καί
2536 1042 2551 1057 °
2588 1044 2608 1077 ι
2632 1025 2850 1095 ’Δγαθοὶ
2878 1026 2928 1078 οἱ
2958 1024 3051 1078 δύο
3078 1025 3218 1096 ὑπὲρ
3241 1026 3333 1079 τὸν
3358 1026 3474 1089 ἕνα,
3498 1023 3572 1089 οἷς
3594 1029 3718 1082 ἐστιν

2170 1116 2200 1170 6
2245 1116 2438 1187 μισθὸς
2485 1117 2707 1181 αὐτοῖς,
2770 1118 2853 1170 ὅτι
2904 1117 3001 1171 ἐὰν
3048 1117 3325 1182 πέσωσιν,
3375 1120 3403 1171 6
3432 1112 3510 1181 εἷς
3540 1121 3721 1191 ὲγεῑρει

2169 1209 2265 1263 τὸν
2298 1210 2527 1281 μέτοχον
2552 1209 2741 1264 αὑτοῦ.
2768 1228 2787 1263 ι
2826 1211 2959 1265 Καί·
3000 1229 3019 1263 ι
3050 1211 3189 1264 Οὐαὶ
3217 1210 3297 1281 τῷ
3327 1211 3429 1275 ἑνὶ,
3466 1213 3554 1265 ἐὰν
3577 1215 3722 1284 πέσῃ,

2172 1302 2269 1356 καὶ
2300 1298 2433 1375 μὴῇ
2464 1302 2718 1374 δεύτερος
2745 1301 2839 1356 τοῦ
2867 1303 3091 1375 ἐγεῖραι»
3111 1302 3296 1358 αὐτόν.
3325 1322 3344 1354 ι
3388 1304 3493 1357 Kai
3517 1322 3530 1336 ·
3565 1324 3583 1357 ι
3614 1307 3723 1360 Ἐὰν

2171 1393 2542 1464 κραταιωθῇιι
2593 1394 2621 1445 6
2669 1387 2791 1457 εἷς,
2864 1394 2912 1447 οἱ
2968 1394 3063 1447 δύο
3119 1396 3410 1464 στήσονται
3462 1396 3723 1451 κατέναντι

2171 1483 2374 1550 αὐτοῦ,
2431 1485 2525 1537 καὶ
2570 1484 2632 1537 τὸ
2680 1486 2978 1553 σπαρτεῐον
3025 1484 3087 1537 τὸ
3130 1484 3373 1552 έντριτον
3430 1486 3491 1540 οὐ
3534 1489 3727 1557 ταχέως

2172 1576 2683 1647 ἀπορραγήσεται.»
2722 1575 2831 1627 Καὶ
2861 1576 2920 1627 ὲν
2943 1576 3065 1637 ταῖς
3093 1574 3365 1646 Πράξεσιν
3396 1576 3505 1629 τῶν
3526 1578 3728 1630 άποστό·

2171 1668 2277 1720 λων
2309 1668 2647 1739 γέγραπται,
2682 1666 2767 1721 ὃτι
2805 1684 2826 1718 ι
2864 1666 3074 1730 Πάντες
3106 1667 3159 1722 οἱ
3188 1666 3574 1730 πιστεύσαντες
3604 1663 3726 1738 ἦσαν

2172 1760 2266 1813 ἐπὶ
2293 1759 2355 1813 τὸ
2382 1758 2534 1822 αὐτὸ,
2572 1760 2667 1811 καὶ
2697 1753 2844 1828 εἶχον
2872 1759 3088 1812 ἅπαντα
3114 1759 3322 1813 κοινά.»
3360 1759 3473 1813 Καὶ
3504 1763 3614 1829 μετ’
3634 1760 3730 1814 ὀλί-

2172 1868 2300 1921 γον’
2336 1868 2356 1904 ι
2392 1850 2502 1904 Τοῦ
2544 1849 2602 1903 δὲ
2630 1849 2870 1920 πλήθους
2899 1850 3007 1903 τῶν
3034 1852 3399 1905 πιστευόντων
3431 1847 3501 1922 ἦν
3525 1853 3557 1921 ἡ
3579 1853 3727 1922 ψυχὴ.

2172 1943 2267 1997 καὶ
2314 1943 2351 2014 ἠ
2388 1942 2586 2014 καρδία
2632 1941 2733 2012 μία
2756 1980 2773 2006 ,
2826 1941 2921 1994 καὶ
2968 1940 3148 2004 οὐδείς
3180 1959 3233 1994 τι
3260 1941 3370 1994 τῶν
3400 1941 3730 2011 ὑπαρχόντων

2170 2033 2321 2104 αὐτῷ
2341 2032 2525 2102 ἔλεγεν
2550 2032 2683 2085 ἴδιον
2704 2027 2866 2098 εἶναι,
2883 2031 2998 2084 ἀλλ’
3014 2026 3082 2101 ἦν
3105 2030 3285 2093 αὐτοῖς
3309 2033 3527 2084 ἅπαντα
3542 2031 3727 2083 κοινά.»

2170 2126 2464 2196 Μακάριος
2495 2119 2589 2178 οὖν
2619 2124 2770 2176 ἐστιν
2810 2125 2838 2175 6
2870 2122 3104 2193 μοναχὸς
3137 2122 3165 2174 6
3198 2123 3407 2185 πάντας
3434 2120 3730 2193 ἀνθρώπως

2171 2216 2247 2279 ὡς
2272 2215 2407 2268 Θεὸν
2440 2216 2580 2287 μετὰ
2608 2214 2740 2268 Θεὸν
2772 2215 3109 2286 ἡγούμενος⁸
3174 2214 3447 2284 μακάριός
3477 2216 3622 2267 ἐστιν
3652 2231 3735 2283 μο-

2171 2308 2334 2380 ναχὸς
2387 2309 2415 2361 6
2459 2309 2560 2379 τὴν
2592 2308 2848 2361 ἁπάντων
2880 2308 3157 2379 σωτηρίαν
3202 2307 3295 2359 καὶ
3324 2306 3640 2377 προκοπὴν,
3671 2305 3739 2368 ὡς

2170 2402 2379 2456 οἰκείαν
2432 2401 2572 2473 μετὰ
2618 2400 2802 2471 πάσης
2846 2401 3022 2473 χαρᾶς
3069 2398 3239 2471 ἡδέως
3280 2398 3446 2470 ὀρῶν.
3508 2400 3737 2468 Μοναχὸς

2170 2494 2355 2559 ἐστιν,
2409 2494 2437 2546 6
2486 2494 2683 2547 ἑαυτὸν
2732 2492 2871 2564 μετά
2911 2492 3130 2547 πάντων
3168 2490 3513 2561 ἡγούμενος·
3570 2491 3653 2544 διὰ
3684 2490 3738 2543 τὸ

2169 2586 2495 2657 ἑνέκάστῳ
2547 2585 2738 2639 ἑαυτὸν
2787 2584 3211 2655 άπαραλείπτως
3258 2586 3442 2639 δοκεῖν
3489 2585 3731 2657 καθορᾷν.

2169 2678 2283 2733 Καὶ
2315 2680 2344 2732 6
2379 2678 2701 2741 Ἀπόστολος
2728 2677 2786 2731 δέ
2819 2694 2988 2747 φησιν
3010 2689 3027 2707 ⁸
3093 2695 3111 2729 ι
3147 2676 3418 2749 Καθάπερ
3452 2679 3509 2730 ὲν
3542 2677 3619 2730 ἑνὶ
3646 2678 3735 2730 σὼ-

2173 2786 2305 2841 ματι
2360 2768 2497 2840 μέλη
2548 2768 2717 2823 πολλὰ
2764 2768 2995 2839 ἔχομεν,
3048 2768 3117 2821 τὰ
3160 2768 3219 2822 δὲ
3267 2768 3409 2839 μέλη
3452 2769 3648 2831 πάντα,
3680 2768 3736 2821 οὒ

2168 2862 2268 2931 τὴν
2295 2860 2467 2932 αὐτὴν
2493 2860 2609 2931 ἔχει
2633 2858 2834 2931 πρᾶξιν
2850 2876 2865 2891 ’
2900 2859 3074 2924 οὕτως
3100 2860 3189 2913 καὶ
3222 2860 3271 2913 οἱ
3297 2859 3489 2913 πολλοὶ
3515 2860 3573 2912 ἓν
3596 2860 3739 2929 σῶμά

2169 2957 2337 3027 ἐσμεν
2370 2958 2428 3009 ὲν
2457 2955 2680 3027 Χριστῷ
2700 2995 2716 3021 ,
2768 2954 2831 3009 τὸ
2858 2955 2917 3008 δὲ
2948 2954 3072 3007 καθ’
3118 2947 3221 3018 εἷς,
3260 2952 3514 3024 ἀλλήλων
3544 2953 3687 3024 μέλη.
3712 2971 3737 3006 r

2168 3046 2280 3100 Καὶ
2313 3046 2547 3115 ἐπάγει·
2605 3064 2625 3098 ι
2665 3047 2804 3100 Ἀλλ’
2838 3048 2867 3100 6
2899 3047 3033 3112 θεὸς
3069 3046 3443 3121 συνεκέρασεν
3475 3045 3539 3099 τὸ
3571 3046 3739 3116 σῶμα,

494 3134 697 3187 Beatus
722 3133 889 3203 igitur
915 3134 966 3186 is
988 3132 1312 3196 monachus,
1342 3135 1461 3203 qui,
1488 3135 1633 3203 quod
1661 3135 1728 3189 ad
1754 3137 1920 3190 Deum
1946 3153 2068 3207 pcr-

2170 3137 2249 3209 τῷ
2294 3139 2610 3211 ὑστεροῦντι
2658 3140 3063 3213 περισσοτέραν
3096 3140 3220 3203 δοὺς
3252 3138 3451 3211 τιμὴν,
3491 3140 3579 3193 ἴνα
3612 3134 3736 3210 μὴῇ

495 3227 667 3289 tinet,
715 3234 950 3279 creteros
974 3239 1166 3279 omnes
1197 3224 1550 3280 admirationi
1577 3227 1733 3283 ducit
1763 3239 1819 3282 et
1843 3229 2066 3296 honori,

495 3317 662 3386 idque
717 3324 842 3386 post
884 3317 1075 3370 Deum.
1138 3316 1338 3371 Beatus
1382 3318 1543 3387 plane
1590 3320 1920 3386 monachus,
1973 3323 2069 3391 qui

497 3411 553 3465 in
585 3425 789 3479 genere
826 3409 1076 3463 omnium
1107 3410 1344 3463 salutem
1378 3418 1435 3464 et
1468 3411 1869 3480 promotionem
1890 3453 1905 3476 ,
1945 3428 2070 3482 per-

494 3515 650 3571 aeque
700 3496 767 3555 ac
811 3499 1128 3569 prepriam,
1185 3500 1333 3553 omni
1383 3516 1507 3555 cum
1555 3502 1755 3573 gaudio
1801 3511 1857 3558 et
1898 3504 2067 3559 animi

491 3593 844 3664 iucunditate
891 3590 1168 3661 pervidet.
1227 3591 1534 3649 Monachus
1574 3602 1688 3657 est,
1745 3595 1839 3665 qui
1893 3612 2065 3652 unum

495 3702 554 3742 se
581 3700 704 3740 esse
736 3685 883 3738 inter
909 3692 1143 3739 caeteros
1174 3684 1428 3754 deputat,
1464 3701 1565 3755 per
1590 3686 1695 3743 hoc
1721 3693 1866 3757 quod
1888 3690 2067 3745 credit

495 3776 941 3845 impraetermisse
973 3776 1217 3845 seipsum
1240 3777 1496 3831 contueri
1526 3777 1576 3830 in
1602 3793 1938 3849 unoquoque
1958 3780 2071 3835 fra-

496 3878 665 3924 trum.
722 3867 1018 3937 Apostolus
1068 3885 1081 3921 :
1132 3886 1150 3918 ι
1189 3867 1347 3923 Sicut
1394 3867 1449 3922 in
1488 3882 1599 3922 uno
1627 3885 1863 3939 corpore
1896 3872 2069 3926 multa

496 3958 743 4013 membra
768 3959 1060 4023 habemus,
1086 3958 1272 4013 omnia
1298 3967 1481 4014 autem
1508 3960 1755 4014 membra
1781 3977 1889 4016 non
1912 3978 2068 4018 eum-

495 4051 621 4106 dem
653 4060 838 4107 actum
871 4052 1114 4117 habent,
1166 4052 1241 4106 ita
1271 4061 1328 4107 et
1356 4052 1517 4106 multi
1549 4069 1719 4106 unum
1747 4069 1950 4124 corpus
1974 4071 2069 4110 su-

502 4158 626 4197 mus
656 4143 709 4196 in
736 4142 982 4201 Christo,
1019 4142 1220 4212 singuli
1254 4150 1439 4196 autem
1474 4143 1615 4197 alter
1642 4144 1869 4198 alterius
1894 4160 2070 4200 mem-

496 4234 598 4289 bra
615 4236 684 4290 ⁸⁸.
718 4253 737 4287 ι
801 4234 1018 4289 lndncit
1063 4254 1076 4288 :
1127 4255 1148 4286 ι
1174 4234 1279 4289 Sed
1313 4235 1459 4289 Deus
1490 4238 1815 4305 temperavit
1842 4253 2063 4309 corpus,

492 4326 544 4382 ei
599 4327 691 4382 cui
739 4326 928 4383 deerat
980 4326 1447 4382 abundantiorem
1493 4328 1747 4383 tribuens
1779 4329 2067 4401 honorem,

2168 3231 2445 3303 σχίσματα
2475 3235 2534 3287 ὲν
2561 3232 2639 3305 τῷ
2665 3232 2903 3303 σώματι,
2927 3232 3068 3287 ἀλλά
3092 3232 3160 3286 τὸ
3177 3233 3311 3286 αὐτὸ
3338 3234 3486 3303 ὑπὲρ
3510 3232 3741 3303 ἀλλήλων

2165 3324 2236 3377 τὰ
2267 3324 2404 3395 μέλη
2441 3324 2804 3395 μεριμνῶσιν.
2828 3343 2846 3375 ι
2882 3322 2982 3375 Διὰ
3003 3322 3163 3376 τοῦτο
3190 3322 3485 3393 ὀφείλομεν
3511 3322 3742 3390 ἀλλήλων

2164 3416 2234 3470 τά
2278 3416 2421 3487 βάρη
2470 3414 2804 3486 βαστάζειν,
2861 3414 2956 3467 καὶ
3009 3407 3148 3466 εἶναι
3188 3412 3391 3475 πάντες
3429 3413 3739 3482 ὁμόφρονες,

2164 3509 2454 3580 όμόψυχοι,
2472 3506 2862 3577 εὔσπλαγχνοι,
2876 3506 3323 3578 ταπεινόφρονες,
3337 3505 3527 3558 πάντα
3544 3501 3740 3555 ποιοῦν·

2170 3619 2264 3666 τες
2292 3603 2350 3655 ὲν
2375 3601 2593 3672 ἀγάπῃ,
2624 3601 2714 3655 ἴνα
2743 3600 2837 3654 καὶ
2866 3598 3041 3662 οὕτως
3073 3599 3165 3651 τὸν
3190 3597 3326 3651 Θεὸν
3355 3596 3501 3667 πρὸς
3530 3594 3742 3654 ἑαυτοὺς

2172 3693 2615 3765 ἐπισπασώμεθα
2634 3733 2650 3757 ,
2706 3694 2803 3748 καὶ
2833 3692 3233 3765 εὐπρόσδεκτος
3260 3690 3498 3759 γένηται
3526 3689 3561 3757 ὴ
3587 3678 3744 3756 προσ-

2175 3785 2307 3856 ευχὴ
2335 3784 2518 3855 ἡμῶν.
2549 3783 2713 3853 Λέγει
2738 3783 2848 3855 γὰρ
2874 3785 2902 3836 6
2926 3783 3132 3854 Κύριος
3150 3799 3162 3812 ·
3198 3801 3216 3834 ι
3240 3780 3415 3853 Ἀμὴν
3437 3781 3587 3848 λέγω
3607 3781 3745 3850 ὑμῖν,

2174 3878 2257 3931 ὅτι
2306 3875 2403 3930 ἐὰν
2447 3874 2542 3928 δύο
2587 3875 2647 3941 ὲξ
2689 3875 2843 3946 ὑμῶν
2892 3875 3355 3945 συμφωνήσουσιν
3396 3873 3499 3927 ἐπὶ
3528 3872 3627 3943 τῆς
3656 3870 3753 3941 γῆς

2176 3969 2303 4037 περὶ
2350 3967 2554 4032 παντὸς
2596 3968 2943 4039 πράγματος,
2982 3962 3044 4021 οὗ
3080 3966 3175 4020 ἐὰν
3208 3967 3561 4030 αἰτήσονται,
3600 3964 3754 4034 γενῆν

2169 4078 2323 4115 σεται
2355 4061 2540 4123 αὐτοῖς
2575 4060 2727 4129 παρὰ
2757 4058 2849 4112 τοῦ
2882 4059 3098 4130 Πατρός
3126 4075 3227 4130 μου
3260 4057 3355 4111 τοῦ
3386 4060 3448 4112 ἐν
3480 4057 3746 4126 οὐρανοῖς.

2168 4148 2243 4208 Ob
2297 4152 2409 4225 γάρ
2456 4154 2597 4205 εἰσιν
2643 4152 2971 4221 συνηγμένοι
3018 4150 3114 4206 δύο
3154 4152 3187 4222 ἦ
3228 4154 3375 4221 τρεῖς
3428 4153 3514 4214 εἰς
3544 4152 3603 4203 τὸ
3628 4147 3753 4217 ἐμὸν

2168 4246 2380 4317 ὄνομα,
2432 4245 2549 4298 ἐκεῖ
2586 4244 2703 4313 εἰμι
2759 4244 2815 4295 ἐν
2862 4243 3015 4314 μέσῳ
3058 4243 3258 4297 αὐτῶν.
3292 4262 3310 4295 ι
3371 4243 3542 4313 Αὕτῷ
3572 4245 3606 4314 ή
3634 4240 3752 4307 δόξα

2170 4333 2289 4407 [καὶ
2316 4332 2379 4387 τὸ
2402 4330 2627 4403 κράτος]
2660 4332 2738 4395 εἰς
2762 4332 2889 4394 τοὺς
2915 4332 3142 4395 αἰῶνας.
3182 4333 3382 4403 Ἀμήν.

494 4428 697 4474 utnon
730 4420 803 4474 sit
848 4420 1087 4475 sehisma
1138 4419 1195 4472 in
1240 4434 1502 4488 corpore,
1559 4418 1656 4474 sed
1705 4420 1761 4474 in
1809 4421 2047 4492 idipsum
2089 4444 2192 4498 pro
2255 4425 2489 4480 invicem
2528 4422 2758 4477 sollicita
2789 4423 2900 4478 sint
2946 4424 3192 4478 membra
3225 4424 3291 4478 θ’.
3328 4442 3347 4474 ι
3389 4421 3480 4479 Ob
3507 4422 3562 4477 id
3597 4419 3753 4475 debe-

492 4529 617 4568 mus
678 4512 943 4566 mutuiter
1028 4518 1288 4579 praestare
1340 4525 1562 4579 operam
1625 4511 1682 4566 in
1734 4513 2089 4575 sublevandis
2129 4520 2363 4575 aliorum
2402 4517 2699 4583 oneribus,
2756 4528 2811 4574 et
2859 4518 3229 4574 concordibus
3292 4518 3501 4572 animis
3568 4515 3749 4571 eadem

491 4609 719 4672 sentire,
752 4622 817 4661 ac
844 4605 933 4675 pia
970 4620 1101 4676 erga
1127 4605 1264 4659 alios
1291 4613 1503 4676 gestare
1532 4606 1763 4674 viscera,
1796 4610 2043 4668 modeste
2081 4629 2145 4669 ac
2170 4611 2454 4667 humiliter
2486 4611 2553 4666 de
2578 4611 2740 4666 nobis
2800 4612 3041 4679 sentire,
3078 4614 3218 4667 nihil
3282 4629 3399 4668 non
3462 4612 3751 4681 designan—

492 4710 576 4755 tes
602 4700 788 4769 operis
812 4698 867 4751 in
890 4696 1181 4761 charitate,
1209 4712 1319 4767 quo
1341 4696 1429 4751 vel
1485 4697 1572 4752 his
1628 4699 1889 4768 operibus
1940 4718 2357 4772 promereamur
2392 4701 2553 4755 nobis
2617 4701 2750 4771 ipsis
2794 4702 2892 4757 Dei
2959 4702 3189 4773 gratiam
3221 4704 3501 4758 asisccere
3545 4711 3603 4756 et
3632 4716 3752 4755 con-

491 4792 681 4850 eiliare
709 4792 981 4857 favorem,
1019 4800 1081 4845 ut
1129 4792 1184 4845 in
1214 4790 1363 4845 illius
1388 4790 1564 4846 oculis
1628 4795 1982 4864 acceptabilis
2042 4798 2137 4855 fiat
2200 4807 2390 4854 nostra
2449 4795 2785 4866 deprecatio.
2856 4797 2998 4851 Dicit
3053 4796 3200 4851 enim
3256 4796 3372 4866 ipse
3428 4796 3751 4851 Dominus:

497 4906 516 4938 ι
546 4885 719 4939 Amen
750 4883 874 4938 dico
900 4882 1079 4948 vobis,
1105 4883 1232 4952 quia
1254 4882 1299 4937 si
1330 4882 1441 4937 duo
1468 4897 1535 4937 ex
1558 4884 1716 4940 vobis
1748 4892 2135 4947 consenserint
2158 4906 2325 4962 super
2349 4898 2576 4952 terram,
2598 4888 2667 4942 de
2692 4902 3025 4958 quacunque
3055 4902 3115 4942 re
3132 4903 3294 4957 quam
3326 4887 3747 4957 postulaverint.

491 4974 587 5029 ﬁet
605 4974 688 5029 eis
712 4989 742 5027 a
767 4974 925 5028 Patre
951 4987 1079 5026 meo
1105 4971 1200 5041 qui
1258 4981 1344 5026 est
1374 4971 1428 5025 in
1453 4973 1635 5039 caelis;
1666 4974 1762 5029 ubi
1814 4977 1963 5031 enim
2022 4991 2151 5036 sunt
2190 4978 2506 5052 congregati
2547 4978 2657 5034 duo
2700 4980 2786 5035 vel
2828 4990 2943 5036 tres
2994 4981 3050 5035 in
3085 4980 3307 5035 nomine
3337 4994 3488 5045 meo,
3530 4978 3609 5035 ibi
3641 4992 3752 5033 sum

492 5070 547 5125 in
578 5067 760 5122 medio
784 5081 978 5121 eorum
995 5067 1064 5119 '°.
1095 5084 1113 5115 ι
1174 5064 1283 5133 ipsi
1312 5065 1480 5133 gloria
1515 5066 1571 5119 in
1600 5068 1819 5123 saacula.
1855 5068 2051 5128 Amen.

1004 5157 1287 5213 HOMILIA
1324 5157 1563 5211 LXXXI.
2089 5167 2138 5224 ι)

1009 5247 1088 5301 De
1114 5250 1537 5303 coaitationibus.

1009 5265 1088 5301 ue
1114 5265 1537 5319 cognationibus.

558 5340 703 5398 Dicit
724 5338 1008 5410 Scriptura
1033 5356 1048 5392 :
1078 5359 1096 5390 ι
1116 5338 1316 5409 Legem
1344 5340 1397 5395 in
1420 5340 1757 5411 adiutorium
1781 5340 2013 5398 dedit".
2031 5362 2052 5394 ι

2716 5265 2855 5324 Περὶ
2886 5265 3215 5326 λογισμων.

2238 5345 2408 5416 Φησὶν
2454 5347 2493 5417 ἡ
2528 5346 2723 5419 Γραφή
2747 5366 2759 5377 ·
2823 5366 2842 5399 ι
2872 5348 3054 5418 Νόμον
3096 5348 3179 5409 εἰς
3214 5347 3471 5419 βοήθειαν
3508 5348 3697 5401 ἔδωκε.
3729 5368 3744 5398 ι

558 5484 602 5514 ⁷⁵
632 5482 698 5537 1V
728 5483 860 5551 Reg.
893 5497 951 5545 ιι,
980 5478 1034 5534 6.
1111 5479 1155 5511 ⁸ο
1184 5479 1354 5551 Ruth,
1390 5495 1428 5540 ι,
1456 5478 1542 5533 17.
1600 5480 1659 5551 ν⁸¹
1684 5478 1860 5551 Ruth.
1894 5497 1950 5544 ιι,
1987 5480 2068 5535 12.

2183 5481 2227 5511 θ’
2262 5481 2405 5535 Psal.
2462 5497 2661 5545 ωιτη,
2694 5484 2741 5537 l.
2858 5485 2922 5515 3“
2955 5485 3117 5540 Prov.
3148 5502 3301 5550 xviii,
3325 5485 3411 5541 19.
3496 5485 3544 5517 ⁸⁸
3574 5484 3749 5539 Eccle.

486 5570 557 5616 tv,
586 5553 637 5606 9.
716 5552 762 5593 ”
798 5550 928 5605 ibid.
960 5551 1043 5606 10.
1147 5551 1196 5582 ⁸⁸
1229 5550 1366 5603 ibid.
1399 5550 1485 5603 12.
1591 5550 1637 5582 '°
1665 5550 1786 5605 Act.
1818 5567 1855 5610 ι,
1893 5551 1982 5605 44.
2061 5553 2068 5579 ³

2170 5560 2261 5605 ιρι.
2294 5568 2366 5612 iv,
2399 5551 2485 5605 5‘2.
2541 5552 2665 5607 Habe
2720 5564 2958 5610 mentem
3014 5556 3253 5610 reddunt
3306 5556 3596 5617 auctoris,
3648 5570 3754 5609 non

485 5624 614 5678 item
639 5623 826 5687 verba,
868 5631 1161 5691 corruptus
1186 5620 1335 5675 enim
1368 5621 1524 5691 locus
1545 5630 1650 5675 est.
1727 5622 1774 5653 ⁸⁸
1807 5622 1966 5675 Rom.
1999 5637 2092 5687 xu,
2122 5621 2177 5687 4,
2212 5624 2265 5676 5.
2341 5622 2385 5652 ⁸³
2420 5623 2440 5675 1
2469 5623 2597 5677 Cor.
2630 5640 2727 5691 xu,
2753 5624 2841 5678 2t.
2917 5626 2961 5657 ’°
2994 5626 3189 5683 Matth;
3224 5642 3373 5691 xvnt,
3412 5625 3507 5682 t9.
3566 5627 3610 5658 ⁸⁸
3648 5627 3748 5679 lsa.

483 5709 601 5758 vni,
626 5692 694 5746 20
721 5708 833 5748 sec.
861 5691 1002 5746 LXX
1027 5690 1047 5757 ;'
1079 5691 1255 5746 Galat.
1288 5706 1367 5757 ιιι,
1397 5690 1469 5743 24

1754 5761 1991 5817 VARUE
2031 5760 2441 5818 LECTIONES.

556 5855 585 5896 ι
619 5855 727 5912 Pro
757 5853 1101 5928 καταραχθῇ,
1132 5854 1395 5912 Aldiuum
1431 5856 1711 5927 exemplar
1740 5856 1906 5913 habet
1939 5857 2381 5929 ἐπικραταιωοῇ.
2419 5859 2601 5915 vietus
2635 5861 2822 5917 fuerit.

2764 5161 2981 5214 ΛΟΓΟΣ
3011 5163 3140 5217 ΠΑν.

2716 5256 2855 5324 Περὶ
2886 5256 3215 5326 λογισμῶν.

2183 5481 2227 5511 ’δ’
2262 5481 2405 5535 Psal.
2462 5497 2661 5545 exuti,
2694 5484 2741 5537 1.
