3868 6518
129 351 266 415 16ῗῖ

975 345 1305 407 IIOMILIA
1345 342 1606 406 LXXXI.
1641 368 1705 381 -
1734 344 1831 404 DE
1873 334 2537 405 COGITATIONIBUS.

3249 345 3341 409 107
3362 348 3380 402 l

128 466 397 536 Βοήθειαν
434 461 637 533 δηλαδὴ
680 462 745 531 τῇ
779 457 940 530 φύσει
968 458 1078 512 τῶν
1102 457 1407 528 ἀνθρώπων
1444 458 1579 530 πρὸς
1606 455 1705 527 τὴν
1737 502 1741 517 η

1830 455 2194 527 ldjutorium,
2235 453 2339 524 ipsi
2372 451 2634 508 videlicet
2665 448 2951 506 hominum
2984 462 3190 509 natura:
3224 473 3237 509 :
3271 472 3382 528 quo

120 561 225 629 τῆς
254 555 457 629 ἀρετῆς
489 555 766 624 γεωργίαν
787 568 800 581 ·
854 552 931 614 ὡς
977 550 1224 622 γεωργὸς
1255 550 1392 622 πρὸς
1420 550 1481 603 τὸ
1511 548 1702 602 καθαί-

126 667 249 721 ρειν
278 638 341 701 τὸ
368 639 535 717 φυτὸν
565 645 641 715 τῷ
668 643 874 715 σιδήρῳ
894 659 907 673 °
968 642 1079 697 ἀπὸ
1107 642 1207 713 μὲν
1237 642 1436 712 σαρκὸς
1462 640 1703 695 ἀποϐάλ-

123 753 242 796 Αειν
294 730 385 795 ὅτε
430 736 732 809 διοχλοῦσιν
782 738 839 789 αἱ
883 736 1112 806 φυσικαὶ
1163 734 1299 803 πρὸς
1346 732 1539 803 ἡδονὴν
1584 733 1707 785 ἑπι-

124 824 325 905 θυμίαι
350 848 366 863 ο
425 829 537 886 ἀπὸ
580 829 638 882 δὲ
682 828 863 899 ψυχῆς
912 826 1114 898 ὁμοίως
1160 826 1288 888 τοὺς
1331 824 1707 895 ταράσσοντας

125 927 301 995 αὐτὴν
330 923 582 985 ἀσθενεῖς
610 921 930 991 λογισμοὺς,
962 918 995 989 ἢ
1024 916 1093 971 τὰ
1123 917 1326 987 σαρκὸς
1352 914 1707 986 φρονοῦντας,

126 1016 163 1086 ἢ
221 1013 292 1068 τά
348 1012 661 1083 πρόσκαιρα
724 1009 821 1065 καὶ
872 1010 1037 1080 γήϊνα
1083 1006 1552 1081 προσκλίναντας,
1612 1006 1710 1059 καὶ

128 1111 199 1162 ὲκ
238 1108 459 1178 φύσεως
506 1104 681 1167 οὕτως
713 1101 1047 1179 ὁρμώντων,
1101 1101 1196 1154 καὶ
1226 1099 1286 1165 ἐξ
1315 1098 1623 1171 ὑπερϐολῆς
1651 1096 1709 1151 δὲ

128 1194 391 1266 πονηρῶν
438 1192 770 1263 πνευμάτων
818 1187 1220 1253 ἑπικλυζόντων
1264 1189 1364 1260 τὴν
1407 1186 1601 1258 φύσιν,
1636 1185 1712 1251 ὡς

129 1281 167 1357 ὴ
214 1288 381 1356 πεῖρα
423 1278 565 1337 οἶδεδ
627 1284 723 1337 καὶ
770 1281 862 1336 διὰ
892 1280 1052 1335 τοῦτο
1088 1280 1370 1351 διδομένου
1400 1280 1590 1350 νόμου,
1626 1279 1715 1334 ἵνα

133 1368 217 1449 μὴ
266 1377 341 1442 ὡς
385 1366 718 1447 ἀμελοῦντος
760 1371 1010 1443 γεωργοῦ
1051 1372 1302 1444 χερσωθῇ
1349 1370 1411 1425 τὸ
1444 1370 1610 1441 φυτὸν
1651 1370 1715 1423 τὸ

132 1460 443 1539 επιτήδειον
490 1464 565 1536 μὴ
600 1464 767 1535 φέρον
798 1454 1032 1534 καρπόν.
1083 1462 1249 1531 Λέγει
1275 1449 1335 1515 δὲ
1366 1461 1463 1515 καὶ
1488 1462 1517 1515 6
1549 1459 1713 1513 Ἀπό-

134 1559 371 1623 στολος·
457 1575 477 1611 ι
517 1551 791 1628 Βούλομαι
861 1555 991 1619 τοὺς
1050 1553 1251 1626 ἄνδρας
1313 1550 1715 1625 προσεύχεσθαι

135 1642 198 1702 ὲν
249 1646 413 1700 παντὶ
458 1645 650 1717 τρόπῳ
717 1642 1050 1715 ἐπαίροντας
1104 1641 1259 1707 ὁσίας
1309 1645 1496 1714 χεῖρας
1546 1642 1725 1715 χωρὶς⁸

134 1731 309 1812 ὀργῆς
355 1738 453 1792 καὶ
497 1735 888 1809 διαλογισμῶν.
919 1752 937 1787 i
985 1734 1099 1789 Καὶ
1125 1734 1322 1788 πάλιν·
1365 1734 1720 1804 «Λογισμοῦς

1815 549 1983 604 homo
2008 546 2281 603 subnixus
2301 585 2319 611 ,
2373 544 2605 616 perinde
2650 552 2817 615 atque
2847 544 3085 615 agricola
3124 545 3270 603 lerro
3298 565 3386 603 as-

1813 638 1957 694 solet
2020 637 2266 708 plantam
2332 649 2668 706 perpurgare
2698 676 2714 701 ,
2793 634 2871 690 ita
2930 635 3383 707 agricolationem

1813 735 2042 781 strenue
2076 732 2363 782 exerceret
2390 724 2634 797 virtutis.
2664 722 2711 779 A
2737 738 2902 779 carne
2930 724 3175 795 quidem,
3199 738 3309 782 uta
3333 738 3386 783 te

1814 817 2054 890 repellas
2086 831 2152 873 ac
2179 816 2471 889 proﬂiges,
2523 830 2651 873 cum
2700 826 3061 887 perstrepunt
3092 829 3258 889 atque
3287 819 3388 873 ob.

1820 909 2048 964 turbant
2078 914 2323 964 ventosae
2348 907 2453 963 illa:
2478 906 2650 963 fastus
2673 907 2927 978 ampullis
2946 947 2962 973 ,
3010 915 3068 963 et
3094 908 3162 963 ad
3190 909 3387 965 obsee-a

1812 1017 1940 1057 nam
1964 1001 2305 1073 voluptatem
2328 1000 2627 1071 proliciunt
2652 999 2978 1056 irritatrices
2997 1002 3391 1072 concupian

1819 1094 1909 1150 tia:
1964 1110 1977 1148 :
2026 1093 2097 1150 ab
2156 1093 2340 1148 anima
2392 1107 2524 1147 vero
2580 1091 2985 1159 consimiliter;
3048 1109 3393 1166 quaecunque

1816 1186 2178 1259 cogitationes
2209 1201 2309 1256 per
2336 1184 2712 1240 infirmitatem
2746 1185 2849 1255 ipsi
2877 1185 3076 1241 animm
3105 1188 3395 1242 turbulena

1816 1290 1929 1335 tam
1962 1280 2231 1336 conciunt
2259 1278 2671 1349 intemperiem,
2696 1287 2757 1334 ut
2782 1280 3019 1350 primum
3043 1282 3216 1337 sentis
3234 1282 3396 1337 obrca

1817 1387 1973 1444 pere,
2003 1372 2295 1443 provideto
2328 1380 2389 1427 ut
2419 1387 2449 1426 a
2478 1380 2530 1426 te
2556 1387 2720 1442 quam
2746 1373 3013 1431 citissime
3038 1375 3393 1439 submoveas,

1822 1461 2038 1534 1155
2055 1461 2171 1518 sive
2200 1461 2269 1517 ad
2291 1476 2355 1516 ea
2380 1461 2629 1516 illectent
2651 1477 2774 1532 quae
2796 1462 3042 1518 studium
3064 1464 3247 1519 carnis
3269 1481 3397 1536 per-

1818 1554 2065 1611 colendm
2095 1554 2392 1625 resipiunt,
2427 1553 2544 1610 sive
2579 1553 2851 1610 inclinent
2872 1564 2924 1611 te
2949 1554 3016 1610 ad
3042 1555 3233 1613 isthmc
3253 1566 3395 1613 tenta

1818 1645 2038 1717 poraria
2066 1659 2132 1700 ac
2160 1653 2405 1700 terrena.
2433 1644 2503 1700 Et
2523 1643 2749 1715 quidem
2779 1645 2849 1700 ad
2875 1660 3003 1701 eum
3033 1647 3256 1703 modum
3286 1647 3397 1701 alli-

1820 1736 2002 1793 cimur
2032 1735 2233 1807 partim
2264 1735 2583 1792 conditione
2612 1744 2827 1793 natura:
2849 1737 3172 1809 fragilioris,
3199 1741 3399 1810 partim

137 1828 571 1902 καθαιροῦντες,
628 1828 725 1883 καὶ⁸
773 1828 883 1882 πᾶν
926 1825 1128 1897 ὕψωμα
1169 1827 1532 1898 ἐπαιρόμενον
1574 1826 1717 1881 κατά

1830 1828 1955 1883 item
1985 1844 2053 1883 eo
2075 1843 2177 1883 nos
2196 1837 2485 1899 promovet
2512 1836 2570 1884 et
2595 1829 2821 1901 instigat
2855 1830 3220 1902 malignorum
3242 1832 3392 1903 spiri;

138 1924 241 1995 τῆς
270 1921 525 1993 γνώσεως
554 1920 646 1976 τοῦ
675 1921 835 1975 Θεοῦ.
864 1938 881 1971 ι
937 1918 1148 1983 Σκοπὸς
1173 1914 1267 1972 οῦν
1294 1921 1410 1971 ἐστι
1442 1917 1522 1989 τῷ
1556 1918 1719 1971 Ἀποο

140 2015 316 2087 στόλῳ
347 2013 623 2084 καθαροὺς
655 2012 803 2083 ἡμᾶς
836 2005 977 2064 εῖναι
1026 2008 1136 2063 ἀπὸ
1171 2008 1448 2079 λογισμῶν
1476 2008 1721 2081 ἀκαθάρο

135 2113 250 2161 των
272 2146 288 2173 ,
322 2106 558 2177 μάλιστα
577 2104 704 2158 ὅταν
723 2102 802 2173 τῷ
820 2101 939 2173 Θεῷ
962 2102 1272 2173 προσευχὴν
1294 2100 1684 2173 παριστάμεθα
1701 2116 1717 2132 ’

136 2201 205 2253 οὐ
249 2198 358 2270 γάρ
408 2197 694 2268 συμφωνεῖ
736 2194 975 2249 δυσωδία
1016 2191 1251 2263 εὐωδίᾳ,
1304 2192 1424 2245 οὐδὲ
1456 2190 1723 2262 δυσοσμία

135 2291 222 2363 τῷ
275 2289 453 2362 μύρῳ.
506 2288 566 2343 '0
616 2287 724 2359 γὰρ
785 2285 1072 2356 λογισμοῖς
1126 2284 1577 2353 συναπαγόμενος
1627 2283 1721 2336 ὲκ-

137 2382 441 2454 τυφλοῦται
477 2382 568 2436 ὑπ’
600 2378 803 2436 αὐτῶν.
842 2367 1017 2433 Ὅπου
1048 2378 1157 2449 γὰρ
1188 2378 1395 2441 εἰκόνες
1420 2375 1719 2447 λογισμῶν,

139 2479 265 2531 ἐκεῖ
315 2476 409 2530 καὶ
456 2472 858 2543 συγκατάθεσις
898 2470 1129 2540 γίνεται.
1171 2469 1292 2541 Χρὴ
1321 2465 1415 2523 οὖν
1443 2470 1540 2540 τὴν
1572 2467 1724 2540 πρώ-

137 2584 245 2642 την
291 2567 601 2639 προσϐολὴν
656 2565 746 2620 ἀεὶ
788 2562 1156 2635 ἀνατρέπειν,
1212 2565 1306 2617 καὶ
1351 2561 1724 2633 ἐξολοθρεύειν

137 2661 272 2725 τοὺς
300 2651 666 2734 ἁμαρτωλοὺς
694 2657 994 2728 λογισμοὺς
1038 2657 1104 2710 ὲκ
1131 2656 1231 2727 τῆς
1258 2656 1384 2727 γῆς,
1420 2657 1544 2727 ἥτις
1576 2657 1725 2711 ἐστὶν

139 2754 180 2825 ἡ
233 2753 429 2825 καρδία
474 2751 634 2823 ὴμῶν
688 2749 831 2804 κατὰ
873 2749 964 2802 τὸν
1001 2743 1160 2817 λόγον
1204 2748 1299 2802 τοῦ
1341 2749 1567 2819 Κυρίου.
1614 2747 1725 2801 Καὶ

135 2846 224 2911 ὡς
261 2845 341 2898 ἔτι
374 2844 483 2899 εἰσί⁸
508 2840 696 2915 νήπιοι
729 2832 835 2895 υίοῖ⁵
860 2837 1201 2905 Βαϐυλῶνος,
1237 2841 1519 2894 τουτέστιν
1547 2841 1597 2894 οί
1628 2856 1726 2893 me

137 2936 307 3011 νηροὶ
350 2934 652 3005 λογισμοὶ,
716 2928 991 3001 ἐδαφὶζειν
1036 2925 1260 2995 τόύτους
1294 2926 1389 2986 καλ⁵
1418 2930 1725 3003 συντρίϐειν

139 3027 284 3098 πρὸς
334 3026 431 3097 τὴν
472 3024 718 3095 πέτραν,
770 3023 895 3092 ἥτις
937 3022 1085 3076 ἐστὶν
1119 3022 1147 3076 6
1175 3023 1431 3094 Χριστός.
1472 3023 1727 3079 Μάλιστα

137 3121 277 3183 τοὺς
318 3121 465 3191 τρεῖς
510 3116 910 3185 γενικωτάτους
960 3110 1084 3168 καθ⁴
1112 3115 1270 3187 ἡμῶν
1298 3108 1593 3187 λογισμοὺς
1628 3115 1725 3170 τοῦ

138 3211 397 3267 διαϐόλου
422 3226 437 3242 ·
496 3208 562 3263 δι’
598 3203 674 3264 ὧν
724 3208 820 3262 καὶ
867 3208 1097 3278 πολεμεῖ
1142 3209 1171 3261 6
1204 3207 1464 3278 φθονερὸς
1488 3208 1725 3280 δθίμων,

141 3305 247 3358 καὶ
279 3300 574 3356 ὑποϐάλλει
608 3302 764 3373 ἡμῖν,
822 3300 915 3354 τὸν
948 3300 1048 3371 τῆς
1080 3300 1531 3371 γαστριμαργίας
1560 3301 1727 3372 φημὶ,

141 3396 250 3450 καὶ
276 3392 669 3465 φιλαργυρίας,
708 3392 805 3446 καὶ
833 3391 1148 3457 κενοδοξίας
1171 3407 1187 3423 ·
1238 3391 1309 3445 δι’
1336 3386 1411 3446 ὧν
1444 3393 1538 3447 καὶ
1568 3393 1731 3447 αὐτὸν

138 3486 244 3540 τὸν
266 3487 470 3558 Κύριον
500 3485 657 3559 ὴμῶν
688 3485 784 3541 καὶ
810 3484 1065 3555 Σωτῆρα,
1103 3485 1161 3539 εν
1189 3484 1268 3557 τῷ
1296 3486 1519 3539 τελέσαι
1542 3485 1729 3549 αὐτὸν,

142 3582 331 3633 πάντα
382 3580 694 3651 πειρασμὸν
744 3574 1076 3650 ἐπεχείρησε
1126 3578 1427 3651 πειράσαι,
1477 3578 1601 3633 ὅθεν
1640 3579 1735 3633 καὶ

138 3671 464 3744 ἡττημένος
495 3669 882 3743 ἀπεκρούσθη.
939 3654 1281 3742 ’Υπόδειγμα
1311 3672 1444 3743 ὴμῖν
1475 3672 1504 3726 6
1529 3670 1733 3744 Κύριος

143 3758 237 3820 ei;
270 3756 447 3812 πάντα
479 3758 810 3829 γενόμενος,
879 3758 1131 3812 τουτέστι
1185 3758 1282 3813 τοῦ
1334 3751 1425 3813 διὰ
1468 3760 1734 3830 νηστειῶν

144 3847 254 3903 καὶ
283 3847 372 3903 διὰ
402 3848 725 3920 προσευχῶν
754 3848 947 3902 τοῦτον
978 3850 1262 3922 ἀπρακτον
1292 3850 1575 3923 καθιστᾷν.
1623 3851 1737 3905 Ἐν-

142 3938 364 4011 εδρεύει
392 3940 501 4013 γὰρ
543 3942 572 3995 6
608 3940 782 4004 δόλιος
824 3940 901 4005 ῶς
939 3939 1079 3996 λέων
1121 3935 1180 3996 ἓν
1223 3944 1291 4014 τῇ
1330 3944 1543 4016 μάνδρᾳ
1568 3942 1734 3998 αὐτοῦ

145 4030 428 4103 κρύπτειν
472 4034 605 4105 ἡμῖν
654 4032 887 4102 παγίδας
913 4072 929 4099 ,
1007 4034 1104 4087 καὶ
1157 4036 1407 4107 θήρατρα
1458 4036 1737 4106 λογισμῶν

146 4121 490 4195 ἀκαθάρτων
529 4123 626 4177 καὶ
658 4123 894 4179 ἀσεϐῶν.
931 4123 1053 4196 Χρὴ
1078 4120 1170 4179 οῦν
1198 4126 1323 4189 τοὺς
1352 4125 1739 4197 πολυμόρφους

145 4216 496 4285 λογισμοὺς,
555 4215 631 4279 ὡς
672 4217 926 4286 εἴρηται,
990 4216 1271 4288 συντόμως
1314 4218 1739 4289 προαποκλίνειν

145 4306 241 4362 δι’
285 4307 545 4373 εὐσεϐοῦς
601 4307 917 4378 ἀντιλογίας
965 4311 1061 4365 καὶ
1104 4314 1442 4384 προσευχῆς,
1494 4312 1589 4367 καὶ⁵
1635 4313 1741 4383 μάο

148 4400 321 4453 λιστα
346 4398 474 4464 τοὺς
500 4399 848 4468 κοινοῦντας,
900 4401 991 4456 ἴνα
1022 4401 1099 4474 μὴ
1122 4401 1429 4458 κοινώσωσι
1460 4402 1553 4457 τὸν
1582 4403 1739 4475 ἅγιον

1826 1930 1983 1976 tuum
2017 1918 2284 1975 insidiosa
2310 1919 2627 1991 suggestio,
2677 1920 2772 1991 qui
2812 1930 3067 1977 naturam
3095 1922 3272 1993 ipsam
3302 1939 3399 1978 sim

1825 2011 2162 2083 malignitate
2198 2010 2356 2081 quasi
2388 2010 2846 2082 destagnantibus
2874 2013 3040 2069 undis
3073 2022 3401 2069 tantumnou

1824 2104 2101 2168 obruunt,
2156 2111 2218 2158 ut
2251 2111 2307 2158 et
2332 2103 2578 2161 doctrice
2607 2102 2952 2173 experientia
2982 2106 3278 2176 perspicue
3305 2123 3405 2159 no-

1825 2197 2030 2252 vimus.
2065 2190 2126 2252 in
2154 2197 2262 2252 hoc
2291 2196 2460 2268 igitur
2485 2196 2611 2251 data
2641 2196 2729 2251 lex
2759 2204 2870 2261 est,
2898 2212 2990 2262 ne,
3012 2197 3166 2253 velut
3193 2210 3294 2269 per
3316 2213 3405 2251 osa

1828 2288 2116 2345 citantiam
2165 2288 2453 2360 agricolis,
2505 2287 2693 2359 planta
2737 2287 2946 2358 alioqui
2982 2288 3155 2353 utilis,
3189 2290 3403 2344 nullum

1828 2381 2073 2439 aﬂerens
2098 2382 2367 2445 fructum,
2392 2380 2710 2436 obsoleseat
2736 2380 3012 2452 squalore.
3045 2381 3193 2436 Dicit
3216 2391 3404 2438 autem

1827 2484 1885 2530 et
1912 2472 2212 2544 Apostolus
2263 2491 2276 2527 :
2332 2492 2350 2524 ι
2384 2472 2522 2528 Volo
2571 2472 2725 2527 viros
2768 2486 2931 2528 orare
2981 2470 3037 2527 in
3069 2472 3221 2528 omni
3251 2473 3399 2533 loco.

1828 2567 2081 2622 levantes
2108 2574 2330 2620 sanctas
2354 2579 2551 2620 manus
2578 2564 2701 2619 sine
2721 2562 2803 2619 ira
2826 2572 2884 2620 et
2903 2563 3406 2636 disceptationibus

1828 2658 2228 2730 cogitationum
2248 2659 2318 2710 ".
2347 2675 2365 2708 ι
2408 2656 2614 2712 lterum
2656 2674 2669 2709 :
2712 2674 2730 2707 ι
2756 2654 3004 2711 Consilia
3034 2656 3404 2722 destruentes,

1829 2760 1887 2806 et
1942 2765 2164 2805 omnem
2219 2748 2575 2804 altitudinem
2637 2749 2997 2805 extollentem
3035 2765 3095 2806 se
3142 2750 3408 2805 adversus

1830 2840 2123 2899 scientiam
2155 2838 2345 2894 Dei”.
2370 2857 2388 2891 ›
2426 2838 2529 2893 llic
2560 2836 2747 2908 itaque
2783 2837 2981 2893 unicus
3012 2838 3276 2909 Apostolo
3304 2838 3408 2894 fuit

1830 2948 2054 3006 scapus,
2091 2947 2195 2989 nos
2224 2941 2287 2987 ut
2318 2930 2579 2987 redderet
2609 2945 2782 3001 puros
2809 2929 3182 2986 obscenarum
3211 2939 3270 2986 et
3293 2939 3407 2985 tur-

1831 3027 1985 3098 pium
2015 3024 2436 3096 cogitationum,
2472 3020 2709 3077 maxime
2738 3037 2865 3077 cum
2892 3021 3143 3077 sistimur
3168 3021 3407 3079 oﬂ'ercuo

1832 3118 1916 3175 dae
1946 3119 2061 3174 Deo
2096 3116 2363 3172 orationi.
2400 3115 2551 3171 Inter
2572 3112 2721 3170 enim
2747 3113 3180 3186 graveolentiam
3206 3123 3265 3170 et
3284 3131 3408 3171 sua-

1831 3225 1955 3265 vem
1987 3207 2347 3281 fragrantiam
2383 3206 2533 3261 nulla
2564 3205 2861 3262 intercedit
2888 3206 3202 3271 consensio,
3227 3220 3409 3277 neque

1833 3302 2136 3374 quidquam
2179 3299 2445 3356 convenit
2491 3298 2576 3354 ori
2614 3298 2810 3369 putido
2845 3314 2911 3354 ac
2941 3297 3243 3358 fetulento.
3282 3315 3406 3354 cum

1834 3403 2119 3465 unguento
2151 3390 2403 3447 suaviter
2432 3390 2699 3461 spirante.
2730 3390 2833 3457 Qui
2867 3406 2927 3446 se
2951 3391 3088 3447 sinit
3116 3392 3407 3463 cogitatio-

1832 3502 1969 3542 num
2005 3484 2263 3541 turbellis
2293 3482 2577 3548 abstrahi,
2632 3482 2702 3537 ab
2732 3482 2816 3537 eis
2853 3482 3047 3554 utique
3078 3492 3406 3539 excaecatum

1834 3577 1941 3635 Ubi
1975 3576 2125 3635 enim
2174 3576 2443 3646 imagines
2478 3574 2879 3645 cogitationum
2929 3576 3144 3631 herent
3176 3576 3408 3641 diutius,

1837 3670 1912 3727 ibi
1962 3680 2019 3727 et
2054 3669 2353 3727 consensio
2385 3666 2650 3740 gignitur.
2688 3666 2832 3724 Sane
2865 3669 3081 3739 primus
3107 3668 3200 3725 ille
3231 3670 3409 3725 assul-

1837 3772 1926 3817 tus
1978 3760 2358 3834 prolligandus
2402 3760 2558 3817 venit
2594 3774 2815 3831 semper
2855 3768 2914 3815 et
2949 3761 3409 3831 prosternendus,

1835 3870 1899 3912 ac
1951 3853 2338 3925 disperdenda:
2384 3853 2753 3923 cogitationes
2771 3853 2818 3888 ’δ
2849 3852 2919 3909 de
2952 3862 3133 3920 terra,
3165 3867 3289 3925 qua:
3321 3871 3411 3908 ru-

1840 3946 1995 4003 dices
2024 3954 2158 4001 sunt
2184 3954 2541 4017 peccatorum
2581 3962 2595 4000 :
2629 3960 2661 4001 e
2690 3955 2860 4011 terra,
2894 3946 3139 4016 inquam,
3175 3962 3298 4017 quae
3327 3953 3413 4001 ett

1839 4053 1939 4094 cor
1961 4044 2237 4101 nostrum,
2255 4037 2412 4108 juxta
2434 4036 2783 4092 Dominicum
2803 4048 3141 4091 sermonem.
3162 4036 3418 4107 Dumque

1841 4129 2127 4186 inlantiles
2153 4130 2338 4185 adhuc
2364 4144 2429 4184 ac
2454 4128 2643 4185 tenelli
2668 4127 2765 4183 lilii
2793 4128 3088 4200 Babylonis
3117 4128 3413 4200 (improbae

1841 4206 2107 4273 nimirum
2138 4216 2538 4288 cogitationes)
2569 4217 2816 4273 oderunt
2840 4232 2900 4273 se
2929 4218 3137 4283 menti,
3177 4218 3415 4274 allideu-

1843 4307 1927 4362 da:
1956 4315 2086 4362 sunt
2113 4307 2257 4373 solo,
2292 4306 2761 4378 conterendaeque
2788 4306 2856 4363 ad
2881 4316 3097 4378 petram
3114 4310 3164 4342 "
3188 4325 3309 4381 quae
3328 4322 3413 4364 est

1840 4397 2119 4454 Christus.
2178 4396 2317 4453 Tres
2362 4396 2614 4453 omnium
2665 4396 2902 4452 maxime
2935 4397 3222 4468 generales
3260 4399 3418 4467 cegi-

145 4491 362 4558 τόπον,
420 4492 516 4548 καὶ
564 4494 657 4547 τὸν
700 4494 990 4564 ἄνθρωπον
1040 4492 1137 4549 τοῦ
1178 4494 1315 4550 Θεοῦ
1356 4494 1733 4567 βεϐὴλώσωσι.

1845 4489 2102 4553 taliones,
2128 4488 2416 4545 incentore
2437 4488 2662 4544 diabolo
2686 4487 2980 4544 adversum
3002 4504 3104 4543 nos
3124 4500 3409 4559 promotae.

145 4580 315 4637 Μετὰ
338 4580 537 4644 παντὸς
579 4580 674 4635 οῦν
723 4581 890 4652 φόϐου
934 4582 1223 4653 ὀφείλομεν
1255 4582 1354 4647 τὰς
1396 4583 1738 4655 λειτουργίας

148 4668 401 4725 ἐκτελεῖν
442 4668 520 4741 τῷ
563 4669 705 4742 Θεῷ,
739 4672 950 4742 μήποτε
998 4670 1318 4743 εὑρεθῶμεν
1344 4674 1458 4735 τοῖς
1492 4672 1595 4743 μὲν
1623 4672 1737 4745 χεί-

147 4766 277 4819 λεσι
306 4763 383 4835 τῷ
415 4763 532 4836 Θεῷ
562 4762 1079 4836 προσδιαλεγόμενοι
1097 4817 1109 4832 ,
1160 4768 1227 4835 τῇ
1251 4765 1308 4817 δὲ
1338 4765 1538 4838 καρδίᾳ
1566 4768 1737 4837 αἰχμ-

151 4858 361 4914 ἁλωτοι
386 4857 464 4922 είς
485 4856 782 4909 Βαϐυλῶνα
803 4852 1089 4926 ἀκάθαρτα
1112 4856 1435 4930 τρώγοντες·
1458 4858 1551 4911 καὶ
1570 4857 1740 4912 ἀκού-

153 4966 349 5019 σωμεν
377 4963 393 4979 ·
429 4967 448 5001 ι
496 4946 554 5001 '0
585 4946 713 5011 λαὸς
757 4941 909 5010 οὗτος
937 4949 1053 5013 τοῖς
1080 4948 1281 5019 χείλεσί
1324 4966 1392 5019 με
1428 4950 1586 5021 τιμᾷ,
1618 4950 1653 5020 ὴ
1681 4948 1739 5002 δὲ

151 5041 362 5112 καρδία
406 5040 586 5095 αὐτῶν
640 5041 835 5112 πόρῤω
871 5040 1067 5112 ἀπέχει
1105 5042 1199 5095 ἀπ’
1242 5040 1401 5112 ἐμοῦ.
1444 5060 1462 5093 ι
1503 5040 1743 5111 Ἀγῶνος

148 5130 255 5188 οὖν
284 5133 466 5205 χρεία,
497 5130 794 5203 ἀγαπητοὶ,
823 5133 918 5187 καὶ
961 5132 1175 5203 νήψεως
1221 5132 1443 5204 πολλῆς,
1473 5134 1561 5187 ῖνα
1606 5151 1743 5205 συμ-

150 5228 316 5297 φωνῇ
346 5227 375 5280 6
421 5226 547 5289 νοῦς
580 5225 678 5278 σὺν
718 5222 785 5296 τῇ
835 5226 1036 5297 καρδίᾳ
1063 5228 1156 5279 καὶ
1187 5227 1299 5289 τοῖς
1327 5226 1563 5297 χείλεσιν
1589 5227 1647 5281 έν
1673 5230 1739 5299 τῇ

146 5316 471 5390 ψαλμῳδίᾳ.
515 5316 601 5369 ἶνα
647 5315 722 5387 μὴ
770 5316 1196 5388 παροργίσωμεν
1228 5316 1319 5371 τὸν
1377 5317 1583 5391 Κύριον
1620 5320 1742 5374 ἀντὶ

156 5410 259 5464 τοῦ
291 5406 635 5481 θεραπεῦσαι
668 5408 856 5476 αὑτὸν,
884 5410 942 5462 ὲν
971 5411 1039 5481 τῇ
1067 5412 1344 5482 προσευχῇ
1381 5411 1665 5482 μίσγοντες
1686 5413 1744 5466 ὲν

149 5501 236 5569 τῷ
269 5499 574 5570 θυμιάματι
623 5498 850 5553 κνίσσαν
898 5504 1077 5572 κακήν
1098 5517 1111 5530 ·
1161 5503 1254 5557 καὶ
1288 5503 1486 5574 εὑρεθῇ
1516 5507 1549 5574 ἡ
1585 5502 1744 5557 θυσία

157 5593 263 5663 τῆς
292 5590 605 5662 προσευχῆς
627 5590 786 5663 ὴμῶν
807 5590 1093 5664 έπίμωμος
1119 5592 1192 5658 ὠς
1223 5594 1257 5665 ὴ
1286 5594 1376 5647 τοῦ
1413 5597 1573 5655 Καῖν.
1598 5596 1740 5649 Πολὺ

232 5771 282 5807 θ’
321 5771 341 5826 1
372 5772 516 5828 Tim»
545 5786 607 5840 tt,
632 5772 686 5828 86

761 5771 807 5805 ”
840 5769 884 5826 11
904 5769 1027 5827 Cor.
1062 5788 1113 5837 x,
1138 5770 1190 5826 4.
1266 5771 1307 5805 ’⁸
1346 5770 1485 5827 Psal.
1519 5788 1708 5837 xxxiii,
1742 5773 1825 5826 l7.

1841 4582 1900 4638 in
1941 4582 2175 4654 vestigio
2223 4581 2576 4639 eliminandze
2604 4588 2735 4637 sunt
2775 4580 2961 4636 cordis
2997 4580 3173 4635 aditu.
3209 4582 3411 4636 Harum

1838 4677 2180 4749 malignitate
2221 4677 2408 4733 nitens
2455 4683 2662 4732 nostra:
2689 4674 2887 4730 salutis
2916 4674 3149 4730 annulus
3176 4675 3409 4737 dzemon,

1837 4776 1896 4823 et
1920 4768 2130 4824 bellum
2152 4767 2312 4822 nobis
2335 4766 2548 4830 indicit,
2581 4772 2640 4822 et
2661 4780 2757 4821 eas
2778 4765 2921 4821 clam
2944 4765 3174 4820 instillat
3197 4781 3262 4821 ac
3285 4781 3411 4836 sug-

1837 4861 2001 4931 gerit.
2059 4859 2194 4915 Tres
2232 4859 2465 4915 dixerim
2486 4896 2503 4923 ,
2559 4856 2773 4913 ventris
2806 4856 3129 4927 ingluviem,
3163 4857 3410 4913 studium

1840 4949 2203 5022 congerendis
2230 4949 2499 5019 pecunia.
2528 4957 2585 5003 et
2610 4947 2969 5004 ambitionem
2994 4948 3184 5019 gloria:
3208 4949 3407 5004 inanis.

1841 5043 1947 5097 Per
1966 5043 2065 5097 has
2082 5051 2139 5097 et
2155 5040 2335 5112 ipsum
2353 5040 2645 5095 Dominum
2661 5046 2912 5095 nostrum
2926 5039 3115 5095 Jesum
3127 5040 3412 5097 Christum

1843 5149 1908 5189 ac
1928 5133 2290 5198 Salvatorem,
2315 5148 2441 5189 eum
2468 5133 2682 5203 integro
2701 5131 2881 5188 statis
2902 5131 3039 5189 ﬂore
3060 5132 3411 5199 adolevisset.

1840 5241 2131 5298 aggressus
2153 5236 2239 5282 est
2250 5228 2320 5294 “,
2350 5226 2501 5282 omni
2524 5239 2728 5297 genere
2754 5226 3125 5283 tentationum
3156 5237 3219 5284 ut
3238 5237 3416 5285 tenta-

1842 5328 1929 5375 ret
1960 5337 1974 5374 :
2006 5318 2154 5375 unde
2182 5328 2240 5376 et
2268 5321 2449 5377 victus
2479 5320 2720 5391 reiectus
2743 5330 2849 5376 est.
2887 5319 3028 5376 lline
3055 5336 3161 5379 nos
3186 5337 3291 5377 suo
3313 5320 3415 5376 do—

1842 5414 1959 5469 cuit
2014 5413 2282 5469 Dominus
2329 5413 2622 5484 exemplo,
2680 5428 2789 5483 qua
2838 5423 2957 5470 arte
3012 5414 3162 5469 illius
3208 5415 3410 5483 impuri

1844 5503 2124 5561 insidiosae
2156 5520 2350 5560 omnes
2384 5503 2592 5575 pedica:
2626 5501 2933 5560 inellicaces
2964 5504 3120 5560 reddi
3151 5503 3409 5569 debeant,

1848 5613 2051 5669 nempe
2084 5594 2312 5669 ieiuniis
2339 5604 2395 5651 et
2422 5594 2787 5651 orationibus.
2836 5593 2997 5650 Omni
3026 5595 3174 5649 enim
3208 5603 3412 5651 rcitato

1906 5776 1949 5808 ”
1981 5774 2122 5828 Psal.
2156 5790 2267 5841 xui,
2303 5774 2356 5840 6,
2383 5775 2438 5833 9.
2514 5776 2559 5808 "
2592 5775 2782 5830 Matth.
2810 5792 2882 5841 Iv,
2918 5776 2939 5827 l
2975 5792 3124 5845 seqq.
