4028 6520
429 359 563 421 1079

1695 348 2061 410 ANTIOCHI
2104 348 2449 410 MONACHI

3554 340 3689 405 1680

422 477 509 531 leo
537 472 629 529 hic
658 469 883 527 dolosus
932 465 1093 521 nobis
1121 473 1348 535 apparat
1388 477 1451 517 ac
1478 462 1704 519 molitur
1756 464 2008 531 insidias,

2127 462 2221 535 γὰρ
2253 463 2600 533 βδελύττεται
2630 460 2659 514 6
2690 459 2821 525 Θεδς
2848 460 2973 523 τοὺς
3000 458 3344 532 ἀκαθάρτους
3377 458 3692 530 λογισμοῦς,

423 566 685 623 desidens
733 562 789 617 in
835 560 1102 630 spelunca
1144 570 1265 611 sua.
1322 554 1476 610 Clam
1508 554 1658 609 enim
1697 556 1998 611 concinnat

425 659 517 714 hic
567 655 838 712 malorum
892 651 1144 705 incentor
1202 645 1428 717 pedicas
1476 646 1675 711 nobis,
1738 661 1803 703 ac
1859 647 2002 703 retia

424 750 792 806 obscenarum
841 742 1240 813 cogitationum
1263 780 1279 806 ,
1333 746 1391 793 ct
1436 754 1557 809 qua:
1591 753 1695 794 nos
1733 755 1763 793 a
1794 739 2001 809 pietate

426 850 682 899 avocent.
736 837 928 907 Atqui,
980 836 1122 895 sicut
1154 833 1363 887 dictum
1399 834 1508 904 jam
1543 842 1657 896 est,
1690 833 2007 889 multifaria:

426 933 700 1008 ejusmodi
748 929 1138 1002 cogitationes,
1194 928 1344 981 nulla
1389 942 1569 989 mora,
1612 926 1708 980 sed
1744 927 1861 996 ipso
1891 934 2005 981 sla-

431 1029 527 1085 tim
557 1027 710 1082 aditu
756 1021 1117 1094 profliganda:
1158 1028 1288 1074 sunt
1338 1035 1401 1074 ac
1437 1019 1784 1074 declinandze
1818 1020 2006 1074 studio

431 1120 533 1190 pia:
563 1114 1022 1174 eontradictionis
1071 1119 1238 1181 atque
1287 1110 1578 1165 orationis.
1633 1110 1727 1165 lla:
1771 1112 2006 1165 maxime

432 1207 825 1281 praevertenda:
865 1204 1131 1267 veniunt,
1191 1218 1313 1272 qua:
1356 1212 1599 1257 mentem
1635 1202 1916 1257 defmdant
1946 1218 2011 1257 ac

430 1302 599 1357 veluti
631 1299 999 1372 proslituunt,
1038 1306 1099 1351 ut
1127 1311 1197 1351 ne
1226 1296 1524 1364 inquinent
1550 1294 1902 1349 sanctitatem
1926 1294 2010 1347 lo-

430 1395 513 1459 ci,
567 1410 675 1449 neu
720 1391 1002 1446 hominem
1036 1389 1132 1442 Dei
1169 1387 1466 1456 profanent
1515 1397 1572 1441 et
1606 1387 2009 1441 contaminent.

434 1484 646 1558 1155
662 1482 891 1538 Omnem
916 1480 1082 1550 igitur
1114 1478 1285 1533 divini
1310 1477 1471 1532 oﬂicii
1505 1478 1714 1531 cultum
1748 1477 2015 1532 debemus

2110 556 2313 626 μᾶλλον
2349 555 2407 609 δὲ
2450 554 2552 624 τὴν
2582 553 2879 607 τίκτουσαν
2911 552 3111 617 αὐτους
3141 552 3393 623 καρδίαν,
3441 550 3518 617 ὡς
3544 551 3695 623 δηλοῖ

2107 648 2207 701 καὶ
2234 649 2261 701 6
2290 647 2474 717 νόμος.
2500 645 2668 715 Φησὶν
2693 644 2803 717 γάρ
2824 660 2838 674 ⁸
2879 662 2897 695 ι
2928 645 3042 698 Οὐκ
3074 644 3401 715 ἀροτριάσῃς
3424 646 3481 699 ὲν
3512 643 3697 715 μόσχῳ

2109 741 2206 796 καί
2236 740 2365 811 ὄνῳ,
2406 758 2424 792 ι
2467 739 2770 802 τουτέστιν,
2803 739 2860 790 ὲν
2888 735 3119 806 καθαρῷ
3158 737 3251 789 καὶ
3280 737 3577 807 ἀκαθάρτῳ
3609 736 3699 790 λο⁸

2107 832 2312 903 γισμῷ·
2346 832 2409 885 οὐ
2454 829 2767 901 προσοίσεις
2816 830 3149 900 προσευχήν·
3183 829 3243 881 οὐ
3294 828 3587 898 προσάξεις
3614 830 3699 892 είς

2110 925 2299 979 Θυσίαν
2356 922 2629 995 πρόϐατον
2682 920 2998 990 ἑπίμωμον,
3043 921 3077 991 ἧ
3112 920 3447 990 ὼτότμητον,
3484 920 3699 989 ἠκολοο

2112 1018 2399 1090 δόκερκον,
2427 1016 2461 1086 ἢ
2492 1011 2760 1085 ψωριοῦν.
2802 1013 2942 1067 Ἀλλ’
2996 1014 3118 1066 οὐδὲ
3177 1014 3392 1082 καρπὸν
3445 1011 3698 1080 ἐξίτηλον

2111 1108 2476 1180 προσδέξηται
2510 1108 2574 1158 ὲκ
2602 1104 2702 1175 τῆς
2734 1105 2919 1175 χειρός
2949 1121 3074 1157 σου·
3119 1105 3268 1174 πόσῳ
3305 1102 3506 1174 μᾶλλον
3533 1102 3702 1172 εὐχὴν

2113 1202 2315 1271 θολώδη
2362 1202 2455 1254 καὶ
2508 1200 3043 1269 καταφρονητικήν;
3112 1198 3431 1250 Ἐπίσταται
3478 1194 3589 1267 γὰρ
3629 1196 3704 1253 τὶ

2116 1293 2334 1365 κρυπτὰ
2360 1294 2392 1363 ἡ
2405 1292 2542 1361 μῶν,
2573 1291 2649 1353 ὼς
2681 1293 2951 1362 μαρτυρεῖ
2979 1289 3163 1353 Δαϐιδ,
3182 1289 3356 1357 λέγων
3379 1305 3392 1319 ·
3430 1307 3449 1341 ι
3495 1287 3705 1357 Κύριος

2114 1385 2374 1455 γινώσκει
2415 1382 2544 1447 τοὺς
2593 1382 2979 1453 διαλογισμοὺς
3004 1381 3110 1434 τῶν
3141 1380 3444 1451 ἀνθρώπων
3477 1380 3559 1432 ὅτι
3593 1379 3704 1431 είσὶ

2120 1479 2358 1550 μάταιοι.
2414 1496 2433 1528 ι
2467 1478 2575 1529 Καὶ
2611 1476 2811 1548 πολλὴν
2859 1476 3098 1546 σπουδὴν
3129 1476 3367 1528 ἐποιεῖτο
3412 1474 3504 1526 τοῦ
3546 1472 3705 1525 ἐλευ-

431 1577 751 1648 persulvere
786 1574 921 1635 Deo,
948 1587 1018 1624 ne
1066 1569 1288 1639 quando
1318 1569 1797 1637 deprehendantur
1843 1570 2013 1623 Deum

2127 1570 2425 1641 θερωθῆναι
2468 1568 2562 1622 ἀπ’
2592 1568 2793 1633 αὐτῶν,
2824 1567 3026 1635 λέγων’
3066 1587 3083 1617 ι
3115 1568 3207 1630 Είς
3230 1566 3327 1629 τὰς
3354 1567 3565 1637 πρωῖας
3598 1566 3708 1616 ἀπ-

432 1668 657 1738 quidem
690 1666 1021 1736 compellare
1047 1674 1105 1718 et
1144 1664 1346 1734 alloqui
1396 1663 1557 1717 labiis
1612 1673 1796 1726 tenus,
1850 1664 2017 1719 corde

2127 1661 2360 1715 ἑκτεινον
2382 1660 2588 1723 πάντας
2613 1661 2736 1722 τοὺς
2769 1657 3125 1730 ἁμαρτωλοὺς
3148 1661 3248 1728 τῆς
3271 1657 3374 1727 γῆς
3402 1656 3499 1710 τοῦ
3530 1654 3710 1720 ἐξολο-

432 1778 564 1817 vero
592 1761 772 1816 media
804 1761 857 1813 in
895 1758 1170 1828 Babylone
1192 1758 1509 1811 desidentes
1533 1765 1587 1811 et
1611 1756 1833 1825 captivi,
1858 1771 2016 1810 arro-

2127 1753 2351 1825 θρεῦσαι
2381 1752 2685 1817 ἔχ’πόλεως
2719 1751 2931 1822 Κυρίου
2982 1750 3189 1813 πάντας
3232 1750 3358 1813 τοὺς
3406 1748 3710 1821 ἐργαζομέ-

436 1854 569 1908 dere
603 1851 872 1922 quidquid
895 1826 1174 1919 impurum
1197 1858 1313 1901 est:
1346 1848 1419 1901 ita
1450 1856 1509 1900 ut
1531 1847 1585 1900 in
1607 1862 1707 1900 nos
1728 1847 2018 1902 audiamus

2128 1864 2252 1910 νους
2277 1846 2377 1917 τὴν
2405 1844 2655 1915 ἀνομίαν.
2693 1863 2709 1895 ι
2744 1845 2818 1897 O6
2837 1843 2944 1913 γὰρ
2971 1842 3385 1914 συγκεχώρηται
3409 1840 3711 1911 ἀκαθάρτῳ

431 1947 554 2017 jure
596 1942 916 2013 detorqueri
951 1958 964 1995 :
1000 1960 1018 1993 ι
1049 1941 1291 2010 Pepulus
1321 1940 1411 1993 bic
1440 1939 1604 1993 labiis
1645 1954 1731 1992 me
1769 1939 2023 2000 honorat,

434 2051 533 2093 cor
560 2044 748 2090 autem
775 2048 970 2089 eorum
994 2033 1152 2102 longe
1187 2040 1320 2084 esta
1348 2030 1517 2084 me".
1578 2048 1596 2080 ι
1632 2028 1820 2099 Agone
1856 2028 2025 2098 igitur

435 2129 601 2185 nobis
626 2144 768 2198 opus
798 2137 901 2189 est,
928 2124 1301 2185 dilectissimi,
1330 2138 1391 2177 ac
1423 2122 1673 2193 pervigili
1698 2123 2023 2188 attentione,

435 2230 497 2276 ut
528 2220 750 2275 interim
791 2218 921 2273 dum
962 2215 1353 2272 emodulamur
1396 2215 1662 2276 Psalmos,
1710 2230 1864 2268 mens
1917 2229 2025 2268 una

434 2328 562 2368 cum
604 2312 770 2367 corde
812 2311 1068 2367 concinat
1112 2309 1308 2373 labiis,
1345 2317 1407 2362 ut
1454 2323 1524 2361 ne
1583 2324 1682 2377 per
1727 2307 1831 2361 hoc
1878 2306 2023 2376 quod

434 2415 660 2463 orantes
692 2404 982 2460 credimur
1008 2402 1224 2459 Domini
1254 2402 1484 2473 gratiam
1509 2401 1767 2464 emereri,
1794 2409 1849 2453 et
1894 2416 2027 2455 eon-

433 2500 627 2554 ciliare
681 2499 832 2553 illius
881 2497 1151 2559 favorem,
1197 2496 1374 2564 ipsum
1430 2504 1582 2550 tanto
1633 2494 2025 2548 exacerbemus

435 2591 704 2651 atrocius.
754 2589 884 2643 dum
935 2602 1103 2641 suave
1156 2586 1419 2656 fragranti
1480 2586 1750 2639 orationis
1797 2588 2022 2640 incenso

437 2692 638 2739 tetrum
686 2680 1062 2751 inspergimus
1102 2679 1301 2733 culinae
1350 2678 1624 2743 nidorem,
1667 2694 1728 2733 ac
1793 2679 2022 2749 proinde

436 2775 709 2829 orationis
756 2781 960 2827 nostrae
1014 2771 1192 2825 hostia
1242 2770 1475 2839 reproba
1530 2770 1906 2838 eomperiatur
1959 2785 2023 2824 ac

436 2881 769 2936 magnopere
791 2862 1268 2935 reprehensibilis,
1301 2870 1362 2916 ut
1408 2862 1541 2917 olim
1604 2862 1871 2932 rejectitia
1933 2860 2023 2915 illa

434 2956 591 3012 Caini
635 2956 842 3010 oblatio
857 2956 922 3008 "‘.
960 2955 1290 3008 Exsecratur
1312 2952 1460 3006 enim
1492 2954 1771 3023 impendio
1793 2954 2022 3019 Deus”,

437 3064 504 3103 ac
532 3048 769 3103 devovet
816 3062 1043 3117 spurcas
1096 3055 1260 3115 atque
1310 3046 1583 3101 obscenas
1633 3047 2021 3123 cogitationes»,

2130 1938 2361 1991 εἰσιέναι
2391 1939 2470 2001 εἰς
2515 1934 2664 1989 οἷκον
2701 1935 2929 2005 Κυρίου,
2962 1934 3147 1998 καθώς
3174 1952 3337 2005 φησιν
3366 1936 3393 1987 6
3428 1934 3609 2004 νόμος·
3642 1925 3710 1987 οὗ

2127 2030 2277 2097 οἶκός
2330 2033 2499 2101 ἐσμεν
2552 2032 2731 2101 ἡμεῖς’
2794 2028 2889 2082 καὶ
2934 2026 3291 2100 Ἰερουσαλὴμ
3344 2027 3500 2089 ὲκτδς
3549 2024 3713 2096 ἡμῶν

2126 2128 2297 2179 ἐστιν.
2336 2122 2679 2195 Ἀμαρτωλοὶ
2696 2121 2750 2176 δὲ
2775 2121 2873 2190 τῆς
2894 2119 2996 2189 γῆς
3013 2122 3059 2173 οί
3087 2122 3391 2191 χαμερπεῖς
3415 2118 3511 2172 καὶ
3538 2116 3713 2187 ὀφιώ-

2124 2218 2237 2282 δεις
2270 2216 2518 2286 λογισμοὶ
2557 2216 2607 2268 οί
2653 2216 2711 2266 ἐν
2740 2216 2804 2284 τῇ
2836 2213 3035 2284 καρδίᾳ
3066 2211 3495 2282 ἐμφωλεύοντες.
3535 2210 3712 2280 Προσ-

2129 2308 2327 2379 φόρωςι
2370 2302 2464 2361 οῦν
2504 2304 2723 2376 εὔχεται
2760 2304 2955 2373 λέγων,
3003 2322 3021 2357 ι
3088 2304 3567 2372 Ἀποκατάστησον
3610 2300 3711 2370 τὴν

2132 2402 2315 2473 ψυχήν
2374 2418 2477 2471 μου
2536 2399 2645 2453 ἀπὸ
2688 2401 2787 2469 τῆς
2854 2397 3197 2469 κακουργίας
3254 2396 3452 2450 αὐτῶν.
3494 2414 3512 2446 ›
3552 2395 3707 2448 Καίο

2132 2512 2151 2545 ι
2197 2494 2596 2563 Διασκόρπισον
2634 2490 2788 2560 ἔθνη,
2821 2490 2888 2544 τὰ
2920 2492 3043 2553 τοὺς
3086 2488 3354 2559 πολέμους
3392 2488 3635 2541 θέλοντα.
3682 2504 3703 2538 ι

2129 2586 2276 2641 Καί·
2304 2605 2321 2636 ι
2356 2584 2537 2637 Σῶσόν
2572 2601 2637 2653 με
2668 2582 2773 2636 ἀπὸ
2808 2582 3002 2654 πηλοῦ,
3031 2583 3118 2635 ἵνα
3137 2581 3211 2653 μὴ
3245 2581 3498 2651 ἑμπαγῶ’
3528 2581 3609 2632 ὃτι
3643 2578 3710 2631 σί»

2126 2672 2236 2748 εῐή
2271 2676 2515 2746 ὑπομονή
2554 2693 2695 2745 μου,
2748 2673 2941 2745 Κύριε.
2986 2692 3004 2724 ›
3051 2672 3213 2725 Ὅθεν
3265 2674 3358 2726 καὶ
3419 2675 3447 2724 6
3505 2672 3710 2741 Κύριος

2126 2769 2260 2840 πρὸς
2292 2768 2453 2822 αὑτὸν
2483 2769 2540 2820 ὲν
2569 2767 2748 2837 θλίψει
2778 2769 2945 2837 φησίν
2966 2783 2977 2796 ·
3030 2774 3059 2817 ‘t
3112 2766 3458 2819 Ἐπεκαλὲσω
3492 2782 3580 2835 με,
3617 2764 3713 2818 καὶ

2125 2864 2449 2935 ἐρρυσάμην
2484 2876 2576 2915 σε·
2616 2860 2901 2933 ἐπήκουσὰ
2942 2878 3036 2914 σου
3085 2862 3141 2914 ὲν
3178 2859 3481 2929 ἀποκρύφῳ
3516 2874 3711 2911 καται-

2125 2952 2449 3021 γίδος.›Καὶ
2479 2954 2641 3022 ἡμεῖς
2669 2948 2782 3016 οῦν,
2805 2951 3043 3019 ἀδελφοὶ,
3072 2950 3365 3020 ὀφείλομεν
3396 2951 3453 3002 ἐν
3486 2948 3713 3001 ἐκτάσει

2129 3045 2351 3116 χειρῶν,
2402 3045 2496 3098 καὶ
2527 3045 2803 3116 τεταμένῃ
2827 3043 3038 3115 διανοίᾳ
3056 3043 3373 3111 δυσωπῆσαι
3394 3042 3485 3095 τὸν
3511 3041 3703 3109 φιλάνο

439 3138 552 3193 imo
586 3138 765 3208 ipsum
796 3154 893 3192 cor
917 3140 1034 3191 odit
1058 3145 1209 3192 tanto
1244 3137 1532 3199 infensius,
1559 3138 1708 3207 quod
1738 3154 1833 3193 eas
1860 3138 2023 3194 eniti-

2130 3139 2157 3191 θ
2167 3157 2357 3219 ρωποι
2365 3138 2517 3201 Θεὸν,
2545 3137 2905 3207 καταπέμψαι
2930 3138 3062 3207 ¹ἡμῖν
3087 3134 3362 3206 βοήθειαν,
3385 3136 3532 3197 ὅπως
3553 3134 3713 3202 νική-

442 3241 533 3284 tur
567 3246 631 3283 ac
683 3229 865 3299 parit,
911 3229 965 3282 id
1022 3228 1169 3298 quod
1214 3229 1302 3283 lex
1346 3229 1558 3298 liquido
1605 3230 1798 3284 docet:
1851 3249 1868 3282 ι
1902 3231 2023 3286 Non

2130 3246 2312 3300 σωμεν
2338 3230 2465 3292 τοὺς
2494 3227 2720 3299 ἐχθροὺς
2748 3227 2923 3299 ἡμῶν,
2950 3227 3138 3297 ὥσπερ
3176 3226 3383 3294 Μωσῆς
3408 3225 3498 3278 τὸν
3538 3225 3592 3277 Ἀ
3604 3242 3716 3293 μα-

442 3319 648 3383 arabis,
686 3318 781 3380 ait,
820 3322 875 3372 in
899 3319 1073 3373 vitulo
1100 3326 1157 3371 et.
1177 3320 1390 3385 asino‘;
1428 3339 1446 3371 ι
1485 3320 1589 3373 hoc
1611 3330 1715 3386 est,
1740 3320 1794 3374 in
1821 3322 2024 3377 munda

443 3410 609 3465 simul
642 3420 697 3465 et
731 3411 1014 3464 immunda
1039 3411 1373 3481 cogitatione
1416 3427 1525 3467 non
1576 3412 1778 3467 oil‘eres
1822 3415 2026 3469 oratio-

444 3519 593 3558 nem.
621 3503 811 3572 Neque
842 3502 1090 3557 adduces
1125 3519 1227 3572 pro
1254 3504 1477 3558 victima
1499 3520 1656 3559 ovem
1675 3521 1797 3574 qua:
1827 3506 2023 3575 praefe-

446 3602 531 3650 rat
583 3595 854 3650 maculam
901 3595 1237 3659 decolorem,
1290 3596 1376 3649 vel
1424 3612 1545 3664 quas
1597 3612 1785 3650 aurem
1827 3598 2029 3653 habeat

445 3685 748 3748 desectam,
800 3692 898 3739 aut
949 3685 1180 3749 caudam
1246 3685 1630 3740 detruncatam
1679 3696 1922 3744 ostentet
1974 3698 2030 3745 et

452 3778 726 3841 mutilam,
783 3786 879 3832 aut
912 3778 1054 3839 (reda
1084 3778 1269 3833 scabie
1304 3780 1669 3848 prurientem,
1718 3781 1811 3836 sed
1851 3797 2029 3853 neque

447 3869 518 3924 de
545 3885 708 3924 manu
760 3878 853 3925 tua
892 3870 1133 3924 fructum
1186 3869 1424 3940 accipiet
1470 3872 1563 3941 qui
1614 3873 1798 3928 elutus
1856 3876 1929 3929 sit
1967 3890 2032 3931 ac

445 3975 641 4031 parum
699 3960 972 4017 sincerus.
1027 3961 1244 4027 Quanto
1288 3963 1462 4033 magis
1513 3964 1821 4019 orationem
1876 3982 1908 4021 a
1973 3982 2032 4022 se

449 4053 686 4123 repellet
710 4067 775 4108 ac
797 4052 1114 4124 repudiabit
1151 4061 1232 4109 tot
1254 4054 1632 4109 turbulentam
1666 4056 2032 4127 intemperiis,

446 4153 506 4200 et
526 4161 626 4216 per
653 4153 1031 4216 contemptum
1052 4145 1297 4202 oblatam
1312 4146 1337 4200 ?
1351 4146 1518 4202 Novit
1538 4148 1804 4203 Dominus
1833 4163 2035 4219 arcana

447 4237 703 4293 cordium
729 4244 1069 4303 nostrorum,
1118 4238 1208 4292 vel
1242 4245 1382 4293 teste
1409 4238 1584 4293 David
1611 4258 1626 4294 :
1686 4259 1703 4290 ι
1735 4239 1897 4295 Novit
1924 4241 2035 4295 Do-

450 4327 639 4383 minus
709 4328 1077 4398 cogitationes
1144 4328 1467 4394 hominum,
1556 4330 1815 4399 quoniam
1886 4345 2039 4385 vana:

400 4477 403 4481 _
448 4420 637 4476 sunt’.
679 4438 699 4471 ι
726 4419 796 4474 Ει
814 4420 1038 4493 quidem
1062 4419 1153 4474 ille
1176 4419 1429 4490 pervigili
1462 4419 1647 4475 studio
1663 4420 2036 4486 adnitebatur,

2124 3321 2252 3392 λήκ.
2295 3321 2481 3377 Δεινδν
2526 3324 2635 3392 γὰρ
2675 3321 2769 3374 καλ⁸
2796 3320 3039 3391 ὀλέθριον
3067 3319 3127 3391 τὸ
3154 3318 3552 3388 συμπείθεσθαι
3580 3333 3718 3387 κρυ·-

2127 3414 2278 3476 πτῶς
2306 3415 2416 3474 τοῖς
2446 3414 2777 3484 ἀκαθάρτοις
2826 3413 3126 3483 λογισμοῖς.
3171 3411 3266 3465 Ἐκ
3309 3411 3417 3480 γὰρ
3440 3412 3549 3465 τῶν
3574 3413 3722 3479 λογιο

2129 3504 2280 3577 σμῶν
2307 3505 2401 3558 καὶ
2438 3506 2516 3568 είς
2542 3505 2640 3575 τὴν
2685 3505 2887 3577 πρᾶξίν
2920 3523 3001 3567 τις
3031 3503 3421 3576 κατασύρεται,
3449 3503 3545 3556 καὶ
3581 3503 3720 3558 κατὰ

2133 3598 2327 3669 μικρὸν
2350 3596 2723 3666 ἀλλοτριοῦται
2744 3597 2838 3649 τοῦ
2860 3596 3015 3651 Θεοῦ.
3033 3596 3269 3651 Ὀπόταν
3292 3596 3385 3649 καὶ
3400 3599 3426 3649 6
3451 3613 3723 3663 συγκατα-

2131 3689 2411 3760 τιθέμενος
2443 3691 2645 3754 αὐτοῖς,
2673 3689 2748 3753 ὼς
2778 3691 3155 3761 ἐργασάμενος
3180 3690 3279 3761 τὴν
3306 3689 3602 3760 ἁμαρτίαν,
3623 3706 3723 3740 κα-

2133 3783 2471 3852 τακρίνεται.
2513 3802 2531 3832 ι
2564 3784 2656 3846 Είς
2682 3783 2790 3854 γὰρ
2817 3784 3146 3853 κακότεχνον
3165 3783 3341 3854 ψυχὴν
3357 3782 3457 3836 οὐκ
3478 3781 3721 3836 είσελεύ-

2135 3888 2289 3925 σεται
2345 3873 2527 3941 σοφία,
2559 3873 2678 3925 οὐδὲ
2728 3874 3052 3944 κατοικήσει
3080 3876 3137 3927 ὲν
3170 3873 3386 3944 σώματι
3428 3874 3722 3944 κατάχρεῳ

2135 3963 2431 4035 ἁμαρτίας.
2451 3964 2664 4017 Σκολιοὶ
2678 3963 2786 4036 γάρ
2808 3964 3062 4035 λογισμοὶ
3087 3964 3412 4037 χωρίζουσιν
3432 3964 3542 4021 ἀπὸ
3562 3963 3718 4019 Θεοῦ.

2138 4057 2330 4124 Ἀγιον
2382 4056 2491 4128 γὰρ
2550 4056 2774 4127 Πνεῦμα
2827 4058 3019 4128 σοφίας
3072 4058 3329 4129 φεύξεται
3380 4058 3572 4123 δόλον,
3625 4060 3720 4112 καὶ

2136 4148 2607 4217 ἀπαναστήσεταιί
2630 4148 2738 4201 ἀπὸ
2769 4147 3046 4220 λογισμῶν
3077 4149 3374 4213 ἀσυνέτων,
3417 4168 3435 4200 ι
3462 4149 3606 4203 κατὰ
3622 4148 3719 4220 τὴν

2140 4238 2536 4308 Γραφήν.Φησὶ
2563 4238 2618 4292 δὲ
2648 4240 2740 4292 καὶ
2765 4242 2793 4293 6
2820 4238 3021 4310 Κύριος
3038 4258 3053 4271 ο
3073 4240 3170 4294 Ἐκ
3197 4241 3297 4312 τῆς
3322 4240 3550 4311 καρδίας
3571 4241 3721 4311 £569-

2139 4344 2325 4396 χονται
2349 4326 2697 4400 διαλογισμοὶ
2743 4333 2995 4407 πονηροί,
3046 4332 3233 4401 φόνοι,
3280 4335 3546 4403 μοιχεῖαι,
3585 4349 3718 4403 πορο

2141 4422 2303 4483 νεῖαι,
2330 4419 2551 4487 κλοπαὶ,
2587 4421 3089 4496 ψευδομαρτυρίαι,
3122 4422 3487 4493 βλασφημίαι.
3522 4442 3542 4475 ι
3580 4421 3720 4477 Ταῦ-

447 4526 561 4581 quo
613 4511 847 4567 eluctari
905 4520 1093 4581 posset.
1145 4521 1199 4566 et
1259 4510 1521 4565 extrieari
1566 4526 1597 4565 a
1644 4510 2023 4581 cogitationurr

2142 4528 2211 4565 τα
2255 4510 2369 4582 ἔχει
2401 4514 2430 4566 6
2463 4514 2699 4585 πονηρὸς
2749 4514 3038 4587 ἄνθρωπος
3086 4516 3145 4568 ὲν
3198 4516 3278 4587 τῷ
3315 4513 3573 4587 θησαυρῷ
3620 4514 3719 4587 τῆς

450 4602 807 4673 intemperie,
861 4602 1055 4657 dicens
1090 4618 1105 4656 :
1146 4621 1165 4653 ι
1196 4601 1255 4657 ln
1298 4602 1575 4657 matutino
1636 4601 2037 4658 interﬁciebam

449 4707 647 4749 omnes
666 4702 990 4764 peceatores
1012 4702 1197 4759 terrae,
1219 4702 1283 4748 ut
1309 4692 1689 4763 disperderem
1711 4692 1780 4748 de
1818 4693 2041 4749 civitate

451 4784 669 4841 Domini
717 4800 911 4840 omnes
970 4794 1265 4856 operantes
1310 4784 1662 4856 iniquitatem
1680 4784 1721 4839 ³.
1774 4802 1794 4836 ν
1850 4783 2043 4854 Neque

450 4878 599 4933 enim
644 4878 790 4935 ullus
849 4879 1172 4935 immundus
1224 4878 1513 4934 sinebatur
1565 4876 1779 4948 ingredi
1816 4878 2040 4932 domum

454 4967 694 5034 Domini,
729 4969 886 5040 juxta
918 4968 1116 5040 legem,
1162 4969 1321 5040 cujus
1340 4967 1567 5038 quidem
1590 4964 1810 5021 Domini
1837 4965 2035 5021 domus

452 5070 648 5112 sumus
669 5071 805 5114 nos:
836 5056 935 5114 sed
963 5066 1022 5113 et
1051 5056 1362 5113 Jerusalem
1393 5055 1536 5110 intra
1562 5069 1665 5109 nos
1689 5063 1793 5111 est.
1829 5055 2034 5110 Pecca-

456 5154 610 5203 tores
667 5164 857 5219 porro.
889 5158 1087 5213 terrm,
1138 5149 1509 5220 cogitationes
1552 5160 1702 5215 sunt,
1754 5152 2036 5223 reptilium

452 5254 609 5295 more
654 5247 914 5309 repentes
954 5240 1131 5303 humi,
1160 5255 1296 5313 unum
1346 5239 1403 5296 in
1470 5255 1673 5296 arcano
1703 5242 1888 5297 cordis
1933 5257 2037 5297 ceu

2138 4602 2367 4673 καρδίας
2403 4601 2593 4656 αὐτοῦ.
2652 4603 2844 4674 Ἡμεῖς
2892 4604 2949 4657 δὲ
3002 4604 3444 4676 παραρρίψωμεν
3496 4605 3719 4665 ἑαυτοὺς

2138 4693 2369 4748 ἐνώπιον
2410 4694 2511 4764 τῆς
2549 4694 2886 4766 ἀγαθότητος
2931 4695 3026 4749 τοῦ
3070 4696 3205 4749 Θεοῦ
3228 4736 3242 4760 ,
3278 4696 3522 4765 δεόμενοι
3553 4695 3717 4751 αὑτοῦ

2139 4783 2280 4837 κατά
2310 4784 2492 4837 πᾶσαν
2518 4782 2687 4855 ὥραν,
2725 4786 2813 4839 ἵνα
2840 4784 3115 4860 καθαρίσῃ
3156 4786 3255 4848 τάς
3286 4786 3512 4858 καρδίας
3539 4786 3718 4857 ἡμῶν,

2141 4875 2284 4929 ὥστε
2321 4876 2688 4948 προσενέγκαι
2737 4877 2886 4949 αὐτῷ
2920 4878 3069 4949 δῶρα
3101 4878 3193 4931 ἐπὶ
3238 4880 3338 4949 τὴν
3380 4880 3580 4950 νοητὴν
3626 4880 3717 4932 Ἱε-

2146 4965 2444 5038 ρουσαλὴμ,
2497 4968 2592 5021 καὶ
2651 4967 2884 5022 ἀκοῦσαι
2943 4969 3073 5041 παρ’
3105 4970 3272 5024 αὑτοῦ
3298 4986 3315 5003 θ
3354 4988 3372 5021 ι
3412 4970 3472 5023 '0
3521 4970 3719 5039 ἀγαθὸς

2137 5055 2425 5126 ἄνθρωπος
2452 5056 2517 5109 ὲκ
2546 5055 2639 5110 τοῦ
2663 5056 2869 5125 ἀγαθοῦ
2901 5058 3178 5131 θησαυροῦ
3213 5059 3315 5128 τῆς
3357 5057 3588 5127 καρδίας
3622 5057 3718 5109 αὑ-

2136 5147 2231 5200 τοῦ
2277 5148 2582 5221 προσφέρει
2630 5149 2812 5217 ἀγαθά
2865 5150 3225 5223 βλαστήματα
3254 5151 3332 5221 τῷ
3360 5149 3502 5222 Θεῷ.
3536 5170 3554 5201 ι
3588 5144 3654 5221 ᾯ
3683 5149 3716 5218 ἡ

2138 5240 2265 5308 δόξα
2308 5243 2391 5306 είς
2433 5244 2560 5307 τοὺς
2591 5244 2793 5306 αίὼνας
2821 5244 2931 5296 τῶν
2970 5242 3205 5297 αἰώνων.
3245 5244 3436 5314 Ἀμήν.

452 5330 704 5388 latibulis
732 5331 1088 5388 delitescunt.
1127 5332 1391 5402 Apposite
1436 5333 1607 5404 igitur
1658 5345 1780 5391 orat
1811 5333 2037 5390 dicens:
2085 5352 2106 5387 ι
2136 5334 2388 5391 Restitue
2446 5326 2684 5389 animam
2730 5352 2907 5391 meam
2965 5352 2994 5390 a
3036 5336 3374 5407 malignitate
3404 5336 3657 5391 eorum‘.
3690 5352 3708 5385 ι

452 5424 524 5479 Et
556 5441 571 5479 :
614 5444 632 5477 ι
663 5424 925 5494 Disperge
959 5434 1153 5493 gentes
1184 5440 1307 5493 quae
1331 5424 1475 5479 bella
1499 5426 1695 5481 volunt
1714 5428 1757 5482 ⁸.
1786 5445 1805 5479 ι
1832 5427 1900 5482 Et
1927 5444 1940 5481 :
1976 5446 1994 5479 ι
2019 5427 2240 5483 Salvum
2271 5441 2358 5481 me
2393 5424 2479 5481 fac
2509 5426 2577 5481 de
2608 5428 2727 5484 luto
2760 5437 2819 5483 ut
2853 5444 2964 5483 non
3007 5427 3221 5501 inﬂgar,
3245 5427 3372 5499 quia
3405 5434 3463 5481 tu
3509 5426 3716 5497 patien-

455 5519 531 5583 tia
565 5533 710 5584 mea,
736 5515 968 5603 Domine
989 5518 1029 5570 ⁸.
1076 5536 1094 5569 ι
1127 5517 1279 5573 Unde
1299 5518 1648 5575 etDominus
1682 5519 1749 5574 ad
1808 5534 1905 5576 eos
1950 5520 2045 5589 qui
2084 5519 2341 5591 quapiam
2379 5519 2737 5577 tribulatione
2779 5521 3111 5578 alllictantur

524 5718 569 5749 "
596 5716 699 5773 lsa.
733 5734 881 5783 xxix,
918 5717 1004 5772 l5.
1081 5716 1281 5772 "Gen.
1308 5732 1381 5780 tv,
1409 5718 1431 5770 l
1465 5732 1623 5788 seqq.
1698 5720 1743 5751 ὀ
1778 5719 1939 5774 Deut.
1970 5714 2125 5785 xxm,
2153 5720 2238 5774 l9.
2318 5720 2334 5751 ¹
2359 5721 2522 5776 Deut.
2557 5737 2692 5794 χιιι,
2721 5724 2808 5778 l0.
2888 5726 2909 5757 θ
2933 5724 3138 5782 Psalm.
3170 5739 3322 5789 xcm,
3351 5722 3437 5778 ll.

532 5789 585 5844 8.
661 5789 682 5821 ’⁸
708 5788 909 5845 Psalm.
951 5802 1134 5855 xxxnv,
1173 5787 1250 5841 l7.
1335 5788 1357 5819 '
1386 5788 1527 5845 Psal.
1565 5804 1735 5855 txvtt,
1761 5790 1850 5843 51.
1929 5791 1948 5821 ⁸
1978 5790 2121 5845 Psal.
2157 5806 2346 5861 LXVI",
2373 5792 2458 5848 l5.

456 5804 508 5857 c,
532 5789 585 5844 8.
661 5789 682 5821 ⁸
708 5788 909 5845 Psalm.
951 5802 1134 5855 xxxnv,
1173 5787 1250 5841 l7.
1335 5788 1357 5819 '
1386 5788 1527 5845 Psal.
1550 5787 1735 5855 ’t’xvtt,
1761 5790 1850 5843 51.

3168 5540 3182 5576 :
3244 5540 3261 5573 ι
3310 5521 3583 5577 lnvocasti
3630 5535 3713 5575 me

3518 5724 3541 5755 ³
3566 5720 3708 5780 Pal.
