4028 6508
362 399 496 469 1631
1247 417 1580 479 HOMILIA
1620 415 1918 477 LXXXII.
1956 441 2026 451 -·
2060 415 2158 476 DE
2199 414 2757 478 CORREPTIONE.
3501 415 3642 482 1(8‘2

355 532 413 575 et
439 521 666 579 liberavi
708 529 1082 596 te;cxandivi
1141 539 1190 586 te
1225 531 1282 586 in
1338 531 1668 587 abscondito
1717 529 2061 602 tempestatis
2112 531 2153 584 ⁷.
2194 549 2214 582 ι
2264 531 2518 588 Manibus
2559 531 2728 601 igitur
2773 533 3030 602 expansis
3085 541 3143 591 et
3199 544 3408 591 attenta
3431 543 3638 603 mente,

355 618 599 682 l'ratres,
662 621 1136 682 clementissimus
1210 627 1358 682 Deus
1407 625 1572 681 nobis
1631 625 1786 682 venit
1838 624 2154 681 exorandus
2241 639 2308 680 ac
2358 626 2839 696 repr0pitiandus,
2903 635 2965 682 ut
3020 641 3050 682 c
3090 627 3230 683 solio
3282 643 3384 683 suo
3425 627 3641 682 emittat

353 710 620 768 auxiliare
680 700 1019 785 praesidium,
1044 733 1179 790 _th0
1209 719 1358 782 freti,
1391 718 1580 774 hostes
1622 731 1974 789 superemus,
2050 714 2518 786 quemadmodum
2564 717 2742 773 Moses
2804 719 3107 788 prostravit
3167 718 3474 774 Amalec".
3517 717 3636 772 Non

352 802 502 858 enim
527 807 822 865 mediocris
846 822 928 867 est
967 814 1225 884 periculi,
1291 816 1402 870 imo
1454 814 1678 870 exitiale
1722 827 1974 884 prorsus,
2044 827 2247 867 arcana
2299 812 2540 883 quadam
2589 815 2953 884 persuasione
2999 815 3202 886 pacisci
3261 823 3318 870 et
3377 814 3636 870 assentiri

352 894 584 964 impuris
613 901 1062 971 cogitationibus.
1089 907 1172 961 Ah
1199 907 1318 962 istis
1340 907 1490 963 enim
1508 904 1939 977 cogitationibus
1977 903 2322 973 pertrahitur
2355 905 2481 974 quis
2511 903 2580 960 ad
2609 906 3010 977 operationem,
3077 923 3144 964 ac
3210 908 3419 964 sensim
3459 906 3639 962 desci-

350 987 502 1042 scita
528 990 659 1045 Deo.
696 995 913 1068 1156
944 999 1185 1055 Proinde
1215 1001 1310 1071 qui
1366 1016 1435 1056 ex
1493 1007 1782 1071 compacto
1809 1011 2098 1054 assensum
2140 997 2351 1068 praebet
2387 997 2528 1062 istis,
2565 999 2882 1068 damnatur,
2950 1017 3017 1056 ac
3081 1004 3127 1059 si
3183 1011 3450 1073 operetur
3502 993 3637 1071 pec-

317 1084 552 1164 _catum.
586 1081 777 1152 Neque
803 1087 954 1141 enim
994 1107 1011 1139 ι
1047 1088 1107 1143 Ιιι
1170 1091 1496 1145 malevolam
1540 1089 1782 1145 animam
1827 1087 2057 1144 intrabit
2102 1087 2397 1159 sapientia,
2439 1088 2539 1144 sed
2594 1105 2699 1145 nec
2743 1091 3017 1146 habitabit
3043 1094 3100 1147 in
3135 1105 3370 1164 corpore
3411 1091 3636 1147 subdito

349 1163 620 1242 peccatis:
685 1197 959 1252 perversze
1002 1186 1150 1241 enim
1201 1186 1567 1258 cogitationes
1631 1194 1894 1257 separant
1933 1200 1966 1240 a
1997 1186 2144 1251 Deo;
2179 1192 2407 1240 sanctus
2431 1185 2582 1241 enim
2635 1185 2876 1256 Spiritus
2911 1188 3199 1258 sapientiae
3253 1188 3482 1259 ell‘ugiet
3539 1185 3635 1240 tic-

349 1261 488 1351 tum,
517 1276 574 1322 et
595 1271 889 1330 subtrahet
909 1291 969 1332 se
994 1292 1030 1332 a
1051 1277 1482 1350 cogitationibus
1518 1292 1642 1350 qua:
1670 1286 1800 1333 sunt
1822 1277 1942 1333 sine
1981 1276 2266 1332 intellectu
2282 1276 2328 1342 ',
2362 1295 2380 1330 ι
2410 1277 2571 1349 juxta
2626 1292 2796 1333 sacris
2825 1279 3022 1351 dogma
3070 1279 3390 1351 Scripturae.
3422 1278 3529 1334 Sed
3575 1293 3632 1336 tt

348 1345 614 1420 Dominus
664 1383 678 1420 :
730 1385 749 1420 ‹
780 1368 861 1425 Ex
924 1372 1093 1429 corde
1124 1345 1353 1430 vexeunt
1403 1345 1770 1444 cogitationes
1816 1371 1994 1435 malae,
2034 1370 2367 1440 homicidia,
2412 1345 2719 1439 adulteria,
2767 1372 3211 1439 fornicationes,
3257 1373 3405 1428 furta
3433 1413 3447 1439 ,
3489 1371 3630 1427 falsa

350 1457 692 1526 tes:imonia,
741 1462 1182 1536 blasphemiae“.
1212 1489 1230 1521 ι
1278 1468 1566 1540 Ejusmodi
1619 1474 1752 1522 sunt
1799 1465 1935 1520 vitia
1969 1481 2092 1536 qua:
2119 1467 2175 1522 in
2218 1467 2483 1522 thesauro
2558 1464 2748 1521 cordis
2811 1466 2917 1530 sui,
2949 1474 3009 1520 nt
3069 1465 3343 1536 reprobus
3393 1467 3630 1536 quisque

345 1563 454 1617 est,
484 1555 762 1612 recondit.
796 1557 966 1628 Atqui
1015 1576 1118 1616 nos
1154 1561 1306 1632 ipsos
1335 1561 1492 1618 nullo
1537 1577 1651 1617 non
1694 1570 1943 1631 tempore
1979 1561 2372 1629 provolvamus
2410 1560 2467 1615 in
2524 1567 2887 1630 conspectum
2919 1559 3122 1614 divinae
3160 1557 3541 1628 benignitatis,
3567 1575 3630 1615 ac

345 1646 739 1717 projiciamus,
765 1650 1125 1709 obsecrantes
1162 1653 1481 1721 Dominum,
1537 1651 1706 1710 corda
1763 1659 1956 1706 nostra
1988 1658 2048 1705 ut
2076 1651 2284 1721 expiet,
2318 1650 2400 1707 sic
2450 1659 2510 1707 ut
2541 1651 2696 1723 digni
2727 1650 3033 1706 habeantur
3063 1650 3159 1722 qui
3216 1649 3295 1705 illi
3331 1650 3629 1708 oll‘erainus

346 1741 493 1798 dona
516 1744 572 1798 in
597 1746 946 1816 spiritualem
975 1751 1125 1805 illam
1157 1752 1581 1809 transcribenda
1629 1747 1959 1812 Jerusalem,
1998 1755 2056 1802 et
2110 1747 2178 1802 ab
2225 1746 2346 1818 ipso
2376 1745 2702 1803 audiamus:
2748 1764 2766 1799 ι
2797 1746 2983 1802 Bonus
3031 1747 3199 1802 homo
3241 1746 3310 1802 de
3367 1745 3628 1800 thesauro

343 1834 533 1892 cordis
556 1839 644 1895 sui
667 1839 882 1910 profert
913 1843 1092 1902 bonos
1133 1843 1349 1904 {ructus
1387 1846 1558 1903 Deo’.
1598 1865 1616 1900 ι
1654 1842 1767 1915 Ipsi
1815 1840 1996 1914 gloria
2029 1837 2084 1894 in
2113 1840 2332 1896 saecula.
2362 1841 2563 1896 Amen-

947 1962 1168 2016 ΛΟΓΟΣ
1199 1963 1324 2020 IlB’.

910 2073 1050 2143 Περὶ
1087 2074 1383 2144 παιδείας.

378 2173 383 2177 ’
411 2179 566 2250 Καλή
593 2180 740 2233 ἐστιν
833 2183 1050 2236 παιδεία
1079 2184 1224 2238 κατὰ
1249 2188 1430 2240 πᾶσαν
1457 2186 1660 2252 αἰτίαν,
1691 2186 1926 2259 μάλιστα

337 2269 396 2323 δὲ
427 2274 568 2325 κατᾶ
600 2271 753 2328 Θεόν.
787 2275 893 2328 Τὸν
922 2277 987 2328 ἐκ
1018 2278 1217 2347 νεαρᾶς
1246 2279 1355 2351 γὰρ
1389 2280 1608 2350 ἡλικίας
1633 2282 1924 2352 ὲκφιλοσο-

339 2364 566 2432 φοῦντα,
605 2367 700 2419 καὶ
740 2368 1130 2440 παιδευόμενον
1160 2371 1378 2445 παιδείᾳ
1399 2373 1494 2426 καὶ
1522 2375 1778 2446 νουθεσίᾳ
1809 2377 1922 2430 Ku-

340 2457 479 2530 ρίου,
505 2456 609 2521 ἕως
642 2458 870 2530 γὴρους,
906 2462 1001 2515 καὶ
1034 2464 1350 2535 πρεσϐείου,
1377 2467 1438 2520 οὐ
1463 2467 1539 2539 μὴ
1571 2469 1920 2542 ἐγκαταλίπῃ

333 2551 366 2602 6
397 2549 550 2615 Θεός.
590 2552 665 2606 Οὐ
709 2554 818 2625 γὰρ
848 2555 1030 2621 ἄδικος
1071 2559 1098 2610 6
1121 2558 1252 2625 Θεὸς
1277 2561 1632 2618 ἐπιλαθέσθαι
1661 2565 1763 2635 τῆς
1789 2583 1920 2621 παι-

332 2640 505 2705 δείας,
539 2643 632 2695 καὶ
658 2644 753 2697 τοῦ
791 2645 962 2698 κόπου
994 2647 1102 2702 τῶν
1131 2649 1218 2703 διὰ
1244 2650 1305 2704 τὸ
1328 2652 1500 2721 ὄνομα
1524 2655 1690 2708 αὑτοῦ
1708 2657 1920 2728 ὑπομε-

329 2733 555 2790 νόντων.
613 2736 677 2789 Ἠ
728 2737 837 2808 γὰρ
893 2741 1036 2793 κατὰ
1087 2740 1221 2796 Θεὸν
1273 2744 1494 2799 παιδεία
1539 2747 1629 2800 ἐπ’
1671 2749 1922 2819 ἐσχάτων

331 2829 883 2909 πιρρησιασθήσεται
913 2836 970 2887 ὲν
990 2836 1157 2907 πολλῇ
1181 2838 1384 2892 άνέσειο
1412 2842 1526 2910 εἴγε
1561 2845 1655 2896 καὶ
1681 2845 1750 2899 τὰ
1775 2845 1918 2900 καλά

329 2921 390 2996 ἐξ
421 2921 580 2992 ἡμῶν
613 2923 878 2989 πολλάκις
929 2928 1246 2998 ἀφαιρεῖται
1304 2930 1533 3003 Κύριος,
1583 2933 1774 3008 ὥσπερ
1825 2939 1916 2993 τὸν

329 3013 559 3091 πλοῦτον
612 3016 708 3069 τοῦ
768 3016 911 3070 Ἰὼϐ·
955 3038 971 3070 ι
1028 3018 1234 3092 Κύριος
1280 3022 1388 3095 γὰρ
1442 3025 1675 3092 ἔδωκεν,
1713 3031 1916 3102 Κύριος

329 3105 609 3173 (ipsimae.
651 3126 668 3158 ι
708 3109 932 3174 Πάντως
985 3127 1088 3164 που
1147 3113 1244 3166 καὶ
1297 3116 1370 3168 τὰ
1411 3118 1556 3172 κακά
1601 3119 1746 3192 άπερ
1780 3126 1914 3195 ἡμῖν

328 3199 610 3289 ἐπήγαγεν
643 3202 671 3254 6
699 3201 938 3267 αἰώνιος,
963 3205 1028 3258 ἐκ
1054 3207 1238 3277 χειρὸς
1263 3211 1418 3281 ἡμῶν
1437 3213 1691 3285 λήψεταν
1717 3239 1734 3270 ι
1761 3221 1913 3289 Ἀγα-

2530 1936 2818 2010 nonius
2858 1953 3126 2008 Lxxxn.

2373 2069 2448 2124 De
2487 2067 2767 2141 disciplina
2787 2069 2894 2124 sive
2923 2059 3276 2138 correptione.

2105 2185 2407 2258 Disciplina
2443 2185 2744 2256 quominus
2789 2185 2935 2241 bona
2961 2182 3140 2238 videri
3193 2180 3415 2246 debeat,
3468 2180 3620 2236 nulla

2030 2275 2280 2344 suppetit
2325 2273 2488 2341 ratio,
2547 2273 2786 2328 maxime
2829 2273 2876 2327 si
2921 2271 3227 2327 secundum
3287 2269 3458 2324 Deum
3511 2277 3617 2322 est.

2030 2365 2218 2435 Neque
2268 2366 2418 2422 enim
2477 2382 2606 2422 eum
2643 2368 2738 2437 qui
2792 2367 2862 2420 ab
2893 2365 3121 2419 ineunte
3154 2362 3396 2433 primum
3456 2368 3619 2416 aetate

2028 2457 2452 2528 philosophatus
2479 2460 2552 2513 sit
2576 2466 2632 2514 et
2657 2457 2914 2514 eruditus
2931 2457 2998 2511 ad
3025 2455 3331 2525 disciplinae
3361 2463 3416 2508 et
3434 2453 3620 2508 Domi-

2026 2556 2164 2612 nica:
2197 2555 2599 2612 admonitionis
2632 2563 2905 2617 tenorem,
2939 2565 3115 2620 usque
3142 2548 3198 2602 in
3233 2555 3515 2602 senectam
3560 2555 3617 2601 et

2026 2647 2243 2702 senium
2266 2647 2415 2702 hunc
2441 2644 2988 2713 Deusderelinquet.
3023 2641 3142 2695 Non
3177 2641 3324 2696 enim
3376 2640 3617 2710 injustus

2023 2741 2194 2806 Deus,
2224 2748 2286 2795 ut
2319 2740 2682 2794 obliviscatur
2713 2737 3022 2807 disciplinae
3069 2742 3126 2790 et
3173 2733 3380 2788 laboris
3420 2747 3612 2786 eorum

2024 2835 2119 2905 qui
2140 2849 2243 2904 pro
2275 2833 2451 2905 gloria
2481 2831 2724 2886 nominis
2753 2830 2929 2900 ipsius
2958 2843 3069 2883 non
3103 2828 3390 2882 instrcnue
3443 2823 3614 2879 susti-

2024 2932 2179 2979 nent.
2203 2922 2338 2989 ρυα»
2356 2921 2668 2978 secundum
2710 2921 2885 2976 Deum
2917 2928 3002 2974 est
3043 2918 3363 2988 disciplina,
3408 2917 3465 2971 in
3516 2933 3614 2971 cx—

2025 3014 2220 3069 tremis
2248 3013 2367 3069 suis
2395 3013 2572 3068 multa
2602 3028 2730 3067 cum
2767 3012 3029 3066 libertate
3057 3027 3123 3066 ac
3171 3009 3370 3064 fiducia
3417 3009 3612 3078 loque-

2025 3115 2134 3163 tur.
2155 3106 2200 3160 A
2223 3105 2388 3161 nobis
2420 3106 2616 3175 utique
2640 3105 2788 3159 Deus
2813 3103 2983 3159 etiam
3002 3104 3145 3158 bona
3174 3103 3377 3167 aufert,
3410 3117 3612 3171 quem-

2022 3198 2318 3254 admodum
2369 3214 2401 3252 a
2468 3207 2662 3253 saneto
2691 3197 2796 3252 Joh
2825 3195 3078 3251 divitias:
3119 3215 3134 3247 ι
3167 3194 3436 3250 Dominus
3465 3194 3612 3249 enim

327 3288 400 3343 Θὰ
427 3290 533 3363 γὰρ
563 3293 654 3347 καὶ
688 3296 835 3348 κακὲ
865 3301 1018 3369 παρὰ
1041 3300 1249 3371 Κυρίου
1270 3343 1282 3365 ,
1323 3322 1341 3354 ι
1405 3309 1590 3378 φησίν.
1624 3312 1733 3364 Καὶ
1764 3313 1792 3366 6
1819 3286 1911 3368 επ-

2021 3291 2201 3358 dedit,
2252 3299 2310 3346 et
2352 3291 2623 3346 Dominus
2669 3289 2902 3345 abstulit
2935 3291 2999 3341 ¹⁰.
3048 3307 3072 3366 3
3131 3289 3484 3357 Quaecunque
3541 3286 3612 3342 ab

327 3385 552 3453 αγαγὼν
576 3387 707 3455 ἡμῖν
735 3387 802 3440 τὰ
821 3389 1167 3457 κακὰ,αὺτὺς
1198 3393 1388 3461 ἑπάξει
1410 3399 1543 3467 ἡμῖν
1569 3399 1668 3473 τὴν
1696 3402 1914 3459 αἰώνιον

326 3477 698 3549 εὐφροσύνην.
735 3481 947 3535 Οὐκοῦν
995 3483 1272 3553 ὀφειλέται
1323 3488 1490 3559 ἐσμὲν
1522 3491 1621 3555 τὰς
1656 3495 1714 3548 ἐν
1748 3496 1914 3550 παντὶ

329 3567 585 3632 παιδείας
616 3572 956 3643 εὐχαρίστως
985 3573 1262 3643 δέξασθαι.
1309 3576 1365 3632 Ὀ
1393 3579 1502 3652 γὰρ
1544 3583 1620 3654 μὴ
1653 3585 1916 3658 αἱρούμε-

327 3677 420 3722 νος
468 3662 591 3725 τοὺς
625 3664 766 3736 ὑπὲρ
799 3666 1060 3737 ἀληθείας
1109 3669 1326 3736 πόνους,
1369 3673 1633 3739 ἑκουσίως
1670 3679 1772 3731 ὑπὸ
1803 3680 1916 3736 τῶν

327 3752 603 3807 ἀιτιυσίων
635 3757 1033 3830 χαλεπωτέρως
1068 3762 1405 3818 παιδεύεται.
1459 3767 1520 3822 '0
1562 3767 1620 3822 δὲ
1653 3771 1822 3826 ποιῶν
1851 3773 1913 3828 τὸ

331 3846 548 3916 θέλημα
579 3848 674 3901 τοῦ
711 3848 847 3902 Θεοῦ
885 3852 1027 3904 κατὰ
1060 3852 1310 3925 δύναμιν,
1347 3857 1434 3910 διὰ
1485 3862 1697 3932 μικρῶν
1731 3865 1912 3920 πόνων

323 3937 455 4000 τοὺς
488 3939 756 4010 μεγάλους
815 3942 1159 4011 ἐκφεύξεται.
1194 3947 1366 4016 Φησὶν
1408 3947 1465 4003 δὲ
1505 3953 1597 4006 καὶ
1634 3955 1662 4008 6
1703 3956 1910 4027 Παροι-

328 4030 586 4101 μιαστής³
615 4049 634 4082 ι
669 4032 726 4083 '0
759 4032 1093 4105 φοϐούμενος
1118 4038 1208 4091 τὸν
1236 4038 1439 4112 Κύριον
1474 4043 1752 4110 ἐκδέξεται
1781 4067 1911 4104 παι·

321 4119 492 4174 δείαν.
531 4141 550 4173 ι
596 4123 703 4178 Καὶ
733 4120 923 4190 αὖθις·
962 4147 980 4178 ι
1025 4129 1122 4194 :0;
1167 4130 1410 4200 φείδεται
1440 4134 1538 4206 τῆς
1578 4137 1774 4194 ἑαυτοῦ
1814 4141 1912 4212 βα-

324 4211 582 4282 κτηρίας,
623 4217 774 4283 μισεῖ
802 4216 892 4269 τὸν
925 4219 1121 4281 ἑαυτοῦ
1157 4221 1289 4273 υἱόν·
1320 4222 1350 4274 6
1387 4222 1445 4276 δὲ
1493 4224 1749 4293 ἀγαπῶν,
1787 4211 1910 4283 ἐπι-

328 4301 507 4370 μελῶς
554 4303 820 4358 παιδεύει.
860 4324 878 4356 ι
919 4307 1029 4360 Καὶ
1059 4307 1221 4362 πάλιν
1249 4325 1261 4338 ·
1303 4329 1322 4361 ι
1363 4312 1597 4366 Παίδευε
1641 4314 1734 4368 τὸν
1793 4317 1912 4371 υἱόν

327 4410 443 4448 σου’
484 4377 639 4458 οὗτος
665 4397 774 4468 γὰρ
801 4397 953 4452 ἔσται
979 4398 1222 4466 εὔελπις.
1256 4403 1481 4470 Ἀκουε,
1514 4407 1623 4476 υίὲ,
1648 4411 1739 4462 καὶ
1756 4409 1910 4475 δέξαι

323 4485 494 4557 ἐμοὺς
523 4487 738 4557 λόγους,
787 4492 879 4544 καὶ
920 4491 1397 4567 πληθυνθήσονται
1437 4498 1532 4569 ἔτη
1585 4500 1731 4573 ζωῆς
1789 4517 1907 4558 σου.

337 4579 629 4634 Ἐπιλαϐοὗ
666 4582 807 4653 ἐμῆς
838 4584 1119 4653 παιδείας,
1153 4592 1228 4660 μὴ
1260 4591 1437 4660 άφείςσ
1470 4593 1586 4658 υίὸς
1619 4597 1730 4668 γὰρ
1768 4599 1910 4652 ἀπο-

320 4670 727 4745 λιμπανόμενος
777 4676 1010 4745 φυλάξαι
1053 4681 1300 4735 παιδείαν
1348 4686 1576 4757 πατρὸς,
1618 4687 1906 4761 μελετήσει

323 4765 514 4835 ῥήσεις
557 4767 755 4831 κακάς.
787 4788 806 4818 ι
840 4770 952 4824 Kal.
1003 4770 1199 4825 πάλιν·
1248 4792 1266 4825 ι
1302 4777 1530 4848 Ἀφρων
1577 4782 1905 4853 μυκτηρίζει

321 4857 573 4920 παιδείαν
603 4864 832 4930 πατρόςο
864 4866 892 4918 6
936 4863 995 4918 δὲ
1029 4865 1318 4934 φυλάσσων
1346 4870 1626 4944 ἐλέγχους,
1660 4893 1905 4950 πανουρ-

320 4951 584 5024 γώτερος.
622 4975 640 5007 ι
679 4957 788 5012 Kal.
813 4956 977 5010 πάλιν
1009 4975 1022 4987 ·
1053 4978 1071 5011 ι
1107 4960 1210 5025 Δὸς
1240 4964 1320 5026 εἰς
1355 4965 1604 5020 παιδείαν
1639 4968 1739 5039 τὴν
1768 4987 1906 5042 καρ-

318 5047 439 5101 δίαν
470 5066 588 5115 σου,
617 5051 688 5104 τὰ
733 5051 792 5105 δὲ
834 5053 974 5108 ὀστᾶ
1022 5071 1114 5108 σου
1165 5056 1453 5129 ἑτοίμασον
1499 5060 1680 5128 λόγοις
1709 5063 1905 5136 αἰσθή-

320 5157 481 5204 σεως.
527 5161 546 5194 ι
584 5144 695 5197 Καὶ
724 5145 906 5200 πάλιν
944 5165 964 5198 ι
994 5147 1087 5219 Μὴ
1116 5148 1337 5223 ἀπόσχῃ
1371 5153 1568 5222 νήπιον
1599 5154 1902 5222 παιδεύειν,

317 5232 401 5286 ὅτι
429 5233 526 5287 ἐάν
561 5235 810 5308 πατάξῃς
843 5238 1007 5292 αὑτὸν
1041 5240 1244 5313 ῥάϐδῳ,
1268 5243 1369 5296 οὐκ
1399 5245 1774 5313 ἀποθανεῖται,
1805 5248 1905 5320 τὴν

317 5324 374 5378 δὲ
399 5326 578 5398 ψυχὴν
609 5329 776 5384 αὐτοῦ
809 5330 1022 5396 σώσεις.
1061 5353 1082 5386 ι
1109 5335 1216 5389 Καὶ
1243 5333 1398 5402 αὖθις
1425 5357 1439 5370 ·
1483 5358 1500 5389 ι
1535 5340 1763 5394 Παίδευε
1790 5343 1903 5398 υἱόν

322 5432 445 5479 σου,
495 5419 591 5472 καὶ
639 5420 948 5476 ἀναπαύσει
990 5441 1072 5492 σε,
1110 5425 1207 5478 καὶ
1239 5426 1400 5481 δώσει
1456 5429 1660 5501 κόσμον
1714 5435 1781 5504 τῇ
1833 5437 1900 5507 σῇ

317 5505 487 5579 ψυχῇ.
525 5529 544 5562 ι
585 5512 694 5565 Καὶ
720 5512 886 5568 πάλιν
915 5530 929 5546 ⁸
969 5535 988 5568 ι
1035 5517 1264 5586 ’Λγαθὸν
1295 5519 1356 5598 τδ
1384 5521 1616 5576 ἀκοῦσαι
1637 5505 1899 5598 ὲπιτίμηέ

321 5616 409 5654 σιν
441 5602 628 5672 σοφοῦ,
666 5606 825 5677 ὑπὲρ¹
850 5607 1021 5681 ἄνδρα
1054 5593 1518 5686 ἀκούονταᾷσμα
1557 5593 1830 5688 ἀφρόνων.
1854 5593 1892 5672 ⁷ι

389 5757 418 5834 ξ
439 5758 585 5834 Ρεειι.
613 5777 767 5834 Lxxx,
793 5763 846 5818 8.
921 5766 960 5796 "‘
985 5765 1158 5820 Exod.
1195 5784 1326 5834 xvtl,
1368 5770 1450 5824 Η.

320 5830 479 5951 12.0%.
564 5832 600 5863 “
640 5833 743 5888 Job
775 5837 943 5900 ",10.
1051 5840 1090 5869 ¹²
1134 5830 1431 5906 ίί·υκ·.’κιιι,
1478 5843 1556 5896 15.

1562 5773 1582 5802 ⁸
1607 5771 1733 5842 Sap.
1759 5790 1796 5837 ι,
1826 5773 1880 5835 4,
1909 5774 1959 5829 '3.

1640 5845 1678 5876 ’³
1716 5844 1848 5899 ibid.
1887 5847 1972 5903 ‘21.

2019 3382 2179 3437 initio
2223 3382 2436 3437 conditi
2479 3383 2668 3436 seculi
2701 3382 2845 3436 mala
2901 3381 3115 3446 intulit,
3159 3380 3228 3434 de
3286 3395 3454 3434 manu
3491 3380 3612 3451 ejus

2017 3476 2365 3546 accepimus:
2401 3496 2420 3527 ι
2459 3477 2608 3532 Bona
2632 3477 2784 3531 enim
2830 3485 2888 3531 et
2934 3477 3076 3530 mala
3107 3476 3427 3541 Domino“,
3461 3493 3480 3527 ι
3535 3477 3613 3530 ait

2017 3567 2326 3638 Scriptura.
2380 3569 2620 3624 Proinde
2659 3569 2757 3639 qui
2809 3569 2952 3624 mala
3003 3569 3122 3624 hare
3164 3569 3379 3624 invehit
3423 3569 3608 3633 nobis,

2017 3659 2164 3715 idem
2198 3675 2422 3730 quoque
2449 3661 2598 3716 Deus
2618 3671 2886 3719 aeternam
2917 3661 3144 3716 inducet
3189 3662 3456 3716 laetitiam.
3503 3660 3611 3716 De-

2016 3750 2213 3807 bemus
2237 3752 2423 3822 itaque
2445 3753 2620 3807 multa
2639 3768 2765 3808 cum
2787 3754 3091 3824 gratiarum
3119 3755 3336 3810 actione
3357 3756 3612 3827 accipere

2016 3843 2074 3897 in
2103 3843 2364 3899 omnibus
2396 3845 2749 3916 disciplinam
2796 3855 2853 3900 et
2885 3847 3300 3916 correptionem
3347 3849 3606 3904 Domini:

2014 3935 2112 4007 qui
2148 3938 2296 3991 enim
2332 3954 2434 4008 pro
2473 3940 2709 3994 veritate
2738 3942 3048 4009 quamlibet
3075 3942 3370 4012 perplexos
3395 3943 3611 3999 labores

2015 4043 2128 4082 non
2177 4028 2284 4084 fert
2327 4031 2642 4098 ultroneus,
2698 4032 2836 4086 nolit
2888 4033 3040 4099 licet,
3112 4035 3287 4088 multo
3331 4035 3609 4105 plectetur

2015 4121 2310 4193 disciplina
2340 4125 2637 4180 atrociore.
2660 4125 2928 4196 Quisquis
2955 4137 3140 4183 autem
3160 4129 3446 4200 explendae
3466 4131 3609 4186 divi-

2014 4231 2099 4272 na:
2132 4217 2406 4274 voluntati
2425 4233 2485 4273 se
2520 4228 2862 4288 spontancus
2883 4223 3286 4291 accommodat,
3305 4240 3403 4294 per
3423 4224 3608 4280 modi-

2014 4325 2110 4366 cos
2141 4309 2363 4366 labores
2397 4312 2655 4368 ultronee
2701 4314 2966 4371 toleratos
3001 4315 3164 4388 longe
3204 4320 3403 4375 evadet
3451 4335 3610 4376 acer-

2015 4403 2222 4458 biores.
2277 4403 2672 4461 Parmmiastes
2717 4406 2996 4476 siquidem
3060 4411 3182 4464 ait:
3238 4431 3255 4462 ι
3289 4411 3394 4478 Qui
3448 4412 3609 4469 timet

2012 4496 2310 4552 Dominum
2333 4498 2577 4570 excipiet
2599 4499 2955 4571 disciplinam
2980 4505 3045 4559 “.
3081 4523 3100 4556 ι
3134 4505 3381 4560 Rursus:
3438 4525 3456 4558 ι
3498 4507 3603 4573 Qui

2014 4592 2193 4660 parcit
2222 4591 2445 4658 baculo,
2483 4593 2603 4649 odit
2620 4594 2842 4664 ﬁlium;
2883 4598 2982 4668 qui
3011 4607 3198 4654 autem
3231 4601 3428 4671 diligit,
3476 4601 3606 4655 dili-

1936 4676 1977 4734 C
2010 4693 2207 4756 genter
2241 4686 2434 4764 erudit
2481 4689 2728 4745 illum".
2762 4710 2781 4742 ι
2842 4691 3088 4747 lterum:
3135 4711 3153 4744 ι
3199 4693 3369 4748 Erudi
3424 4695 3601 4750 tilium

2012 4784 2189 4842 tuum,
2220 4777 2301 4833 sic
2323 4779 2476 4834 enim
2499 4780 2659 4836 bona:
2687 4783 2802 4852 spei
2834 4785 2965 4838 erit.
2999 4783 3167 4850 Audi,
3193 4785 3291 4851 (ili,
3323 4795 3380 4842 et
3405 4787 3603 4858 excipe

2007 4884 2161 4925 meos
2185 4885 2492 4938 sermones,
2517 4881 2571 4928 ct
2602 4875 3130 4945 multiplicabuntur
3151 4879 3283 4932 anni
3306 4878 3432 4935 vita:
3461 4889 3600 4946 tuae;

2013 4962 2225 5032 1157
2259 4964 2481 5032 suscipe
2528 4969 2944 5036 correptionem
2985 4984 3186 5034 meam,
3230 4985 3302 5025 ne
3351 4970 3601 5027 dimittas

2006 5071 2169 5124 eam;
2207 5057 2354 5113 [ilius
2372 5059 2525 5114 enim
2553 5061 2649 5130 qui
2677 5062 2888 5116 omittit
2915 5063 3199 5120 custodire
3245 5065 3596 5135 disciplinam

2006 5152 2202 5221 patris,
2261 5155 2598 5224 excogitabit
2651 5155 2926 5228 colloquia
2973 5161 3230 5228 prava“.
3279 5178 3297 5212 ι
3350 5161 3593 5216 lterum:

2013 5266 2031 5298 ι
2071 5247 2288 5304 Stultus
2309 5249 2986 5322 subsannatdisciplinam
3025 5255 3222 5324 patris,
3271 5257 3366 5326 qui
3411 5267 3597 5310 autem

2009 5339 2250 5394 custodit
2311 5341 2714 5410 correptiones,
2751 5345 2989 5398 astutior
3033 5345 3223 5400 erit”.
3266 5364 3284 5397 ι
3346 5347 3617 5400 Rursus:‘

2014 5449 2034 5483 ι
2081 5431 2157 5486 Da
2183 5431 2252 5486 ad
2276 5432 2631 5503 disciplinam
2666 5449 2766 5490 cor
2789 5443 2967 5504 tuum,
3021 5452 3186 5494 aures
3231 5446 3416 5492 autem
3473 5444 3598 5492 tuas

2006 5526 2365 5582 accommoda
2384 5529 2738 5585 sermonibus
2763 5531 3046 5587 sensus".
3090 5551 3110 5580 δ
3156 5531 3405 5586 lterum:
3465 5549 3486 5582 ¢
3517 5531 3598 5586 Ne

2004 5620 2264 5677 omiseris
2287 5622 2513 5679 erudire
2538 5639 2815 5695 puerum;
2860 5626 2994 5698 quia
3015 5625 3062 5683 si
3090 5627 3247 5699 virga
3288 5641 3417 5682 eum
3464 5642 3596 5698 per-

2805 5787 2826 5819 ⁹
2853 5784 3045 5842 Matth.
3065 5769 3177 5853 an,
3206 5783 3296 5841 55.
3417 5785 3461 5817 ¹⁹
3491 5782 3601 5842 .lob'

2678 5855 2722 5888 ³⁵
2758 5855 2920 5912 Prov.
2958 5873 3046 5922 xv,
3077 5858 3130 5914 5.
3250 5857 3292 5889 ¹⁶
3321 5857 3484 5913 Prov.
3515 5871 3593 5924 tv,

2074 5780 2115 5809 ⁸⁸
2142 5779 2334 5836 Matth.
2362 5798 2449 5846 xv,
2483 5781 2570 5848 18,
2608 5784 2691 5840 19.

2081 5850 2122 5882 ’³
2148 5851 2307 5908 Prov.
2344 5869 2451 5918 xix,
2480 5855 2560 5911 l8.
