  <div class='ocr_page' id='page_1' title='image "/cluster/home/n/w/nwhite01/storage/ocr_20150623/89/hvd.32044010610574/849.png"; bbox 0 0 4028 6518; ppageno 0'>
   <div class='ocr_carea' id='block_1_1' title="bbox 466 406 602 471">
    <p class='ocr_par' dir='ltr' id='par_1_1' title="bbox 466 406 602 471">
     <span class='ocr_line' id='line_1_1' title="bbox 466 406 602 471; baseline 0.015 -2"><span class='ocrx_word' id='word_1_1' title='bbox 466 406 602 471; x_wconf 67' lang='grc'>1683</span> 
     </span>
    </p>
   </div>
   <div class='ocr_carea' id='block_1_2' title="bbox 1741 425 2487 493">
    <p class='ocr_par' dir='ltr' id='par_1_2' title="bbox 1741 425 2487 493">
     <span class='ocr_line' id='line_1_2' title="bbox 1741 425 2487 493; baseline 0.009 -7"><span class='ocrx_word' id='word_1_2' title='bbox 1741 425 2106 488; x_wconf 69' lang='lat' dir='ltr'><strong>ANTIOCHI</strong></span> <span class='ocrx_word' id='word_1_3' title='bbox 2147 427 2487 493; x_wconf 83' lang='lat' dir='ltr'><strong>MONACHI</strong></span> 
     </span>
    </p>
   </div>
   <div class='ocr_carea' id='block_1_3' title="bbox 3597 434 3723 500">
    <p class='ocr_par' dir='ltr' id='par_1_3' title="bbox 3597 434 3723 500">
     <span class='ocr_line' id='line_1_3' title="bbox 3597 434 3723 500; baseline 0.016 -2"><span class='ocrx_word' id='word_1_4' title='bbox 3597 434 3723 500; x_wconf 64' lang='lat'><strong>1036</strong></span> 
     </span>
    </p>
   </div>
   <div class='ocr_carea' id='block_1_4' title="bbox 462 521 2045 626">
    <p class='ocr_par' dir='ltr' id='par_1_4' title="bbox 462 521 2033 609">
     <span class='ocr_line' id='line_1_4' title="bbox 462 521 2033 609; baseline 0.012 -34"><span class='ocrx_word' id='word_1_5' title='bbox 462 521 725 589; x_wconf 82' lang='lat' dir='ltr'><strong>eusseris,</strong></span> <span class='ocrx_word' id='word_1_6' title='bbox 757 539 866 581; x_wconf 91' lang='lat' dir='ltr'><strong>non</strong></span> <span class='ocrx_word' id='word_1_7' title='bbox 889 528 1174 596; x_wconf 87' lang='lat' dir='ltr'><strong>morietur,</strong></span> <span class='ocrx_word' id='word_1_8' title='bbox 1203 530 1441 589; x_wconf 85' lang='lat' dir='ltr'><strong>animam</strong></span> <span class='ocrx_word' id='word_1_9' title='bbox 1466 544 1651 591; x_wconf 88' lang='lat' dir='ltr'><strong>autem</strong></span> <span class='ocrx_word' id='word_1_10' title='bbox 1676 538 1799 609; x_wconf 85' lang='lat' dir='ltr'><strong>ejus</strong></span> <span class='ocrx_word' id='word_1_11' title='bbox 1854 540 2033 594; x_wconf 84' lang='lat' dir='ltr'><strong>salva-</strong></span> 
     </span>
    </p>
   </div>
   <div class='ocr_carea' id='block_1_5' title="bbox 2145 521 3719 626">
    <p class='ocr_par' dir='ltr' id='par_1_5' title="bbox 2145 544 3719 626">
     <span class='ocr_line' id='line_1_5' title="bbox 2145 544 3719 626; baseline 0.008 -29"><span class='ocrx_word' id='word_1_12' title='bbox 2145 544 2246 598; x_wconf 82' lang='lat' dir='ltr'><strong>Kal</strong></span> <span class='ocrx_word' id='word_1_13' title='bbox 2275 546 2471 615; x_wconf 78' lang='grc' dir='ltr'>ἐπάγει</span> <span class='ocrx_word' id='word_1_14' title='bbox 2502 564 2514 601; x_wconf 92' lang='lat'><strong>:</strong></span> <span class='ocrx_word' id='word_1_15' title='bbox 2560 565 2579 599; x_wconf 81' lang='grc' dir='ltr'><strong>ι</strong></span> <span class='ocrx_word' id='word_1_16' title='bbox 2610 546 2932 615; x_wconf 79' lang='grc' dir='ltr'>Ἀκούσατε,</span> <span class='ocrx_word' id='word_1_17' title='bbox 2959 550 3172 617; x_wconf 82' lang='grc' dir='ltr'>παῖδες,</span> <span class='ocrx_word' id='word_1_18' title='bbox 3196 553 3449 609; x_wconf 72' lang='grc' dir='ltr'><strong>παιδείαν</strong></span> <span class='ocrx_word' id='word_1_19' title='bbox 3480 559 3683 626; x_wconf 69' lang='grc' dir='ltr'>πατρός</span> <span class='ocrx_word' id='word_1_20' title='bbox 3704 575 3719 589; x_wconf 92' lang='grc'><strong>·</strong></span> 
     </span>
    </p>
   </div>
   <div class='ocr_carea' id='block_1_6' title="bbox 464 615 2042 695">
    <p class='ocr_par' dir='ltr' id='par_1_6' title="bbox 464 615 2042 695">
     <span class='ocr_line' id='line_1_6' title="bbox 464 615 2042 695; baseline 0.011 -26"><span class='ocrx_word' id='word_1_21' title='bbox 464 615 633 670; x_wconf 86' lang='lat' dir='ltr'><strong>his&quot;.</strong></span> <span class='ocrx_word' id='word_1_22' title='bbox 669 634 687 668; x_wconf 86' lang='grc' dir='ltr'><strong>ι</strong></span> <span class='ocrx_word' id='word_1_23' title='bbox 716 616 961 675; x_wconf 83' lang='lat' dir='ltr'><strong>Rursus:</strong></span> <span class='ocrx_word' id='word_1_24' title='bbox 994 638 1013 673; x_wconf 85' lang='grc' dir='ltr'><strong>ι</strong></span> <span class='ocrx_word' id='word_1_25' title='bbox 1043 621 1214 677; x_wconf 88' lang='lat' dir='ltr'><strong>Erudi</strong></span> <span class='ocrx_word' id='word_1_26' title='bbox 1242 622 1415 679; x_wconf 81' lang='lat' dir='ltr'><strong>ﬁlium</strong></span> <span class='ocrx_word' id='word_1_27' title='bbox 1451 634 1628 695; x_wconf 92' lang='lat' dir='ltr'><strong>tuum,</strong></span> <span class='ocrx_word' id='word_1_28' title='bbox 1666 640 1723 686; x_wconf 89' lang='lat' dir='ltr'><strong>et</strong></span> <span class='ocrx_word' id='word_1_29' title='bbox 1768 630 2042 686; x_wconf 79' lang='lat' dir='ltr'><strong>refocilla-</strong></span> 
     </span>
    </p>
   </div>
   <div class='ocr_carea' id='block_1_7' title="bbox 464 702 2038 773">
    <p class='ocr_par' dir='ltr' id='par_1_7' title="bbox 464 702 2038 773">
     <span class='ocr_line' id='line_1_7' title="bbox 464 702 2038 773; baseline 0.01 -16"><span class='ocrx_word' id='word_1_30' title='bbox 464 702 544 758; x_wconf 89' lang='lat' dir='ltr'><strong>bit</strong></span> <span class='ocrx_word' id='word_1_31' title='bbox 575 714 648 765; x_wconf 88' lang='lat' dir='ltr'><strong>te,</strong></span> <span class='ocrx_word' id='word_1_32' title='bbox 676 714 734 761; x_wconf 90' lang='lat' dir='ltr'><strong>et</strong></span> <span class='ocrx_word' id='word_1_33' title='bbox 760 704 916 762; x_wconf 87' lang='lat' dir='ltr'><strong>dabit</strong></span> <span class='ocrx_word' id='word_1_34' title='bbox 933 720 1318 767; x_wconf 78' lang='lat' dir='ltr'><strong>ornamentum</strong></span> <span class='ocrx_word' id='word_1_35' title='bbox 1343 715 1539 771; x_wconf 72' lang='lat' dir='ltr'><strong>anima:</strong></span> <span class='ocrx_word' id='word_1_36' title='bbox 1558 724 1665 771; x_wconf 75' lang='lat' dir='ltr'><strong>tua:</strong></span> <span class='ocrx_word' id='word_1_37' title='bbox 1686 717 1783 772; x_wconf 67' lang='lat' dir='ltr'><strong>&quot;.i</strong></span> <span class='ocrx_word' id='word_1_38' title='bbox 1814 718 2038 773; x_wconf 90' lang='lat' dir='ltr'><strong>lterum:</strong></span> 
     </span>
    </p>
   </div>
   <div class='ocr_carea' id='block_1_8' title="bbox 471 795 2041 880">
    <p class='ocr_par' dir='ltr' id='par_1_8' title="bbox 471 795 2041 880">
     <span class='ocr_line' id='line_1_8' title="bbox 471 795 2041 880; baseline 0.01 -32"><span class='ocrx_word' id='word_1_39' title='bbox 471 814 489 847; x_wconf 80' lang='grc' dir='ltr'><strong>ι</strong></span> <span class='ocrx_word' id='word_1_40' title='bbox 522 795 715 852; x_wconf 79' lang='lat' dir='ltr'><strong>Melius</strong></span> <span class='ocrx_word' id='word_1_41' title='bbox 744 806 829 853; x_wconf 83' lang='lat' dir='ltr'><strong>est</strong></span> <span class='ocrx_word' id='word_1_42' title='bbox 861 799 1054 855; x_wconf 89' lang='lat' dir='ltr'><strong>audire</strong></span> <span class='ocrx_word' id='word_1_43' title='bbox 1082 804 1494 874; x_wconf 89' lang='lat' dir='ltr'><strong>curreptionem</strong></span> <span class='ocrx_word' id='word_1_44' title='bbox 1534 807 1826 877; x_wconf 76' lang='lat' dir='ltr'><strong>sapientis,</strong></span> <span class='ocrx_word' id='word_1_45' title='bbox 1876 825 2041 880; x_wconf 88' lang='lat' dir='ltr'><strong>quam</strong></span> 
     </span>
    </p>
   </div>
   <div class='ocr_carea' id='block_1_9' title="bbox 464 885 2039 967">
    <p class='ocr_par' dir='ltr' id='par_1_9' title="bbox 464 885 2039 967">
     <span class='ocr_line' id='line_1_9' title="bbox 464 885 2039 967; baseline 0.011 -28"><span class='ocrx_word' id='word_1_46' title='bbox 464 885 659 943; x_wconf 88' lang='lat' dir='ltr'><strong>audire</strong></span> <span class='ocrx_word' id='word_1_47' title='bbox 684 890 959 946; x_wconf 79' lang='lat' dir='ltr'><strong>canticum</strong></span> <span class='ocrx_word' id='word_1_48' title='bbox 984 893 1361 951; x_wconf 80' lang='lat' dir='ltr'><strong>stultorum“.</strong></span> <span class='ocrx_word' id='word_1_49' title='bbox 1395 916 1414 949; x_wconf 76' lang='grc' dir='ltr'><strong>ι</strong></span> <span class='ocrx_word' id='word_1_50' title='bbox 1459 898 1711 956; x_wconf 85' lang='lat' dir='ltr'><strong>lnducit:</strong></span> <span class='ocrx_word' id='word_1_51' title='bbox 1762 922 1781 956; x_wconf 75' lang='grc' dir='ltr'><strong>ι</strong></span> <span class='ocrx_word' id='word_1_52' title='bbox 1812 901 2039 967; x_wconf 82' lang='lat' dir='ltr'><strong>Audite,</strong></span> 
     </span>
    </p>
   </div>
   <div class='ocr_carea' id='block_1_10' title="bbox 468 978 2044 1057">
    <p class='ocr_par' dir='ltr' id='par_1_10' title="bbox 468 978 2044 1057">
     <span class='ocr_line' id='line_1_10' title="bbox 468 978 2044 1057; baseline 0.011 -24"><span class='ocrx_word' id='word_1_53' title='bbox 468 978 587 1043; x_wconf 81' lang='lat' dir='ltr'><strong>ﬁlii,</strong></span> <span class='ocrx_word' id='word_1_54' title='bbox 605 980 949 1053; x_wconf 83' lang='lat' dir='ltr'><strong>disciplinam</strong></span> <span class='ocrx_word' id='word_1_55' title='bbox 972 985 1163 1055; x_wconf 80' lang='lat' dir='ltr'><strong>patris,</strong></span> <span class='ocrx_word' id='word_1_56' title='bbox 1212 996 1269 1043; x_wconf 91' lang='lat' dir='ltr'><strong>et</strong></span> <span class='ocrx_word' id='word_1_57' title='bbox 1290 990 1580 1057; x_wconf 85' lang='lat' dir='ltr'><strong>attendite,</strong></span> <span class='ocrx_word' id='word_1_58' title='bbox 1599 993 1859 1050; x_wconf 86' lang='lat' dir='ltr'><strong>utsciatis</strong></span> <span class='ocrx_word' id='word_1_59' title='bbox 1880 994 2044 1050; x_wconf 91' lang='lat' dir='ltr'><strong>intel-</strong></span> 
     </span>
    </p>
   </div>
   <div class='ocr_carea' id='block_1_11' title="bbox 466 1070 2041 1159">
    <p class='ocr_par' dir='ltr' id='par_1_11' title="bbox 466 1070 2041 1159">
     <span class='ocr_line' id='line_1_11' title="bbox 466 1070 2041 1159; baseline 0.011 -34"><span class='ocrx_word' id='word_1_60' title='bbox 466 1070 781 1141; x_wconf 89' lang='lat' dir='ltr'><strong>ligentiam;</strong></span> <span class='ocrx_word' id='word_1_61' title='bbox 812 1074 1017 1131; x_wconf 87' lang='lat' dir='ltr'><strong>donum</strong></span> <span class='ocrx_word' id='word_1_62' title='bbox 1038 1078 1186 1133; x_wconf 92' lang='lat' dir='ltr'><strong>enim</strong></span> <span class='ocrx_word' id='word_1_63' title='bbox 1230 1079 1436 1137; x_wconf 89' lang='lat' dir='ltr'><strong>bonum</strong></span> <span class='ocrx_word' id='word_1_64' title='bbox 1469 1084 1613 1139; x_wconf 85' lang='lat' dir='ltr'><strong>dabo</strong></span> <span class='ocrx_word' id='word_1_65' title='bbox 1648 1086 1828 1153; x_wconf 85' lang='lat' dir='ltr'><strong>vobis,</strong></span> <span class='ocrx_word' id='word_1_66' title='bbox 1865 1087 2041 1159; x_wconf 83' lang='lat' dir='ltr'><strong>legem</strong></span> 
     </span>
    </p>
   </div>
   <div class='ocr_carea' id='block_1_12' title="bbox 467 1165 2040 1249">
    <p class='ocr_par' dir='ltr' id='par_1_12' title="bbox 467 1165 2040 1249">
     <span class='ocr_line' id='line_1_12' title="bbox 467 1165 2040 1249; baseline 0.012 -34"><span class='ocrx_word' id='word_1_67' title='bbox 467 1176 645 1217; x_wconf 86' lang='lat' dir='ltr'><strong>meam</strong></span> <span class='ocrx_word' id='word_1_68' title='bbox 698 1179 769 1219; x_wconf 94' lang='lat' dir='ltr'><strong>ne</strong></span> <span class='ocrx_word' id='word_1_69' title='bbox 814 1165 1208 1238; x_wconf 83' lang='lat' dir='ltr'><strong>derelinquatis</strong></span> <span class='ocrx_word' id='word_1_70' title='bbox 1228 1172 1297 1228; x_wconf 65' lang='grc' dir='ltr'><strong>ιθ.</strong></span> <span class='ocrx_word' id='word_1_71' title='bbox 1336 1172 1631 1247; x_wconf 88' lang='lat' dir='ltr'><strong>Intelligite</strong></span> <span class='ocrx_word' id='word_1_72' title='bbox 1660 1217 1676 1240; x_wconf 94' lang='lat'><strong>,</strong></span> <span class='ocrx_word' id='word_1_73' title='bbox 1734 1177 2040 1249; x_wconf 84' lang='lat' dir='ltr'><strong>simplices,</strong></span> 
     </span>
    </p>
   </div>
   <div class='ocr_carea' id='block_1_13' title="bbox 466 1255 2037 1338">
    <p class='ocr_par' dir='ltr' id='par_1_13' title="bbox 466 1255 2037 1338">
     <span class='ocr_line' id='line_1_13' title="bbox 466 1255 2037 1338; baseline 0.011 -30"><span class='ocrx_word' id='word_1_74' title='bbox 466 1255 745 1321; x_wconf 84' lang='lat' dir='ltr'><strong>astutiam,</strong></span> <span class='ocrx_word' id='word_1_75' title='bbox 775 1267 832 1313; x_wconf 88' lang='lat' dir='ltr'><strong>et</strong></span> <span class='ocrx_word' id='word_1_76' title='bbox 854 1257 1140 1327; x_wconf 85' lang='lat' dir='ltr'><strong>ineruditi,</strong></span> <span class='ocrx_word' id='word_1_77' title='bbox 1165 1265 1426 1334; x_wconf 88' lang='lat' dir='ltr'><strong>apponite</strong></span> <span class='ocrx_word' id='word_1_78' title='bbox 1459 1282 1578 1331; x_wconf 90' lang='lat' dir='ltr'><strong>cor,</strong></span> <span class='ocrx_word' id='word_1_79' title='bbox 1599 1269 1837 1338; x_wconf 83' lang='lat' dir='ltr'><strong>accipito</strong></span> <span class='ocrx_word' id='word_1_80' title='bbox 1861 1270 2037 1325; x_wconf 85' lang='lat' dir='ltr'><strong>disci-</strong></span> 
     </span>
    </p>
   </div>
   <div class='ocr_carea' id='block_1_14' title="bbox 468 1345 2040 1430">
    <p class='ocr_par' dir='ltr' id='par_1_14' title="bbox 468 1345 2040 1430">
     <span class='ocr_line' id='line_1_14' title="bbox 468 1345 2040 1430; baseline 0.011 -31"><span class='ocrx_word' id='word_1_81' title='bbox 468 1345 674 1420; x_wconf 88' lang='lat' dir='ltr'><strong>plinam</strong></span> <span class='ocrx_word' id='word_1_82' title='bbox 694 1357 750 1403; x_wconf 90' lang='lat' dir='ltr'><strong>et</strong></span> <span class='ocrx_word' id='word_1_83' title='bbox 773 1365 883 1417; x_wconf 81' lang='lat' dir='ltr'><strong>non</strong></span> <span class='ocrx_word' id='word_1_84' title='bbox 907 1360 1217 1422; x_wconf 88' lang='lat' dir='ltr'><strong>argentum,</strong></span> <span class='ocrx_word' id='word_1_85' title='bbox 1244 1364 1301 1410; x_wconf 88' lang='lat' dir='ltr'><strong>et</strong></span> <span class='ocrx_word' id='word_1_86' title='bbox 1332 1356 1620 1412; x_wconf 80' lang='lat' dir='ltr'><strong>scientiam</strong></span> <span class='ocrx_word' id='word_1_87' title='bbox 1656 1360 1832 1430; x_wconf 82' lang='lat' dir='ltr'><strong>magis</strong></span> <span class='ocrx_word' id='word_1_88' title='bbox 1872 1376 2040 1429; x_wconf 88' lang='lat' dir='ltr'><strong>quam</strong></span> 
     </span>
    </p>
   </div>
   <div class='ocr_carea' id='block_1_15' title="bbox 468 1439 2040 1519">
    <p class='ocr_par' dir='ltr' id='par_1_15' title="bbox 468 1439 2040 1519">
     <span class='ocr_line' id='line_1_15' title="bbox 468 1439 2040 1519; baseline 0.007 -25"><span class='ocrx_word' id='word_1_89' title='bbox 468 1452 666 1501; x_wconf 82' lang='lat' dir='ltr'><strong>nurum</strong></span> <span class='ocrx_word' id='word_1_90' title='bbox 722 1439 1102 1509; x_wconf 80' lang='lat' dir='ltr'><strong>probatum“.</strong></span> <span class='ocrx_word' id='word_1_91' title='bbox 1132 1461 1148 1495; x_wconf 82' lang='grc' dir='ltr'><strong>ι</strong></span> <span class='ocrx_word' id='word_1_92' title='bbox 1184 1444 1289 1507; x_wconf 72' lang='lat' dir='ltr'><strong>Der</strong></span> <span class='ocrx_word' id='word_1_93' title='bbox 1325 1443 1667 1515; x_wconf 83' lang='lat' dir='ltr'><strong>Sophoniam</strong></span> <span class='ocrx_word' id='word_1_94' title='bbox 1709 1450 2040 1519; x_wconf 79' lang='lat' dir='ltr'><strong>prophetam</strong></span> 
     </span>
    </p>
   </div>
   <div class='ocr_carea' id='block_1_16' title="bbox 468 1528 2043 1611">
    <p class='ocr_par' dir='ltr' id='par_1_16' title="bbox 468 1528 2043 1611">
     <span class='ocr_line' id='line_1_16' title="bbox 468 1528 2043 1611; baseline 0.008 -26"><span class='ocrx_word' id='word_1_95' title='bbox 468 1528 645 1585; x_wconf 85' lang='lat' dir='ltr'><strong>Deus:</strong></span> <span class='ocrx_word' id='word_1_96' title='bbox 671 1548 688 1582; x_wconf 85' lang='grc' dir='ltr'><strong>ι</strong></span> <span class='ocrx_word' id='word_1_97' title='bbox 732 1531 1027 1589; x_wconf 86' lang='lat' dir='ltr'><strong>Timebitis</strong></span> <span class='ocrx_word' id='word_1_98' title='bbox 1059 1550 1166 1600; x_wconf 91' lang='lat' dir='ltr'><strong>me,</strong></span> <span class='ocrx_word' id='word_1_99' title='bbox 1187 1547 1243 1591; x_wconf 91' lang='lat' dir='ltr'><strong>et</strong></span> <span class='ocrx_word' id='word_1_100' title='bbox 1264 1538 1549 1607; x_wconf 86' lang='lat' dir='ltr'><strong>accipietis</strong></span> <span class='ocrx_word' id='word_1_101' title='bbox 1570 1539 1952 1611; x_wconf 87' lang='lat' dir='ltr'><strong>disciplinam,</strong></span> <span class='ocrx_word' id='word_1_102' title='bbox 1986 1553 2043 1598; x_wconf 87' lang='lat' dir='ltr'><strong>et</strong></span> 
     </span>
    </p>
   </div>
   <div class='ocr_carea' id='block_1_17' title="bbox 468 1622 2037 1700">
    <p class='ocr_par' dir='ltr' id='par_1_17' title="bbox 468 1622 2037 1700">
     <span class='ocr_line' id='line_1_17' title="bbox 468 1622 2037 1700; baseline 0.006 -26"><span class='ocrx_word' id='word_1_103' title='bbox 468 1636 579 1676; x_wconf 89' lang='lat' dir='ltr'><strong>non</strong></span> <span class='ocrx_word' id='word_1_104' title='bbox 605 1622 876 1692; x_wconf 87' lang='lat' dir='ltr'><strong>peribitis,</strong></span> <span class='ocrx_word' id='word_1_105' title='bbox 905 1634 964 1685; x_wconf 90' lang='lat' dir='ltr'><strong>ut</strong></span> <span class='ocrx_word' id='word_1_106' title='bbox 988 1624 1241 1690; x_wconf 71' lang='lat' dir='ltr'><strong>servistis</strong></span> <span class='ocrx_word' id='word_1_107' title='bbox 1263 1627 1493 1682; x_wconf 91' lang='lat' dir='ltr'><strong>Domino</strong></span> <span class='ocrx_word' id='word_1_108' title='bbox 1516 1628 1620 1684; x_wconf 86' lang='lat' dir='ltr'><strong>sub</strong></span> <span class='ocrx_word' id='word_1_109' title='bbox 1640 1630 1771 1700; x_wconf 83' lang='lat' dir='ltr'><strong>jugo</strong></span> <span class='ocrx_word' id='word_1_110' title='bbox 1806 1647 1917 1685; x_wconf 93' lang='lat' dir='ltr'><strong>uno</strong></span> <span class='ocrx_word' id='word_1_111' title='bbox 1934 1635 1997 1683; x_wconf 71' lang='grc' dir='ltr'><strong>υ.</strong></span> <span class='ocrx_word' id='word_1_112' title='bbox 2018 1650 2037 1684; x_wconf 77' lang='grc' dir='ltr'><strong>ι</strong></span> 
     </span>
    </p>
   </div>
   <div class='ocr_carea' id='block_1_18' title="bbox 469 1714 2041 1793">
    <p class='ocr_par' dir='ltr' id='par_1_18' title="bbox 469 1714 2041 1793">
     <span class='ocr_line' id='line_1_18' title="bbox 469 1714 2041 1793; baseline 0.004 -22"><span class='ocrx_word' id='word_1_113' title='bbox 469 1714 754 1777; x_wconf 74' lang='lat' dir='ltr'><strong>Michaeas:</strong></span> <span class='ocrx_word' id='word_1_114' title='bbox 786 1736 805 1769; x_wconf 80' lang='grc' dir='ltr'><strong>ι</strong></span> <span class='ocrx_word' id='word_1_115' title='bbox 836 1717 1003 1774; x_wconf 86' lang='lat' dir='ltr'><strong>Pasce</strong></span> <span class='ocrx_word' id='word_1_116' title='bbox 1024 1720 1288 1789; x_wconf 90' lang='lat' dir='ltr'><strong>populum</strong></span> <span class='ocrx_word' id='word_1_117' title='bbox 1325 1730 1479 1784; x_wconf 86' lang='lat' dir='ltr'><strong>tuum</strong></span> <span class='ocrx_word' id='word_1_118' title='bbox 1503 1721 1560 1776; x_wconf 91' lang='lat' dir='ltr'><strong>in</strong></span> <span class='ocrx_word' id='word_1_119' title='bbox 1583 1723 1736 1793; x_wconf 86' lang='lat' dir='ltr'><strong>virga</strong></span> <span class='ocrx_word' id='word_1_120' title='bbox 1754 1724 1821 1778; x_wconf 79' lang='grc'><strong>’³.</strong></span> <span class='ocrx_word' id='word_1_121' title='bbox 1852 1744 1870 1776; x_wconf 80' lang='grc' dir='ltr'><strong>ι</strong></span> <span class='ocrx_word' id='word_1_122' title='bbox 1899 1724 2041 1785; x_wconf 78' lang='lat' dir='ltr'><strong>Pau-</strong></span> 
     </span>
    </p>
   </div>
   <div class='ocr_carea' id='block_1_19' title="bbox 470 1805 2043 1889">
    <p class='ocr_par' dir='ltr' id='par_1_19' title="bbox 470 1805 2043 1889">
     <span class='ocr_line' id='line_1_19' title="bbox 470 1805 2043 1889; baseline 0.008 -29"><span class='ocrx_word' id='word_1_123' title='bbox 470 1807 556 1861; x_wconf 90' lang='lat' dir='ltr'><strong>lus</strong></span> <span class='ocrx_word' id='word_1_124' title='bbox 582 1805 823 1864; x_wconf 68' lang='lat' dir='ltr'><strong>llebrzeis</strong></span> <span class='ocrx_word' id='word_1_125' title='bbox 851 1809 985 1865; x_wconf 90' lang='lat' dir='ltr'><strong>dicit</strong></span> <span class='ocrx_word' id='word_1_126' title='bbox 1021 1827 1118 1880; x_wconf 90' lang='lat' dir='ltr'><strong>per</strong></span> <span class='ocrx_word' id='word_1_127' title='bbox 1148 1812 1476 1882; x_wconf 82' lang='lat' dir='ltr'><strong>epistolam:</strong></span> <span class='ocrx_word' id='word_1_128' title='bbox 1513 1834 1530 1866; x_wconf 82' lang='grc' dir='ltr'><strong>ι</strong></span> <span class='ocrx_word' id='word_1_129' title='bbox 1566 1815 1690 1882; x_wconf 84' lang='lat' dir='ltr'><strong>Fili,</strong></span> <span class='ocrx_word' id='word_1_130' title='bbox 1715 1818 1827 1871; x_wconf 87' lang='lat' dir='ltr'><strong>noli</strong></span> <span class='ocrx_word' id='word_1_131' title='bbox 1867 1817 2043 1889; x_wconf 84' lang='lat' dir='ltr'><strong>negli-</strong></span> 
     </span>
    </p>
   </div>
   <div class='ocr_carea' id='block_1_20' title="bbox 468 1879 2116 1976">
    <p class='ocr_par' dir='ltr' id='par_1_20' title="bbox 468 1879 2116 1976">
     <span class='ocr_line' id='line_1_20' title="bbox 468 1879 2116 1976; baseline 0.007 -24"><span class='ocrx_word' id='word_1_132' title='bbox 468 1914 597 1968; x_wconf 79' lang='lat' dir='ltr'><strong>gere</strong></span> <span class='ocrx_word' id='word_1_133' title='bbox 623 1899 970 1971; x_wconf 89' lang='lat' dir='ltr'><strong>disciplinam</strong></span> <span class='ocrx_word' id='word_1_134' title='bbox 1022 1879 1141 1968; x_wconf 71' lang='lat' dir='ltr'><strong>Dei,</strong></span> <span class='ocrx_word' id='word_1_135' title='bbox 1172 1879 1353 1973; x_wconf 80' lang='lat' dir='ltr'><strong>neque</strong></span> <span class='ocrx_word' id='word_1_136' title='bbox 1394 1903 1644 1976; x_wconf 82' lang='lat' dir='ltr'><strong>fatigeris</strong></span> <span class='ocrx_word' id='word_1_137' title='bbox 1677 1879 1822 1961; x_wconf 78' lang='lat' dir='ltr'><strong>dum</strong></span> <span class='ocrx_word' id='word_1_138' title='bbox 1854 1907 1924 1962; x_wconf 89' lang='lat' dir='ltr'><strong>ab</strong></span> <span class='ocrx_word' id='word_1_139' title='bbox 1940 1879 2043 1963; x_wconf 46' lang='lat' dir='ltr'><strong>veo</strong></span> <span class='ocrx_word' id='word_1_140' title='bbox 2078 1879 2116 1935; x_wconf 75' lang='grc' dir='ltr'><strong><em>Β</em></strong></span> 
     </span>
    </p>
   </div>
   <div class='ocr_carea' id='block_1_21' title="bbox 470 1990 2040 2069">
    <p class='ocr_par' dir='ltr' id='par_1_21' title="bbox 470 1990 2040 2069">
     <span class='ocr_line' id='line_1_21' title="bbox 470 1990 2040 2069; baseline 0.008 -28"><span class='ocrx_word' id='word_1_141' title='bbox 470 1990 739 2059; x_wconf 83' lang='lat' dir='ltr'><strong>argueris,</strong></span> <span class='ocrx_word' id='word_1_142' title='bbox 795 1990 965 2065; x_wconf 84' lang='lat' dir='ltr'><strong>Quem</strong></span> <span class='ocrx_word' id='word_1_143' title='bbox 1017 1993 1168 2048; x_wconf 90' lang='lat' dir='ltr'><strong>enim</strong></span> <span class='ocrx_word' id='word_1_144' title='bbox 1210 1994 1389 2066; x_wconf 81' lang='lat' dir='ltr'><strong>diligit</strong></span> <span class='ocrx_word' id='word_1_145' title='bbox 1430 1997 1735 2061; x_wconf 88' lang='lat' dir='ltr'><strong>Dominus,</strong></span> <span class='ocrx_word' id='word_1_146' title='bbox 1784 1998 2040 2069; x_wconf 79' lang='lat' dir='ltr'><strong>castigat,</strong></span> 
     </span>
    </p>
   </div>
   <div class='ocr_carea' id='block_1_22' title="bbox 470 2081 2043 2161">
    <p class='ocr_par' dir='ltr' id='par_1_22' title="bbox 470 2081 2043 2161">
     <span class='ocr_line' id='line_1_22' title="bbox 470 2081 2043 2161; baseline 0.008 -27"><span class='ocrx_word' id='word_1_147' title='bbox 470 2081 705 2152; x_wconf 76' lang='lat' dir='ltr'><strong>ﬂagellat</strong></span> <span class='ocrx_word' id='word_1_148' title='bbox 729 2091 910 2138; x_wconf 89' lang='lat' dir='ltr'><strong>autem</strong></span> <span class='ocrx_word' id='word_1_149' title='bbox 939 2098 1157 2139; x_wconf 92' lang='lat' dir='ltr'><strong>omnem</strong></span> <span class='ocrx_word' id='word_1_150' title='bbox 1190 2085 1361 2142; x_wconf 72' lang='lat' dir='ltr'><strong>(illum</strong></span> <span class='ocrx_word' id='word_1_151' title='bbox 1384 2126 1400 2153; x_wconf 93' lang='lat'><strong>,</strong></span> <span class='ocrx_word' id='word_1_152' title='bbox 1441 2104 1604 2159; x_wconf 86' lang='lat' dir='ltr'><strong>quem</strong></span> <span class='ocrx_word' id='word_1_153' title='bbox 1643 2091 1863 2161; x_wconf 87' lang='lat' dir='ltr'><strong>recipit.</strong></span> <span class='ocrx_word' id='word_1_154' title='bbox 1904 2091 2043 2158; x_wconf 86' lang='lat' dir='ltr'><strong>Quis</strong></span> 
     </span>
    </p>
   </div>
   <div class='ocr_carea' id='block_1_23' title="bbox 467 2173 2042 2251">
    <p class='ocr_par' dir='ltr' id='par_1_23' title="bbox 467 2173 2042 2251">
     <span class='ocr_line' id='line_1_23' title="bbox 467 2173 2042 2251; baseline 0.008 -23"><span class='ocrx_word' id='word_1_155' title='bbox 467 2174 613 2228; x_wconf 92' lang='lat' dir='ltr'><strong>enim</strong></span> <span class='ocrx_word' id='word_1_156' title='bbox 640 2173 802 2241; x_wconf 76' lang='lat' dir='ltr'><strong>illius,</strong></span> <span class='ocrx_word' id='word_1_157' title='bbox 832 2192 995 2247; x_wconf 86' lang='lat' dir='ltr'><strong>quem</strong></span> <span class='ocrx_word' id='word_1_158' title='bbox 1020 2193 1130 2234; x_wconf 94' lang='lat' dir='ltr'><strong>non</strong></span> <span class='ocrx_word' id='word_1_159' title='bbox 1156 2180 1389 2250; x_wconf 87' lang='lat' dir='ltr'><strong>corripit</strong></span> <span class='ocrx_word' id='word_1_160' title='bbox 1408 2183 1602 2251; x_wconf 70' lang='lat' dir='ltr'><strong>pater?</strong></span> <span class='ocrx_word' id='word_1_161' title='bbox 1630 2182 1787 2249; x_wconf 89' lang='lat' dir='ltr'><strong>Quod</strong></span> <span class='ocrx_word' id='word_1_162' title='bbox 1814 2184 1860 2239; x_wconf 91' lang='lat' dir='ltr'><strong>si</strong></span> <span class='ocrx_word' id='word_1_163' title='bbox 1886 2193 2042 2240; x_wconf 74' lang='lat' dir='ltr'><strong>extra</strong></span> 
     </span>
    </p>
   </div>
   <div class='ocr_carea' id='block_1_24' title="bbox 468 2265 2039 2342">
    <p class='ocr_par' dir='ltr' id='par_1_24' title="bbox 468 2265 2039 2342">
     <span class='ocr_line' id='line_1_24' title="bbox 468 2265 2039 2342; baseline 0.008 -23"><span class='ocrx_word' id='word_1_164' title='bbox 468 2265 814 2336; x_wconf 88' lang='lat' dir='ltr'><strong>disciplinam</strong></span> <span class='ocrx_word' id='word_1_165' title='bbox 876 2269 1043 2335; x_wconf 87' lang='lat' dir='ltr'><strong>estis,</strong></span> <span class='ocrx_word' id='word_1_166' title='bbox 1101 2286 1233 2342; x_wconf 88' lang='lat' dir='ltr'><strong>ergo</strong></span> <span class='ocrx_word' id='word_1_167' title='bbox 1287 2272 1587 2329; x_wconf 84' lang='lat' dir='ltr'><strong>adulterini</strong></span> <span class='ocrx_word' id='word_1_168' title='bbox 1645 2283 1702 2330; x_wconf 87' lang='lat' dir='ltr'><strong>et</strong></span> <span class='ocrx_word' id='word_1_169' title='bbox 1762 2292 1873 2331; x_wconf 92' lang='lat' dir='ltr'><strong>non</strong></span> <span class='ocrx_word' id='word_1_170' title='bbox 1938 2276 2039 2331; x_wconf 75' lang='lat' dir='ltr'><strong>lilii</strong></span> 
     </span>
    </p>
   </div>
   <div class='ocr_carea' id='block_1_25' title="bbox 467 2356 2042 2438">
    <p class='ocr_par' dir='ltr' id='par_1_25' title="bbox 467 2356 2042 2438">
     <span class='ocr_line' id='line_1_25' title="bbox 467 2356 2042 2438; baseline 0.006 -26"><span class='ocrx_word' id='word_1_171' title='bbox 467 2356 681 2412; x_wconf 76' lang='lat' dir='ltr'><strong>estis“.</strong></span> <span class='ocrx_word' id='word_1_172' title='bbox 726 2378 744 2410; x_wconf 78' lang='grc' dir='ltr'><strong>ι</strong></span> <span class='ocrx_word' id='word_1_173' title='bbox 774 2358 1077 2416; x_wconf 87' lang='lat' dir='ltr'><strong>Corinthiis</strong></span> <span class='ocrx_word' id='word_1_174' title='bbox 1100 2361 1263 2417; x_wconf 87' lang='lat' dir='ltr'><strong>item:</strong></span> <span class='ocrx_word' id='word_1_175' title='bbox 1306 2384 1323 2414; x_wconf 78' lang='grc' dir='ltr'><strong>ι</strong></span> <span class='ocrx_word' id='word_1_176' title='bbox 1356 2364 1411 2419; x_wconf 91' lang='lat' dir='ltr'><strong>Si</strong></span> <span class='ocrx_word' id='word_1_177' title='bbox 1441 2364 1590 2419; x_wconf 90' lang='lat' dir='ltr'><strong>enim</strong></span> <span class='ocrx_word' id='word_1_178' title='bbox 1631 2381 1734 2438; x_wconf 91' lang='lat' dir='ltr'><strong>ego</strong></span> <span class='ocrx_word' id='word_1_179' title='bbox 1765 2368 2042 2423; x_wconf 81' lang='lat' dir='ltr'><strong>oontristo</strong></span> 
     </span>
    </p>
   </div>
   <div class='ocr_carea' id='block_1_26' title="bbox 468 2454 2041 2531">
    <p class='ocr_par' dir='ltr' id='par_1_26' title="bbox 468 2454 2041 2531">
     <span class='ocr_line' id='line_1_26' title="bbox 468 2454 2041 2531; baseline 0.007 -26"><span class='ocrx_word' id='word_1_180' title='bbox 468 2458 587 2515; x_wconf 86' lang='lat' dir='ltr'><strong>vos,</strong></span> <span class='ocrx_word' id='word_1_181' title='bbox 613 2462 670 2508; x_wconf 91' lang='lat' dir='ltr'><strong>et</strong></span> <span class='ocrx_word' id='word_1_182' title='bbox 707 2454 831 2524; x_wconf 88' lang='lat' dir='ltr'><strong>quis</strong></span> <span class='ocrx_word' id='word_1_183' title='bbox 858 2464 943 2510; x_wconf 89' lang='lat' dir='ltr'><strong>est</strong></span> <span class='ocrx_word' id='word_1_184' title='bbox 964 2456 1057 2525; x_wconf 89' lang='lat' dir='ltr'><strong>qui</strong></span> <span class='ocrx_word' id='word_1_185' title='bbox 1087 2456 1329 2513; x_wconf 68' lang='lat' dir='ltr'><strong>Imtillcat</strong></span> <span class='ocrx_word' id='word_1_186' title='bbox 1364 2474 1449 2513; x_wconf 91' lang='lat' dir='ltr'><strong>me</strong></span> <span class='ocrx_word' id='word_1_187' title='bbox 1476 2459 1584 2514; x_wconf 91' lang='lat' dir='ltr'><strong>nisi</strong></span> <span class='ocrx_word' id='word_1_188' title='bbox 1618 2460 1667 2515; x_wconf 93' lang='lat' dir='ltr'><strong>is</strong></span> <span class='ocrx_word' id='word_1_189' title='bbox 1695 2460 1789 2531; x_wconf 87' lang='lat' dir='ltr'><strong>qui</strong></span> <span class='ocrx_word' id='word_1_190' title='bbox 1823 2462 2041 2516; x_wconf 88' lang='lat' dir='ltr'><strong>contri-</strong></span> 
     </span>
    </p>
   </div>
   <div class='ocr_carea' id='block_1_27' title="bbox 468 2544 2043 2613">
    <p class='ocr_par' dir='ltr' id='par_1_27' title="bbox 468 2544 2043 2613">
     <span class='ocr_line' id='line_1_27' title="bbox 468 2544 2043 2613; baseline 0.006 -19"><span class='ocrx_word' id='word_1_191' title='bbox 468 2550 646 2596; x_wconf 83' lang='lat' dir='ltr'><strong>statur</strong></span> <span class='ocrx_word' id='word_1_192' title='bbox 695 2558 795 2613; x_wconf 90' lang='lat' dir='ltr'><strong>per</strong></span> <span class='ocrx_word' id='word_1_193' title='bbox 836 2559 922 2599; x_wconf 91' lang='lat' dir='ltr'><strong>me</strong></span> <span class='ocrx_word' id='word_1_194' title='bbox 938 2544 1023 2598; x_wconf 58' lang='lat'><strong>&#39;5?</strong></span> <span class='ocrx_word' id='word_1_195' title='bbox 1058 2564 1076 2597; x_wconf 75' lang='grc' dir='ltr'><strong>ι</strong></span> <span class='ocrx_word' id='word_1_196' title='bbox 1130 2545 1345 2602; x_wconf 76' lang='lat' dir='ltr'><strong>Infert:</strong></span> <span class='ocrx_word' id='word_1_197' title='bbox 1382 2567 1398 2598; x_wconf 84' lang='grc' dir='ltr'><strong>ι</strong></span> <span class='ocrx_word' id='word_1_198' title='bbox 1432 2546 1625 2605; x_wconf 90' lang='lat' dir='ltr'><strong>Omnis</strong></span> <span class='ocrx_word' id='word_1_199' title='bbox 1651 2560 1836 2605; x_wconf 90' lang='lat' dir='ltr'><strong>autem</strong></span> <span class='ocrx_word' id='word_1_200' title='bbox 1870 2550 2043 2604; x_wconf 67' lang='lat' dir='ltr'><strong>disci-</strong></span> 
     </span>
    </p>
   </div>
   <div class='ocr_carea' id='block_1_28' title="bbox 468 2636 2039 2713">
    <p class='ocr_par' dir='ltr' id='par_1_28' title="bbox 468 2636 2039 2713">
     <span class='ocr_line' id='line_1_28' title="bbox 468 2636 2039 2713; baseline 0.006 -24"><span class='ocrx_word' id='word_1_201' title='bbox 468 2636 615 2705; x_wconf 89' lang='lat' dir='ltr'><strong>plina</strong></span> <span class='ocrx_word' id='word_1_202' title='bbox 637 2636 690 2690; x_wconf 91' lang='lat' dir='ltr'><strong>in</strong></span> <span class='ocrx_word' id='word_1_203' title='bbox 718 2638 972 2709; x_wconf 66' lang='lat' dir='ltr'><strong>praesenti</strong></span> <span class='ocrx_word' id='word_1_204' title='bbox 1002 2638 1229 2710; x_wconf 88' lang='lat' dir='ltr'><strong>quidem</strong></span> <span class='ocrx_word' id='word_1_205' title='bbox 1275 2656 1387 2695; x_wconf 92' lang='lat' dir='ltr'><strong>non</strong></span> <span class='ocrx_word' id='word_1_206' title='bbox 1416 2642 1639 2697; x_wconf 85' lang='lat' dir='ltr'><strong>videtur</strong></span> <span class='ocrx_word' id='word_1_207' title='bbox 1666 2657 1789 2698; x_wconf 89' lang='lat' dir='ltr'><strong>esse</strong></span> <span class='ocrx_word' id='word_1_208' title='bbox 1830 2643 2039 2713; x_wconf 90' lang='lat' dir='ltr'><strong>gaudii,</strong></span> 
     </span>
    </p>
   </div>
   <div class='ocr_carea' id='block_1_29' title="bbox 468 2728 2044 2807">
    <p class='ocr_par' dir='ltr' id='par_1_29' title="bbox 468 2728 2044 2807">
     <span class='ocr_line' id='line_1_29' title="bbox 468 2728 2044 2807; baseline 0.005 -23"><span class='ocrx_word' id='word_1_209' title='bbox 468 2728 565 2784; x_wconf 87' lang='lat' dir='ltr'><strong>scd</strong></span> <span class='ocrx_word' id='word_1_210' title='bbox 609 2731 881 2796; x_wconf 75' lang='lat' dir='ltr'><strong>mmroris,</strong></span> <span class='ocrx_word' id='word_1_211' title='bbox 937 2741 1125 2802; x_wconf 88' lang='lat' dir='ltr'><strong>postea</strong></span> <span class='ocrx_word' id='word_1_212' title='bbox 1168 2749 1300 2788; x_wconf 89' lang='lat' dir='ltr'><strong>vero</strong></span> <span class='ocrx_word' id='word_1_213' title='bbox 1345 2734 1586 2791; x_wconf 83' lang='lat' dir='ltr'><strong>fructum</strong></span> <span class='ocrx_word' id='word_1_214' title='bbox 1640 2745 1896 2807; x_wconf 86' lang='lat' dir='ltr'><strong>pacatum</strong></span> <span class='ocrx_word' id='word_1_215' title='bbox 1942 2753 2044 2807; x_wconf 91' lang='lat' dir='ltr'><strong>per</strong></span> 
     </span>
    </p>
   </div>
   <div class='ocr_carea' id='block_1_30' title="bbox 467 2821 2036 2895">
    <p class='ocr_par' dir='ltr' id='par_1_30' title="bbox 467 2821 2036 2895">
     <span class='ocr_line' id='line_1_30' title="bbox 467 2821 2036 2895; baseline 0.005 -22"><span class='ocrx_word' id='word_1_216' title='bbox 467 2836 588 2874; x_wconf 90' lang='lat' dir='ltr'><strong>eam</strong></span> <span class='ocrx_word' id='word_1_217' title='bbox 622 2821 936 2877; x_wconf 79' lang='lat' dir='ltr'><strong>exercitatis</strong></span> <span class='ocrx_word' id='word_1_218' title='bbox 975 2823 1497 2895; x_wconf 74' lang='lat' dir='ltr'><strong>reddetjustitize“.</strong></span> <span class='ocrx_word' id='word_1_219' title='bbox 1544 2845 1562 2877; x_wconf 74' lang='grc' dir='ltr'><strong>ι</strong></span> <span class='ocrx_word' id='word_1_220' title='bbox 1593 2826 1765 2882; x_wconf 81' lang='lat' dir='ltr'><strong>David</strong></span> <span class='ocrx_word' id='word_1_221' title='bbox 1793 2845 1806 2881; x_wconf 91' lang='lat'><strong>:</strong></span> <span class='ocrx_word' id='word_1_222' title='bbox 1848 2847 1865 2879; x_wconf 86' lang='grc' dir='ltr'><strong>ι</strong></span> <span class='ocrx_word' id='word_1_223' title='bbox 1895 2827 2036 2884; x_wconf 79' lang='lat' dir='ltr'><strong>Bea-</strong></span> 
     </span>
    </p>
   </div>
   <div class='ocr_carea' id='block_1_31' title="bbox 471 2910 2042 2989">
    <p class='ocr_par' dir='ltr' id='par_1_31' title="bbox 471 2910 2042 2989">
     <span class='ocr_line' id='line_1_31' title="bbox 471 2910 2042 2989; baseline 0.006 -25"><span class='ocrx_word' id='word_1_224' title='bbox 471 2921 559 2964; x_wconf 86' lang='lat' dir='ltr'><strong>tus</strong></span> <span class='ocrx_word' id='word_1_225' title='bbox 591 2910 756 2965; x_wconf 85' lang='lat' dir='ltr'><strong>homo</strong></span> <span class='ocrx_word' id='word_1_226' title='bbox 790 2928 955 2982; x_wconf 89' lang='lat' dir='ltr'><strong>quem</strong></span> <span class='ocrx_word' id='word_1_227' title='bbox 995 2923 1051 2968; x_wconf 91' lang='lat' dir='ltr'><strong>tu</strong></span> <span class='ocrx_word' id='word_1_228' title='bbox 1078 2914 1375 2983; x_wconf 90' lang='lat' dir='ltr'><strong>erudieris,</strong></span> <span class='ocrx_word' id='word_1_229' title='bbox 1432 2916 1687 2979; x_wconf 90' lang='lat' dir='ltr'><strong>Domine,</strong></span> <span class='ocrx_word' id='word_1_230' title='bbox 1720 2926 1777 2972; x_wconf 88' lang='lat' dir='ltr'><strong>et</strong></span> <span class='ocrx_word' id='word_1_231' title='bbox 1804 2917 1872 2973; x_wconf 92' lang='lat' dir='ltr'><strong>de</strong></span> <span class='ocrx_word' id='word_1_232' title='bbox 1918 2918 2042 2989; x_wconf 83' lang='lat' dir='ltr'><strong>lege</strong></span> 
     </span>
    </p>
   </div>
   <div class='ocr_carea' id='block_1_32' title="bbox 468 3003 2036 3079">
    <p class='ocr_par' dir='ltr' id='par_1_32' title="bbox 468 3003 2036 3079">
     <span class='ocr_line' id='line_1_32' title="bbox 468 3003 2036 3079; baseline 0.004 -21"><span class='ocrx_word' id='word_1_233' title='bbox 468 3013 561 3058; x_wconf 89' lang='lat' dir='ltr'><strong>tua</strong></span> <span class='ocrx_word' id='word_1_234' title='bbox 581 3003 838 3059; x_wconf 88' lang='lat' dir='ltr'><strong>docueris</strong></span> <span class='ocrx_word' id='word_1_235' title='bbox 864 3007 1076 3072; x_wconf 81' lang='lat' dir='ltr'><strong>eum&quot;;</strong></span> <span class='ocrx_word' id='word_1_236' title='bbox 1113 3025 1131 3058; x_wconf 83' lang='grc' dir='ltr'><strong>ι</strong></span> <span class='ocrx_word' id='word_1_237' title='bbox 1187 3016 1272 3062; x_wconf 90' lang='lat' dir='ltr'><strong>et:</strong></span> <span class='ocrx_word' id='word_1_238' title='bbox 1336 3026 1354 3059; x_wconf 87' lang='grc' dir='ltr'><strong>ι</strong></span> <span class='ocrx_word' id='word_1_239' title='bbox 1391 3007 1679 3078; x_wconf 86' lang='lat' dir='ltr'><strong>Castigans</strong></span> <span class='ocrx_word' id='word_1_240' title='bbox 1731 3009 2036 3079; x_wconf 80' lang='lat' dir='ltr'><strong>castigavit</strong></span> 
     </span>
    </p>
   </div>
   <div class='ocr_carea' id='block_1_33' title="bbox 468 3098 2041 3161">
    <p class='ocr_par' dir='ltr' id='par_1_33' title="bbox 468 3098 2041 3161">
     <span class='ocr_line' id='line_1_33' title="bbox 468 3098 2041 3161; baseline 0.004 -10"><span class='ocrx_word' id='word_1_241' title='bbox 468 3112 557 3151; x_wconf 90' lang='lat' dir='ltr'><strong>me</strong></span> <span class='ocrx_word' id='word_1_242' title='bbox 580 3098 865 3161; x_wconf 90' lang='lat' dir='ltr'><strong>Dominus,</strong></span> <span class='ocrx_word' id='word_1_243' title='bbox 893 3107 949 3153; x_wconf 91' lang='lat' dir='ltr'><strong>et</strong></span> <span class='ocrx_word' id='word_1_244' title='bbox 1004 3099 1168 3153; x_wconf 87' lang='lat' dir='ltr'><strong>morti</strong></span> <span class='ocrx_word' id='word_1_245' title='bbox 1201 3115 1310 3153; x_wconf 92' lang='lat' dir='ltr'><strong>non</strong></span> <span class='ocrx_word' id='word_1_246' title='bbox 1350 3099 1593 3155; x_wconf 86' lang='lat' dir='ltr'><strong>reddidit</strong></span> <span class='ocrx_word' id='word_1_247' title='bbox 1646 3101 1814 3155; x_wconf 81' lang='lat' dir='ltr'><strong>me“.</strong></span> <span class='ocrx_word' id='word_1_248' title='bbox 1855 3121 1872 3152; x_wconf 78' lang='grc' dir='ltr'><strong>ι</strong></span> <span class='ocrx_word' id='word_1_249' title='bbox 1928 3103 2041 3157; x_wconf 91' lang='lat' dir='ltr'><strong>lte-</strong></span> 
     </span>
    </p>
   </div>
   <div class='ocr_carea' id='block_1_34' title="bbox 2144 638 3723 718">
    <p class='ocr_par' dir='ltr' id='par_1_34' title="bbox 2144 638 3723 718">
     <span class='ocr_line' id='line_1_34' title="bbox 2144 638 3723 718; baseline 0.007 -27"><span class='ocrx_word' id='word_1_250' title='bbox 2144 638 2239 692; x_wconf 77' lang='grc' dir='ltr'>καὶ</span> <span class='ocrx_word' id='word_1_251' title='bbox 2270 639 2568 711; x_wconf 75' lang='grc' dir='ltr'><strong>προσέχετε</strong></span> <span class='ocrx_word' id='word_1_252' title='bbox 2612 641 2817 710; x_wconf 86' lang='grc' dir='ltr'>γνῶναι</span> <span class='ocrx_word' id='word_1_253' title='bbox 2864 642 3096 699; x_wconf 68' lang='grc' dir='ltr'>ἔννοιαν.</span> <span class='ocrx_word' id='word_1_254' title='bbox 3153 644 3339 717; x_wconf 86' lang='grc' dir='ltr'>Δῶρον</span> <span class='ocrx_word' id='word_1_255' title='bbox 3372 646 3482 718; x_wconf 79' lang='grc' dir='ltr'><strong>γὰρ</strong></span> <span class='ocrx_word' id='word_1_256' title='bbox 3519 647 3723 717; x_wconf 71' lang='grc' dir='ltr'>ἀγαθὸν</span> 
     </span>
    </p>
   </div>
   <div class='ocr_carea' id='block_1_35' title="bbox 2141 732 3720 811">
    <p class='ocr_par' dir='ltr' id='par_1_35' title="bbox 2141 732 3720 811">
     <span class='ocr_line' id='line_1_35' title="bbox 2141 732 3720 811; baseline 0.007 -24"><span class='ocrx_word' id='word_1_257' title='bbox 2141 732 2421 804; x_wconf 80' lang='grc' dir='ltr'><strong>δωροῦμαι</strong></span> <span class='ocrx_word' id='word_1_258' title='bbox 2450 734 2601 805; x_wconf 78' lang='grc' dir='ltr'>ὑμῖν,</span> <span class='ocrx_word' id='word_1_259' title='bbox 2634 736 2727 789; x_wconf 82' lang='grc' dir='ltr'>τὸν</span> <span class='ocrx_word' id='word_1_260' title='bbox 2774 736 2908 806; x_wconf 82' lang='grc' dir='ltr'>ὲμδν</span> <span class='ocrx_word' id='word_1_261' title='bbox 2961 738 3127 809; x_wconf 84' lang='grc' dir='ltr'>νόμον</span> <span class='ocrx_word' id='word_1_262' title='bbox 3172 739 3249 811; x_wconf 80' lang='grc' dir='ltr'>μὴ</span> <span class='ocrx_word' id='word_1_263' title='bbox 3299 741 3720 809; x_wconf 77' lang='grc' dir='ltr'>ὲγκαταλίπετε.</span> 
     </span>
    </p>
   </div>
   <div class='ocr_carea' id='block_1_36' title="bbox 2142 825 3725 901">
    <p class='ocr_par' dir='ltr' id='par_1_36' title="bbox 2142 825 3725 901">
     <span class='ocr_line' id='line_1_36' title="bbox 2142 825 3725 901; baseline 0.007 -23"><span class='ocrx_word' id='word_1_264' title='bbox 2142 825 2411 898; x_wconf 83' lang='grc' dir='ltr'>Νοήσατε,</span> <span class='ocrx_word' id='word_1_265' title='bbox 2434 828 2655 892; x_wconf 74' lang='grc' dir='ltr'>ἄκακοι.</span> <span class='ocrx_word' id='word_1_266' title='bbox 2676 832 3035 901; x_wconf 79' lang='grc' dir='ltr'><strong>πανουργίαν·</strong></span> <span class='ocrx_word' id='word_1_267' title='bbox 3058 833 3107 885; x_wconf 86' lang='grc' dir='ltr'>οἱ</span> <span class='ocrx_word' id='word_1_268' title='bbox 3127 832 3183 885; x_wconf 84' lang='grc' dir='ltr'>δὲ</span> <span class='ocrx_word' id='word_1_269' title='bbox 3208 833 3549 899; x_wconf 83' lang='grc' dir='ltr'>ἀπαίδευτοι,</span> <span class='ocrx_word' id='word_1_270' title='bbox 3578 836 3725 890; x_wconf 74' lang='grc' dir='ltr'>ἔνθεο</span> 
     </span>
    </p>
   </div>
   <div class='ocr_carea' id='block_1_37' title="bbox 2144 918 3726 998">
    <p class='ocr_par' dir='ltr' id='par_1_37' title="bbox 2144 918 3726 998">
     <span class='ocr_line' id='line_1_37' title="bbox 2144 918 3726 998; baseline 0.006 -27"><span class='ocrx_word' id='word_1_271' title='bbox 2144 918 2239 972; x_wconf 87' lang='grc' dir='ltr'><strong>σθε</strong></span> <span class='ocrx_word' id='word_1_272' title='bbox 2266 920 2515 991; x_wconf 81' lang='grc' dir='ltr'>καρδίαν·</span> <span class='ocrx_word' id='word_1_273' title='bbox 2541 920 2737 976; x_wconf 74' lang='grc' dir='ltr'>λάϐετε</span> <span class='ocrx_word' id='word_1_274' title='bbox 2767 923 3038 986; x_wconf 85' lang='grc' dir='ltr'>παιδείαν,</span> <span class='ocrx_word' id='word_1_275' title='bbox 3066 925 3161 977; x_wconf 73' lang='grc' dir='ltr'>καὶ</span> <span class='ocrx_word' id='word_1_276' title='bbox 3193 924 3269 996; x_wconf 84' lang='grc' dir='ltr'>μὴ</span> <span class='ocrx_word' id='word_1_277' title='bbox 3297 926 3588 998; x_wconf 87' lang='grc' dir='ltr'>ἀργύριον,</span> <span class='ocrx_word' id='word_1_278' title='bbox 3632 929 3726 982; x_wconf 79' lang='grc' dir='ltr'>καὶ</span> 
     </span>
    </p>
   </div>
   <div class='ocr_carea' id='block_1_38' title="bbox 2142 1007 3723 1084">
    <p class='ocr_par' dir='ltr' id='par_1_38' title="bbox 2142 1007 3723 1084">
     <span class='ocr_line' id='line_1_38' title="bbox 2142 1007 3723 1084; baseline 0.007 -24"><span class='ocrx_word' id='word_1_279' title='bbox 2142 1007 2347 1076; x_wconf 84' lang='grc' dir='ltr'>γνῶσιν</span> <span class='ocrx_word' id='word_1_280' title='bbox 2368 1010 2508 1078; x_wconf 76' lang='grc' dir='ltr'>ὑπὲρ</span> <span class='ocrx_word' id='word_1_281' title='bbox 2536 1011 2761 1082; x_wconf 86' lang='grc' dir='ltr'>χρυσίον</span> <span class='ocrx_word' id='word_1_282' title='bbox 2790 1012 3279 1084; x_wconf 78' lang='grc' dir='ltr'>δεδοκιμασμένον.</span> <span class='ocrx_word' id='word_1_283' title='bbox 3315 1034 3333 1067; x_wconf 75' lang='grc' dir='ltr'><strong>ι</strong></span> <span class='ocrx_word' id='word_1_284' title='bbox 3368 1017 3476 1070; x_wconf 85' lang='lat' dir='ltr'><strong>Kal</strong></span> <span class='ocrx_word' id='word_1_285' title='bbox 3504 1017 3594 1070; x_wconf 81' lang='grc' dir='ltr'>διὰ</span> <span class='ocrx_word' id='word_1_286' title='bbox 3629 1018 3723 1071; x_wconf 84' lang='grc' dir='ltr'><strong>τοῦ</strong></span> 
     </span>
    </p>
   </div>
   <div class='ocr_carea' id='block_1_39' title="bbox 2144 1101 3725 1181">
    <p class='ocr_par' dir='ltr' id='par_1_39' title="bbox 2144 1101 3725 1181">
     <span class='ocr_line' id='line_1_39' title="bbox 2144 1101 3725 1181; baseline 0.008 -29"><span class='ocrx_word' id='word_1_287' title='bbox 2144 1101 2421 1171; x_wconf 73' lang='grc' dir='ltr'>προφήτου</span> <span class='ocrx_word' id='word_1_288' title='bbox 2454 1102 2712 1170; x_wconf 72' lang='grc' dir='ltr'>Σοφονίου</span> <span class='ocrx_word' id='word_1_289' title='bbox 2751 1105 2918 1175; x_wconf 59' lang='grc' dir='ltr'>φησιν</span> <span class='ocrx_word' id='word_1_290' title='bbox 2966 1107 2994 1159; x_wconf 98' lang='lat'><strong>6</strong></span> <span class='ocrx_word' id='word_1_291' title='bbox 3033 1106 3199 1171; x_wconf 81' lang='grc' dir='ltr'>Θεδς·</span> <span class='ocrx_word' id='word_1_292' title='bbox 3260 1127 3279 1161; x_wconf 87' lang='grc' dir='ltr'><strong>ι</strong></span> <span class='ocrx_word' id='word_1_293' title='bbox 3344 1108 3610 1164; x_wconf 62' lang='grc' dir='ltr'>Φοδετσθέ</span> <span class='ocrx_word' id='word_1_294' title='bbox 3657 1129 3725 1181; x_wconf 89' lang='grc' dir='ltr'><strong>με</strong></span> 
     </span>
    </p>
   </div>
   <div class='ocr_carea' id='block_1_40' title="bbox 2143 1192 3720 1272">
    <p class='ocr_par' dir='ltr' id='par_1_40' title="bbox 2143 1192 3720 1272">
     <span class='ocr_line' id='line_1_40' title="bbox 2143 1192 3720 1272; baseline 0.008 -27"><span class='ocrx_word' id='word_1_295' title='bbox 2143 1193 2239 1246; x_wconf 66' lang='grc' dir='ltr'><strong>καὶ</strong></span> <span class='ocrx_word' id='word_1_296' title='bbox 2273 1192 2502 1258; x_wconf 80' lang='grc' dir='ltr'>δέξασθε</span> <span class='ocrx_word' id='word_1_297' title='bbox 2549 1195 2826 1262; x_wconf 76' lang='grc' dir='ltr'>παιδείαν,</span> <span class='ocrx_word' id='word_1_298' title='bbox 2882 1198 2976 1250; x_wconf 67' lang='grc' dir='ltr'>καὶ</span> <span class='ocrx_word' id='word_1_299' title='bbox 3014 1198 3075 1251; x_wconf 78' lang='lat' dir='ltr'><strong>o6</strong></span> <span class='ocrx_word' id='word_1_300' title='bbox 3129 1199 3205 1269; x_wconf 78' lang='grc' dir='ltr'>μὴ</span> <span class='ocrx_word' id='word_1_301' title='bbox 3252 1200 3720 1272; x_wconf 79' lang='grc' dir='ltr'>ὲεολοθρευθῆτε,</span> 
     </span>
    </p>
   </div>
   <div class='ocr_carea' id='block_1_41' title="bbox 2142 1283 3723 1359">
    <p class='ocr_par' dir='ltr' id='par_1_41' title="bbox 2142 1283 3723 1359">
     <span class='ocr_line' id='line_1_41' title="bbox 2142 1283 3723 1359; baseline 0.009 -22"><span class='ocrx_word' id='word_1_302' title='bbox 2142 1283 2237 1337; x_wconf 89' lang='grc' dir='ltr'><strong>τοῦ</strong></span> <span class='ocrx_word' id='word_1_303' title='bbox 2278 1284 2552 1340; x_wconf 79' lang='grc' dir='ltr'>δουλεύειν</span> <span class='ocrx_word' id='word_1_304' title='bbox 2585 1287 2777 1357; x_wconf 81' lang='grc' dir='ltr'>Κυρίῳ</span> <span class='ocrx_word' id='word_1_305' title='bbox 2823 1288 2931 1343; x_wconf 79' lang='lat'><strong>61:6</strong></span> <span class='ocrx_word' id='word_1_306' title='bbox 2982 1289 3148 1359; x_wconf 75' lang='grc' dir='ltr'>ζυγὸν</span> <span class='ocrx_word' id='word_1_307' title='bbox 3190 1291 3310 1347; x_wconf 70' lang='grc' dir='ltr'>ἕνα.</span> <span class='ocrx_word' id='word_1_308' title='bbox 3345 1311 3364 1345; x_wconf 79' lang='grc' dir='ltr'><strong>ι</strong></span> <span class='ocrx_word' id='word_1_309' title='bbox 3397 1294 3510 1348; x_wconf 87' lang='lat' dir='ltr'><strong>Kal</strong></span> <span class='ocrx_word' id='word_1_310' title='bbox 3554 1295 3584 1348; x_wconf 91' lang='lat'><strong>6</strong></span> <span class='ocrx_word' id='word_1_311' title='bbox 3622 1296 3723 1350; x_wconf 70' lang='grc' dir='ltr'>Μιν</span> 
     </span>
    </p>
   </div>
   <div class='ocr_carea' id='block_1_42' title="bbox 2143 1377 3721 1457">
    <p class='ocr_par' dir='ltr' id='par_1_42' title="bbox 2143 1377 3721 1457">
     <span class='ocr_line' id='line_1_42' title="bbox 2143 1377 3721 1457; baseline 0.008 -28"><span class='ocrx_word' id='word_1_312' title='bbox 2143 1378 2302 1448; x_wconf 70' lang='grc' dir='ltr'>χαίοις</span> <span class='ocrx_word' id='word_1_313' title='bbox 2333 1377 2518 1447; x_wconf 86' lang='grc' dir='ltr'>φησίν·</span> <span class='ocrx_word' id='word_1_314' title='bbox 2557 1397 2575 1431; x_wconf 87' lang='grc' dir='ltr'><strong>ι</strong></span> <span class='ocrx_word' id='word_1_315' title='bbox 2621 1378 2885 1450; x_wconf 79' lang='grc' dir='ltr'><strong>Ποίμαινε</strong></span> <span class='ocrx_word' id='word_1_316' title='bbox 2916 1380 3059 1435; x_wconf 79' lang='grc' dir='ltr'>’λαόν</span> <span class='ocrx_word' id='word_1_317' title='bbox 3106 1398 3200 1436; x_wconf 90' lang='grc' dir='ltr'><strong>σου</strong></span> <span class='ocrx_word' id='word_1_318' title='bbox 3233 1383 3293 1436; x_wconf 84' lang='grc' dir='ltr'>ὲν</span> <span class='ocrx_word' id='word_1_319' title='bbox 3331 1384 3537 1457; x_wconf 74' lang='grc' dir='ltr'><strong>ῥάϐδῳ.</strong></span> <span class='ocrx_word' id='word_1_320' title='bbox 3592 1405 3612 1439; x_wconf 72' lang='grc' dir='ltr'><strong>ι</strong></span> <span class='ocrx_word' id='word_1_321' title='bbox 3664 1388 3721 1441; x_wconf 89' lang='grc'><strong>’0</strong></span> 
     </span>
    </p>
   </div>
   <div class='ocr_carea' id='block_1_43' title="bbox 2143 1469 3721 1552">
    <p class='ocr_par' dir='ltr' id='par_1_43' title="bbox 2143 1469 3721 1552">
     <span class='ocr_line' id='line_1_43' title="bbox 2143 1469 3721 1552; baseline 0.007 -29"><span class='ocrx_word' id='word_1_322' title='bbox 2143 1469 2199 1524; x_wconf 84' lang='grc' dir='ltr'>δὲ</span> <span class='ocrx_word' id='word_1_323' title='bbox 2225 1470 2549 1535; x_wconf 81' lang='grc' dir='ltr'>Ἀπόστολος</span> <span class='ocrx_word' id='word_1_324' title='bbox 2568 1472 3213 1546; x_wconf 69' lang='grc' dir='ltr'>ἑπιστέλλωνἙσραίοις,</span> <span class='ocrx_word' id='word_1_325' title='bbox 3240 1476 3413 1545; x_wconf 79' lang='grc' dir='ltr'>λέγει·</span> <span class='ocrx_word' id='word_1_326' title='bbox 3445 1497 3463 1530; x_wconf 78' lang='grc' dir='ltr'><strong>ι</strong></span> <span class='ocrx_word' id='word_1_327' title='bbox 3494 1478 3613 1541; x_wconf 78' lang='grc' dir='ltr'>Υἱὲ,</span> <span class='ocrx_word' id='word_1_328' title='bbox 3648 1481 3721 1552; x_wconf 78' lang='grc' dir='ltr'>μὴ</span> 
     </span>
    </p>
   </div>
   <div class='ocr_carea' id='block_1_44' title="bbox 2142 1559 3717 1632">
    <p class='ocr_par' dir='ltr' id='par_1_44' title="bbox 2142 1559 3717 1632">
     <span class='ocr_line' id='line_1_44' title="bbox 2142 1559 3717 1632; baseline 0.005 -21"><span class='ocrx_word' id='word_1_329' title='bbox 2142 1559 2391 1629; x_wconf 80' lang='grc' dir='ltr'>ὀλιγώρει</span> <span class='ocrx_word' id='word_1_330' title='bbox 2437 1559 2685 1623; x_wconf 81' lang='grc' dir='ltr'>παιδείας</span> <span class='ocrx_word' id='word_1_331' title='bbox 2730 1560 2964 1631; x_wconf 80' lang='grc' dir='ltr'>Κυρίου,</span> <span class='ocrx_word' id='word_1_332' title='bbox 3016 1562 3153 1632; x_wconf 78' lang='grc' dir='ltr'>μηδὲ</span> <span class='ocrx_word' id='word_1_333' title='bbox 3195 1563 3395 1617; x_wconf 74' lang='grc' dir='ltr'>ἐκλύου</span> <span class='ocrx_word' id='word_1_334' title='bbox 3430 1565 3524 1618; x_wconf 78' lang='grc' dir='ltr'>ὑπ’</span> <span class='ocrx_word' id='word_1_335' title='bbox 3556 1565 3717 1619; x_wconf 80' lang='grc' dir='ltr'>αὐτοῦ</span> 
     </span>
    </p>
   </div>
   <div class='ocr_carea' id='block_1_45' title="bbox 2143 1649 3718 1722">
    <p class='ocr_par' dir='ltr' id='par_1_45' title="bbox 2143 1649 3718 1722">
     <span class='ocr_line' id='line_1_45' title="bbox 2143 1649 3718 1722; baseline 0.003 -20"><span class='ocrx_word' id='word_1_336' title='bbox 2143 1649 2517 1721; x_wconf 71' lang='grc' dir='ltr'>ἐλεγχόμενος.</span> <span class='ocrx_word' id='word_1_337' title='bbox 2551 1651 2647 1705; x_wconf 73' lang='lat' dir='ltr'><strong>“Ov</strong></span> <span class='ocrx_word' id='word_1_338' title='bbox 2672 1652 2781 1720; x_wconf 72' lang='grc' dir='ltr'><strong>γάρ</strong></span> <span class='ocrx_word' id='word_1_339' title='bbox 2816 1652 3006 1721; x_wconf 70' lang='grc' dir='ltr'>ἀγαπᾷ</span> <span class='ocrx_word' id='word_1_340' title='bbox 3037 1651 3264 1722; x_wconf 80' lang='grc' dir='ltr'>Κύριος,</span> <span class='ocrx_word' id='word_1_341' title='bbox 3296 1654 3571 1708; x_wconf 80' lang='grc' dir='ltr'>παιδεύει·</span> <span class='ocrx_word' id='word_1_342' title='bbox 3611 1672 3718 1722; x_wconf 63' lang='grc' dir='ltr'>ματ</span> 
     </span>
    </p>
   </div>
   <div class='ocr_carea' id='block_1_46' title="bbox 2145 1741 3722 1819">
    <p class='ocr_par' dir='ltr' id='par_1_46' title="bbox 2145 1741 3722 1819">
     <span class='ocr_line' id='line_1_46' title="bbox 2145 1741 3722 1819; baseline 0.003 -24"><span class='ocrx_word' id='word_1_343' title='bbox 2145 1745 2322 1811; x_wconf 78' lang='grc' dir='ltr'>στιγοί</span> <span class='ocrx_word' id='word_1_344' title='bbox 2342 1742 2399 1796; x_wconf 72' lang='grc' dir='ltr'>δὲ</span> <span class='ocrx_word' id='word_1_345' title='bbox 2440 1741 2618 1796; x_wconf 88' lang='grc' dir='ltr'>πάντα</span> <span class='ocrx_word' id='word_1_346' title='bbox 2651 1743 2767 1796; x_wconf 80' lang='grc' dir='ltr'>υίδν</span> <span class='ocrx_word' id='word_1_347' title='bbox 2792 1742 2853 1797; x_wconf 86' lang='grc' dir='ltr'><strong>δν</strong></span> <span class='ocrx_word' id='word_1_348' title='bbox 2879 1744 3281 1815; x_wconf 73' lang='grc' dir='ltr'>παραδέχεται.</span> <span class='ocrx_word' id='word_1_349' title='bbox 3318 1746 3416 1812; x_wconf 77' lang='grc' dir='ltr'>Τίς</span> <span class='ocrx_word' id='word_1_350' title='bbox 3444 1747 3553 1819; x_wconf 86' lang='grc' dir='ltr'><strong>γάρ</strong></span> <span class='ocrx_word' id='word_1_351' title='bbox 3576 1749 3722 1803; x_wconf 80' lang='grc' dir='ltr'>ἐστιν</span> 
     </span>
    </p>
   </div>
   <div class='ocr_carea' id='block_1_47' title="bbox 2145 1834 3723 1912">
    <p class='ocr_par' dir='ltr' id='par_1_47' title="bbox 2145 1834 3723 1912">
     <span class='ocr_line' id='line_1_47' title="bbox 2145 1834 3723 1912; baseline 0.004 -24"><span class='ocrx_word' id='word_1_352' title='bbox 2145 1834 2258 1899; x_wconf 79' lang='grc' dir='ltr'>υίὸς</span> <span class='ocrx_word' id='word_1_353' title='bbox 2290 1834 2350 1887; x_wconf 84' lang='grc' dir='ltr'><strong>δν</strong></span> <span class='ocrx_word' id='word_1_354' title='bbox 2375 1834 2435 1893; x_wconf 80' lang='grc' dir='ltr'><strong>ού</strong></span> <span class='ocrx_word' id='word_1_355' title='bbox 2466 1834 2708 1891; x_wconf 86' lang='grc' dir='ltr'>παιδεύει</span> <span class='ocrx_word' id='word_1_356' title='bbox 2733 1837 2762 1890; x_wconf 93' lang='lat'><strong>6</strong></span> <span class='ocrx_word' id='word_1_357' title='bbox 2796 1836 3019 1907; x_wconf 87' lang='grc' dir='ltr'>πατήρ;</span> <span class='ocrx_word' id='word_1_358' title='bbox 3056 1840 3104 1892; x_wconf 84' lang='grc' dir='ltr'><strong>εί</strong></span> <span class='ocrx_word' id='word_1_359' title='bbox 3157 1837 3215 1892; x_wconf 76' lang='grc' dir='ltr'>δὲ</span> <span class='ocrx_word' id='word_1_360' title='bbox 3245 1840 3414 1912; x_wconf 83' lang='grc' dir='ltr'>χωρίς</span> <span class='ocrx_word' id='word_1_361' title='bbox 3444 1841 3571 1894; x_wconf 74' lang='grc' dir='ltr'>ἐστε</span> <span class='ocrx_word' id='word_1_362' title='bbox 3595 1860 3723 1895; x_wconf 67' lang='lat' dir='ltr'><strong>nat-</strong></span> 
     </span>
    </p>
   </div>
   <div class='ocr_carea' id='block_1_48' title="bbox 2144 1926 3724 2005">
    <p class='ocr_par' dir='ltr' id='par_1_48' title="bbox 2144 1926 3724 2005">
     <span class='ocr_line' id='line_1_48' title="bbox 2144 1926 3724 2005; baseline 0.004 -24"><span class='ocrx_word' id='word_1_363' title='bbox 2144 1926 2311 1993; x_wconf 83' lang='grc' dir='ltr'>δείας,</span> <span class='ocrx_word' id='word_1_364' title='bbox 2357 1926 2466 1998; x_wconf 78' lang='grc' dir='ltr'>ἄρα</span> <span class='ocrx_word' id='word_1_365' title='bbox 2506 1926 2651 1983; x_wconf 82' lang='grc' dir='ltr'>νόθοι</span> <span class='ocrx_word' id='word_1_366' title='bbox 2687 1927 2831 1995; x_wconf 69' lang='grc' dir='ltr'>ἐστὲ,</span> <span class='ocrx_word' id='word_1_367' title='bbox 2864 1929 2960 1982; x_wconf 74' lang='grc' dir='ltr'>καὶ</span> <span class='ocrx_word' id='word_1_368' title='bbox 2996 1929 3119 2001; x_wconf 73' lang='grc' dir='ltr'>οὐχὶ</span> <span class='ocrx_word' id='word_1_369' title='bbox 3150 1932 3277 1987; x_wconf 87' lang='grc' dir='ltr'>υἱοί.</span> <span class='ocrx_word' id='word_1_370' title='bbox 3323 1951 3341 1984; x_wconf 76' lang='grc' dir='ltr'><strong>ι</strong></span> <span class='ocrx_word' id='word_1_371' title='bbox 3384 1934 3497 1988; x_wconf 89' lang='lat' dir='ltr'><strong>Kal</strong></span> <span class='ocrx_word' id='word_1_372' title='bbox 3529 1935 3724 2005; x_wconf 77' lang='grc' dir='ltr'>Κοριν-</span> 
     </span>
    </p>
   </div>
   <div class='ocr_carea' id='block_1_49' title="bbox 2145 2018 3725 2093">
    <p class='ocr_par' dir='ltr' id='par_1_49' title="bbox 2145 2018 3725 2093">
     <span class='ocr_line' id='line_1_49' title="bbox 2145 2018 3725 2093; baseline 0.006 -20"><span class='ocrx_word' id='word_1_373' title='bbox 2145 2019 2300 2083; x_wconf 84' lang='grc' dir='ltr'>θίοις·</span> <span class='ocrx_word' id='word_1_374' title='bbox 2341 2038 2360 2072; x_wconf 79' lang='grc' dir='ltr'><strong>ι</strong></span> <span class='ocrx_word' id='word_1_375' title='bbox 2409 2018 2472 2074; x_wconf 78' lang='lat' dir='ltr'><strong>Ei</strong></span> <span class='ocrx_word' id='word_1_376' title='bbox 2513 2019 2623 2092; x_wconf 83' lang='grc' dir='ltr'><strong>γάρ</strong></span> <span class='ocrx_word' id='word_1_377' title='bbox 2670 2018 2781 2089; x_wconf 66' lang='grc' dir='ltr'><strong>ἐγὼ</strong></span> <span class='ocrx_word' id='word_1_378' title='bbox 2825 2020 2981 2075; x_wconf 83' lang='grc' dir='ltr'>λυπῶ</span> <span class='ocrx_word' id='word_1_379' title='bbox 3034 2022 3213 2093; x_wconf 68' lang='grc' dir='ltr'>ὑμᾶς,</span> <span class='ocrx_word' id='word_1_380' title='bbox 3248 2024 3345 2078; x_wconf 71' lang='grc' dir='ltr'>καὶ</span> <span class='ocrx_word' id='word_1_381' title='bbox 3378 2025 3462 2082; x_wconf 76' lang='grc' dir='ltr'><strong>τίς</strong></span> <span class='ocrx_word' id='word_1_382' title='bbox 3503 2028 3658 2080; x_wconf 74' lang='grc' dir='ltr'>ἔστιν</span> <span class='ocrx_word' id='word_1_383' title='bbox 3695 2030 3725 2083; x_wconf 88' lang='lat'><strong>6</strong></span> 
     </span>
    </p>
   </div>
   <div class='ocr_carea' id='block_1_50' title="bbox 2144 2111 3725 2189">
    <p class='ocr_par' dir='ltr' id='par_1_50' title="bbox 2144 2111 3725 2189">
     <span class='ocr_line' id='line_1_50' title="bbox 2144 2111 3725 2189; baseline 0.005 -25"><span class='ocrx_word' id='word_1_384' title='bbox 2144 2111 2451 2180; x_wconf 80' lang='grc' dir='ltr'>εὐφραένων</span> <span class='ocrx_word' id='word_1_385' title='bbox 2476 2129 2566 2183; x_wconf 86' lang='grc' dir='ltr'><strong>με,</strong></span> <span class='ocrx_word' id='word_1_386' title='bbox 2598 2112 2648 2166; x_wconf 89' lang='grc' dir='ltr'><strong>εί</strong></span> <span class='ocrx_word' id='word_1_387' title='bbox 2677 2112 2753 2183; x_wconf 79' lang='grc' dir='ltr'>μὴ</span> <span class='ocrx_word' id='word_1_388' title='bbox 2786 2112 2815 2167; x_wconf 97' lang='lat'><strong>6</strong></span> <span class='ocrx_word' id='word_1_389' title='bbox 2850 2111 3190 2185; x_wconf 82' lang='grc' dir='ltr'>λυπούμενος</span> <span class='ocrx_word' id='word_1_390' title='bbox 3229 2115 3288 2189; x_wconf 76' lang='grc' dir='ltr'>ἐξ</span> <span class='ocrx_word' id='word_1_391' title='bbox 3333 2116 3506 2188; x_wconf 76' lang='grc' dir='ltr'>ὲμοῦς</span> <span class='ocrx_word' id='word_1_392' title='bbox 3556 2136 3574 2171; x_wconf 80' lang='grc' dir='ltr'><strong>ι</strong></span> <span class='ocrx_word' id='word_1_393' title='bbox 3614 2118 3725 2178; x_wconf 76' lang='grc' dir='ltr'><strong>Καὶ</strong></span> 
     </span>
    </p>
   </div>
   <div class='ocr_carea' id='block_1_51' title="bbox 2143 2205 3712 2280">
    <p class='ocr_par' dir='ltr' id='par_1_51' title="bbox 2143 2205 3712 2280">
     <span class='ocr_line' id='line_1_51' title="bbox 2143 2205 3712 2280; baseline 0.006 -23"><span class='ocrx_word' id='word_1_394' title='bbox 2143 2205 2428 2275; x_wconf 77' lang='grc' dir='ltr'>ἐπιφέρει·</span> <span class='ocrx_word' id='word_1_395' title='bbox 2466 2223 2487 2259; x_wconf 78' lang='grc' dir='ltr'><strong>ε</strong></span> <span class='ocrx_word' id='word_1_396' title='bbox 2528 2206 2686 2260; x_wconf 76' lang='grc' dir='ltr'>Πᾶσα</span> <span class='ocrx_word' id='word_1_397' title='bbox 2719 2205 2776 2259; x_wconf 74' lang='grc' dir='ltr'>δὲ</span> <span class='ocrx_word' id='word_1_398' title='bbox 2822 2206 3061 2269; x_wconf 84' lang='grc' dir='ltr'>παιδεία,</span> <span class='ocrx_word' id='word_1_399' title='bbox 3102 2208 3237 2280; x_wconf 76' lang='grc' dir='ltr'>πρὸς</span> <span class='ocrx_word' id='word_1_400' title='bbox 3266 2209 3367 2279; x_wconf 71' lang='grc' dir='ltr'>μὲν</span> <span class='ocrx_word' id='word_1_401' title='bbox 3411 2210 3476 2263; x_wconf 81' lang='grc' dir='ltr'><strong>τδ</strong></span> <span class='ocrx_word' id='word_1_402' title='bbox 3508 2211 3712 2280; x_wconf 80' lang='grc' dir='ltr'>παρὸν,</span> 
     </span>
    </p>
   </div>
   <div class='ocr_carea' id='block_1_52' title="bbox 2142 2294 3723 2376">
    <p class='ocr_par' dir='ltr' id='par_1_52' title="bbox 2142 2294 3723 2376">
     <span class='ocr_line' id='line_1_52' title="bbox 2142 2294 3723 2376; baseline 0.005 -26"><span class='ocrx_word' id='word_1_403' title='bbox 2142 2297 2205 2350; x_wconf 77' lang='grc' dir='ltr'>οὗ</span> <span class='ocrx_word' id='word_1_404' title='bbox 2229 2298 2378 2351; x_wconf 80' lang='grc' dir='ltr'>δοκεῖ</span> <span class='ocrx_word' id='word_1_405' title='bbox 2403 2299 2581 2368; x_wconf 67' lang='grc' dir='ltr'>χαρᾶς</span> <span class='ocrx_word' id='word_1_406' title='bbox 2606 2294 2767 2363; x_wconf 79' lang='grc' dir='ltr'>εἶναι,</span> <span class='ocrx_word' id='word_1_407' title='bbox 2798 2298 2941 2352; x_wconf 83' lang='grc' dir='ltr'><strong>ἀλλά</strong></span> <span class='ocrx_word' id='word_1_408' title='bbox 2982 2298 3183 2370; x_wconf 81' lang='grc' dir='ltr'>λύπης.</span> <span class='ocrx_word' id='word_1_409' title='bbox 3208 2301 3479 2372; x_wconf 79' lang='grc' dir='ltr'>Ὕστερον</span> <span class='ocrx_word' id='word_1_410' title='bbox 3497 2302 3557 2357; x_wconf 81' lang='grc' dir='ltr'>δὲ</span> <span class='ocrx_word' id='word_1_411' title='bbox 3588 2321 3723 2376; x_wconf 87' lang='grc' dir='ltr'>καρ-</span> 
     </span>
    </p>
   </div>
   <div class='ocr_carea' id='block_1_53' title="bbox 2144 2385 3725 2461">
    <p class='ocr_par' dir='ltr' id='par_1_53' title="bbox 2144 2385 3725 2461">
     <span class='ocr_line' id='line_1_53' title="bbox 2144 2385 3725 2461; baseline 0.004 -23"><span class='ocrx_word' id='word_1_412' title='bbox 2144 2385 2245 2439; x_wconf 77' lang='grc' dir='ltr'>πὸν</span> <span class='ocrx_word' id='word_1_413' title='bbox 2303 2385 2582 2455; x_wconf 76' lang='grc' dir='ltr'>εἰρηνικὸν</span> <span class='ocrx_word' id='word_1_414' title='bbox 2616 2388 2730 2450; x_wconf 78' lang='grc' dir='ltr'>τοῖς</span> <span class='ocrx_word' id='word_1_415' title='bbox 2763 2386 2831 2439; x_wconf 80' lang='grc' dir='ltr'>δι’</span> <span class='ocrx_word' id='word_1_416' title='bbox 2873 2387 3046 2457; x_wconf 73' lang='grc' dir='ltr'>αὐτῆς</span> <span class='ocrx_word' id='word_1_417' title='bbox 3086 2390 3562 2461; x_wconf 78' lang='grc' dir='ltr'>γεγυμνασμένοις</span> <span class='ocrx_word' id='word_1_418' title='bbox 3592 2391 3725 2444; x_wconf 70' lang='grc' dir='ltr'>ἀπο-</span> 
     </span>
    </p>
   </div>
   <div class='ocr_carea' id='block_1_54' title="bbox 2142 2476 3718 2551">
    <p class='ocr_par' dir='ltr' id='par_1_54' title="bbox 2142 2476 3718 2551">
     <span class='ocr_line' id='line_1_54' title="bbox 2142 2476 3718 2551; baseline 0.003 -20"><span class='ocrx_word' id='word_1_419' title='bbox 2142 2476 2357 2531; x_wconf 90' lang='grc' dir='ltr'>δίδωσιν</span> <span class='ocrx_word' id='word_1_420' title='bbox 2388 2476 2756 2546; x_wconf 83' lang='grc' dir='ltr'>δικαιοσύνης.</span> <span class='ocrx_word' id='word_1_421' title='bbox 2807 2497 2825 2530; x_wconf 74' lang='grc' dir='ltr'><strong>ι</strong></span> <span class='ocrx_word' id='word_1_422' title='bbox 2875 2479 2984 2532; x_wconf 80' lang='grc' dir='ltr'><strong>Καὶ</strong></span> <span class='ocrx_word' id='word_1_423' title='bbox 3022 2480 3050 2533; x_wconf 88' lang='lat'><strong>6</strong></span> <span class='ocrx_word' id='word_1_424' title='bbox 3076 2480 3260 2546; x_wconf 77' lang='lat' dir='ltr'><strong>Aa6l6,</strong></span> <span class='ocrx_word' id='word_1_425' title='bbox 3293 2480 3470 2551; x_wconf 84' lang='grc' dir='ltr'>λέγων</span> <span class='ocrx_word' id='word_1_426' title='bbox 3495 2498 3509 2512; x_wconf 91' lang='grc'><strong>·</strong></span> <span class='ocrx_word' id='word_1_427' title='bbox 3542 2499 3563 2533; x_wconf 77' lang='grc' dir='ltr'><strong>ι</strong></span> <span class='ocrx_word' id='word_1_428' title='bbox 3603 2481 3718 2537; x_wconf 74' lang='grc' dir='ltr'><strong>Μα-</strong></span> 
     </span>
    </p>
   </div>
   <div class='ocr_carea' id='block_1_55' title="bbox 2141 2568 3722 2645">
    <p class='ocr_par' dir='ltr' id='par_1_55' title="bbox 2141 2568 3722 2645">
     <span class='ocr_line' id='line_1_55' title="bbox 2141 2568 3722 2645; baseline 0.003 -22"><span class='ocrx_word' id='word_1_429' title='bbox 2141 2570 2332 2642; x_wconf 76' lang='grc' dir='ltr'>κάριος</span> <span class='ocrx_word' id='word_1_430' title='bbox 2355 2568 2643 2639; x_wconf 65' lang='grc' dir='ltr'>ἄνθρωπος</span> <span class='ocrx_word' id='word_1_431' title='bbox 2670 2568 2729 2623; x_wconf 89' lang='grc' dir='ltr'><strong>δν</strong></span> <span class='ocrx_word' id='word_1_432' title='bbox 2760 2571 2826 2625; x_wconf 73' lang='grc' dir='ltr'><strong>ἀν</strong></span> <span class='ocrx_word' id='word_1_433' title='bbox 2854 2571 3175 2645; x_wconf 77' lang='grc' dir='ltr'>παιδεύσῃς,</span> <span class='ocrx_word' id='word_1_434' title='bbox 3197 2571 3396 2644; x_wconf 79' lang='grc' dir='ltr'>Κύριε,</span> <span class='ocrx_word' id='word_1_435' title='bbox 3417 2575 3515 2628; x_wconf 77' lang='grc' dir='ltr'>καὶ</span> <span class='ocrx_word' id='word_1_436' title='bbox 3534 2575 3601 2627; x_wconf 75' lang='grc' dir='ltr'>ἐκ</span> <span class='ocrx_word' id='word_1_437' title='bbox 3626 2572 3722 2628; x_wconf 83' lang='grc' dir='ltr'><strong>τοῦ</strong></span> 
     </span>
    </p>
   </div>
   <div class='ocr_carea' id='block_1_56' title="bbox 2142 2663 3727 2737">
    <p class='ocr_par' dir='ltr' id='par_1_56' title="bbox 2142 2663 3727 2737">
     <span class='ocr_line' id='line_1_56' title="bbox 2142 2663 3727 2737; baseline -0.001 -18"><span class='ocrx_word' id='word_1_438' title='bbox 2142 2664 2311 2736; x_wconf 86' lang='grc' dir='ltr'>νόμου</span> <span class='ocrx_word' id='word_1_439' title='bbox 2351 2681 2445 2719; x_wconf 87' lang='grc' dir='ltr'><strong>σου</strong></span> <span class='ocrx_word' id='word_1_440' title='bbox 2487 2663 2706 2737; x_wconf 78' lang='grc' dir='ltr'>διδάξῃς</span> <span class='ocrx_word' id='word_1_441' title='bbox 2729 2666 2914 2720; x_wconf 80' lang='grc' dir='ltr'>αὐτόν.</span> <span class='ocrx_word' id='word_1_442' title='bbox 2958 2685 2976 2718; x_wconf 78' lang='grc' dir='ltr'><strong>ι</strong></span> <span class='ocrx_word' id='word_1_443' title='bbox 3010 2666 3151 2719; x_wconf 78' lang='grc' dir='ltr'>Καί·</span> <span class='ocrx_word' id='word_1_444' title='bbox 3190 2685 3209 2719; x_wconf 86' lang='grc' dir='ltr'><strong>ι</strong></span> <span class='ocrx_word' id='word_1_445' title='bbox 3254 2666 3535 2721; x_wconf 88' lang='grc' dir='ltr'>Παιδεύων</span> <span class='ocrx_word' id='word_1_446' title='bbox 3568 2665 3727 2719; x_wconf 69' lang='grc' dir='ltr'>ἐπαί-</span> 
     </span>
    </p>
   </div>
   <div class='ocr_carea' id='block_1_57' title="bbox 2142 2755 3717 2829">
    <p class='ocr_par' dir='ltr' id='par_1_57' title="bbox 2142 2755 3717 2829">
     <span class='ocr_line' id='line_1_57' title="bbox 2142 2755 3717 2829; baseline -0.001 -18"><span class='ocrx_word' id='word_1_447' title='bbox 2142 2756 2298 2812; x_wconf 81' lang='grc' dir='ltr'>δευσέ</span> <span class='ocrx_word' id='word_1_448' title='bbox 2321 2774 2388 2828; x_wconf 87' lang='grc' dir='ltr'><strong>με</strong></span> <span class='ocrx_word' id='word_1_449' title='bbox 2415 2759 2443 2810; x_wconf 89' lang='lat'><strong>6</strong></span> <span class='ocrx_word' id='word_1_450' title='bbox 2466 2755 2692 2828; x_wconf 80' lang='grc' dir='ltr'>Κύριος,</span> <span class='ocrx_word' id='word_1_451' title='bbox 2714 2757 2793 2827; x_wconf 82' lang='grc' dir='ltr'>τῷ</span> <span class='ocrx_word' id='word_1_452' title='bbox 2813 2757 2871 2811; x_wconf 78' lang='grc' dir='ltr'>δὲ</span> <span class='ocrx_word' id='word_1_453' title='bbox 2899 2757 3115 2826; x_wconf 78' lang='grc' dir='ltr'><strong>Θανάτῳ</strong></span> <span class='ocrx_word' id='word_1_454' title='bbox 3138 2758 3200 2812; x_wconf 86' lang='grc' dir='ltr'><strong>ού</strong></span> <span class='ocrx_word' id='word_1_455' title='bbox 3232 2758 3555 2829; x_wconf 71' lang='grc' dir='ltr'>παρέδωκέν</span> <span class='ocrx_word' id='word_1_456' title='bbox 3588 2774 3678 2828; x_wconf 82' lang='grc' dir='ltr'>με.</span> <span class='ocrx_word' id='word_1_457' title='bbox 3699 2775 3717 2809; x_wconf 78' lang='grc' dir='ltr'><strong>ι</strong></span> 
     </span>
    </p>
   </div>
   <div class='ocr_carea' id='block_1_58' title="bbox 2145 2847 3725 2921">
    <p class='ocr_par' dir='ltr' id='par_1_58' title="bbox 2145 2847 3725 2921">
     <span class='ocr_line' id='line_1_58' title="bbox 2145 2847 3725 2921; baseline 0.001 -18"><span class='ocrx_word' id='word_1_458' title='bbox 2145 2849 2254 2903; x_wconf 86' lang='lat' dir='ltr'><strong>Kal</strong></span> <span class='ocrx_word' id='word_1_459' title='bbox 2299 2849 2500 2914; x_wconf 79' lang='grc' dir='ltr'>πάλιν,</span> <span class='ocrx_word' id='word_1_460' title='bbox 2534 2868 2553 2900; x_wconf 77' lang='grc' dir='ltr'><strong>ι</strong></span> <span class='ocrx_word' id='word_1_461' title='bbox 2589 2847 2882 2904; x_wconf 84' lang='grc' dir='ltr'>Παιδεύσει</span> <span class='ocrx_word' id='word_1_462' title='bbox 2944 2866 3012 2920; x_wconf 88' lang='grc' dir='ltr'><strong>με</strong></span> <span class='ocrx_word' id='word_1_463' title='bbox 3062 2849 3274 2915; x_wconf 85' lang='grc' dir='ltr'>δίκαιος</span> <span class='ocrx_word' id='word_1_464' title='bbox 3324 2852 3383 2903; x_wconf 75' lang='grc' dir='ltr'>ὲν</span> <span class='ocrx_word' id='word_1_465' title='bbox 3432 2849 3591 2921; x_wconf 75' lang='grc' dir='ltr'>ἐλέῳ,</span> <span class='ocrx_word' id='word_1_466' title='bbox 3632 2850 3725 2911; x_wconf 72' lang='grc' dir='ltr'>καὶ</span> 
     </span>
    </p>
   </div>
   <div class='ocr_carea' id='block_1_59' title="bbox 2144 2939 3720 3013">
    <p class='ocr_par' dir='ltr' id='par_1_59' title="bbox 2144 2939 3720 3013">
     <span class='ocr_line' id='line_1_59' title="bbox 2144 2939 3720 3013; baseline 0.001 -19"><span class='ocrx_word' id='word_1_467' title='bbox 2144 2940 2353 3009; x_wconf 76' lang='grc' dir='ltr'>ἐλέγξει</span> <span class='ocrx_word' id='word_1_468' title='bbox 2392 2957 2481 3011; x_wconf 87' lang='grc' dir='ltr'>με.</span> <span class='ocrx_word' id='word_1_469' title='bbox 2520 2958 2539 2993; x_wconf 75' lang='grc' dir='ltr'><strong>ι</strong></span> <span class='ocrx_word' id='word_1_470' title='bbox 2594 2940 2741 2995; x_wconf 80' lang='grc' dir='ltr'>Καί·</span> <span class='ocrx_word' id='word_1_471' title='bbox 2774 2960 2792 2992; x_wconf 85' lang='grc' dir='ltr'><strong>ι</strong></span> <span class='ocrx_word' id='word_1_472' title='bbox 2814 2941 2881 2994; x_wconf 81' lang='grc' dir='ltr'>Ἢ</span> <span class='ocrx_word' id='word_1_473' title='bbox 2915 2940 3137 2995; x_wconf 89' lang='grc' dir='ltr'>παιδεία</span> <span class='ocrx_word' id='word_1_474' title='bbox 3165 2958 3259 2995; x_wconf 87' lang='grc' dir='ltr'><strong>σου</strong></span> <span class='ocrx_word' id='word_1_475' title='bbox 3289 2939 3617 3013; x_wconf 78' lang='grc' dir='ltr'>ἀνώρθωσέν</span> <span class='ocrx_word' id='word_1_476' title='bbox 3654 2958 3720 3013; x_wconf 81' lang='grc' dir='ltr'><strong>με</strong></span> 
     </span>
    </p>
   </div>
   <div class='ocr_carea' id='block_1_60' title="bbox 2144 3032 3717 3105">
    <p class='ocr_par' dir='ltr' id='par_1_60' title="bbox 2144 3032 3717 3105">
     <span class='ocr_line' id='line_1_60' title="bbox 2144 3032 3717 3105; baseline 0.001 -19"><span class='ocrx_word' id='word_1_477' title='bbox 2144 3034 2226 3098; x_wconf 86' lang='grc' dir='ltr'><strong>είς</strong></span> <span class='ocrx_word' id='word_1_478' title='bbox 2274 3032 2462 3097; x_wconf 79' lang='grc' dir='ltr'>τέλος.</span> <span class='ocrx_word' id='word_1_479' title='bbox 2497 3033 2592 3087; x_wconf 72' lang='grc' dir='ltr'>καὶ</span> <span class='ocrx_word' id='word_1_480' title='bbox 2627 3034 2662 3105; x_wconf 79' lang='grc' dir='ltr'>ἡ</span> <span class='ocrx_word' id='word_1_481' title='bbox 2704 3033 2925 3087; x_wconf 81' lang='grc' dir='ltr'>παιδεία</span> <span class='ocrx_word' id='word_1_482' title='bbox 2980 3050 3075 3087; x_wconf 91' lang='grc' dir='ltr'><strong>σου</strong></span> <span class='ocrx_word' id='word_1_483' title='bbox 3131 3034 3269 3104; x_wconf 81' lang='grc' dir='ltr'>αὐτή</span> <span class='ocrx_word' id='word_1_484' title='bbox 3315 3051 3383 3105; x_wconf 87' lang='grc' dir='ltr'><strong>με</strong></span> <span class='ocrx_word' id='word_1_485' title='bbox 3417 3032 3645 3100; x_wconf 79' lang='grc' dir='ltr'>διδάξει.</span> <span class='ocrx_word' id='word_1_486' title='bbox 3698 3052 3717 3087; x_wconf 79' lang='grc' dir='ltr'><strong>ι</strong></span> 
     </span>
    </p>
   </div>
   <div class='ocr_carea' id='block_1_61' title="bbox 2146 3123 3725 3197">
    <p class='ocr_par' dir='ltr' id='par_1_61' title="bbox 2146 3123 3725 3197">
     <span class='ocr_line' id='line_1_61' title="bbox 2146 3123 3725 3197; baseline 0.001 -18"><span class='ocrx_word' id='word_1_487' title='bbox 2146 3124 2257 3179; x_wconf 82' lang='lat' dir='ltr'><strong>Kal</strong></span> <span class='ocrx_word' id='word_1_488' title='bbox 2290 3124 2319 3178; x_wconf 89' lang='lat'><strong>6</strong></span> <span class='ocrx_word' id='word_1_489' title='bbox 2358 3123 2479 3179; x_wconf 78' lang='grc' dir='ltr'><strong>’1ὼ6</strong></span> <span class='ocrx_word' id='word_1_490' title='bbox 2508 3124 2566 3179; x_wconf 83' lang='grc' dir='ltr'><strong><em>δέ</em></strong></span> <span class='ocrx_word' id='word_1_491' title='bbox 2592 3142 2608 3159; x_wconf 93' lang='grc'><strong>·</strong></span> <span class='ocrx_word' id='word_1_492' title='bbox 2640 3144 2659 3177; x_wconf 81' lang='grc' dir='ltr'><strong>ι</strong></span> <span class='ocrx_word' id='word_1_493' title='bbox 2702 3126 2942 3196; x_wconf 83' lang='grc' dir='ltr'>Πότερον</span> <span class='ocrx_word' id='word_1_494' title='bbox 2973 3125 3095 3195; x_wconf 77' lang='grc' dir='ltr'>ούχὶ</span> <span class='ocrx_word' id='word_1_495' title='bbox 3125 3125 3486 3197; x_wconf 71' lang='grc' dir='ltr'>πειρατήριον</span> <span class='ocrx_word' id='word_1_496' title='bbox 3517 3128 3665 3180; x_wconf 76' lang='grc' dir='ltr'>ἐστιν</span> <span class='ocrx_word' id='word_1_497' title='bbox 3696 3127 3725 3180; x_wconf 89' lang='lat'><strong>6</strong></span> 
     </span>
    </p>
   </div>
   <div class='ocr_carea' id='block_1_62' title="bbox 471 3188 2045 3287">
    <p class='ocr_par' dir='ltr' id='par_1_62' title="bbox 471 3188 2042 3261">
     <span class='ocr_line' id='line_1_62' title="bbox 471 3188 2042 3261; baseline 0.004 -17"><span class='ocrx_word' id='word_1_498' title='bbox 471 3206 620 3244; x_wconf 87' lang='lat' dir='ltr'><strong>rum:</strong></span> <span class='ocrx_word' id='word_1_499' title='bbox 653 3208 670 3240; x_wconf 87' lang='grc' dir='ltr'><strong>ι</strong></span> <span class='ocrx_word' id='word_1_500' title='bbox 695 3188 969 3260; x_wconf 89' lang='lat' dir='ltr'><strong>Corripiet</strong></span> <span class='ocrx_word' id='word_1_501' title='bbox 993 3206 1078 3245; x_wconf 92' lang='lat' dir='ltr'><strong>me</strong></span> <span class='ocrx_word' id='word_1_502' title='bbox 1102 3191 1283 3261; x_wconf 89' lang='lat' dir='ltr'><strong>justus</strong></span> <span class='ocrx_word' id='word_1_503' title='bbox 1307 3193 1363 3246; x_wconf 94' lang='lat' dir='ltr'><strong>in</strong></span> <span class='ocrx_word' id='word_1_504' title='bbox 1406 3192 1817 3260; x_wconf 87' lang='lat' dir='ltr'><strong>misericordia,</strong></span> <span class='ocrx_word' id='word_1_505' title='bbox 1845 3204 1904 3249; x_wconf 90' lang='lat' dir='ltr'><strong>et</strong></span> <span class='ocrx_word' id='word_1_506' title='bbox 1955 3196 2042 3249; x_wconf 81' lang='lat' dir='ltr'><strong>in-</strong></span> 
     </span>
    </p>
   </div>
   <div class='ocr_carea' id='block_1_63' title="bbox 2145 3188 3725 3287">
    <p class='ocr_par' dir='ltr' id='par_1_63' title="bbox 2149 3188 3725 3287">
     <span class='ocr_line' id='line_1_63' title="bbox 2149 3188 3725 3287; baseline 0.001 -21"><span class='ocrx_word' id='word_1_507' title='bbox 2149 3212 2264 3284; x_wconf 84' lang='grc' dir='ltr'>βίος</span> <span class='ocrx_word' id='word_1_508' title='bbox 2310 3211 2406 3267; x_wconf 87' lang='grc' dir='ltr'><strong>τοῦ</strong></span> <span class='ocrx_word' id='word_1_509' title='bbox 2445 3212 2736 3286; x_wconf 82' lang='grc' dir='ltr'>ἀνθρώπου</span> <span class='ocrx_word' id='word_1_510' title='bbox 2765 3188 2863 3268; x_wconf 75' lang='grc' dir='ltr'>ιπὶ</span> <span class='ocrx_word' id='word_1_511' title='bbox 2892 3216 2990 3284; x_wconf 81' lang='grc' dir='ltr'>τῆς</span> <span class='ocrx_word' id='word_1_512' title='bbox 3022 3188 3159 3285; x_wconf 51' lang='lat' dir='ltr'><strong>vix;</strong></span> <span class='ocrx_word' id='word_1_513' title='bbox 3194 3188 3588 3287; x_wconf 41' lang='lat' dir='ltr'><strong>i&#39;Kal&#39;t&#39;baxsp</strong></span> <span class='ocrx_word' id='word_1_514' title='bbox 3631 3234 3725 3287; x_wconf 85' lang='grc' dir='ltr'>μι-</span> 
     </span>
    </p>
   </div>
   <div class='ocr_carea' id='block_1_64' title="bbox 471 3283 2044 3357">
    <p class='ocr_par' dir='ltr' id='par_1_64' title="bbox 471 3283 2044 3357">
     <span class='ocr_line' id='line_1_64' title="bbox 471 3283 2044 3357; baseline 0.004 -20"><span class='ocrx_word' id='word_1_515' title='bbox 471 3283 719 3354; x_wconf 84' lang='lat' dir='ltr'><strong>crcpabit</strong></span> <span class='ocrx_word' id='word_1_516' title='bbox 742 3299 827 3339; x_wconf 89' lang='lat' dir='ltr'><strong>me</strong></span> <span class='ocrx_word' id='word_1_517' title='bbox 846 3286 913 3339; x_wconf 85' lang='lat'><strong>&quot;.</strong></span> <span class='ocrx_word' id='word_1_518' title='bbox 943 3304 960 3335; x_wconf 81' lang='grc' dir='ltr'><strong>ι</strong></span> <span class='ocrx_word' id='word_1_519' title='bbox 990 3284 1089 3338; x_wconf 89' lang='lat' dir='ltr'><strong>Et:</strong></span> <span class='ocrx_word' id='word_1_520' title='bbox 1122 3303 1139 3335; x_wconf 86' lang='grc' dir='ltr'><strong>ι</strong></span> <span class='ocrx_word' id='word_1_521' title='bbox 1174 3284 1473 3355; x_wconf 86' lang='lat' dir='ltr'><strong>Disciplina</strong></span> <span class='ocrx_word' id='word_1_522' title='bbox 1505 3294 1597 3340; x_wconf 94' lang='lat' dir='ltr'><strong>tua</strong></span> <span class='ocrx_word' id='word_1_523' title='bbox 1626 3286 1742 3357; x_wconf 83' lang='lat' dir='ltr'><strong>ipsa</strong></span> <span class='ocrx_word' id='word_1_524' title='bbox 1769 3302 1855 3342; x_wconf 93' lang='lat' dir='ltr'><strong>me</strong></span> <span class='ocrx_word' id='word_1_525' title='bbox 1874 3287 2044 3343; x_wconf 91' lang='lat' dir='ltr'><strong>doce-</strong></span> 
     </span>
    </p>
   </div>
   <div class='ocr_carea' id='block_1_65' title="bbox 474 3376 2034 3448">
    <p class='ocr_par' dir='ltr' id='par_1_65' title="bbox 474 3376 2034 3448">
     <span class='ocr_line' id='line_1_65' title="bbox 474 3376 2034 3448; baseline 0.003 -19"><span class='ocrx_word' id='word_1_526' title='bbox 474 3376 635 3431; x_wconf 81' lang='lat' dir='ltr'><strong>bit”.</strong></span> <span class='ocrx_word' id='word_1_527' title='bbox 671 3395 689 3429; x_wconf 79' lang='grc' dir='ltr'><strong>ι</strong></span> <span class='ocrx_word' id='word_1_528' title='bbox 741 3377 809 3432; x_wconf 82' lang='lat' dir='ltr'><strong>Et</strong></span> <span class='ocrx_word' id='word_1_529' title='bbox 862 3378 955 3448; x_wconf 93' lang='lat' dir='ltr'><strong>qui</strong></span> <span class='ocrx_word' id='word_1_530' title='bbox 1017 3378 1239 3433; x_wconf 63' lang='lat' dir='ltr'><strong>Davit&#39;lis</strong></span> <span class='ocrx_word' id='word_1_531' title='bbox 1295 3388 1511 3433; x_wconf 62' lang='lat' dir='ltr'><strong>atatem</strong></span> <span class='ocrx_word' id='word_1_532' title='bbox 1547 3378 1844 3433; x_wconf 89' lang='lat' dir='ltr'><strong>antevertit</strong></span> <span class='ocrx_word' id='word_1_533' title='bbox 1888 3380 2034 3435; x_wconf 90' lang='lat' dir='ltr'><strong>Job:</strong></span> 
     </span>
    </p>
   </div>
   <div class='ocr_carea' id='block_1_66' title="bbox 479 3469 2042 3539">
    <p class='ocr_par' dir='ltr' id='par_1_66' title="bbox 479 3469 2042 3539">
     <span class='ocr_line' id='line_1_66' title="bbox 479 3469 2042 3539; baseline 0.004 -18"><span class='ocrx_word' id='word_1_534' title='bbox 479 3490 496 3520; x_wconf 76' lang='grc' dir='ltr'><strong>ε</strong></span> <span class='ocrx_word' id='word_1_535' title='bbox 529 3469 787 3539; x_wconf 83' lang='lat' dir='ltr'><strong>Nunquid</strong></span> <span class='ocrx_word' id='word_1_536' title='bbox 833 3485 942 3525; x_wconf 93' lang='lat' dir='ltr'><strong>non</strong></span> <span class='ocrx_word' id='word_1_537' title='bbox 974 3471 1129 3525; x_wconf 86' lang='lat' dir='ltr'><strong>locus</strong></span> <span class='ocrx_word' id='word_1_538' title='bbox 1173 3470 1492 3526; x_wconf 88' lang='lat' dir='ltr'><strong>tentationis</strong></span> <span class='ocrx_word' id='word_1_539' title='bbox 1517 3480 1603 3525; x_wconf 77' lang='lat' dir='ltr'><strong>est</strong></span> <span class='ocrx_word' id='word_1_540' title='bbox 1634 3470 1745 3526; x_wconf 87' lang='lat' dir='ltr'><strong>vita</strong></span> <span class='ocrx_word' id='word_1_541' title='bbox 1797 3472 2042 3529; x_wconf 90' lang='lat' dir='ltr'><strong>hominis</strong></span> 
     </span>
    </p>
   </div>
   <div class='ocr_carea' id='block_1_67' title="bbox 470 3563 2041 3634">
    <p class='ocr_par' dir='ltr' id='par_1_67' title="bbox 470 3563 2041 3634">
     <span class='ocr_line' id='line_1_67' title="bbox 470 3563 2041 3634; baseline 0.003 -16"><span class='ocrx_word' id='word_1_542' title='bbox 470 3579 637 3634; x_wconf 79' lang='lat' dir='ltr'><strong>super</strong></span> <span class='ocrx_word' id='word_1_543' title='bbox 664 3573 865 3618; x_wconf 86' lang='lat' dir='ltr'><strong>terram</strong></span> <span class='ocrx_word' id='word_1_544' title='bbox 882 3565 963 3617; x_wconf 71' lang='grc' dir='ltr'><strong>υἷ’</strong></span> <span class='ocrx_word' id='word_1_545' title='bbox 1000 3583 1017 3615; x_wconf 76' lang='grc' dir='ltr'><strong>ι</strong></span> <span class='ocrx_word' id='word_1_546' title='bbox 1044 3565 1133 3629; x_wconf 80' lang='lat' dir='ltr'><strong>Et,</strong></span> <span class='ocrx_word' id='word_1_547' title='bbox 1164 3563 1317 3633; x_wconf 88' lang='lat' dir='ltr'><strong>quasi</strong></span> <span class='ocrx_word' id='word_1_548' title='bbox 1340 3565 1669 3619; x_wconf 83' lang='lat' dir='ltr'><strong>mercenarii</strong></span> <span class='ocrx_word' id='word_1_549' title='bbox 1709 3565 1825 3620; x_wconf 90' lang='lat' dir='ltr'><strong>diei</strong></span> <span class='ocrx_word' id='word_1_550' title='bbox 1870 3567 2041 3622; x_wconf 91' lang='lat' dir='ltr'><strong>unius</strong></span> 
     </span>
    </p>
   </div>
   <div class='ocr_carea' id='block_1_68' title="bbox 471 3654 2029 3727">
    <p class='ocr_par' dir='ltr' id='par_1_68' title="bbox 471 3654 2029 3727">
     <span class='ocr_line' id='line_1_68' title="bbox 471 3654 2029 3727; baseline 0.004 -20"><span class='ocrx_word' id='word_1_551' title='bbox 471 3657 582 3711; x_wconf 72' lang='lat' dir='ltr'><strong>vita</strong></span> <span class='ocrx_word' id='word_1_552' title='bbox 614 3656 752 3727; x_wconf 84' lang='lat' dir='ltr'><strong>ejus.</strong></span> <span class='ocrx_word' id='word_1_553' title='bbox 782 3655 936 3723; x_wconf 87' lang='lat' dir='ltr'><strong>Quod</strong></span> <span class='ocrx_word' id='word_1_554' title='bbox 964 3656 1008 3711; x_wconf 89' lang='lat' dir='ltr'><strong>si</strong></span> <span class='ocrx_word' id='word_1_555' title='bbox 1039 3656 1278 3710; x_wconf 92' lang='lat' dir='ltr'><strong>hominis</strong></span> <span class='ocrx_word' id='word_1_556' title='bbox 1298 3654 1408 3709; x_wconf 88' lang='lat' dir='ltr'><strong>vita</strong></span> <span class='ocrx_word' id='word_1_557' title='bbox 1435 3671 1606 3727; x_wconf 89' lang='lat' dir='ltr'><strong>super</strong></span> <span class='ocrx_word' id='word_1_558' title='bbox 1631 3666 1839 3712; x_wconf 88' lang='lat' dir='ltr'><strong>terram</strong></span> <span class='ocrx_word' id='word_1_559' title='bbox 1866 3658 2029 3714; x_wconf 90' lang='lat' dir='ltr'><strong>locus</strong></span> 
     </span>
    </p>
   </div>
   <div class='ocr_carea' id='block_1_69' title="bbox 354 3746 2038 3822">
    <p class='ocr_par' dir='ltr' id='par_1_69' title="bbox 354 3746 2038 3822">
     <span class='ocr_line' id='line_1_69' title="bbox 354 3746 2038 3822; baseline 0.002 -18"><span class='ocrx_word' id='word_1_560' title='bbox 354 3798 361 3805; x_wconf 92' lang='lat'><strong>.</strong></span> <span class='ocrx_word' id='word_1_561' title='bbox 470 3758 555 3803; x_wconf 89' lang='lat' dir='ltr'><strong>cst</strong></span> <span class='ocrx_word' id='word_1_562' title='bbox 584 3746 921 3812; x_wconf 83' lang='lat' dir='ltr'><strong>tentationis,</strong></span> <span class='ocrx_word' id='word_1_563' title='bbox 958 3748 1051 3818; x_wconf 92' lang='lat' dir='ltr'><strong>qui</strong></span> <span class='ocrx_word' id='word_1_564' title='bbox 1078 3747 1195 3803; x_wconf 72' lang='lat' dir='ltr'><strong>fieri</strong></span> <span class='ocrx_word' id='word_1_565' title='bbox 1217 3749 1392 3818; x_wconf 91' lang='lat' dir='ltr'><strong>possit</strong></span> <span class='ocrx_word' id='word_1_566' title='bbox 1416 3756 1477 3803; x_wconf 93' lang='lat' dir='ltr'><strong>ut</strong></span> <span class='ocrx_word' id='word_1_567' title='bbox 1510 3764 1621 3805; x_wconf 91' lang='lat' dir='ltr'><strong>non</strong></span> <span class='ocrx_word' id='word_1_568' title='bbox 1654 3757 1901 3805; x_wconf 90' lang='lat' dir='ltr'><strong>tentetur</strong></span> <span class='ocrx_word' id='word_1_569' title='bbox 1935 3751 2038 3822; x_wconf 86' lang='lat' dir='ltr'><strong>qui</strong></span> 
     </span>
    </p>
   </div>
   <div class='ocr_carea' id='block_1_70' title="bbox 473 3849 2048 3911">
    <p class='ocr_par' dir='ltr' id='par_1_70' title="bbox 473 3849 2048 3911">
     <span class='ocr_line' id='line_1_70' title="bbox 473 3849 2048 3911; baseline 0.003 -7"><span class='ocrx_word' id='word_1_570' title='bbox 473 3851 527 3906; x_wconf 92' lang='lat' dir='ltr'><strong>in</strong></span> <span class='ocrx_word' id='word_1_571' title='bbox 561 3851 685 3907; x_wconf 92' lang='lat' dir='ltr'><strong>looo</strong></span> <span class='ocrx_word' id='word_1_572' title='bbox 727 3849 982 3907; x_wconf 88' lang='lat' dir='ltr'><strong>consistit</strong></span> <span class='ocrx_word' id='word_1_573' title='bbox 1027 3851 1388 3907; x_wconf 83' lang='lat' dir='ltr'><strong>tentationis?</strong></span> <span class='ocrx_word' id='word_1_574' title='bbox 1439 3852 1582 3909; x_wconf 86' lang='lat' dir='ltr'><strong>Sane</strong></span> <span class='ocrx_word' id='word_1_575' title='bbox 1620 3868 1651 3908; x_wconf 89' lang='lat' dir='ltr'><strong>a</strong></span> <span class='ocrx_word' id='word_1_576' title='bbox 1711 3854 1949 3910; x_wconf 90' lang='lat' dir='ltr'><strong>Domino</strong></span> <span class='ocrx_word' id='word_1_577' title='bbox 1989 3862 2048 3911; x_wconf 91' lang='lat' dir='ltr'><strong>et</strong></span> 
     </span>
    </p>
   </div>
   <div class='ocr_carea' id='block_1_71' title="bbox 469 3944 2048 4017">
    <p class='ocr_par' dir='ltr' id='par_1_71' title="bbox 469 3944 2048 4017">
     <span class='ocr_line' id='line_1_71' title="bbox 469 3944 2048 4017; baseline 0.002 -16"><span class='ocrx_word' id='word_1_578' title='bbox 469 3944 753 4001; x_wconf 73' lang='lat' dir='ltr'><strong>Salvatom</strong></span> <span class='ocrx_word' id='word_1_579' title='bbox 784 3944 991 3999; x_wconf 89' lang='lat' dir='ltr'><strong>dictum</strong></span> <span class='ocrx_word' id='word_1_580' title='bbox 1021 3952 1144 4001; x_wconf 84' lang='lat' dir='ltr'><strong>est:</strong></span> <span class='ocrx_word' id='word_1_581' title='bbox 1179 3962 1198 3997; x_wconf 85' lang='grc' dir='ltr'><strong>ι</strong></span> <span class='ocrx_word' id='word_1_582' title='bbox 1238 3945 1470 4017; x_wconf 84' lang='lat' dir='ltr'><strong>Vigilate</strong></span> <span class='ocrx_word' id='word_1_583' title='bbox 1496 3954 1554 4002; x_wconf 91' lang='lat' dir='ltr'><strong>et</strong></span> <span class='ocrx_word' id='word_1_584' title='bbox 1602 3957 1780 4012; x_wconf 82' lang='lat' dir='ltr'><strong>orate,</strong></span> <span class='ocrx_word' id='word_1_585' title='bbox 1820 3957 1883 4003; x_wconf 94' lang='lat' dir='ltr'><strong>ut</strong></span> <span class='ocrx_word' id='word_1_586' title='bbox 1931 3965 2048 4004; x_wconf 90' lang='lat' dir='ltr'><strong>non</strong></span> 
     </span>
    </p>
   </div>
   <div class='ocr_carea' id='block_1_72' title="bbox 471 4037 2047 4111">
    <p class='ocr_par' dir='ltr' id='par_1_72' title="bbox 471 4037 2047 4111">
     <span class='ocr_line' id='line_1_72' title="bbox 471 4037 2047 4111; baseline 0.003 -18"><span class='ocrx_word' id='word_1_587' title='bbox 471 4037 689 4094; x_wconf 88' lang='lat' dir='ltr'><strong>intretis</strong></span> <span class='ocrx_word' id='word_1_588' title='bbox 739 4038 794 4093; x_wconf 91' lang='lat' dir='ltr'><strong>in</strong></span> <span class='ocrx_word' id='word_1_589' title='bbox 854 4039 1300 4095; x_wconf 80' lang='lat' dir='ltr'><strong>tentationem&quot;.</strong></span> <span class='ocrx_word' id='word_1_590' title='bbox 1347 4057 1367 4091; x_wconf 74' lang='grc' dir='ltr'><strong>ι</strong></span> <span class='ocrx_word' id='word_1_591' title='bbox 1424 4039 1650 4111; x_wconf 91' lang='lat' dir='ltr'><strong>Utique,</strong></span> <span class='ocrx_word' id='word_1_592' title='bbox 1705 4041 1812 4097; x_wconf 90' lang='lat' dir='ltr'><strong>hoc</strong></span> <span class='ocrx_word' id='word_1_593' title='bbox 1871 4042 2047 4099; x_wconf 87' lang='lat' dir='ltr'><strong>veluti</strong></span> 
     </span>
    </p>
   </div>
   <div class='ocr_carea' id='block_1_73' title="bbox 471 4129 2041 4193">
    <p class='ocr_par' dir='ltr' id='par_1_73' title="bbox 471 4129 2041 4193">
     <span class='ocr_line' id='line_1_73' title="bbox 471 4129 2041 4193; baseline 0.003 -8"><span class='ocrx_word' id='word_1_594' title='bbox 471 4130 652 4186; x_wconf 88' lang='lat' dir='ltr'><strong>indice</strong></span> <span class='ocrx_word' id='word_1_595' title='bbox 667 4129 850 4193; x_wconf 90' lang='lat' dir='ltr'><strong>docet,</strong></span> <span class='ocrx_word' id='word_1_596' title='bbox 877 4139 937 4185; x_wconf 94' lang='lat' dir='ltr'><strong>ut</strong></span> <span class='ocrx_word' id='word_1_597' title='bbox 979 4146 1049 4186; x_wconf 89' lang='lat' dir='ltr'><strong>ne</strong></span> <span class='ocrx_word' id='word_1_598' title='bbox 1082 4131 1329 4187; x_wconf 89' lang='lat' dir='ltr'><strong>sinamus</strong></span> <span class='ocrx_word' id='word_1_599' title='bbox 1364 4147 1465 4188; x_wconf 86' lang='lat' dir='ltr'><strong>nos</strong></span> <span class='ocrx_word' id='word_1_600' title='bbox 1490 4133 1784 4188; x_wconf 83' lang='lat' dir='ltr'><strong>absorberi</strong></span> <span class='ocrx_word' id='word_1_601' title='bbox 1842 4150 1873 4188; x_wconf 88' lang='lat' dir='ltr'><strong>a</strong></span> <span class='ocrx_word' id='word_1_602' title='bbox 1906 4144 2041 4190; x_wconf 88' lang='lat' dir='ltr'><strong>ten-</strong></span> 
     </span>
    </p>
   </div>
   <div class='ocr_carea' id='block_1_74' title="bbox 472 4223 2046 4295">
    <p class='ocr_par' dir='ltr' id='par_1_74' title="bbox 472 4223 2046 4295">
     <span class='ocr_line' id='line_1_74' title="bbox 472 4223 2046 4295; baseline 0.004 -16"><span class='ocrx_word' id='word_1_603' title='bbox 472 4224 680 4280; x_wconf 77' lang='lat' dir='ltr'><strong>latione</strong></span> <span class='ocrx_word' id='word_1_604' title='bbox 694 4239 759 4279; x_wconf 84' lang='lat' dir='ltr'><strong>ac</strong></span> <span class='ocrx_word' id='word_1_605' title='bbox 777 4223 954 4279; x_wconf 83' lang='lat' dir='ltr'><strong>vinci:</strong></span> <span class='ocrx_word' id='word_1_606' title='bbox 983 4239 1213 4295; x_wconf 87' lang='lat' dir='ltr'><strong>prorsus</strong></span> <span class='ocrx_word' id='word_1_607' title='bbox 1238 4223 1388 4280; x_wconf 89' lang='lat' dir='ltr'><strong>enim</strong></span> <span class='ocrx_word' id='word_1_608' title='bbox 1414 4226 1775 4283; x_wconf 89' lang='lat' dir='ltr'><strong>tentationem</strong></span> <span class='ocrx_word' id='word_1_609' title='bbox 1796 4226 2046 4295; x_wconf 80' lang='lat' dir='ltr'><strong>vincere,</strong></span> 
     </span>
    </p>
   </div>
   <div class='ocr_carea' id='block_1_75' title="bbox 472 4317 2047 4393">
    <p class='ocr_par' dir='ltr' id='par_1_75' title="bbox 472 4317 2047 4393">
     <span class='ocr_line' id='line_1_75' title="bbox 472 4317 2047 4393; baseline 0.003 -20"><span class='ocrx_word' id='word_1_610' title='bbox 472 4334 563 4373; x_wconf 79' lang='lat' dir='ltr'><strong>res</strong></span> <span class='ocrx_word' id='word_1_611' title='bbox 588 4317 1065 4374; x_wconf 88' lang='lat' dir='ltr'><strong>commendatione</strong></span> <span class='ocrx_word' id='word_1_612' title='bbox 1107 4327 1271 4389; x_wconf 89' lang='lat' dir='ltr'><strong>atque</strong></span> <span class='ocrx_word' id='word_1_613' title='bbox 1301 4317 1503 4389; x_wconf 79' lang='lat' dir='ltr'><strong>insigni</strong></span> <span class='ocrx_word' id='word_1_614' title='bbox 1551 4321 1831 4389; x_wconf 75' lang='lat' dir='ltr'><strong>pneconio</strong></span> <span class='ocrx_word' id='word_1_615' title='bbox 1881 4320 2047 4393; x_wconf 81' lang='lat' dir='ltr'><strong>digna</strong></span> 
     </span>
    </p>
   </div>
   <div class='ocr_carea' id='block_1_76' title="bbox 469 4408 2044 4476">
    <p class='ocr_par' dir='ltr' id='par_1_76' title="bbox 469 4408 2044 4476">
     <span class='ocr_line' id='line_1_76' title="bbox 469 4408 2044 4476; baseline 0.001 -12"><span class='ocrx_word' id='word_1_616' title='bbox 469 4416 576 4464; x_wconf 85' lang='lat' dir='ltr'><strong>est.</strong></span> <span class='ocrx_word' id='word_1_617' title='bbox 608 4409 874 4464; x_wconf 88' lang='lat' dir='ltr'><strong>Dominus</strong></span> <span class='ocrx_word' id='word_1_618' title='bbox 906 4409 1137 4465; x_wconf 87' lang='lat' dir='ltr'><strong>iterum:</strong></span> <span class='ocrx_word' id='word_1_619' title='bbox 1172 4429 1191 4461; x_wconf 78' lang='grc' dir='ltr'><strong>ε</strong></span> <span class='ocrx_word' id='word_1_620' title='bbox 1224 4408 1360 4476; x_wconf 86' lang='lat' dir='ltr'><strong>Quis</strong></span> <span class='ocrx_word' id='word_1_621' title='bbox 1389 4418 1638 4463; x_wconf 89' lang='lat' dir='ltr'><strong>vestrum</strong></span> <span class='ocrx_word' id='word_1_622' title='bbox 1674 4409 1886 4466; x_wconf 86' lang='lat' dir='ltr'><strong>habens</strong></span> <span class='ocrx_word' id='word_1_623' title='bbox 1918 4426 2044 4466; x_wconf 84' lang='lat' dir='ltr'><strong>ser-</strong></span> 
     </span>
    </p>
   </div>
   <div class='ocr_carea' id='block_1_77' title="bbox 373 4491 2046 4573">
    <p class='ocr_par' dir='ltr' id='par_1_77' title="bbox 373 4491 2046 4573">
     <span class='ocr_line' id='line_1_77' title="bbox 373 4491 2046 4573; baseline 0.001 -18"><span class='ocrx_word' id='word_1_624' title='bbox 373 4491 376 4496; x_wconf 68' lang='grc'><em>’</em></span> <span class='ocrx_word' id='word_1_625' title='bbox 470 4517 599 4556; x_wconf 90' lang='lat' dir='ltr'><strong>vum</strong></span> <span class='ocrx_word' id='word_1_626' title='bbox 622 4510 870 4557; x_wconf 89' lang='lat' dir='ltr'><strong>arantem</strong></span> <span class='ocrx_word' id='word_1_627' title='bbox 900 4509 995 4556; x_wconf 90' lang='lat' dir='ltr'><strong>aut</strong></span> <span class='ocrx_word' id='word_1_628' title='bbox 1022 4510 1362 4571; x_wconf 83' lang='lat' dir='ltr'><strong>pascentem,</strong></span> <span class='ocrx_word' id='word_1_629' title='bbox 1382 4500 1475 4571; x_wconf 91' lang='lat' dir='ltr'><strong>qui</strong></span> <span class='ocrx_word' id='word_1_630' title='bbox 1515 4516 1764 4573; x_wconf 89' lang='lat' dir='ltr'><strong>regresso</strong></span> <span class='ocrx_word' id='word_1_631' title='bbox 1795 4501 1864 4557; x_wconf 91' lang='lat' dir='ltr'><strong>de</strong></span> <span class='ocrx_word' id='word_1_632' title='bbox 1913 4518 2046 4573; x_wconf 86' lang='lat' dir='ltr'><strong>agro</strong></span> 
     </span>
    </p>
   </div>
   <div class='ocr_carea' id='block_1_78' title="bbox 471 4562 2126 4664">
    <p class='ocr_par' dir='ltr' id='par_1_78' title="bbox 471 4562 2126 4664">
     <span class='ocr_line' id='line_1_78' title="bbox 471 4562 2126 4664; baseline 0.001 -16"><span class='ocrx_word' id='word_1_633' title='bbox 471 4593 620 4649; x_wconf 83' lang='lat' dir='ltr'><strong>dicat</strong></span> <span class='ocrx_word' id='word_1_634' title='bbox 638 4594 713 4649; x_wconf 91' lang='lat' dir='ltr'><strong>illi</strong></span> <span class='ocrx_word' id='word_1_635' title='bbox 736 4613 750 4649; x_wconf 88' lang='lat'><strong>:</strong></span> <span class='ocrx_word' id='word_1_636' title='bbox 772 4594 966 4651; x_wconf 87' lang='lat' dir='ltr'><strong>Statim</strong></span> <span class='ocrx_word' id='word_1_637' title='bbox 988 4562 1079 4648; x_wconf 85' lang='lat' dir='ltr'><strong>ubi</strong></span> <span class='ocrx_word' id='word_1_638' title='bbox 1098 4562 1694 4655; x_wconf 41' lang='lat' dir='ltr'><strong>transierim-recumbc</strong></span> <span class='ocrx_word' id='word_1_639' title='bbox 1721 4610 1736 4647; x_wconf 89' lang='lat'><strong>:</strong></span> <span class='ocrx_word' id='word_1_640' title='bbox 1760 4562 1977 4664; x_wconf 54' lang='lat'><strong>1156</strong></span> <span class='ocrx_word' id='word_1_641' title='bbox 1989 4602 2047 4650; x_wconf 89' lang='lat' dir='ltr'><strong>et</strong></span> <span class='ocrx_word' id='word_1_642' title='bbox 2080 4562 2126 4621; x_wconf 67' lang='grc' dir='ltr'><strong>Β</strong></span> 
     </span>
    </p>
   </div>
   <div class='ocr_carea' id='block_1_79' title="bbox 2148 3305 3728 3378">
    <p class='ocr_par' dir='ltr' id='par_1_79' title="bbox 2148 3305 3728 3378">
     <span class='ocr_line' id='line_1_79' title="bbox 2148 3305 3728 3378; baseline 0.002 -20"><span class='ocrx_word' id='word_1_643' title='bbox 2148 3305 2299 3359; x_wconf 87' lang='grc' dir='ltr'>σθίου</span> <span class='ocrx_word' id='word_1_644' title='bbox 2330 3305 2703 3378; x_wconf 86' lang='grc' dir='ltr'>αύθημερινοῦ</span> <span class='ocrx_word' id='word_1_645' title='bbox 2739 3307 2774 3378; x_wconf 82' lang='grc' dir='ltr'>ἡ</span> <span class='ocrx_word' id='word_1_646' title='bbox 2824 3306 2939 3378; x_wconf 79' lang='grc' dir='ltr'><strong>ζωὴ</strong></span> <span class='ocrx_word' id='word_1_647' title='bbox 2968 3307 3156 3361; x_wconf 78' lang='grc' dir='ltr'>αὐτοῦ.</span> <span class='ocrx_word' id='word_1_648' title='bbox 3206 3307 3269 3361; x_wconf 77' lang='grc' dir='ltr'><strong>ΕΙ</strong></span> <span class='ocrx_word' id='word_1_649' title='bbox 3315 3307 3425 3378; x_wconf 72' lang='grc' dir='ltr'><strong>γάρ</strong></span> <span class='ocrx_word' id='word_1_650' title='bbox 3464 3310 3728 3378; x_wconf 81' lang='grc' dir='ltr'>πειρατή-</span> 
     </span>
    </p>
   </div>
   <div class='ocr_carea' id='block_1_80' title="bbox 2150 3396 3726 3471">
    <p class='ocr_par' dir='ltr' id='par_1_80' title="bbox 2150 3396 3726 3471">
     <span class='ocr_line' id='line_1_80' title="bbox 2150 3396 3726 3471; baseline 0.005 -20"><span class='ocrx_word' id='word_1_651' title='bbox 2150 3399 2265 3470; x_wconf 87' lang='grc' dir='ltr'>ριόν</span> <span class='ocrx_word' id='word_1_652' title='bbox 2290 3400 2436 3453; x_wconf 72' lang='grc' dir='ltr'>ἐστιν</span> <span class='ocrx_word' id='word_1_653' title='bbox 2458 3398 2487 3452; x_wconf 89' lang='lat'><strong>6</strong></span> <span class='ocrx_word' id='word_1_654' title='bbox 2520 3398 2631 3470; x_wconf 85' lang='grc' dir='ltr'>βίος</span> <span class='ocrx_word' id='word_1_655' title='bbox 2654 3397 2750 3453; x_wconf 93' lang='grc' dir='ltr'><strong>τοῦ</strong></span> <span class='ocrx_word' id='word_1_656' title='bbox 2784 3396 3073 3470; x_wconf 83' lang='grc' dir='ltr'>ἀνθρώπου</span> <span class='ocrx_word' id='word_1_657' title='bbox 3100 3398 3193 3453; x_wconf 70' lang='grc' dir='ltr'><strong>ἐπὶ</strong></span> <span class='ocrx_word' id='word_1_658' title='bbox 3227 3399 3326 3470; x_wconf 83' lang='grc' dir='ltr'>τῆς</span> <span class='ocrx_word' id='word_1_659' title='bbox 3362 3400 3489 3471; x_wconf 82' lang='grc' dir='ltr'>γῆς,</span> <span class='ocrx_word' id='word_1_660' title='bbox 3521 3400 3641 3465; x_wconf 79' lang='grc' dir='ltr'><strong>πῶς</strong></span> <span class='ocrx_word' id='word_1_661' title='bbox 3667 3399 3726 3460; x_wconf 63' lang='grc' dir='ltr'>δὲ</span> 
     </span>
    </p>
   </div>
   <div class='ocr_carea' id='block_1_81' title="bbox 2148 3490 3727 3563">
    <p class='ocr_par' dir='ltr' id='par_1_81' title="bbox 2148 3490 3727 3563">
     <span class='ocr_line' id='line_1_81' title="bbox 2148 3490 3727 3563; baseline -0.002 -16"><span class='ocrx_word' id='word_1_662' title='bbox 2148 3494 2207 3547; x_wconf 76' lang='grc' dir='ltr'>ἑν</span> <span class='ocrx_word' id='word_1_663' title='bbox 2239 3493 2319 3563; x_wconf 81' lang='grc' dir='ltr'>τῷ</span> <span class='ocrx_word' id='word_1_664' title='bbox 2370 3492 2715 3563; x_wconf 84' lang='grc' dir='ltr'>πειρατηρίῳ</span> <span class='ocrx_word' id='word_1_665' title='bbox 2772 3492 2903 3547; x_wconf 85' lang='grc' dir='ltr'>δντα</span> <span class='ocrx_word' id='word_1_666' title='bbox 2945 3491 3023 3562; x_wconf 77' lang='grc' dir='ltr'><strong>μὴ</strong></span> <span class='ocrx_word' id='word_1_667' title='bbox 3075 3490 3469 3563; x_wconf 81' lang='grc' dir='ltr'>πειράζεσθαι;</span> <span class='ocrx_word' id='word_1_668' title='bbox 3523 3494 3585 3545; x_wconf 77' lang='grc' dir='ltr'><strong>τδ</strong></span> <span class='ocrx_word' id='word_1_669' title='bbox 3618 3492 3727 3563; x_wconf 79' lang='grc' dir='ltr'><strong>γὰρ</strong></span> 
     </span>
    </p>
   </div>
   <div class='ocr_carea' id='block_1_82' title="bbox 2148 3583 3727 3656">
    <p class='ocr_par' dir='ltr' id='par_1_82' title="bbox 2148 3583 3727 3656">
     <span class='ocr_line' id='line_1_82' title="bbox 2148 3583 3727 3656; baseline 0.001 -19"><span class='ocrx_word' id='word_1_670' title='bbox 2148 3584 2300 3656; x_wconf 83' lang='grc' dir='ltr'><strong>παρά</strong></span> <span class='ocrx_word' id='word_1_671' title='bbox 2336 3583 2431 3639; x_wconf 91' lang='grc' dir='ltr'><strong>τοῦ</strong></span> <span class='ocrx_word' id='word_1_672' title='bbox 2461 3584 2719 3656; x_wconf 82' lang='grc' dir='ltr'>Σωτῆρος</span> <span class='ocrx_word' id='word_1_673' title='bbox 2774 3584 3091 3656; x_wconf 70' lang='grc' dir='ltr'>εἰρημένον,</span> <span class='ocrx_word' id='word_1_674' title='bbox 3158 3602 3178 3637; x_wconf 82' lang='grc' dir='ltr'><strong>ι</strong></span> <span class='ocrx_word' id='word_1_675' title='bbox 3228 3584 3558 3655; x_wconf 83' lang='grc' dir='ltr'>Γρηγορεῖτε</span> <span class='ocrx_word' id='word_1_676' title='bbox 3582 3626 3597 3649; x_wconf 89' lang='grc'><strong>,</strong></span> <span class='ocrx_word' id='word_1_677' title='bbox 3634 3587 3727 3639; x_wconf 82' lang='grc' dir='ltr'>καὶ</span> 
     </span>
    </p>
   </div>
   <div class='ocr_carea' id='block_1_83' title="bbox 2147 3674 3719 3749">
    <p class='ocr_par' dir='ltr' id='par_1_83' title="bbox 2147 3674 3719 3749">
     <span class='ocr_line' id='line_1_83' title="bbox 2147 3674 3719 3749; baseline -0.003 -18"><span class='ocrx_word' id='word_1_678' title='bbox 2147 3675 2551 3749; x_wconf 79' lang='grc' dir='ltr'>προσεύχεσθε,</span> <span class='ocrx_word' id='word_1_679' title='bbox 2601 3676 2690 3730; x_wconf 82' lang='grc' dir='ltr'><strong>ἴνα</strong></span> <span class='ocrx_word' id='word_1_680' title='bbox 2731 3678 2808 3747; x_wconf 80' lang='grc' dir='ltr'>μὴ</span> <span class='ocrx_word' id='word_1_681' title='bbox 2852 3676 3135 3746; x_wconf 79' lang='grc' dir='ltr'>ὲμπέσητε</span> <span class='ocrx_word' id='word_1_682' title='bbox 3185 3676 3267 3738; x_wconf 85' lang='grc' dir='ltr'><strong>είς</strong></span> <span class='ocrx_word' id='word_1_683' title='bbox 3320 3674 3650 3746; x_wconf 76' lang='grc' dir='ltr'>πειρασμδν,</span> <span class='ocrx_word' id='word_1_684' title='bbox 3700 3694 3719 3726; x_wconf 75' lang='grc' dir='ltr'><strong>τ</strong></span> 
     </span>
    </p>
   </div>
   <div class='ocr_carea' id='block_1_84' title="bbox 2152 3765 3727 3842">
    <p class='ocr_par' dir='ltr' id='par_1_84' title="bbox 2152 3765 3727 3842">
     <span class='ocr_line' id='line_1_84' title="bbox 2152 3765 3727 3842; baseline -0.001 -21"><span class='ocrx_word' id='word_1_685' title='bbox 2152 3768 2347 3842; x_wconf 86' lang='grc' dir='ltr'>μηνύει</span> <span class='ocrx_word' id='word_1_686' title='bbox 2380 3767 2477 3823; x_wconf 89' lang='grc' dir='ltr'><strong>τοῦ</strong></span> <span class='ocrx_word' id='word_1_687' title='bbox 2510 3768 2587 3839; x_wconf 83' lang='grc' dir='ltr'>μὴ</span> <span class='ocrx_word' id='word_1_688' title='bbox 2610 3768 2989 3837; x_wconf 75' lang='grc' dir='ltr'>καταποθῆναι</span> <span class='ocrx_word' id='word_1_689' title='bbox 3020 3766 3125 3822; x_wconf 74' lang='grc' dir='ltr'><strong>ὑπὸ</strong></span> <span class='ocrx_word' id='word_1_690' title='bbox 3145 3765 3239 3822; x_wconf 87' lang='grc' dir='ltr'><strong>τοῦ</strong></span> <span class='ocrx_word' id='word_1_691' title='bbox 3272 3765 3608 3838; x_wconf 79' lang='grc' dir='ltr'>πειρασμοῦ,</span> <span class='ocrx_word' id='word_1_692' title='bbox 3634 3768 3727 3819; x_wconf 77' lang='lat' dir='ltr'><strong>xal</strong></span> 
     </span>
    </p>
   </div>
   <div class='ocr_carea' id='block_1_85' title="bbox 2148 3858 3727 3933">
    <p class='ocr_par' dir='ltr' id='par_1_85' title="bbox 2148 3858 3727 3933">
     <span class='ocr_line' id='line_1_85' title="bbox 2148 3858 3727 3933; baseline -0.001 -20"><span class='ocrx_word' id='word_1_693' title='bbox 2148 3859 2469 3933; x_wconf 76' lang='grc' dir='ltr'>ἡττηθῆναι.</span> <span class='ocrx_word' id='word_1_694' title='bbox 2508 3860 2583 3913; x_wconf 80' lang='lat' dir='ltr'><strong>T6</strong></span> <span class='ocrx_word' id='word_1_695' title='bbox 2606 3858 2714 3931; x_wconf 84' lang='grc' dir='ltr'><strong>γὰρ</strong></span> <span class='ocrx_word' id='word_1_696' title='bbox 2754 3859 3179 3931; x_wconf 73' lang='grc' dir='ltr'>περιγενέσθαι,</span> <span class='ocrx_word' id='word_1_697' title='bbox 3209 3859 3306 3913; x_wconf 73' lang='grc' dir='ltr'>καὶ</span> <span class='ocrx_word' id='word_1_698' title='bbox 3331 3858 3597 3928; x_wconf 83' lang='grc' dir='ltr'>ἀοίδιμον,</span> <span class='ocrx_word' id='word_1_699' title='bbox 3634 3859 3727 3912; x_wconf 73' lang='grc' dir='ltr'>καὶ</span> 
     </span>
    </p>
   </div>
   <div class='ocr_carea' id='block_1_86' title="bbox 2149 3950 3728 4023">
    <p class='ocr_par' dir='ltr' id='par_1_86' title="bbox 2149 3950 3728 4023">
     <span class='ocr_line' id='line_1_86' title="bbox 2149 3950 3728 4023; baseline -0.004 -14"><span class='ocrx_word' id='word_1_700' title='bbox 2149 3953 2391 4018; x_wconf 76' lang='grc' dir='ltr'>εὐκλεές.</span> <span class='ocrx_word' id='word_1_701' title='bbox 2410 3953 2573 4021; x_wconf 76' lang='grc' dir='ltr'>Λέγει</span> <span class='ocrx_word' id='word_1_702' title='bbox 2600 3952 2656 4006; x_wconf 66' lang='grc' dir='ltr'>δὲ</span> <span class='ocrx_word' id='word_1_703' title='bbox 2682 3952 2845 4007; x_wconf 86' lang='grc' dir='ltr'>πάλιν</span> <span class='ocrx_word' id='word_1_704' title='bbox 2873 3955 2902 4007; x_wconf 91' lang='lat'><strong>6</strong></span> <span class='ocrx_word' id='word_1_705' title='bbox 2930 3952 3158 4023; x_wconf 80' lang='grc' dir='ltr'>Κύριος·</span> <span class='ocrx_word' id='word_1_706' title='bbox 3179 3971 3197 4004; x_wconf 83' lang='grc' dir='ltr'><strong>ι</strong></span> <span class='ocrx_word' id='word_1_707' title='bbox 3220 3950 3317 4014; x_wconf 86' lang='grc' dir='ltr'>Τίς</span> <span class='ocrx_word' id='word_1_708' title='bbox 3338 3950 3399 4016; x_wconf 77' lang='grc' dir='ltr'>ἐξ</span> <span class='ocrx_word' id='word_1_709' title='bbox 3418 3951 3573 4020; x_wconf 78' lang='grc' dir='ltr'>ὑμῶν</span> <span class='ocrx_word' id='word_1_710' title='bbox 3589 3950 3728 4021; x_wconf 69' lang='grc' dir='ltr'>ἔχων</span> 
     </span>
    </p>
   </div>
   <div class='ocr_carea' id='block_1_87' title="bbox 2148 4041 3726 4115">
    <p class='ocr_par' dir='ltr' id='par_1_87' title="bbox 2148 4041 3726 4115">
     <span class='ocr_line' id='line_1_87' title="bbox 2148 4041 3726 4115; baseline -0.003 -16"><span class='ocrx_word' id='word_1_711' title='bbox 2148 4043 2333 4099; x_wconf 86' lang='grc' dir='ltr'>δοῦλον</span> <span class='ocrx_word' id='word_1_712' title='bbox 2369 4042 2735 4115; x_wconf 81' lang='grc' dir='ltr'>ἀροτριῶντα,</span> <span class='ocrx_word' id='word_1_713' title='bbox 2765 4043 2799 4115; x_wconf 70' lang='grc' dir='ltr'>ἢ</span> <span class='ocrx_word' id='word_1_714' title='bbox 2837 4042 3217 4114; x_wconf 85' lang='grc' dir='ltr'>ποιμαίνοντα,</span> <span class='ocrx_word' id='word_1_715' title='bbox 3243 4042 3301 4106; x_wconf 86' lang='grc' dir='ltr'><strong>δς</strong></span> <span class='ocrx_word' id='word_1_716' title='bbox 3331 4041 3627 4095; x_wconf 76' lang='grc' dir='ltr'>εἰσελθόντι</span> <span class='ocrx_word' id='word_1_717' title='bbox 3665 4044 3726 4095; x_wconf 75' lang='grc' dir='ltr'>ὲκ</span> 
     </span>
    </p>
   </div>
   <div class='ocr_carea' id='block_1_88' title="bbox 2146 4132 3726 4208">
    <p class='ocr_par' dir='ltr' id='par_1_88' title="bbox 2146 4132 3726 4208">
     <span class='ocr_line' id='line_1_88' title="bbox 2146 4132 3726 4208; baseline -0.004 -17"><span class='ocrx_word' id='word_1_718' title='bbox 2146 4136 2244 4191; x_wconf 79' lang='grc' dir='ltr'><strong>τοῦ</strong></span> <span class='ocrx_word' id='word_1_719' title='bbox 2274 4135 2446 4208; x_wconf 89' lang='grc' dir='ltr'>ἀγροῦ</span> <span class='ocrx_word' id='word_1_720' title='bbox 2482 4137 2618 4207; x_wconf 68' lang='grc' dir='ltr'>ἐρεῖ,</span> <span class='ocrx_word' id='word_1_721' title='bbox 2672 4135 2888 4200; x_wconf 76' lang='grc' dir='ltr'>εὐθέως</span> <span class='ocrx_word' id='word_1_722' title='bbox 2928 4132 3219 4204; x_wconf 79' lang='grc' dir='ltr'>παρελθὼν</span> <span class='ocrx_word' id='word_1_723' title='bbox 3271 4134 3547 4188; x_wconf 81' lang='grc' dir='ltr'>ἀνάπεσε·</span> <span class='ocrx_word' id='word_1_724' title='bbox 3612 4132 3726 4187; x_wconf 76' lang='grc' dir='ltr'>ἀλλ’</span> 
     </span>
    </p>
   </div>
   <div class='ocr_carea' id='block_1_89' title="bbox 2146 4225 3725 4302">
    <p class='ocr_par' dir='ltr' id='par_1_89' title="bbox 2146 4225 3725 4302">
     <span class='ocr_line' id='line_1_89' title="bbox 2146 4225 3725 4302; baseline -0.003 -19"><span class='ocrx_word' id='word_1_725' title='bbox 2146 4228 2272 4301; x_wconf 67' lang='grc' dir='ltr'><strong>οι⁹ιχλ⁵</strong></span> <span class='ocrx_word' id='word_1_726' title='bbox 2298 4229 2417 4302; x_wconf 68' lang='grc' dir='ltr'>ἐρεῖ</span> <span class='ocrx_word' id='word_1_727' title='bbox 2444 4227 2618 4299; x_wconf 83' lang='grc' dir='ltr'>αὐτῷ·</span> <span class='ocrx_word' id='word_1_728' title='bbox 2657 4226 2987 4299; x_wconf 82' lang='grc' dir='ltr'>Ἑτοίμασον</span> <span class='ocrx_word' id='word_1_729' title='bbox 3022 4225 3078 4279; x_wconf 90' lang='grc' dir='ltr'><strong>τί</strong></span> <span class='ocrx_word' id='word_1_730' title='bbox 3109 4225 3409 4297; x_wconf 78' lang='grc' dir='ltr'>δειπνήσω,</span> <span class='ocrx_word' id='word_1_731' title='bbox 3443 4225 3538 4278; x_wconf 82' lang='grc' dir='ltr'>καὶ</span> <span class='ocrx_word' id='word_1_732' title='bbox 3571 4242 3725 4295; x_wconf 63' lang='grc' dir='ltr'>περι-</span> 
     </span>
    </p>
   </div>
   <div class='ocr_carea' id='block_1_90' title="bbox 2148 4314 3726 4394">
    <p class='ocr_par' dir='ltr' id='par_1_90' title="bbox 2148 4314 3726 4394">
     <span class='ocr_line' id='line_1_90' title="bbox 2148 4314 3726 4394; baseline -0.006 -17"><span class='ocrx_word' id='word_1_733' title='bbox 2148 4322 2461 4394; x_wconf 69' lang='grc' dir='ltr'>ζωσάμενος</span> <span class='ocrx_word' id='word_1_734' title='bbox 2496 4320 2735 4377; x_wconf 85' lang='grc' dir='ltr'>διακόνει</span> <span class='ocrx_word' id='word_1_735' title='bbox 2763 4337 2877 4392; x_wconf 90' lang='grc' dir='ltr'>μοι,</span> <span class='ocrx_word' id='word_1_736' title='bbox 2897 4318 3003 4382; x_wconf 69' lang='grc' dir='ltr'>ἓως</span> <span class='ocrx_word' id='word_1_737' title='bbox 3036 4318 3102 4373; x_wconf 80' lang='grc' dir='ltr'>ἂν</span> <span class='ocrx_word' id='word_1_738' title='bbox 3130 4318 3311 4388; x_wconf 85' lang='grc' dir='ltr'>φάγω,</span> <span class='ocrx_word' id='word_1_739' title='bbox 3336 4316 3435 4370; x_wconf 72' lang='grc' dir='ltr'>καὶ</span> <span class='ocrx_word' id='word_1_740' title='bbox 3461 4316 3576 4369; x_wconf 86' lang='grc' dir='ltr'><strong>πίω</strong></span> <span class='ocrx_word' id='word_1_741' title='bbox 3594 4333 3609 4347; x_wconf 92' lang='grc'><strong>·</strong></span> <span class='ocrx_word' id='word_1_742' title='bbox 3632 4314 3726 4369; x_wconf 75' lang='grc' dir='ltr'>καὶ</span> 
     </span>
    </p>
   </div>
   <div class='ocr_carea' id='block_1_91' title="bbox 2150 4406 3727 4486">
    <p class='ocr_par' dir='ltr' id='par_1_91' title="bbox 2150 4406 3727 4486">
     <span class='ocr_line' id='line_1_91' title="bbox 2150 4406 3727 4486; baseline -0.007 -17"><span class='ocrx_word' id='word_1_743' title='bbox 2150 4415 2291 4486; x_wconf 71' lang='grc' dir='ltr'>μετὰ</span> <span class='ocrx_word' id='word_1_744' title='bbox 2316 4414 2513 4480; x_wconf 80' lang='grc' dir='ltr'>ταῦτα,</span> <span class='ocrx_word' id='word_1_745' title='bbox 2560 4413 2799 4483; x_wconf 80' lang='grc' dir='ltr'>φάγεσαι</span> <span class='ocrx_word' id='word_1_746' title='bbox 2855 4410 2954 4466; x_wconf 82' lang='grc' dir='ltr'>καὶ</span> <span class='ocrx_word' id='word_1_747' title='bbox 3002 4410 3091 4474; x_wconf 73' lang='grc' dir='ltr'><strong>σὺ,</strong></span> <span class='ocrx_word' id='word_1_748' title='bbox 3143 4409 3242 4464; x_wconf 74' lang='grc' dir='ltr'>καὶ</span> <span class='ocrx_word' id='word_1_749' title='bbox 3280 4408 3509 4473; x_wconf 85' lang='grc' dir='ltr'>πίεσαι;</span> <span class='ocrx_word' id='word_1_750' title='bbox 3552 4425 3573 4460; x_wconf 73' lang='grc' dir='ltr'><strong>ι</strong></span> <span class='ocrx_word' id='word_1_751' title='bbox 3621 4406 3727 4459; x_wconf 79' lang='lat' dir='ltr'><strong>Kal</strong></span> 
     </span>
    </p>
   </div>
   <div class='ocr_carea' id='block_1_92' title="bbox 2149 4494 3727 4577">
    <p class='ocr_par' dir='ltr' id='par_1_92' title="bbox 2149 4494 3727 4577">
     <span class='ocr_line' id='line_1_92' title="bbox 2149 4494 3727 4577; baseline 0.01 -26"><span class='ocrx_word' id='word_1_752' title='bbox 2149 4504 2369 4575; x_wconf 68' lang='grc' dir='ltr'>ἐπάγει·</span> <span class='ocrx_word' id='word_1_753' title='bbox 2401 4522 2420 4556; x_wconf 79' lang='grc' dir='ltr'><strong>ι</strong></span> <span class='ocrx_word' id='word_1_754' title='bbox 2448 4505 2543 4576; x_wconf 75' lang='grc' dir='ltr'><strong>Μὴ</strong></span> <span class='ocrx_word' id='word_1_755' title='bbox 2571 4502 2733 4577; x_wconf 74' lang='grc' dir='ltr'>χάριν</span> <span class='ocrx_word' id='word_1_756' title='bbox 2764 4502 2881 4574; x_wconf 76' lang='grc' dir='ltr'>εχει</span> <span class='ocrx_word' id='word_1_757' title='bbox 2909 4500 2990 4573; x_wconf 83' lang='grc' dir='ltr'><strong>τῷ</strong></span> <span class='ocrx_word' id='word_1_758' title='bbox 3008 4498 3182 4570; x_wconf 86' lang='grc' dir='ltr'>δούλῳ</span> <span class='ocrx_word' id='word_1_759' title='bbox 3212 4497 3407 4570; x_wconf 68' lang='grc' dir='ltr'>ἐκείνῳ</span> <span class='ocrx_word' id='word_1_760' title='bbox 3430 4498 3515 4552; x_wconf 81' lang='grc' dir='ltr'>ὅτι</span> <span class='ocrx_word' id='word_1_761' title='bbox 3548 4494 3727 4566; x_wconf 74' lang='grc' dir='ltr'>ἐποίη-</span> 
     </span>
    </p>
   </div>
   <div class='ocr_carea' id='block_1_93' title="bbox 2151 4589 3722 4667">
    <p class='ocr_par' dir='ltr' id='par_1_93' title="bbox 2151 4589 3722 4667">
     <span class='ocr_line' id='line_1_93' title="bbox 2151 4589 3722 4667; baseline -0.006 -16"><span class='ocrx_word' id='word_1_762' title='bbox 2151 4614 2245 4651; x_wconf 91' lang='grc' dir='ltr'><strong>σεν</strong></span> <span class='ocrx_word' id='word_1_763' title='bbox 2296 4597 2366 4651; x_wconf 79' lang='grc' dir='ltr'><strong>τά</strong></span> <span class='ocrx_word' id='word_1_764' title='bbox 2420 4596 2818 4667; x_wconf 67' lang='grc' dir='ltr'>διαταχθέντας</span> <span class='ocrx_word' id='word_1_765' title='bbox 2878 4594 2940 4649; x_wconf 83' lang='grc' dir='ltr'><strong>ού</strong></span> <span class='ocrx_word' id='word_1_766' title='bbox 2994 4592 3158 4648; x_wconf 77' lang='grc' dir='ltr'>δοκῶ·</span> <span class='ocrx_word' id='word_1_767' title='bbox 3193 4590 3368 4655; x_wconf 77' lang='grc' dir='ltr'>οὕτως</span> <span class='ocrx_word' id='word_1_768' title='bbox 3398 4590 3497 4645; x_wconf 75' lang='grc' dir='ltr'>καὶ</span> <span class='ocrx_word' id='word_1_769' title='bbox 3546 4589 3722 4659; x_wconf 79' lang='grc' dir='ltr'>ὑμεῖς,</span> 
     </span>
    </p>
   </div>
   <div class='ocr_carea' id='block_1_94' title="bbox 470 4681 2045 4760">
    <p class='ocr_par' dir='ltr' id='par_1_94' title="bbox 470 4684 2045 4757">
     <span class='ocr_line' id='line_1_94' title="bbox 470 4684 2045 4757; baseline 0 -16"><span class='ocrx_word' id='word_1_770' title='bbox 470 4701 583 4741; x_wconf 81' lang='lat' dir='ltr'><strong>non</strong></span> <span class='ocrx_word' id='word_1_771' title='bbox 604 4686 776 4757; x_wconf 82' lang='lat' dir='ltr'><strong>magis</strong></span> <span class='ocrx_word' id='word_1_772' title='bbox 800 4685 949 4741; x_wconf 90' lang='lat' dir='ltr'><strong>dicet</strong></span> <span class='ocrx_word' id='word_1_773' title='bbox 965 4684 1015 4740; x_wconf 90' lang='lat' dir='ltr'><strong>ei</strong></span> <span class='ocrx_word' id='word_1_774' title='bbox 1031 4702 1045 4739; x_wconf 92' lang='lat'><strong>:</strong></span> <span class='ocrx_word' id='word_1_775' title='bbox 1064 4686 1197 4741; x_wconf 67' lang='lat' dir='ltr'><strong>Fara</strong></span> <span class='ocrx_word' id='word_1_776' title='bbox 1223 4684 1372 4754; x_wconf 90' lang='lat' dir='ltr'><strong>quod</strong></span> <span class='ocrx_word' id='word_1_777' title='bbox 1394 4692 1699 4749; x_wconf 77' lang='lat' dir='ltr'><strong>comem,et</strong></span> <span class='ocrx_word' id='word_1_778' title='bbox 1719 4685 2045 4756; x_wconf 68' lang='lat' dir='ltr'><strong>przecinctus</strong></span> 
     </span>
    </p>
   </div>
   <div class='ocr_carea' id='block_1_95' title="bbox 2145 4681 3724 4760">
    <p class='ocr_par' dir='ltr' id='par_1_95' title="bbox 2145 4681 3724 4760">
     <span class='ocr_line' id='line_1_95' title="bbox 2145 4681 3724 4760; baseline -0.006 -17"><span class='ocrx_word' id='word_1_779' title='bbox 2145 4689 2274 4743; x_wconf 76' lang='grc' dir='ltr'>ὅταν</span> <span class='ocrx_word' id='word_1_780' title='bbox 2323 4690 2591 4760; x_wconf 82' lang='grc' dir='ltr'>ποιήσητε</span> <span class='ocrx_word' id='word_1_781' title='bbox 2627 4688 2694 4743; x_wconf 71' lang='grc' dir='ltr'>τὰ</span> <span class='ocrx_word' id='word_1_782' title='bbox 2737 4686 3097 4760; x_wconf 75' lang='grc' dir='ltr'>διαταχθέντα</span> <span class='ocrx_word' id='word_1_783' title='bbox 3138 4685 3269 4758; x_wconf 74' lang='grc' dir='ltr'>ὑμῖν</span> <span class='ocrx_word' id='word_1_784' title='bbox 3307 4683 3510 4749; x_wconf 83' lang='grc' dir='ltr'>πάντα,</span> <span class='ocrx_word' id='word_1_785' title='bbox 3541 4681 3724 4750; x_wconf 72' lang='grc' dir='ltr'>λέγετε</span> 
     </span>
    </p>
   </div>
   <div class='ocr_carea' id='block_1_96' title="bbox 470 4775 2045 4853">
    <p class='ocr_par' dir='ltr' id='par_1_96' title="bbox 470 4775 2045 4848">
     <span class='ocr_line' id='line_1_96' title="bbox 470 4775 2045 4848; baseline 0.001 -13"><span class='ocrx_word' id='word_1_786' title='bbox 470 4780 728 4835; x_wconf 86' lang='lat' dir='ltr'><strong>ministra</strong></span> <span class='ocrx_word' id='word_1_787' title='bbox 746 4778 879 4834; x_wconf 84' lang='lat' dir='ltr'><strong>mihi</strong></span> <span class='ocrx_word' id='word_1_788' title='bbox 909 4776 1089 4833; x_wconf 89' lang='lat' dir='ltr'><strong>donec</strong></span> <span class='ocrx_word' id='word_1_789' title='bbox 1135 4776 1461 4833; x_wconf 87' lang='lat' dir='ltr'><strong>manduocm</strong></span> <span class='ocrx_word' id='word_1_790' title='bbox 1483 4784 1541 4832; x_wconf 90' lang='lat' dir='ltr'><strong>et</strong></span> <span class='ocrx_word' id='word_1_791' title='bbox 1562 4775 1774 4842; x_wconf 90' lang='lat' dir='ltr'><strong>bibam,</strong></span> <span class='ocrx_word' id='word_1_792' title='bbox 1836 4784 1894 4832; x_wconf 93' lang='lat' dir='ltr'><strong>et</strong></span> <span class='ocrx_word' id='word_1_793' title='bbox 1921 4787 2045 4848; x_wconf 87' lang='lat' dir='ltr'><strong>post</strong></span> 
     </span>
    </p>
   </div>
   <div class='ocr_carea' id='block_1_97' title="bbox 2145 4775 3725 4853">
    <p class='ocr_par' dir='ltr' id='par_1_97' title="bbox 2145 4776 3725 4853">
     <span class='ocr_line' id='line_1_97' title="bbox 2145 4776 3725 4853; baseline -0.006 -17"><span class='ocrx_word' id='word_1_794' title='bbox 2145 4783 2227 4836; x_wconf 76' lang='grc' dir='ltr'>ὅτι</span> <span class='ocrx_word' id='word_1_795' title='bbox 2256 4782 2493 4853; x_wconf 80' lang='grc' dir='ltr'>Ἀχρεῖοι</span> <span class='ocrx_word' id='word_1_796' title='bbox 2522 4779 2699 4835; x_wconf 84' lang='grc' dir='ltr'>δοῦλοί</span> <span class='ocrx_word' id='word_1_797' title='bbox 2730 4782 2902 4852; x_wconf 73' lang='grc' dir='ltr'>ἐσμεν</span> <span class='ocrx_word' id='word_1_798' title='bbox 2920 4795 2935 4811; x_wconf 89' lang='grc'><strong>·</strong></span> <span class='ocrx_word' id='word_1_799' title='bbox 2967 4778 2997 4833; x_wconf 83' lang='lat'><strong>6</strong></span> <span class='ocrx_word' id='word_1_800' title='bbox 3026 4778 3315 4848; x_wconf 77' lang='grc' dir='ltr'>ὀφείλομεν</span> <span class='ocrx_word' id='word_1_801' title='bbox 3361 4776 3608 4846; x_wconf 75' lang='grc' dir='ltr'>ποιῆσαι,</span> <span class='ocrx_word' id='word_1_802' title='bbox 3634 4791 3725 4827; x_wconf 72' lang='grc' dir='ltr'>περ</span> 
     </span>
    </p>
   </div>
   <div class='ocr_carea' id='block_1_98' title="bbox 473 4868 2045 4932">
    <p class='ocr_par' dir='ltr' id='par_1_98' title="bbox 473 4868 2045 4932">
     <span class='ocr_line' id='line_1_98' title="bbox 473 4868 2045 4932; baseline -0.003 -2"><span class='ocrx_word' id='word_1_803' title='bbox 473 4872 592 4932; x_wconf 81' lang='lat' dir='ltr'><strong>ha:c</strong></span> <span class='ocrx_word' id='word_1_804' title='bbox 643 4881 700 4928; x_wconf 93' lang='lat' dir='ltr'><strong>tu</strong></span> <span class='ocrx_word' id='word_1_805' title='bbox 743 4869 1104 4925; x_wconf 87' lang='lat' dir='ltr'><strong>manducabis</strong></span> <span class='ocrx_word' id='word_1_806' title='bbox 1153 4877 1211 4924; x_wconf 83' lang='lat' dir='ltr'><strong>et</strong></span> <span class='ocrx_word' id='word_1_807' title='bbox 1267 4868 1426 4924; x_wconf 86' lang='lat' dir='ltr'><strong>bibes</strong></span> <span class='ocrx_word' id='word_1_808' title='bbox 1485 4879 1541 4926; x_wconf 92' lang='lat' dir='ltr'><strong>tu</strong></span> <span class='ocrx_word' id='word_1_809' title='bbox 1559 4870 1648 4924; x_wconf 70' lang='lat'><strong>&quot;1&#39;</strong></span> <span class='ocrx_word' id='word_1_810' title='bbox 1697 4888 1716 4921; x_wconf 77' lang='grc' dir='ltr'><strong>ι</strong></span> <span class='ocrx_word' id='word_1_811' title='bbox 1783 4869 2045 4926; x_wconf 92' lang='lat' dir='ltr'><strong>lnducit:</strong></span> 
     </span>
    </p>
   </div>
   <div class='ocr_carea' id='block_1_99' title="bbox 479 4958 2047 5033">
    <p class='ocr_par' dir='ltr' id='par_1_99' title="bbox 479 4958 2047 5033">
     <span class='ocr_line' id='line_1_99' title="bbox 479 4958 2047 5033; baseline 0.002 -18"><span class='ocrx_word' id='word_1_812' title='bbox 479 4982 498 5015; x_wconf 81' lang='grc' dir='ltr'><strong>ι</strong></span> <span class='ocrx_word' id='word_1_813' title='bbox 534 4961 796 5032; x_wconf 86' lang='lat' dir='ltr'><strong>Nunquid</strong></span> <span class='ocrx_word' id='word_1_814' title='bbox 828 4960 1061 5031; x_wconf 87' lang='lat' dir='ltr'><strong>gratiam</strong></span> <span class='ocrx_word' id='word_1_815' title='bbox 1092 4958 1261 5015; x_wconf 87' lang='lat' dir='ltr'><strong>habet</strong></span> <span class='ocrx_word' id='word_1_816' title='bbox 1290 4975 1455 5016; x_wconf 80' lang='lat' dir='ltr'><strong>servo</strong></span> <span class='ocrx_word' id='word_1_817' title='bbox 1481 4960 1582 5023; x_wconf 87' lang='lat' dir='ltr'><strong>illi,</strong></span> <span class='ocrx_word' id='word_1_818' title='bbox 1607 4959 1738 5031; x_wconf 85' lang='lat' dir='ltr'><strong>quia</strong></span> <span class='ocrx_word' id='word_1_819' title='bbox 1764 4960 1895 5016; x_wconf 82' lang='lat' dir='ltr'><strong>fecit</strong></span> <span class='ocrx_word' id='word_1_820' title='bbox 1922 4978 2047 5033; x_wconf 73' lang='lat' dir='ltr'><strong>qua:</strong></span> 
     </span>
    </p>
   </div>
   <div class='ocr_carea' id='block_1_100' title="bbox 2144 4865 3725 4945">
    <p class='ocr_par' dir='ltr' id='par_1_100' title="bbox 2144 4865 3725 4945">
     <span class='ocr_line' id='line_1_100' title="bbox 2144 4865 3725 4945; baseline -0.005 -17"><span class='ocrx_word' id='word_1_821' title='bbox 2144 4874 2479 4945; x_wconf 79' lang='grc' dir='ltr'>ποιήκαμεν.</span> <span class='ocrx_word' id='word_1_822' title='bbox 2526 4893 2543 4925; x_wconf 78' lang='grc' dir='ltr'><strong>ι</strong></span> <span class='ocrx_word' id='word_1_823' title='bbox 2592 4872 2748 4944; x_wconf 77' lang='grc' dir='ltr'>Δίιτῷ</span> <span class='ocrx_word' id='word_1_824' title='bbox 2792 4874 2827 4943; x_wconf 80' lang='grc' dir='ltr'><strong>ἡ</strong></span> <span class='ocrx_word' id='word_1_825' title='bbox 2870 4872 3000 4936; x_wconf 75' lang='grc' dir='ltr'>δόξα</span> <span class='ocrx_word' id='word_1_826' title='bbox 3055 4873 3135 4936; x_wconf 85' lang='grc' dir='ltr'><strong>είς</strong></span> <span class='ocrx_word' id='word_1_827' title='bbox 3194 4870 3323 4935; x_wconf 72' lang='grc' dir='ltr'>τοὺς</span> <span class='ocrx_word' id='word_1_828' title='bbox 3366 4869 3576 4932; x_wconf 83' lang='grc' dir='ltr'>αἰῶνας</span> <span class='ocrx_word' id='word_1_829' title='bbox 3622 4865 3725 4920; x_wconf 83' lang='grc' dir='ltr'><strong>τῶν</strong></span> 
     </span>
    </p>
   </div>
   <div class='ocr_carea' id='block_1_101' title="bbox 2144 4963 2618 5035">
    <p class='ocr_par' dir='ltr' id='par_1_101' title="bbox 2144 4963 2618 5035">
     <span class='ocr_line' id='line_1_101' title="bbox 2144 4963 2618 5035; baseline -0.002 -16"><span class='ocrx_word' id='word_1_830' title='bbox 2144 4963 2380 5019; x_wconf 77' lang='grc' dir='ltr'>αἰώνων.</span> <span class='ocrx_word' id='word_1_831' title='bbox 2419 4964 2477 5017; x_wconf 82' lang='grc' dir='ltr'><strong>’Δ</strong></span> <span class='ocrx_word' id='word_1_832' title='bbox 2488 4964 2618 5035; x_wconf 80' lang='grc' dir='ltr'>μήν.</span> 
     </span>
    </p>
   </div>
   <div class='ocr_carea' id='block_1_102' title="bbox 473 5050 3723 5127">
    <p class='ocr_par' dir='ltr' id='par_1_102' title="bbox 473 5050 3723 5127">
     <span class='ocr_line' id='line_1_102' title="bbox 473 5050 3723 5127; baseline -0.001 -16"><span class='ocrx_word' id='word_1_833' title='bbox 473 5056 525 5112; x_wconf 91' lang='lat' dir='ltr'><strong>ei</strong></span> <span class='ocrx_word' id='word_1_834' title='bbox 549 5056 915 5123; x_wconf 82' lang='lat' dir='ltr'><strong>imperaverat</strong></span> <span class='ocrx_word' id='word_1_835' title='bbox 937 5052 961 5105; x_wconf 74' lang='grc' dir='ltr'>’ί</span> <span class='ocrx_word' id='word_1_836' title='bbox 986 5067 1097 5109; x_wconf 86' lang='lat' dir='ltr'><strong>non</strong></span> <span class='ocrx_word' id='word_1_837' title='bbox 1123 5061 1279 5122; x_wconf 85' lang='lat' dir='ltr'><strong>puto;</strong></span> <span class='ocrx_word' id='word_1_838' title='bbox 1314 5050 1397 5106; x_wconf 86' lang='lat' dir='ltr'><strong>sic</strong></span> <span class='ocrx_word' id='word_1_839' title='bbox 1445 5060 1504 5107; x_wconf 89' lang='lat' dir='ltr'><strong>et</strong></span> <span class='ocrx_word' id='word_1_840' title='bbox 1542 5068 1639 5107; x_wconf 88' lang='lat' dir='ltr'><strong>vos</strong></span> <span class='ocrx_word' id='word_1_841' title='bbox 1664 5068 1792 5107; x_wconf 86' lang='lat' dir='ltr'><strong>eum</strong></span> <span class='ocrx_word' id='word_1_842' title='bbox 1827 5053 2077 5112; x_wconf 82' lang='lat' dir='ltr'><strong>feceritis</strong></span> <span class='ocrx_word' id='word_1_843' title='bbox 2115 5055 2304 5112; x_wconf 92' lang='lat' dir='ltr'><strong>omnia</strong></span> <span class='ocrx_word' id='word_1_844' title='bbox 2338 5071 2463 5126; x_wconf 77' lang='lat' dir='ltr'><strong>qua:</strong></span> <span class='ocrx_word' id='word_1_845' title='bbox 2485 5064 2759 5127; x_wconf 65' lang='lat' dir='ltr'><strong>praecepta</strong></span> <span class='ocrx_word' id='word_1_846' title='bbox 2790 5062 2921 5110; x_wconf 91' lang='lat' dir='ltr'><strong>sunt</strong></span> <span class='ocrx_word' id='word_1_847' title='bbox 2988 5053 3168 5119; x_wconf 86' lang='lat' dir='ltr'><strong>vobis,</strong></span> <span class='ocrx_word' id='word_1_848' title='bbox 3198 5052 3391 5119; x_wconf 87' lang='lat' dir='ltr'><strong>dicite,</strong></span> <span class='ocrx_word' id='word_1_849' title='bbox 3417 5052 3551 5124; x_wconf 87' lang='lat' dir='ltr'><strong>quia</strong></span> <span class='ocrx_word' id='word_1_850' title='bbox 3604 5052 3723 5107; x_wconf 78' lang='lat' dir='ltr'><strong>inu-</strong></span> 
     </span>
    </p>
   </div>
   <div class='ocr_carea' id='block_1_103' title="bbox 478 5142 2044 5214">
    <p class='ocr_par' dir='ltr' id='par_1_103' title="bbox 478 5142 2044 5214">
     <span class='ocr_line' id='line_1_103' title="bbox 478 5142 2044 5214; baseline 0 -12"><span class='ocrx_word' id='word_1_851' title='bbox 478 5147 601 5210; x_wconf 86' lang='lat' dir='ltr'><strong>tiles</strong></span> <span class='ocrx_word' id='word_1_852' title='bbox 627 5144 770 5201; x_wconf 89' lang='lat' dir='ltr'><strong>servi</strong></span> <span class='ocrx_word' id='word_1_853' title='bbox 792 5142 1061 5200; x_wconf 69' lang='lat' dir='ltr'><strong>sumus“.</strong></span> <span class='ocrx_word' id='word_1_854' title='bbox 1092 5162 1112 5200; x_wconf 78' lang='grc' dir='ltr'><strong>ι</strong></span> <span class='ocrx_word' id='word_1_855' title='bbox 1143 5143 1249 5214; x_wconf 85' lang='lat' dir='ltr'><strong>Ipsi</strong></span> <span class='ocrx_word' id='word_1_856' title='bbox 1285 5143 1459 5214; x_wconf 82' lang='lat' dir='ltr'><strong>gloria</strong></span> <span class='ocrx_word' id='word_1_857' title='bbox 1494 5144 1550 5199; x_wconf 92' lang='lat' dir='ltr'><strong>in</strong></span> <span class='ocrx_word' id='word_1_858' title='bbox 1587 5144 1810 5202; x_wconf 67' lang='lat' dir='ltr'><strong>mula.</strong></span> <span class='ocrx_word' id='word_1_859' title='bbox 1841 5146 2044 5202; x_wconf 81' lang='lat' dir='ltr'><strong>Amen.</strong></span> 
     </span>
    </p>
   </div>
   <div class='ocr_carea' id='block_1_104' title="bbox 944 5275 1556 5347">
    <p class='ocr_par' dir='ltr' id='par_1_104' title="bbox 944 5275 1556 5347">
     <span class='ocr_line' id='line_1_104' title="bbox 944 5275 1556 5347; baseline 0.002 -17"><span class='ocrx_word' id='word_1_860' title='bbox 944 5275 1223 5332; x_wconf 69' lang='lat' dir='ltr'><strong>IIOMILIA</strong></span> <span class='ocrx_word' id='word_1_861' title='bbox 1268 5277 1556 5347; x_wconf 64' lang='lat' dir='ltr'><strong>LXXXIII.</strong></span> 
     </span>
    </p>
   </div>
   <div class='ocr_carea' id='block_1_105' title="bbox 794 5391 1727 5461">
    <p class='ocr_par' dir='ltr' id='par_1_105' title="bbox 794 5391 1727 5461">
     <span class='ocr_line' id='line_1_105' title="bbox 794 5391 1727 5461; baseline 0.004 -16"><span class='ocrx_word' id='word_1_862' title='bbox 794 5391 867 5455; x_wconf 70' lang='lat' dir='ltr'><strong>De</strong></span> <span class='ocrx_word' id='word_1_863' title='bbox 905 5393 1315 5459; x_wconf 68' lang='lat' dir='ltr'><strong>corisultatione,</strong></span> <span class='ocrx_word' id='word_1_864' title='bbox 1345 5396 1452 5457; x_wconf 78' lang='lat' dir='ltr'><strong>sipe</strong></span> <span class='ocrx_word' id='word_1_865' title='bbox 1486 5396 1727 5461; x_wconf 76' lang='lat' dir='ltr'><strong>consilio.</strong></span> 
     </span>
    </p>
   </div>
   <div class='ocr_carea' id='block_1_106' title="bbox 547 5502 2049 5577">
    <p class='ocr_par' dir='ltr' id='par_1_106' title="bbox 547 5502 2049 5577">
     <span class='ocr_line' id='line_1_106' title="bbox 547 5502 2049 5577; baseline -0.003 -14"><span class='ocrx_word' id='word_1_866' title='bbox 547 5509 604 5567; x_wconf 87' lang='lat' dir='ltr'><strong>lu</strong></span> <span class='ocrx_word' id='word_1_867' title='bbox 637 5520 969 5577; x_wconf 78' lang='lat' dir='ltr'><strong>quocunque</strong></span> <span class='ocrx_word' id='word_1_868' title='bbox 988 5504 1208 5575; x_wconf 79' lang='lat' dir='ltr'><strong>negotio</strong></span> <span class='ocrx_word' id='word_1_869' title='bbox 1240 5520 1348 5559; x_wconf 94' lang='lat' dir='ltr'><strong>non</strong></span> <span class='ocrx_word' id='word_1_870' title='bbox 1371 5502 1667 5561; x_wconf 78' lang='lat' dir='ltr'><strong>mediOcris</strong></span> <span class='ocrx_word' id='word_1_871' title='bbox 1728 5521 1916 5576; x_wconf 82' lang='lat' dir='ltr'><strong>opera:</strong></span> <span class='ocrx_word' id='word_1_872' title='bbox 1967 5507 2049 5561; x_wconf 49' lang='lat' dir='ltr'><strong>fee</strong></span> 
     </span>
    </p>
   </div>
   <div class='ocr_carea' id='block_1_107' title="bbox 548 5684 1709 5745">
    <p class='ocr_par' dir='ltr' id='par_1_107' title="bbox 548 5684 1709 5745">
     <span class='ocr_line' id='line_1_107' title="bbox 548 5684 1709 5745; baseline -0.001 -5"><span class='ocrx_word' id='word_1_873' title='bbox 548 5688 583 5719; x_wconf 79' lang='grc'><strong>¹”</strong></span> <span class='ocrx_word' id='word_1_874' title='bbox 620 5686 777 5740; x_wconf 87' lang='lat' dir='ltr'><strong>Prov.</strong></span> <span class='ocrx_word' id='word_1_875' title='bbox 812 5702 965 5740; x_wconf 70' lang='lat' dir='ltr'><strong>xxm.</strong></span> <span class='ocrx_word' id='word_1_876' title='bbox 1026 5686 1107 5740; x_wconf 76' lang='lat' dir='ltr'><strong>l5.</strong></span> <span class='ocrx_word' id='word_1_877' title='bbox 1156 5684 1229 5717; x_wconf 52' lang='grc' dir='ltr'><strong>κη</strong></span> <span class='ocrx_word' id='word_1_878' title='bbox 1253 5684 1413 5739; x_wconf 79' lang='lat' dir='ltr'><strong>Prov.</strong></span> <span class='ocrx_word' id='word_1_879' title='bbox 1451 5702 1591 5745; x_wconf 73' lang='lat' dir='ltr'><strong>xm,</strong></span> <span class='ocrx_word' id='word_1_880' title='bbox 1626 5684 1709 5739; x_wconf 86' lang='lat' dir='ltr'><strong>l7.</strong></span> 
     </span>
    </p>
   </div>
   <div class='ocr_carea' id='block_1_108' title="bbox 534 5755 1976 5817">
    <p class='ocr_par' dir='ltr' id='par_1_108' title="bbox 534 5755 1976 5817">
     <span class='ocr_line' id='line_1_108' title="bbox 534 5755 1976 5817; baseline -0.002 -7"><span class='ocrx_word' id='word_1_881' title='bbox 534 5774 642 5811; x_wconf 85' lang='lat' dir='ltr'><strong>mn.</strong></span> <span class='ocrx_word' id='word_1_882' title='bbox 679 5773 755 5817; x_wconf 89' lang='grc' dir='ltr'>ιιι,</span> <span class='ocrx_word' id='word_1_883' title='bbox 789 5757 839 5808; x_wconf 84' lang='lat'><strong>7.</strong></span> <span class='ocrx_word' id='word_1_884' title='bbox 914 5758 960 5788; x_wconf 81' lang='grc'><strong>’³</strong></span> <span class='ocrx_word' id='word_1_885' title='bbox 984 5756 1143 5811; x_wconf 79' lang='lat' dir='ltr'><strong>Mich.</strong></span> <span class='ocrx_word' id='word_1_886' title='bbox 1180 5773 1273 5816; x_wconf 77' lang='lat' dir='ltr'><strong>vn.</strong></span> <span class='ocrx_word' id='word_1_887' title='bbox 1308 5756 1386 5810; x_wconf 78' lang='lat' dir='ltr'><strong>H.</strong></span> <span class='ocrx_word' id='word_1_888' title='bbox 1462 5755 1689 5811; x_wconf 76' lang='lat' dir='ltr'><strong>“Hebr.</strong></span> <span class='ocrx_word' id='word_1_889' title='bbox 1728 5772 1823 5817; x_wconf 76' lang='lat' dir='ltr'><strong>xu,</strong></span> 
     </span>
    </p>
   </div>
   <div class='ocr_carea' id='block_1_109' title="bbox 499 5826 1500 5895">
    <p class='ocr_par' dir='ltr' id='par_1_109' title="bbox 499 5826 1500 5895">
     <span class='ocr_line' id='line_1_109' title="bbox 499 5826 1500 5895; baseline 0 -16"><span class='ocrx_word' id='word_1_890' title='bbox 499 5826 521 5858; x_wconf 84' lang='lat'><strong>&#39;</strong></span> <span class='ocrx_word' id='word_1_891' title='bbox 554 5826 692 5879; x_wconf 71' lang='lat' dir='ltr'><strong>Psal.</strong></span> <span class='ocrx_word' id='word_1_892' title='bbox 721 5843 883 5888; x_wconf 72' lang='lat' dir='ltr'><strong>cxvii,</strong></span> <span class='ocrx_word' id='word_1_893' title='bbox 915 5828 991 5880; x_wconf 79' lang='grc'><strong>18.</strong></span> <span class='ocrx_word' id='word_1_894' title='bbox 1071 5829 1112 5859; x_wconf 69' lang='grc' dir='ltr'>’θ</span> <span class='ocrx_word' id='word_1_895' title='bbox 1143 5827 1280 5882; x_wconf 73' lang='lat' dir='ltr'><strong>l‘sal.</strong></span> <span class='ocrx_word' id='word_1_896' title='bbox 1305 5843 1421 5895; x_wconf 66' lang='lat' dir='ltr'><strong>cu,</strong></span> <span class='ocrx_word' id='word_1_897' title='bbox 1451 5826 1500 5880; x_wconf 78' lang='lat'><strong>3.</strong></span> 
     </span>
    </p>
   </div>
   <div class='ocr_carea' id='block_1_110' title="bbox 481 5895 891 5959">
    <p class='ocr_par' dir='ltr' id='par_1_110' title="bbox 481 5895 891 5959">
     <span class='ocr_line' id='line_1_110' title="bbox 481 5895 891 5959; baseline 0.005 -12"><span class='ocrx_word' id='word_1_898' title='bbox 481 5898 522 5930; x_wconf 79' lang='lat'>&quot;</span> <span class='ocrx_word' id='word_1_899' title='bbox 552 5895 685 5955; x_wconf 78' lang='lat' dir='ltr'><strong>ibid.</strong></span> <span class='ocrx_word' id='word_1_900' title='bbox 719 5899 770 5959; x_wconf 71' lang='grc' dir='ltr'>ει,</span> <span class='ocrx_word' id='word_1_901' title='bbox 813 5898 891 5959; x_wconf 65' lang='lat' dir='ltr'><strong>In.</strong></span> 
     </span>
    </p>
   </div>
   <div class='ocr_carea' id='block_1_111' title="bbox 1792 5684 2256 5747">
    <p class='ocr_par' dir='ltr' id='par_1_111' title="bbox 1792 5684 2256 5747">
     <span class='ocr_line' id='line_1_111' title="bbox 1792 5684 2256 5747; baseline 0 -10"><span class='ocrx_word' id='word_1_902' title='bbox 1792 5686 1832 5717; x_wconf 69' lang='grc' dir='ltr'><strong>’ν</strong></span> <span class='ocrx_word' id='word_1_903' title='bbox 1864 5684 2043 5738; x_wconf 81' lang='lat' dir='ltr'><strong>Eccle.</strong></span> <span class='ocrx_word' id='word_1_904' title='bbox 2076 5700 2171 5747; x_wconf 83' lang='lat' dir='ltr'><strong>vn,</strong></span> <span class='ocrx_word' id='word_1_905' title='bbox 2203 5684 2256 5737; x_wconf 83' lang='lat'><strong>6.</strong></span> 
     </span>
    </p>
   </div>
   <div class='ocr_carea' id='block_1_112' title="bbox 2053 5755 2499 5815">
    <p class='ocr_par' dir='ltr' id='par_1_112' title="bbox 2053 5755 2499 5815">
     <span class='ocr_line' id='line_1_112' title="bbox 2053 5755 2499 5815; baseline -0.004 -7"><span class='ocrx_word' id='word_1_906' title='bbox 2053 5758 2097 5787; x_wconf 73' lang='grc'><strong>’⁸</strong></span> <span class='ocrx_word' id='word_1_907' title='bbox 2127 5756 2166 5808; x_wconf 87' lang='grc' dir='ltr'><strong>ΙΙ</strong></span> <span class='ocrx_word' id='word_1_908' title='bbox 2195 5756 2320 5807; x_wconf 66' lang='lat' dir='ltr'><strong>Cur.</strong></span> <span class='ocrx_word' id='word_1_909' title='bbox 2352 5772 2414 5815; x_wconf 79' lang='lat' dir='ltr'><strong>ll,</strong></span> <span class='ocrx_word' id='word_1_910' title='bbox 2445 5755 2499 5807; x_wconf 72' lang='lat'><strong>‘2.</strong></span> 
     </span>
    </p>
   </div>
   <div class='ocr_carea' id='block_1_113' title="bbox 1582 5825 2065 5889">
    <p class='ocr_par' dir='ltr' id='par_1_113' title="bbox 1582 5825 2065 5889">
     <span class='ocr_line' id='line_1_113' title="bbox 1582 5825 2065 5889; baseline -0.004 -9"><span class='ocrx_word' id='word_1_911' title='bbox 1582 5825 1623 5857; x_wconf 69' lang='grc'><strong>³⁸</strong></span> <span class='ocrx_word' id='word_1_912' title='bbox 1654 5826 1791 5889; x_wconf 70' lang='lat' dir='ltr'><strong>l‘sal.</strong></span> <span class='ocrx_word' id='word_1_913' title='bbox 1832 5826 2065 5889; x_wconf 53' lang='lat'><strong>“19,56.</strong></span> 
     </span>
    </p>
   </div>
   <div class='ocr_carea' id='block_1_114' title="bbox 2744 5282 3129 5337">
    <p class='ocr_par' dir='ltr' id='par_1_114' title="bbox 2744 5282 3129 5337">
     <span class='ocr_line' id='line_1_114' title="bbox 2744 5282 3129 5337; baseline 0 0"><span class='ocrx_word' id='word_1_914' title='bbox 2744 5282 2963 5337; x_wconf 84' lang='grc' dir='ltr'><strong>ΛΟΓΟΣ</strong></span> <span class='ocrx_word' id='word_1_915' title='bbox 3006 5282 3129 5337; x_wconf 77' lang='grc' dir='ltr'><strong>ΠΓ.</strong></span> 
     </span>
    </p>
   </div>
   <div class='ocr_carea' id='block_1_115' title="bbox 2650 5395 3234 5465">
    <p class='ocr_par' dir='ltr' id='par_1_115' title="bbox 2650 5395 3234 5465">
     <span class='ocr_line' id='line_1_115' title="bbox 2650 5395 3234 5465; baseline 0.005 -17"><span class='ocrx_word' id='word_1_916' title='bbox 2650 5395 2789 5463; x_wconf 73' lang='grc' dir='ltr'>Περὶ</span> <span class='ocrx_word' id='word_1_917' title='bbox 2838 5396 3234 5465; x_wconf 72' lang='grc' dir='ltr'>συμϐουλίας.</span> 
     </span>
    </p>
   </div>
   <div class='ocr_carea' id='block_1_116' title="bbox 2230 5503 3726 5577">
    <p class='ocr_par' dir='ltr' id='par_1_116' title="bbox 2230 5503 3726 5577">
     <span class='ocr_line' id='line_1_116' title="bbox 2230 5503 3726 5577; baseline -0.001 -17"><span class='ocrx_word' id='word_1_918' title='bbox 2230 5504 2304 5560; x_wconf 84' lang='lat' dir='ltr'><strong>T6</strong></span> <span class='ocrx_word' id='word_1_919' title='bbox 2332 5503 2800 5575; x_wconf 75' lang='grc' dir='ltr'>συμϐουλεύεσθαι</span> <span class='ocrx_word' id='word_1_920' title='bbox 2830 5504 2888 5560; x_wconf 74' lang='grc' dir='ltr'>ἑν</span> <span class='ocrx_word' id='word_1_921' title='bbox 2912 5505 3075 5559; x_wconf 70' lang='grc' dir='ltr'>παντὶ</span> <span class='ocrx_word' id='word_1_922' title='bbox 3100 5505 3412 5577; x_wconf 81' lang='grc' dir='ltr'>πράγματι,</span> <span class='ocrx_word' id='word_1_923' title='bbox 3448 5507 3612 5561; x_wconf 70' lang='grc' dir='ltr'>καλὸν</span> <span class='ocrx_word' id='word_1_924' title='bbox 3642 5506 3726 5558; x_wconf 74' lang='grc' dir='ltr'>καὶ</span> 
     </span>
    </p>
   </div>
   <div class='ocr_carea' id='block_1_117' title="bbox 2370 5682 3724 5747">
    <p class='ocr_par' dir='ltr' id='par_1_117' title="bbox 2370 5682 3724 5747">
     <span class='ocr_line' id='line_1_117' title="bbox 2370 5682 3724 5747; baseline -0.004 -10"><span class='ocrx_word' id='word_1_925' title='bbox 2370 5685 2414 5714; x_wconf 78' lang='grc' dir='ltr'><strong><em>ὀ</em></strong></span> <span class='ocrx_word' id='word_1_926' title='bbox 2439 5684 2599 5737; x_wconf 79' lang='lat' dir='ltr'><strong>Prov.</strong></span> <span class='ocrx_word' id='word_1_927' title='bbox 2636 5700 2708 5742; x_wconf 84' lang='lat' dir='ltr'><strong>Iv.</strong></span> <span class='ocrx_word' id='word_1_928' title='bbox 2740 5684 2789 5744; x_wconf 86' lang='lat' dir='ltr'><strong>l,</strong></span> <span class='ocrx_word' id='word_1_929' title='bbox 2821 5684 2875 5737; x_wconf 74' lang='lat'><strong>2.</strong></span> <span class='ocrx_word' id='word_1_930' title='bbox 2985 5683 3026 5713; x_wconf 84' lang='grc'>¹¹</span> <span class='ocrx_word' id='word_1_931' title='bbox 3054 5682 3213 5737; x_wconf 76' lang='lat' dir='ltr'><strong>Prov.</strong></span> <span class='ocrx_word' id='word_1_932' title='bbox 3245 5699 3361 5747; x_wconf 81' lang='lat' dir='ltr'><strong>vm,</strong></span> <span class='ocrx_word' id='word_1_933' title='bbox 3400 5683 3482 5737; x_wconf 83' lang='lat' dir='ltr'><strong>l0.</strong></span> <span class='ocrx_word' id='word_1_934' title='bbox 3560 5687 3605 5715; x_wconf 82' lang='lat'><strong>&quot;</strong></span> <span class='ocrx_word' id='word_1_935' title='bbox 3630 5684 3724 5734; x_wconf 73' lang='lat' dir='ltr'><strong>Sn-</strong></span> 
     </span>
    </p>
   </div>
   <div class='ocr_carea' id='block_1_118' title="bbox 2579 5753 3719 5813">
    <p class='ocr_par' dir='ltr' id='par_1_118' title="bbox 2579 5753 3719 5813">
     <span class='ocr_line' id='line_1_118' title="bbox 2579 5753 3719 5813; baseline -0.001 -7"><span class='ocrx_word' id='word_1_936' title='bbox 2579 5756 2622 5783; x_wconf 83' lang='lat'><strong>&quot;</strong></span> <span class='ocrx_word' id='word_1_937' title='bbox 2655 5754 2817 5807; x_wconf 76' lang='lat' dir='ltr'><strong>llrbr.</strong></span> <span class='ocrx_word' id='word_1_938' title='bbox 2852 5769 2947 5813; x_wconf 75' lang='lat' dir='ltr'><strong>xu,</strong></span> <span class='ocrx_word' id='word_1_939' title='bbox 2987 5753 3066 5806; x_wconf 84' lang='lat' dir='ltr'><strong>ll.</strong></span> <span class='ocrx_word' id='word_1_940' title='bbox 3146 5754 3189 5784; x_wconf 80' lang='lat'>&quot;</span> <span class='ocrx_word' id='word_1_941' title='bbox 3227 5754 3365 5808; x_wconf 73' lang='lat' dir='ltr'><strong>Psal.</strong></span> <span class='ocrx_word' id='word_1_942' title='bbox 3438 5771 3585 5811; x_wconf 76' lang='lat' dir='ltr'><strong>xcm,</strong></span> <span class='ocrx_word' id='word_1_943' title='bbox 3644 5755 3719 5807; x_wconf 66' lang='lat' dir='ltr'><strong>l9.</strong></span> 
     </span>
    </p>
   </div>
   <div class='ocr_carea' id='block_1_119' title="bbox 2144 5823 3719 5890">
    <p class='ocr_par' dir='ltr' id='par_1_119' title="bbox 2144 5823 3719 5890">
     <span class='ocr_line' id='line_1_119' title="bbox 2144 5823 3719 5890; baseline -0.003 -11"><span class='ocrx_word' id='word_1_944' title='bbox 2144 5827 2180 5857; x_wconf 83' lang='grc'><strong>³¹</strong></span> <span class='ocrx_word' id='word_1_945' title='bbox 2206 5825 2306 5885; x_wconf 78' lang='lat' dir='ltr'><strong>Job</strong></span> <span class='ocrx_word' id='word_1_946' title='bbox 2343 5842 2435 5889; x_wconf 68' lang='grc' dir='ltr'>ιιι,</span> <span class='ocrx_word' id='word_1_947' title='bbox 2474 5827 2517 5878; x_wconf 87' lang='grc'><strong>1.</strong></span> <span class='ocrx_word' id='word_1_948' title='bbox 2600 5827 2639 5856; x_wconf 69' lang='grc'><strong>³⁸</strong></span> <span class='ocrx_word' id='word_1_949' title='bbox 2666 5823 3020 5888; x_wconf 63' lang='lat' dir='ltr'><strong>Muttinnvl,</strong></span> <span class='ocrx_word' id='word_1_950' title='bbox 3053 5824 3137 5876; x_wconf 76' lang='grc' dir='ltr'><strong>Η.</strong></span> <span class='ocrx_word' id='word_1_951' title='bbox 3219 5826 3259 5857; x_wconf 76' lang='grc'>³³</span> <span class='ocrx_word' id='word_1_952' title='bbox 3294 5824 3427 5879; x_wconf 83' lang='lat' dir='ltr'><strong>Luc.</strong></span> <span class='ocrx_word' id='word_1_953' title='bbox 3465 5828 3648 5890; x_wconf 78' lang='lat' dir='ltr'><strong>xvn,7,</strong></span> <span class='ocrx_word' id='word_1_954' title='bbox 3673 5824 3719 5881; x_wconf 88' lang='lat'><strong>8,</strong></span> 
     </span>
    </p>
   </div>
  </div>
