4028 6512
343 386 479 453 1635

1288 386 1616 447 HOMILIA
1654 387 1981 448 LXXXIII.
2016 414 2079 424 —
2122 390 2218 450 DE
2260 391 2631 455 CONSILIO.

3449 396 3583 463 1686

338 502 631 574 θεάρεστὸν
666 502 831 556 ἐστιν.
865 500 1053 563 Οὐδεὶς
1084 498 1194 570 γάρ
1231 500 1261 552 ὀ
1297 498 1372 569 μὴ
1405 499 1623 571 χρῄζων
1670 499 1906 570 συμϐού·

2018 502 2161 557 ceris
2192 504 2452 573 pretium,
2488 519 2717 576 remque
2748 505 2859 562 Deo
2898 520 3228 577 magnopere
3276 516 3582 578 acceptam,

339 604 453 660 λου,
486 596 534 649 εἱ
567 596 640 667 μὴ
672 594 828 665 μόνος
859 594 887 646 6
917 592 1069 657 Θεὸς,
1104 591 1133 644 6
1163 590 1263 661 τὴν
1303 590 1496 660 σοφίαν
1545 591 1761 656 κτίσας.
1791 592 1909 656 Πᾶς

338 688 395 740 δὲ
426 686 709 759 ἄνθρωπος
736 687 925 759 χρείαν
958 688 1069 758 ἔχει
1102 689 1431 759 συμϐουλίας
1458 691 1669 760 ἀγαθῆς
1707 690 1908 763 μᾶλλον

339 776 372 844 ἢ
402 774 492 828 τὸν
540 775 678 845 ἀέρα
727 776 1008 832 ἀναπνεῖν.
1058 779 1254 843 Καθὼς
1300 784 1395 835 καὶ
1445 782 1598 851 παρὰ
1625 782 1726 851 τῆς
1758 781 1909 845 θείας

341 868 564 938 Γραφῆς
612 869 1000 941 παιδευόμεθα.
1049 873 1219 941 Φησὶν
1264 873 1408 944 γάρ·
1448 892 1465 925 ι
1518 873 1673 928 Μετά
1715 873 1909 944 βουλῆς

345 961 519 1013 πάντα
554 961 718 1025 ποίει,
751 963 887 1032 μετὰ
919 962 1117 1033 βουλῆς
1145 964 1439 1018 οίνοπότει·
1478 984 1497 1017 ι
1543 966 1635 1019 τὸν
1668 982 1911 1035 πνευμα-

344 1053 496 1102 τικὸν
548 1051 750 1122 δηλαδὴ
812 1049 975 1117 οἶνον,
1020 1053 1113 1106 τὸν
1163 1054 1520 1123 εὐφραίνοντα
1568 1056 1816 1127 καρδίαν.
1854 1055 1913 1109 Ὀ

344 1142 578 1207 τοιοῦτος
611 1144 867 1198 οὐδέποτε
915 1148 1135 1216 ἀστοχεῖ
1164 1186 1178 1211 ,
1233 1147 1348 1201 ἀλλ’
1397 1147 1717 1218 ἀμερίμνως
1768 1165 1913 1220 παρ-

342 1236 516 1289 οδεύει
573 1236 749 1289 πάντα
790 1237 882 1289 τὸν
925 1236 1037 1306 βίον
1066 1237 1252 1293 αύτοῦ.
1281 1240 1625 1309 Μισοτυφίας
1672 1241 1780 1309 γὰρ
1822 1240 1915 1294 καὶ

343 1326 727 1390 ταπεινώσεως
768 1329 1069 1397 τεκμήριον
1096 1368 1111 1391 ,
1150 1329 1243 1382 τοῦ
1298 1330 1505 1384 δεῖσθαι
1559 1331 1911 1399 συμϐουλίας,

348 1418 585 1488 μάλιστα
619 1418 729 1470 τῶν
763 1420 822 1471 ἐν
867 1420 1033 1491 πείρᾳ
1074 1422 1370 1490 γερόντων.
1412 1422 1688 1493 Πρόδηλον
1732 1423 1790 1477 δέ
1833 1424 1916 1476 ὅτι

348 1513 624 1573 ταπεινοῖς
656 1510 872 1565 δίδωσιν
902 1513 931 1565 6
961 1512 1093 1576 Θεὸς
1121 1512 1301 1585 χάριν,
1336 1514 1711 1584 ὑπερηφάνοις
1735 1514 1790 1568 δὲ
1818 1515 1913 1567 ἀν-

347 1602 685 1656 τιτάσσεται.
722 1602 919 1667 Καθὼς
963 1621 1129 1674 φησιν
1167 1605 1261 1658 καὶ
1290 1607 1319 1659 6
1354 1605 1555 1670 Τοϐίας
1590 1606 1668 1678 τῷ
1697 1607 1798 1678 υίῷ
1824 1608 1918 1661 αύ-

344 1693 459 1746 τού·
498 1713 517 1745 ι
558 1694 899 1764 Συμϐουλίαν
934 1696 1085 1766 παρὰ
1122 1696 1325 1760 παντὸς
1353 1697 1616 1767 φρονίμου
1652 1698 1914 1769 ζήτησον,

347 1786 441 1839 καὶ⁵
478 1787 550 1858 μὴ
592 1790 1012 1863 καταφρονήσῃς
1054 1788 1147 1843 ἐπὶ
1186 1790 1366 1859 πάσης
1411 1789 1742 1861 συμϐουλίας
1781 1808 1917 1862 χρη-

2014 593 2059 648 si
2087 593 2380 649 consilium
2403 605 2649 665 expetes.
2671 595 2840 651 Νειηο
2852 595 2999 651 enim
3022 594 3335 651 invenietur
3354 596 3447 667 qui
3473 613 3583 652 non

2017 684 2236 756 indigus
2279 684 2351 741 sit
2410 686 2755 753 consiliarii,
2803 686 2910 742 nisi
2966 687 3109 740 Deus
3161 685 3353 751 solus,
3412 702 3587 755 penes

2015 795 2179 849 quem
2208 780 2481 851 sapientia
2503 790 2587 836 est
2616 781 2815 835 omnis.
2846 781 2979 836 Nam
3017 781 3182 835 homo
3221 780 3401 835 omnis
3435 780 3582 835 indi-

2016 887 2117 941 gns
2149 880 2234 927 est
2285 872 2472 942 probae
2520 872 2968 936 consultationis,
3026 889 3138 941 pra:
3192 871 3365 926 halitu
3420 888 3583 942 quem

2018 980 2113 1019 ore
2145 964 2289 1019 eillat
2320 980 2383 1020 ac
2405 964 2595 1035 spirat,
2624 972 2685 1019 ut
2710 981 2811 1019 nos
2847 963 3049 1019 divinae
3104 964 3403 1035 Scriptura:
3452 979 3584 1017 eru-

2019 1057 2180 1112 diunt
2207 1058 2354 1112 hunc
2387 1058 2440 1111 in
2469 1057 2720 1112 modum:
2758 1075 2775 1108 ι
2811 1056 3006 1113 Omnia
3038 1057 3121 1111 iac
3151 1073 3276 1111 cum
3330 1056 3583 1119 consilio,

2019 1165 2143 1205 cum
2175 1150 2408 1205 consilio
2466 1150 2654 1205 vinum
2687 1150 2915 1206 bibe":
2952 1171 2968 1203 ι
3019 1150 3281 1205 nimirum
3329 1148 3384 1202 id
3437 1146 3585 1218 quod

2020 1244 2408 1308 corltetiiicat,
2454 1242 2739 1313 spirituale
2766 1244 3024 1299 videlicet
3072 1244 3280 1299 vinum.
3315 1240 3420 1309 Qui
3464 1240 3588 1295 talis

2020 1346 2125 1401 cst,
2158 1351 2439 1406 nunquam
2487 1336 2713 1391 aberrat
2763 1352 2792 1390 a
2828 1351 3016 1406 scopo,
3077 1334 3173 1390 sed
3224 1334 3365 1389 liber
3414 1332 3588 1387 anxize

2024 1430 2435 1495 sollicitudinis,
2457 1445 2610 1487 suam
2637 1443 2854 1483 onmem
2881 1426 3172 1497 tranquille
3200 1425 3369 1496 exigit
3396 1423 3584 1478 vitam.

2020 1522 2322 1580 Consilium
2357 1523 2503 1578 enim
2529 1538 2559 1575 a
2593 1520 2852 1591 quopiam
2885 1535 3178 1590 corrogare
3222 1528 3278 1572 et
3306 1526 3586 1586 expetere,

2023 1614 2183 1683 plane
2233 1622 2615 1686 argumentum
2662 1621 2747 1666 est
2778 1610 3064 1666 hominum
3125 1609 3217 1680 qui
3271 1607 3590 1677 superbiam

2024 1703 2263 1766 oderint,
2297 1712 2349 1758 et
2370 1704 2437 1758 de
2466 1720 2523 1758 se
2550 1703 2797 1757 modeste
2830 1702 3091 1765 sentiant,
3127 1716 3317 1755 eorum
3354 1698 3590 1753 maxime

2024 1794 2116 1865 qui
2177 1796 2437 1865 praesenti
2498 1802 2764 1866 urgentur
2816 1792 3085 1863 periculo.
3137 1790 3282 1845 Nulli
3345 1789 3591 1844 arbitror

349 1878 533 1947 σίμης.
576 1898 595 1931 ο
631 1880 687 1933 '0
717 1881 824 1951 γὰρ
865 1882 1108 1951 μετέχων
1141 1882 1472 1952 συμϐουλίας
1501 1884 1733 1953 ἀγαθῆς,
1765 1884 1823 1936 ἐν
1852 1886 1914 1955 τῇ

2022 1886 2343 1951 obscurum,
2391 1886 2520 1956 quia
2583 1906 2599 1937 ι
2634 1886 2937 1939 humilibus
2985 1884 3132 1937 Deus
3181 1881 3275 1935 dat
3326 1879 3586 1950 gratiam,

345 1971 451 2041 ὀξῷ
473 1972 581 2025 τῶν
608 1973 839 2026 ἐντολῶν
872 1973 965 2026 τοῦ
996 1974 1202 2046 Κυρίου
1235 1975 1460 2045 βαδίζει*
1489 1977 1629 2048 ἀνὴρ
1649 1976 1704 2030 δὲ
1740 1975 1918 2047 ἀσύμ-

347 2063 557 2129 ϐουλος,
593 2064 789 2118 ἑαυτοῦ
822 2064 1101 2136 πολέμιος,
1132 2066 1207 2131 ὡς
1254 2068 1523 2139 Ῥοϐοάμ,
1555 2072 1582 2122 6
1624 2069 1719 2123 τοῦ
1758 2069 1919 2123 Σολο-

349 2157 582 2225 μῶντος.
647 2157 1080 2229 Ἕγκαταλείψας
1142 2159 1249 2232 γὰρ
1300 2162 1397 2230 τὴν
1452 2162 1663 2233 ἀγαθὴν
1726 2160 1921 2232 βουλὴν

346 2247 453 2300 τῶν
477 2247 884 2319 πρεσϐυτέρων,
918 2250 1013 2303 καὶ
1040 2262 1330 2320 κατασχων
1353 2252 1452 2323 τὴν
1481 2251 1589 2305 τῶν
1618 2250 1920 2323 παιδαρίων

350 2338 567 2410 βουλὴν,
598 2340 1049 2409 ἀνατραφέντων
1079 2341 1194 2410 μετ’
1222 2342 1411 2407 αὑτοῦ,
1434 2342 1642 2413 ηὑρέθη
1674 2342 1920 2396 ἀπόλλων

346 2430 445 2501 τὴν
474 2430 753 2500 βασιλείαν
778 2431 886 2483 τῶν
912 2431 1043 2485 δέκα
1074 2433 1367 2505 σκήπτρων
1400 2433 1491 2487 τοῦ
1544 2434 1779 2506 Ἰσραήλ.
1812 2437 1921 2489 Κα·

345 2524 455 2588 λῶς
484 2520 577 2577 οὗν
612 2522 882 2588 ταλανίξει
914 2523 1041 2587 τοὺς
1071 2524 1350 2589 τοιούτους
1385 2527 1412 2578 6
1452 2525 1699 2591 Ἡσαΐας.
1740 2546 1758 2578 ι
1783 2527 1921 2582 υύαὶ

347 2617 477 2687 γάρ,
513 2618 679 2687 φησὶν
702 2658 716 2682 ,
758 2619 805 2671 ei
854 2617 1249 2689 βουλευόμενοι,
1295 2619 1357 2672 ού
1401 2618 1488 2672 διὰ
1520 2619 1749 2691 Κυρίου,
1780 2620 1831 2673 oi
1860 2622 1919 2675 ἐν

348 2710 529 2778 κρυφῇ
579 2707 876 2771 ποιοῦντες
910 2709 1007 2762 καλ⁵
1033 2708 1186 2763 ἐσται
1218 2710 1276 2763 ἐν
1316 2710 1501 2763 σκῦτει
1535 2712 1603 2764 τὰ
1649 2710 1786 2783 ἔργα
1816 2713 1916 2766 αύ-

347 2798 476 2851 τῶν.
513 2816 531 2849 r
571 2799 634 2851 Ἦ
674 2800 783 2868 γὰρ
818 2798 982 2871 βουλὴ
1014 2799 1124 2853 τῶν
1161 2801 1412 2871 πονηρῶν
1447 2800 1626 2873 ἄνομα
1665 2801 1918 2873 βουλεύε-

348 2907 459 2943 ταιο
494 2890 543 2943 οί
581 2890 638 2944 δέ
663 2891 929 2957 εὐσεϐεῖς,
973 2891 1171 2946 συνετά
1199 2891 1605 2947 ἐϐουλεύσαντο·
1636 2894 1733 2948 καὶ
1761 2894 1921 2960 ἄλλος

350 2983 521 3053 Σοφὸς
548 2982 751 3052 ἔλεγεν·
784 3003 803 3037 ι
847 2984 981 3038 Ἀπὸ
1014 2983 1188 3038 κακοῦ
1221 2984 1528 3054 συμϐούλου
1556 2985 1793 3055 φύλαξον
1819 2987 1919 3060 τὴν

346 3074 529 3145 ψυχήν
574 3092 691 3129 σουο
722 3077 818 3130 καὶ
860 3076 969 3147 γάρ
1015 3076 1177 3142 αὐτὸς
1221 3078 1396 3149 ἑαυτῷ
1442 3077 1778 3149 βουλεύεται,
1824 3080 1919 3134 καὶ⁸

351 3169 607 3233 στήσεται
631 3169 690 3236 ἐξ
721 3170 991 3234 ἐναντίας,
1028 3170 1156 3224 ίδεῖν
1188 3169 1250 3223 τὸ
1285 3170 1716 3243 συμϐησόμενον.
1754 3190 1772 3223 ι
1809 3171 1918 3226 Καὶ

346 3260 531 3327 αὖθιςσ
579 3282 597 3315 ι
626 3264 717 3333 Μὴ
752 3263 1003 3334 βουλεύου
1053 3264 1192 3334 μετὰ
1238 3263 1656 3317 ύποϐλεπόντων
1691 3281 1772 3330 σε,
1822 3267 1917 3318 καὶ

350 3357 457 3410 ἀπὸ
505 3356 613 3411 τῶν
659 3355 964 3427 ζηλούντων
999 3373 1085 3421 σε,
1122 3355 1330 3425 κρύψον
1361 3355 1577 3427 βουλήν.
1621 3375 1640 3408 ι
1681 3357 1919 3420 Εἰκότως

344 3445 441 3502 οὖν
471 3449 565 3502 καὶ
603 3449 907 3520 ἀραρότως,
940 3446 1124 3511 καθὼς
1158 3447 1506 3517 προείρηται,
1546 3447 1836 3517 ὀφείλομεν
1859 3450 1917 3502 ἐν

349 3542 517 3594 πᾶσιν
549 3540 648 3611 τῆς
687 3541 1068 3610 πνευματικῆς
1112 3538 1445 3608 συμϐουλίας
1486 3540 1595 3592 τῶν
1636 3539 1917 3611 ἐμπείρων

348 3632 620 3700 γερόντων
654 3632 919 3701 μετέχειν,
968 3630 1192 3700 φεύγειν
1232 3629 1288 3683 δέ
1330 3630 1431 3693 τὰς
1481 3630 1590 3683 τῶν
1637 3631 1916 3701 σαρκικῶν

349 3723 445 3776 καὶ
472 3721 1190 3792 ἁπαιδεύτωνσυμϐουλίας·
1224 3720 1310 3773 ἴνα
1344 3720 1418 3792 μὴ
1457 3721 1581 3776 άντὶ
1612 3721 1915 3793 στηριγμοῦ

351 3810 657 3885 φοινικίνης
682 3812 1004 3883 βακτηρίας,
1042 3811 1350 3882 καλαμίνην
1389 3810 1585 3883 ῥάϐδον
1626 3810 1914 3882 κατάσχω-

352 3924 471 3978 μεν·
503 3908 627 3977 ἦτις
653 3907 753 3977 τὴν
794 3910 951 3977 χεῖρα
981 3904 1075 3959 τοῦ
1105 3904 1394 3976 ἀνθρώπου
1452 3906 1665 3977 τρήσει,
1692 3905 1788 3959 καὶ
1824 3905 1916 3959 τὸν

351 3999 431 4052 ἰὸν
457 3998 557 4067 τῆς
601 3996 817 4067 φύσεως
846 3996 1121 4063 ἐκϐάλλει,
1165 3996 1261 4049 καὶ
1304 3994 1427 4049 ἀντὶ
1460 3996 1734 4067 προϐάτου
1763 3995 1916 4067 λύκῳ

348 4087 757 4159 περιπέσωμεν.
796 4104 815 4137 ι
867 4085 924 4139 ’0
974 4086 1085 4155 γὰρ
1136 4085 1613 4157 συμπορευδμενοῖ
1676 4088 1903 4156 Mm!"

350 4178 513 4249 σοφὸς
534 4177 709 4229 ἔσται’
738 4177 766 4228 6
788 4176 844 4230 δὲ
867 4175 1346 4247 συμπορευόμενος
1378 4174 1630 4247 ἄφροσιν,
1662 4175 1914 4246 γνωσθή-

349 4286 520 4324 σεται*
554 4268 807 4341 αἴσθησις
845 4270 953 4338 γὰρ
980 4268 1134 4339 παρὰ
1164 4267 1469 4337 φρονίμοις,
1501 4267 1749 4338 εὐχερής.
1791 4285 1810 4319 ι
1856 4266 1915 4320 '0

347 4360 404 4413 δὲ
435 4358 705 4428 Σολομὼν,
739 4380 757 4409 ι
783 4358 842 4421 ὃς
872 4357 1068 4429 πλανᾷ,
1102 4358 1287 4427 φησιν,
1314 4358 1493 4420 εύθεῖς
1521 4358 1579 4410 ἐν
1612 4356 1715 4429 ὁδῷ
1744 4360 1913 4429 κακῇ,

347 4451 430 4513 εἰς
464 4449 760 4519 διαφθορὰν
798 4447 958 4512 αὐτὸς
993 4448 1486 4517 ἐμπεσεῖται.»1ἰαὶ
1520 4447 1681 4501 πάλιν
1704 4463 1716 4476 ·
1753 4466 1772 4498 ι
1795 4447 1912 4512 Υἱὲ,

2019 1978 2268 2046 superbis
2299 1988 2480 2031 autem
2505 1976 2793 2032 resistit".
2833 1994 2850 2028 ι
2885 1973 3358 2042 Quemadmodum
3388 1971 3591 2027 Tobias

2020 2067 2155 2121 dicit
2179 2067 2323 2122 lilio:
2360 2088 2377 2118 ι
2408 2066 2709 2123 Consilium
2738 2066 2809 2121 ab
2835 2065 2984 2121 omni
3017 2064 3262 2134 sapiente
3306 2060 3587 2133 perquire,

2019 2170 2077 2216 ct
2104 2178 2173 2216 ne
2207 2160 2608 2230 contempseris
2632 2159 2921 2215 consilium
2970 2157 3102 2211 utile
3119 2156 3183 2209 ³⁷.
3226 2175 3242 2206 ι
3280 2153 3385 2223 Qui
3438 2151 3587 2207 enim

2022 2251 2298 2321 particeps
2341 2261 2427 2305 est
2458 2248 2589 2305 boni
2631 2247 2871 2312 consilii,
2924 2262 3023 2317 per
3079 2244 3224 2299 viam
3277 2240 3588 2313 ingreditur

2021 2342 2407 2397 mandatorum
2437 2339 2653 2394 Domini
2677 2357 2692 2406 ;
2716 2339 2803 2393 vir
2828 2347 3020 2400 autem,
3038 2335 3385 2391 inconsultus
3413 2374 3428 2398 ,
3452 2332 3589 2388 sibi-

2021 2428 2126 2498 ipsi
2158 2427 2336 2483 hostis
2376 2435 2482 2482 est.
2541 2426 2805 2496 Exemplo
2849 2435 2935 2481 est
2981 2425 3226 2480 Roboam
3276 2422 3590 2479 Salomonis

2023 2520 2191 2586 (ilius,
2226 2519 2343 2591 qui,
2377 2520 2647 2576 derelicto
2667 2520 2945 2574 seniorum
2976 2518 3152 2589 probo
3177 2517 3429 2583 consilio,
3455 2516 3588 2570 dum

2023 2629 2319 2684 puerorum
2336 2613 2429 2683 qui
2473 2628 2659 2668 secum
2686 2612 3058 2683 indulgentius
3084 2610 3298 2665 fuerant
3345 2608 3589 2677 educati,

2022 2705 2345 2761 adhaarescit
2371 2706 2627 2771 consilio,
2655 2705 2941 2760 lsraelitici
2969 2703 3119 2775 regni
3145 2712 3365 2775 sceptra
3396 2703 3587 2758 decem

2020 2799 2345 2871 perdidit".
2379 2800 2548 2855 Recte
2580 2798 2747 2869 igitur
2777 2798 2855 2853 sic
2882 2796 3223 2853 inconsultos
3255 2794 3591 2866 depraadieat

2020 2894 2252 2949 miseros
2284 2893 2474 2958 Isaias,
2512 2892 2737 2948 dicens:
2766 2910 2784 2943 ι
2816 2893 2908 2947 Vte
2938 2892 3029 2962 qui
3054 2892 3244 2947 ineunt
3269 2891 3586 2955 consilium,

2019 3004 2129 3043 non
2153 3004 2253 3057 per
2280 2987 2598 3051 Dominum,
2619 2986 2672 3041 in
2696 2987 2911 3041 occulto
2950 2986 3231 3051 facientes,
3257 2994 3314 3041 et
3336 2992 3499 3040 erunt
3533 2984 3589 3039 in

2020 3079 2265 3135 tenebris
2293 3095 2459 3150 opera
2487 3080 2757 3135 eorum”.
2795 3078 3099 3133 Consilium
3130 3077 3277 3133 enim
3318 3077 3591 3147 maligno-

2022 3186 2139 3224 rum
2190 3170 2377 3239 iniqua
2408 3169 2705 3234 consultat,
2737 3168 2809 3240 pii
2846 3176 3028 3223 autem
3079 3167 3373 3237 prudentia
3412 3167 3591 3222 iniere

2019 3262 2274 3317 consilia.
2324 3261 2477 3316 Alius
2523 3262 2653 3316 item
2702 3261 2925 3330 sapiens
2973 3260 3243 3315 dicebat:
3290 3280 3309 3313 ι
3345 3260 3392 3315 Α
3444 3260 3593 3315 malo

2017 3352 2336 3408 consiliario
2395 3352 2609 3407 custodi
2676 3352 2914 3407 animam
2964 3361 3110 3406 tuam
3160 3369 3173 3405 :
3233 3351 3438 3408 etenim
3497 3351 3590 3408 ille

2018 3443 2234 3513 slbiipsi
2265 3443 2524 3508 consulit,
2556 3443 2825 3519 et_stabit
2864 3459 2929 3497 ex
2974 3443 3231 3513 Opposito
3286 3450 3349 3498 ut
3405 3443 3593 3500 videat

2017 3530 2151 3601 quid
2195 3538 2527 3585 eventurum
2567 3530 2725 3584 sit".
2763 3551 2777 3582 ι
2808 3532 3019 3587 Rursus
3054 3548 3068 3585 :
3110 3549 3127 3581 ι
3160 3530 3239 3586 Νε
3278 3530 3591 3589 consilieris

2016 3641 2142 3680 cum
2168 3640 2235 3679 eo
2263 3623 2358 3694 qui
2391 3632 2442 3679 te
2472 3632 2626 3679 torve
2680 3624 2947 3691 intuetur,
2998 3632 3054 3680 et
3108 3640 3138 3679 a
3189 3623 3497 3680 zelantibus
3537 3634 3591 3681 te

2016 3716 2294 3773 absconde
2345 3716 2721 3772 consilium“.
2768 3735 2787 3769 ›
2843 3717 2962 3771 Non
3004 3717 3171 3789 igitur
3217 3716 3317 3775 abs
3361 3731 3441 3781 re,
3491 3715 3589 3772 sed

2015 3823 2260 3879 congrue
2292 3807 2377 3877 (ut
2421 3808 2744 3878 praedictum
2796 3806 2900 3878 est)
2948 3808 3002 3861 in
3056 3807 3314 3864 omnibus
3360 3822 3589 3876 exspec-
3695 3812 3706 3823 '

2017 3901 2245 3957 tandum
2281 3899 2445 3955 nobis
2473 3909 2559 3955 est
2586 3900 2929 3955 consortium
2956 3898 3259 3970 spiritualis
3312 3897 3528 3955 consilii
3558 3914 3590 3956 a

2016 3994 2332 4049 senioribus
2363 4009 2505 4063 quos
2549 4009 2683 4048 usus
2738 4008 2918 4048 rerum
2976 3992 3245 4062 prolixior
3288 3991 3588 4063 prudentes

2016 4084 2282 4150 reddidit,
2310 4083 2616 4140 carnalium
2639 4098 2772 4139 vero
2797 4090 2853 4137 et
2880 4081 3284 4137 ineruditorum
3312 4080 3589 4135 consulta-

2019 4174 2198 4229 tiones
2224 4173 2461 4227 vitanda:
2486 4187 2738 4245 prorsus,
2773 4180 2925 4227 utne
2970 4187 3071 4241 pro
3108 4170 3434 4225 mlcimento
3482 4169 3589 4226 sci-

2016 4265 2197 4336 pionis
2213 4281 2244 4320 e
2272 4264 2471 4321 robore
2494 4265 2687 4335 palmae
2720 4263 2965 4334 deccrpti
2995 4260 3206 4337 1159
3228 4261 3586 4318 arundineam

2016 4356 2355 4411 retineamus
2378 4356 2613 4427 virgam,
2659 4370 2780 4425 quae
2811 4369 3031 4409 manum
3089 4353 3330 4411 hominis
3386 4352 3589 4409 fodicet

2017 4461 2083 4501 ac
2111 4445 2378 4516 perforet,
2398 4460 2619 4515 suaeque
2644 4445 3215 4519 inspergarvenenum
3241 4456 3469 4510 naturae,
3493 4452 3588 4501 aut

350 4540 427 4611 μὴ
483 4539 766 4612 καταλάϐῃ
809 4555 867 4591 σε
916 4537 1079 4608 βουλὴ
1112 4537 1281 4606 κακὴ.
1313 4536 1744 4608 ήάπολείπουσα
1774 4538 1914 4592 διδα-

2020 4556 2122 4611 pro
2147 4554 2271 4606 ove,
2302 4539 2358 4594 in
2401 4539 2592 4610 lupum
2622 4539 2966 4593 revolvamur
2992 4546 3049 4594 et
3075 4537 3401 4594 incidamus.
3437 4556 3455 4589 ι
3482 4536 3587 4605 Qui

348 4631 576 4686 σκαλίαν
611 4630 881 4699 νεότητος.
916 4624 1011 4691 Οίς
1034 4628 1143 4697 γὰρ
1182 4627 1257 4699 μὴ
1292 4627 1529 4697 ὑπάρχει
1557 4627 1910 4699 κυσέρνησις.

348 4723 640 4776 πίπτουσιν
667 4721 742 4785 ὡς
773 4719 949 4789 φύλλα
973 4735 987 4749 ’
1026 4718 1269 4790 σωτηρία
1297 4717 1355 4774 δὲ
1389 4718 1625 4789 ὑπάρχει
1655 4721 1713 4771 ἐν
1744 4718 1916 4790 πολλῇ

349 4816 534 4888 βουλῇ.
562 4815 777 4884 Ὥσπερ
796 4812 906 4883 γὰρ
933 4811 1087 4874 πόλις
1113 4809 1439 4880 ἀτείχιστος,
1474 4808 1649 4874 οὕτως
1676 4810 1813 4881 ἀνὴρ
1841 4809 1915 4882 μὴ

348 4907 487 4978 μετὰ
519 4904 712 4976 βουλῆς
754 4903 1013 4973 πράσσων
1046 4917 1100 4953 τι
1160 4918 1179 4952 ι
1229 4901 1289 4953 Ὀ
1317 4900 1410 4954 τοῦ
1450 4900 1585 4952 Θεοῦ
1631 4900 1919 4971 συνόμιλος

345 4997 608 5067 Μωῦσῆς,
629 4996 731 5049 ούκ
754 4992 1067 5064 ἀπηξίωσεν
1088 4991 1185 5062 τῆς
1210 4990 1544 5060 συμϐουλίας
1584 4992 1677 5044 τοῦ
1705 4990 1910 5059 Ἰοθὼρ,

343 5088 480 5143 ἀλλὰ
502 5088 596 5141 καὶ
623 5088 723 5141 ὅσα
752 5082 907 5139 εἶπεν
931 5082 1099 5154 αὐτῷ,
1134 5081 1390 5146 εὐδοκῶν,
1422 5082 1599 5136 πάντα
1632 5082 1912 5153 ἐποίησεν,

343 5180 438 5233 καὶ
471 5180 572 5232 οὐκ
601 5179 808 5249 ἐπῆρεν
838 5175 999 5229 αὐτὸν
1038 5176 1071 5243 ὴ
1100 5172 1338 5241 τοσαύτη
1366 5173 1495 5239 δόξα
1524 5174 1617 5228 τοῦ
1644 5174 1779 5228 Θεοῦ
1820 5176 1915 5229 καὶ

342 5273 453 5326 τῶν
480 5270 803 5342 ἀνθρώπων.
824 5269 934 5323 Καὶ
962 5267 1096 5322 ὁτὸν
1118 5266 1353 5338 Χριστὸν
1388 5267 1525 5340 ἔχων
1545 5270 1602 5321 ἐν
1625 5268 1803 5340 ἐαυτῷ
1819 5269 1912 5325 λα-

342 5362 539 5415 λοῦντα
587 5360 797 5424 Παῦλος
828 5362 857 5414 6
906 5359 1203 5423 ἀπόστολος
1263 5361 1429 5429 φησιν
1463 5359 1597 5430 πρὸς
1629 5361 1909 5425 Γαλάτας⁶

350 5474 368 5506 ι
417 5453 645 5524 ’Δνέϐην
677 5455 757 5516 εἰς
796 5451 1169 5523 Ἰερουσαλὴμ,
1210 5452 1300 5504 καὶ
1333 5451 1603 5522 ἀνεθέμην
1635 5452 1817 5517 αὐτοῖς
1848 5454 1910 5508 τὸ

343 5544 703 5615 Εύαγγέλιον,
750 5546 778 5599 ὃ
824 5544 1104 5617 κηρύσσω,
1146 5545 1265 5598 κατ’
1298 5543 1436 5598 ιδίαν
1466 5542 1523 5597 δὲ
1567 5545 1679 5608 τοῖς
1726 5544 1910 5599 δοκοῦ-

412 5696 455 5725 ³⁸
482 5695 643 5765 l‘rov.
672 5690 909 5765 x-tt,_lQ.
938 5692 1030 5765 _”
1058 5691 1171 5765 Jac:
1213 5707 1287 5755 tv,
1326 5690 1377 5747 6.
1455 5691 1502 5765 ³Ῐ
1522 5690 1771 5765 ξΓυιιηιΣ,
1811 5692 1914 5765 ίτ-9.

2018 5693 2044 5725 ⁸⁸
2080 5691 2317 5765 ll_l_llcg_.
2340 5709 2439 5765 δη,
2466 5691 2689 5765 passim.
2766 5690 2937 5765 "isa.
2964 5705 3109 5755 χχιχ,
3140 5688 3226 5765 ιε.

343 5780 545 5821 xxxv".
580 5763 634 5816 9.
710 5764 749 5794 δι
780 5762 909 5817 ibid.
938 5763 990 5816 7.
1066 5762 1108 5795 ³⁸
1140 5762 1298 5817 Prov.
1329 5778 1441 5827 xm,
1477 5762 1564 5817 20.
1646 5761 1878 5818 "Eccli.
1908 5778 2077 5828 xxv",
2110 5763 2196 5819 50.
2274 5761 2501 5819 “Prov.
2534 5779 2613 5828 ιιι,
2653 5762 2701 5817 l.

344 5834 579 5898 xxv,28.

2016 4631 2166 4686 enim
2194 4630 2446 4702 graditur
2470 4645 2595 4685 cum
2634 4629 2995 4701 sapientibus,
3025 4630 3244 4701 sapiens
3263 4631 3368 4685 erit
3392 4646 3407 4696 ;
3455 4630 3589 4685 stul-

2017 4723 2089 4778 tis
2119 4738 2184 4777 ac
2218 4721 2574 4778 dementibus
2604 4735 2800 4776 sensus
2834 4731 2923 4777 est
2956 4722 3255 4793 proclivior
3276 4722 3345 4782 “.
3376 4742 3394 4775 ι
3436 4721 3589 4779 Salo-

2015 4834 2145 4873 mon
2180 4834 2345 4873 vero:
2386 4836 2404 4871 ι
2443 4816 2773 4884 Quiseducit
2790 4824 2969 4872 rectos
2997 4816 3051 4871 in
3081 4816 3169 4871 via
3203 4816 3363 4880 mala,
3387 4815 3439 4871 in
3467 4832 3590 4871 cor-

2015 4911 2328 4980 ruptionem
2360 4909 2479 4979 ipse
2528 4908 2936 4964 devolvetur“.
2969 4925 2990 4960 ι
3030 4907 3262 4965 lterum:
3299 4927 3317 4959 ι
3357 4907 3481 4973 Fili,
3516 4923 3587 4963 ne

2020 5011 2074 5057 te
2097 5001 2478 5071 apprehendat
2514 4999 2805 5054 consilium
2856 5000 3084 5065 malum,
3134 4999 3280 5070 quod
3324 5000 3588 5071 relinquit

2019 5094 2333 5149 doctrinam
2357 5093 2758 5165 iuventutis“:
2785 5091 2989 5163 quibus
3014 5092 3160 5147 enim
3188 5109 3297 5148 non
3344 5093 3585 5164 suppetit

2018 5185 2368 5257 gubernatio,
2396 5185 2652 5240 foliorum
2682 5184 2855 5238 instar
2893 5182 3179 5247 decidunt,
3222 5185 3372 5240 salus
3404 5192 3586 5241 autem

2018 5277 2195 5342 adest,
2258 5276 2353 5331 ubi
2406 5276 2576 5331 multa
2626 5275 2857 5331 consilia
2878 5276 2957 5329 “z
3006 5277 3149 5332 sicut
3199 5278 3348 5332 enim
3398 5278 3592 5333 civitas

2017 5370 2190 5424 nullis
2215 5370 2395 5425 cincta
2436 5368 2734 5433 moenibus,
2767 5368 2842 5424 ita
2878 5368 2971 5438 qui
2994 5369 3277 5439 quidpiam
3329 5370 3440 5436 agit
3472 5371 3590 5423 sine

2016 5462 2247 5518 consilio
2270 5461 2335 5515 ".
2367 5481 2386 5513 ι
2424 5461 2654 5531 Moyses,
2688 5461 2782 5530 qui
2815 5469 2924 5515 tam
2958 5459 3307 5515 familiariter
3322 5477 3446 5515 cum
3479 5461 3589 5515 Deo

2015 5548 2377 5618 loquebatur,
2398 5549 2722 5619 neutiquam
2749 5549 3061 5619 repudiavit
3079 5550 3371 5605 consilium
3392 5548 3588 5604 Jothor

3340 5686 3384 5718 ⁵⁸
3416 5684 3582 5743 Eccli.

2813 5762 2856 5793 "
2881 5759 3042 5815 Prov.
3076 5774 3147 5823 ιι,
3179 5758 3262 5813 ⁸4.
3358 5756 3401 5787 ³⁸
3423 5756 3585 5814 Prov.
