4028 6520
469 321 603 399 1687

1736 351 2099 416 ANTIOCHI
2141 360 2483 419 MONACHI

3582 360 3707 425 1688

466 434 564 490 sed
585 450 925 521 quaecunque
952 440 1128 513 ipsius
1150 447 1326 505 relatu
1349 451 1564 522 didicit,
1593 459 1832 530 explevit
1851 479 2028 534 opere,

2148 488 2254 536 σιν,
2291 472 2365 542 μή
2398 488 2516 535 πως
2551 470 2633 535 είς
2663 472 2819 533 κενὸν
2840 470 3102 542 τρέχω,ἢ
3131 469 3382 543 ἔδραμον.
3405 489 3424 523 ι
3460 470 3521 525 '0
3545 472 3710 539 λέγων

464 524 659 591 eadem
694 532 1063 601 comprobans
1089 555 1102 590 :
1130 553 1309 610 neque
1335 542 1465 599 hinc
1494 545 1548 601 in
1606 552 1923 619 superbiam
1948 572 2042 612 ex-

463 606 593 672 tulit
616 633 696 686 se,
722 631 877 681 tanta
898 627 1103 698 alioqui
1133 606 1277 701 apud
1312 632 1485 689 Deum
1515 646 1572 693 et
1615 606 1873 698 homines
1908 662 2038 716 per-

462 708 667 770 fruitus
700 714 873 785 gloria
896 717 961 771 ".
991 720 1098 776 Sed
1127 730 1183 777 et
1204 723 1406 782 Paulus
1435 732 1735 799 apostolus,
1759 708 2040 796 Christum

463 799 521 855 in
548 817 605 857 se
626 804 942 874 loquentem
969 811 1065 879 qui
1090 811 1350 878 habebat,
1377 817 1455 872 ait
1485 820 1721 878 Calatis:
1752 843 1770 877 ι
1802 828 2039 887 Ascendi

465 892 521 946 in
540 894 866 964 Jerusalem,
897 911 953 956 et
976 904 1185 959 contuli
1209 922 1332 962 cum
1366 910 1449 977 eis
1506 912 1863 984 Evangelium
1892 924 2040 993 quod

463 989 723 1055 praedico,
757 1009 1006 1051 seorsum
1048 1008 1233 1056 autem
1268 1003 1355 1058 his
1383 1005 1481 1075 qui
1529 1009 1861 1070 videbantur
1895 1034 2037 1084 esse,

461 1093 532 1131 ne
557 1079 696 1136 forte
725 1082 780 1137 in
814 1100 1014 1142 vanum
1047 1105 1332 1150 currerem
1372 1106 1469 1151 aut
1518 1104 1890 1163 cucurrissem
1911 1110 1975 1164 ⁸⁸⁸.
2013 1131 2031 1163 ι

460 1166 529 1221 Ει
552 1168 598 1225 is
630 1172 724 1240 qui
759 1173 893 1230 dicit
916 1192 975 1232 se
1010 1194 1120 1234 non
1152 1181 1222 1236 ab
1264 1183 1582 1245 hominibus
1603 1192 1886 1263 didicisse,
1942 1202 2038 1257 sed

459 1273 560 1328 per
581 1263 973 1331 revelationem
1001 1268 1130 1324 Jesu
1160 1272 1392 1342 Christi,
1428 1280 1567 1335 nihil
1607 1288 1874 1359 gravatim
1913 1292 2039 1347 tulit

461 1363 585 1403 cum
616 1354 1011 1425 condiscipulis
1038 1361 1316 1431 conferre,
1335 1369 1551 1425 consilii
1580 1356 1809 1430 ineundi
1841 1381 2037 1448 gratia.
2064 1426 2067 1429 .

458 1440 651 1512 Neque
681 1446 829 1500 enim
862 1449 1081 1518 privato
1106 1454 1321 1525 judicio
1361 1466 1575 1519 tantum
1600 1468 1704 1522 sibi
1733 1440 2040 1528 unitribuit

458 1531 696 1601 ﬂducim,
715 1538 925 1597 veritus
948 1558 1018 1598 ne
1048 1544 1105 1599 in
1127 1563 1328 1607 vanum
1361 1566 1614 1612 curreret
1640 1567 1733 1613 aut
1760 1562 2039 1625 cucurris-

457 1634 560 1680 set.
597 1627 709 1683 Nos
735 1642 941 1699 autem,
967 1652 1107 1706 quos
1136 1640 1273 1697 latet
1294 1660 1415 1714 quae
1440 1646 1510 1703 sit
1550 1660 1646 1704 aut
1679 1651 1905 1708 dextera
1942 1664 2037 1709 aut

456 1714 703 1782 sinistra,
727 1733 936 1791 quanto
956 1731 1169 1798 aequius
1195 1743 1281 1789 est
1306 1737 1445 1792 nihil
1477 1741 1658 1795 moliri
1693 1744 1879 1813 operis
1910 1746 2036 1800 abs-

455 1823 566 1877 que
606 1812 978 1882 spiritualium
1050 1823 1279 1883 Patrum
1347 1830 1616 1885 arbitratu
1671 1812 1741 1887 et
1777 1837 2032 1902 consilio,
2071 1825 2109 1877 Β

455 1907 707 1978 exemplo
736 1913 869 1968 tanti
896 1913 1055 1975 istius
1078 1919 1363 1990 Apostoli?
1383 1928 1480 1983 sed
1507 1931 1656 1985 omni
1686 1934 1876 1989 studio
1911 1935 2035 1993 illo-

2146 563 2221 634 μὴ
2240 563 2551 634 διδαχθῆναι
2579 565 2708 634 παρ’
2730 562 3042 634 ἀνθρώπου,
3077 563 3214 618 ἀλλὰ
3234 564 3301 616 δι’
3321 562 3709 631 ἀποκαλύψεως

2154 653 2329 724 Ἰησοῦ
2374 654 2636 725 Χριστοῦ,
2672 656 2774 710 οὐκ
2822 655 3138 727 ἀπηξίωσεν
3171 654 3583 725 συμϐουλεύσας
3606 658 3712 717 τοῖς

2143 745 2529 817 συμμαθηταῖς
2586 746 2777 802 αὑτοῦ.
2826 748 2960 801 Οὐδὲ
3002 748 3111 819 γὰρ
3150 748 3328 819 ἐαυτῷ
3373 748 3709 813 ἐπίστευσεν,

2142 834 2473 906 φοϐούμενος
2506 838 2581 910 μὴ
2631 841 2713 905 είς
2742 840 2900 895 κενὸν
2933 841 3127 913 τρέχῃ,
3155 840 3189 910 ἦ
3224 840 3482 911 ἔδραμεν.
3526 838 3713 908 Ἡμεῖς

2139 927 2195 992 δὲ
2232 931 2281 982 οἱ
2307 930 2383 1002 μὴ
2408 929 2795 999 γινώσκοντες,
2824 932 2953 987 ποία
2981 932 3132 998 δεξιά
3158 934 3192 999 ἢ
3219 932 3508 1004 ἀριστερὰ,
3539 932 3712 1004 πολλῷ

2145 1022 2348 1092 μᾶλλον
2375 1024 2666 1096 ὀφείλομεν
2695 1027 2878 1080 πάντα
2911 1028 3052 1097 μετὰ
3079 1026 3307 1098 γνώμης
3336 1027 3445 1079 τῶν
3478 1042 3714 1095 πνευμα-

2138 1116 2306 1171 τικῶν
2333 1117 2492 1188 ἡμῶν
2524 1116 2786 1187 Πατέρων
2816 1118 3077 1189 πράττειν
3097 1157 3113 1181 ,
3147 1117 3474 1187 φοϐούμενοι
3500 1118 3562 1170 τὸ
3587 1117 3711 1170 ὑπό-

2138 1211 2338 1279 δειγμα
2388 1209 2483 1263 τοῦ
2530 1210 2881 1265 Ἀποστόλουο
2920 1213 3017 1265 καὶ
3052 1212 3203 1283 πάσῃ
3234 1212 3446 1283 σπουδῇ
3477 1214 3545 1282 τῇ
3577 1228 3711 1282 cup.-

2140 1300 2327 1374 ϐουλίᾳ
2360 1303 2714 1373 χρησάμενοι·
2750 1303 2809 1356 ἐν
2859 1303 3053 1375 μηδενὶ
3088 1303 3426 1375 θαρροῦντες
3479 1304 3708 1368 ἑαυτοῖς,

2138 1393 2171 1465 ἢ
2204 1393 2551 1458 πιστεύοντες
2575 1397 2689 1458 τοῖς
2712 1394 2991 1466 λογισμοῖς
3015 1395 3194 1465 ἡμῶν,
3212 1395 3347 1448 ἀλλὰ
3370 1394 3712 1465 ποιχοῦντες

2137 1486 2203 1556 τῇ
2246 1485 2524 1558 συμϐουλῇ
2579 1486 2677 1540 καὶ
2734 1490 2801 1558 τῇ
2844 1487 3024 1559 κρίσει
3059 1487 3166 1540 τῶν
3200 1488 3305 1559 πρὸ
3348 1488 3510 1559 ἡμῶν
3543 1487 3712 1541 Πατέ-

2142 1591 2271 1645 pinv,
2306 1575 2517 1646 μήποτε
2567 1576 2965 1646 ἐμπαιχθῶμεν
3010 1576 3116 1630 ὑπὸ
3147 1576 3258 1630 τῶν
3308 1576 3566 1647 πονηρῶν
3600 1575 3711 1629 δαι-

2141 1666 2338 1740 μόνων.
2406 1666 2495 1731 Ὠς
2545 1667 2656 1737 γὰρ
2709 1667 2959 1721 Θέλουσιν
3014 1668 3595 1740 μετασχηματίζουσιν
3642 1666 3708 1721 τά

2139 1736 2463 1830 πράγματα,
2498 1736 2736 1831 μάλιστα
2762 1766 2876 1829 τοῖς
2904 1736 3455 1833 τὰς-τέχναςναύτῶν
3487 1763 3564 1833 μὴ
3596 1763 3709 1815 ἐπι-

2141 1853 2450 1924 σταμένοις,
2477 1854 2512 1925 ἢ
2551 1854 2874 1909 πεποιοόσιν
2913 1856 3009 1910 ἐπὶ
3042 1855 3122 1927 τῷ
3149 1856 3289 1927 τόξῳ
3330 1856 3423 1909 καὶ
3471 1855 3553 1924 τῷ
3584 1855 3709 1925 βρα-

2139 1946 2277 2015 χίονι
2297 1946 2497 2001 αὐτῶν.
2532 1945 2635 2013 Διά
2661 1946 2771 2019 γὰρ
2804 1948 2903 2017 τῆς
2937 1945 3323 2011 ταπεινώσεως
3352 1946 3709 2000 ἐπελεύσεται

454 2012 579 2055 rum
608 2004 841 2061 consilio
875 2010 979 2074 usi,
1013 2029 1121 2068 non
1180 2018 1310 2072 item
1344 2021 1395 2085 in
1442 2038 1502 2078 re
1546 2026 1743 2093 quavis
1795 2029 2028 2086 nitentes

2138 2004 2223 2105 ἔφ’
2250 2037 2395 2107 ἡμᾶς
2424 2038 2458 2104 ἠ
2497 2004 2785 2106 χάρις’τόῢ
2816 2004 2973 2106 ἁγίου
3016 2004 3363 2108 Πνεύματοςο
3400 2035 3591 2099 καθὼς
3621 2036 3711 2089 καὶ

454 2101 642 2148 nostra
671 2097 1041 2170 qualicunque
1069 2106 1386 2175 prudentia,
1421 2123 1516 2168 aut
1539 2117 1779 2186 propriis
1824 2121 2028 2191 cogita-

454 2182 701 2229 linnilmc
752 2190 911 2229 {illam
967 2204 1446 2229 nam.m.n-.t.....--
1524 2211 1682 2229 ...με
1820 2221 1831 2229 .
2016 2215 2028 2229 .

2135 2125 2164 2179 ό
2181 2097 2398 2195 ⁷Κύριος
2422 2097 2661 2191 ἐδίδαξεν
2693 2127 2845 2198 ἡμᾶς
2865 2097 3056 2196 ’λέγων
3080 2145 3093 2157 ·
3135 2097 3359 2229 ι’ῖοταν
3382 2127 3598 2229 προσφέ
3610 2144 3709 2229 pm:

453 2182 701 2243 tionibus
752 2190 912 2247 iidem
965 2204 1469 2271 accommodantes,
1524 2211 1696 2281 magis
1743 2221 1926 2269 autem
1964 2215 2028 2270 ad

2135 2229 2217 2265 σιν
2271 2182 2417 2282 ύμόίς
2465 2213 2561 2266 ἐπὶ
2583 2182 3092 2284 πάςῃσυναγωγὰς,
3127 2216 3223 2270 καὶ
3262 2217 3361 2279 τὰς
3391 2182 3596 2286 ἀρχὰς,
3620 2215 3707 2268 καὶ

450 2288 645 2331 eorum
682 2282 774 2351 (Ιιιῖ
831 2297 1078 2347 DOStram
1128 2292 1271 2349 hanc
1324 2284 1745 2358 anteverterunt
1790 2315 2028 2373 zelatem,

451 2369 748 2411 nnncilinm
791 2374 1145 2411 δουναι-πων..
1223 2402 1319 2411 ω..-
1355 2390 1417 2411 Ann
1453 2408 1665 2411 -____,,,
1813 2406 1822 2411 .
1989 2399 2002 2411 .

2129 2303 2229 2368 τὰς
2266 2304 2538 2370 ἐξουσίας,
2587 2303 2663 2374 μὴ
2715 2282 3115 2376 μεριμνήσητε
3137 2305 3255 2369 πῶς
3287 2305 3318 2376 ἣ
3352 2306 3406 2358 τί
3436 2282 3707 2411 ἀπολογὴῖ

451 2369 749 2426 consilium
791 2374 1168 2448 decretumve,
1220 2402 1321 2443 ceu
1352 2390 1421 2443 ad
1448 2408 1675 2462 scopum
1711 2406 1861 2453 recta
1918 2399 2028 2453 col-

451 2455 740 2506 linemnna
781 2481 847 2506 nn
883 2467 1023 2506 fnrrn
1055 2476 1332 2506 [ωηιξηηηιο
1373 2481 1628 2506 ζηηελε---
1689 2488 1852 2506 μηιεη
1899 2488 1932 2506 ο.
1980 2498 1990 2506 .

2131 2369 2317 2449 σεο-οε.
2348 2396 2389 2447 Τ
2394 2395 2421 2447 ὸ
2470 2369 2600 2466 γὰρ⁷
2635 2369 2801 2464 ἀγιον-
2826 2369 3052 2468 ὑνεύμα
3093 2369 3467 2468 διδάξει-ὑμᾶς
3495 2399 3555 2449 ὲν
3578 2396 3705 2501 αὐτῇ

450 2455 745 2527 lineemus,
780 2481 847 2522 ne
882 2467 1024 2526 forte
1054 2476 1335 2547 contingat
1373 2481 1635 2559 insidiosa
1689 2488 2028 2561 malignitate

2128 2490 2194 2559 τῇ
2230 2488 2349 2559 ὥρᾳ
2392 2487 2428 2543 ἃ
2459 2490 2539 2542 δεῖ
2566 2490 2764 2545 εἰπεῖν.
2805 2492 3015 2563 ιΑύτῷ
3049 2494 3083 2563 ἡ
3128 2491 3256 2557 δόξα
3296 2494 3376 2555 εἰς
3408 2491 3543 2555 τοὺς
3582 2491 3706 2544 αἰῶ-

451 2546 761 2610 dzemonum
807 2558 968 2615 nobis
1009 2563 1187 2619 illudi.
1220 2568 1326 2623 Pro
1359 2587 1455 2628 sua
1491 2556 1647 2639 enim,
1696 2558 2028 2635 veteratoria

2128 2598 2243 2643 νας.
2282 2583 2474 2652 Ἀμήν.

450 2642 735 2702 voluntate
770 2665 857 2704 res
888 2655 1160 2723 quaslibet
1182 2659 1235 2713 in
1255 2661 1416 2717 aliam
1442 2666 1675 2724 subinde
1705 2680 2022 2740 permutant
2061 2670 2314 2735 formam,
2376 2673 2430 2726 in
2501 2691 2695 2729 eorum
2746 2676 2984 2730 maxime
3031 2685 3324 2747 prospectu
3381 2680 3481 2748 qui
3566 2693 3711 2734 com-

451 2740 736 2798 mentitias
760 2756 905 2802 artes
936 2749 1153 2806 illorum
1212 2770 1325 2811 non
1380 2759 1674 2817 admodum
1704 2766 1841 2835 scite
1873 2767 2095 2827 callent,
2122 2776 2217 2831 aut
2255 2768 2349 2838 qui
2375 2770 2499 2838 plus
2532 2786 2691 2842 aequo
2720 2770 2976 2826 nituntur
3016 2771 3214 2827 ﬁducia
3246 2774 3331 2828 sui
3378 2790 3549 2829 arcus
3599 2774 3709 2829 sive

451 2831 688 2891 brachii.
725 2838 783 2905 In
822 2858 921 2898 nos
964 2846 1113 2903 enim
1167 2865 1268 2919 per
1317 2834 1729 2925 humilitatem,
1764 2861 1898 2917 sidit
1958 2878 2023 2917 ac
2058 2862 2336 2918 delabitur
2395 2865 2571 2919 sancti
2663 2864 2907 2934 Spiritus
2989 2868 3188 2937 gratia,
3241 2868 3706 2937 quemadmodum

452 2938 557 2979 nos
590 2928 812 2986 edocuit
858 2934 1124 2999 Dominus
1180 2958 1194 2995 :
1272 2962 1295 3003 ι
1326 2944 1460 3001 Cum
1505 2949 1837 3008 adduxerim
1889 2970 2028 3009 vos:

2128 2969 2431 3026 synagogas
2464 2965 2520 3009 et
2550 2928 2895 3026 principatus
2924 2966 2979 3013 et
3006 2966 3328 3028 potestates,
3360 2960 3539 3015 nolite
3568 2961 3708 3029 (ξοεὶ-

451 3021 569 3071 tare
602 3024 876 3091 quomodo
897 3037 991 3081 aut
1018 3031 1150 3099 quid
1179 3036 1589 3103 respondeatis:
1626 3040 1866 3112 Spiritus
1881 3046 2029 3100 enim
2069 3021 2295 3101 sanctus
2329 3021 2549 3102 docebit
2588 3064 2686 3105 vos
2752 3050 2805 3104 in
2836 3050 2927 3104 illa
2967 3051 3103 3107 hora
3135 3051 3268 3121 quid
3330 3069 3427 3110 vos
3456 3062 3706 3123 oporteat

453 3107 639 3166 dicere
660 3114 721 3166 δ’.
756 3133 785 3179 ι,
837 3116 943 3186 Ipsi
1002 3121 1176 3189 gloria
1237 3137 1292 3181 et
1352 3128 1643 3199 imperium
1690 3135 1745 3189 in
1800 3139 2019 3193 saecula.
2062 3138 2258 3195 Amen.

810 3209 852 3279 1
867 3211 1029 3284 160
1064 3215 1347 3274 HOMILIA
1386 3222 1673 3282 LXXXIV.

1033 3306 1111 3363 De
1148 3311 1439 3369 insomniis.

523 3384 896 3459 Jamquando
954 3399 1206 3454 nonnulli
1248 3414 1377 3459 sunt
1432 3408 1525 3477 qui
1588 3411 1822 3479 perime
1876 3414 2025 3483 quod

453 3474 618 3531 ﬁdem
675 3480 994 3555 habuerunt
1053 3488 1375 3561 insomniis,
1429 3513 1460 3551 a
1516 3502 1853 3558 rectitudine
1924 3505 2026 3561 viae

451 3567 675 3639 abducti
695 3571 750 3633 in
784 3574 1077 3643 pudendos
1122 3596 1345 3639 errores
1382 3586 1749 3658 deﬂexerunt,
1795 3593 2027 3665 hujusce

450 3660 529 3723 rei
561 3664 735 3732 gratia
766 3667 1160 3728 submonemus
1183 3691 1300 3743 vos,
1321 3677 1688 3747 dilectissimi,
1711 3701 1780 3741 ne
1802 3687 2023 3756 quando

362 3803 369 3809 ,
451 3750 763 3829 istiusmodi
800 3760 1071 3833 aerivagis
1120 3774 1176 3820 et
1242 3771 1676 3830 multiformibus
1728 3777 2022 3835 insomniis

449 3847 819 3915 commodetis,
876 3851 1065 3910 ﬁdem.
1118 3856 1259 3913 Sunt
1313 3862 1460 3917 enim
1516 3864 1633 3920 luce
1678 3868 1829 3924 aliud
1879 3871 2018 3926 nihil

447 3953 614 4006 quam
641 3945 1176 4018 mentisimplanata:
1223 3968 1285 4008 ac
1340 3953 1651 4013 deerrantis
1699 3960 2017 4031 simulacra,

447 4026 894 4113 imaginationes,
925 4047 982 4093 et
1007 4038 1373 4099 frustratoria:
1402 4046 1805 4105 ludiﬁcationes
1826 4068 2017 4123 repro-

444 4107 643 4195 horum
667 4123 1000 4193 daemonum,
1016 4131 1178 4187 nobis
1211 4146 1270 4191 ut
1292 4134 1581 4207 imponant
1604 4150 1660 4195 et
1690 4141 2013 4213 implanent;

442 4209 524 4281 sic
560 4213 761 4272 misere
786 4219 1048 4279 seductos
1088 4232 1150 4277 ut
1189 4224 1437 4282 inescent
1484 4218 1605 4285 istis
1639 4230 2016 4292 delinimentis

442 4309 617 4369 atque,
645 4303 945 4373 oblectent,
991 4318 1053 4365 ut
1092 4311 1357 4384 deinceps
1384 4317 1538 4373 nullo
1570 4322 1794 4391 negotio
1835 4324 2013 4381 homi-

440 4407 567 4459 nem
596 4398 921 4465 per-trahant
957 4402 1026 4463 ad
1053 4407 1325 4474 captanda
1348 4408 1623 4468 lenocinia
1673 4414 2012 4475 illecebrosaa

437 4483 757 4556 voluptatis,
777 4491 933 4561 juxta
959 4495 1188 4560 verbum
1214 4497 1375 4554 Juda:
1399 4503 1633 4570 apostoli
1674 4505 1864 4561 Jacobi
1899 4507 2010 4564 fra-

441 4578 562 4643 tris,
599 4580 673 4647 de
698 4584 971 4655 ejusmodi
1002 4588 1355 4659 quihusdam,
1380 4592 1647 4649 dicentis:
1692 4616 1709 4648 ι
1747 4597 2011 4655 Similiter
2044 4574 2087 4629 D

437 4680 494 4726 et
523 4672 578 4726 hi
611 4674 889 4739 insomnia
909 4696 1013 4743 sua
1031 4692 1327 4749 sectantes,
1368 4702 1591 4743 carnem
1624 4690 1848 4760 quidem
1900 4709 2016 4749 ma-

438 4763 649 4831 culant,
672 4766 1106 4839 dominationem
1136 4784 1318 4837 antem
1349 4789 1640 4847 Spernunt,
1672 4782 2013 4853 majestatem

437 4865 571 4927 vero
605 4855 1087 4931 blasphemant".
1117 4884 1135 4916 ι
1171 4867 1537 4931 Ecclesiastes
1566 4870 1697 4925 item
1740 4874 2011 4945 przecipit,

437 4944 664 5009 dicens:
705 4952 1167 5021 crlnsomniumin
1196 4960 1552 5019 multitudine
1587 4944 1927 5032 tentationis,
1957 4978 2015 5023 et

434 5053 540 5101 vth
562 5042 715 5098 stulti
748 5044 803 5101 in
839 5049 1196 5111 multitudine
1237 5068 1554 5123 sermonum
1577 5059 1642 5110 σι.
1675 5077 1695 5109 ι
1751 5059 2007 5116 lndueit:

442 5145 459 5176 ι
499 5127 579 5199 Ne}
607 5129 704 5197 des
729 5149 805 5197 os,
825 5145 979 5199 tuum
1009 5122 1351 5200 ut‘exerrare
1386 5145 1556 5201 facias
1586 5164 1805 5204 carnem
1838 5159 2009 5218 tuam,

436 5222 496 5268 ut
519 5231 585 5272 ne
607 5216 878 5276 irascatur
908 5224 1053 5283 Deus
1086 5244 1251 5300 super
1285 5247 1420 5289 voce
1456 5243 1565 5299 tua,
1603 5245 1660 5292 et
1692 5251 2012 5310 corrumpat

432 5305 653 5365 labores
712 5328 974 5383 manuum
1047 5328 1298 5389 tuarum,
1362 5325 1492 5395 quia
1552 5326 1610 5383 in
1657 5331 2013 5393 multitudine

433 5402 775 5459 somniorum
845 5416 900 5473 et
968 5412 1274 5473 vanitatum
1316 5426 1375 5481 et
1418 5434 1737 5476 sermonum
1809 5426 2009 5481 multo.

434 5496 641 5549 rum".
699 5516 739 5561 ι,
774 5499 949 5569 Jesus
1001 5503 1131 5560 item
1187 5506 1387 5565 Sirach
1432 5511 1612 5569 filius:
1674 5534 1692 5566 ι
1726 5505 2005 5575 Insomnia

429 5588 1174 5664 extolluntimprudentes”.
1212 5619 1229 5652 ι
1260 5600 1462 5657 infert:
1490 5624 1505 5656 ι
1531 5604 2005 5672 Quemadmodum

2714 3235 2934 3288 ΛΟΓΟΣ
2986 3238 3103 3290 ΠΧ.

2656 3325 2795 3393 Περὶ
2826 3326 3147 3382 ἐνυπνίων.

2210 3413 2427 3486 Ἐπειδὴ
2486 3433 2630 3480 τινες
2680 3418 3149 3488 ἐμπιστεύσαντες
3198 3420 3497 3486 ἐνυπνίοις,
3566 3439 3702 3490 παρ-

2125 3505 2446 3577 ετράπησαν
2465 3508 2564 3579 τῆς
2586 3508 2804 3571 εὐθείας
2827 3510 2971 3576 όδοῦ,
2987 3510 3177 3565 τούτου
3200 3514 3358 3583 χάριν
3386 3515 3700 3585 ὑπομιμνήο

2126 3614 2328 3668 σκομεν
2367 3599 2533 3669 ὑμᾶς,
2572 3602 2865 3670 ἀγαπητοὶ,
2914 3603 2989 3666 ὡς
3038 3604 3097 3655 οὗ
3143 3605 3247 3675 χρὴ
3300 3606 3500 3675 ῥᾳδίως
3538 3611 3700 3676 ἐμπι-

2126 3689 2349 3743 στεῦσαι
2365 3695 2479 3754 τοίς
2496 3693 2853 3763 ἀστροπόλοις
2886 3696 2980 3749 καὶ
3006 3695 3380 3765 πολυσχιδέσιν
3405 3700 3695 3767 ἐνυπνίοις.

2123 3780 2308 3833 Ταῦτα
2338 3781 2444 3852 γὰρ
2474 3782 2624 3837 οὐδὲν
2664 3783 2852 3855 ἕτερόν
2901 3787 3043 3838 εἰσιν
3074 3785 3106 3855 ἢ
3134 3787 3373 3852 διανοίας
3404 3788 3696 3858 πλανωμέ-

2121 3891 2217 3943 νης
2251 3874 2565 3944 ἰνδάλματα,
2596 3876 2688 3929 καὶ
2726 3878 3041 3946 φαντασίαι,
3072 3881 3168 3933 καὶ
3198 3880 3362 3952 χλεύη
3395 3880 3504 3933 τῶν
3534 3900 3695 3953 πονη-

2122 3967 2231 4035 ρῶν
2255 3966 2541 4038 δαιμόνων,
2576 3970 2713 4040 πρὸς
2746 3970 2808 4022 τὺ
2837 3970 3153 4025 ἀπατᾶσθαι
3184 3974 3350 4042 ἡμᾶς,
3382 3974 3475 4027 καὶ
3505 3973 3696 4040 ἐξακοο

2118 4056 2326 4111 λουθεῖν
2366 4060 2546 4112 αὐτῶν
2591 4063 2701 4123 τοῖς
2750 4061 3102 4131 δελεάσμασι,
3130 4063 3318 4117 λοιπὸν
3360 4065 3416 4118 δὲ
3467 4066 3558 4119 ἵνα
3602 4066 3691 4120 καὶ

2117 4148 2253 4217 πρὸς
2286 4149 2477 4221 ἡδονὴν
2518 4150 2874 4222 κατασύρωσι
2916 4153 3008 4206 τὸν
3041 4153 3346 4224 ἄνθρωπον,
3378 4157 3454 4218 th;
3484 4156 3640 4225 λέγει
3663 4157 3695 4211 ὀ

2115 4241 2412 4305 ἀπόστολος
2446 4243 2648 4307 Ἰούδας
2678 4245 2707 4296 ό
2750 4244 3011 4299 Ἰακώϐου
3048 4247 3177 4318 περί
3213 4265 3373 4301 τινων
3408 4250 3686 4304 τοιούτων.

2113 4336 2252 4405 Φησὶ
2285 4337 2393 4408 γάρ
2419 4351 2431 4366 ·
2471 4358 2489 4388 ι
2539 4338 2774 4407 Ὀμοίως
2824 4339 3007 4409 μέντοι
3052 4339 3148 4394 καὶ
3182 4334 3331 4396 οὗτοι
3372 4342 3687 4405 ἐνυπνιαζό-

2116 4445 2289 4497 μενοι,
2318 4430 2497 4501 σάρκα
2532 4432 2629 4499 μὲν
2655 4432 2951 4501 μιαίνουσι,
2976 4433 3303 4503 κυριότητας
3330 4433 3385 4487 δὲ
3411 4434 3685 4498 ἀθετοῦσι,

2113 4520 2271 4587 δόξας
2303 4522 2359 4574 δὲ
2392 4522 2797 4592 βλασφημοῦσι.
2836 4542 2854 4575 ι
2901 4524 2959 4578 Ὀ
2995 4525 3050 4577 δὲ
3092 4525 3546 4598 Ἐκκλησιαστὴς,
3588 4545 3690 4580 πα-

2116 4612 2397 4680 ραγίνεται
2430 4612 2539 4682 γὰρ
2573 4612 2767 4682 λέγων·
2800 4633 2819 4665 ι
2873 4613 3151 4669 Ἐνύπνιον
3179 4618 3236 4669 ἐν
3265 4616 3462 4686 πλήθει
3494 4634 3689 4688 πειρα-

2114 4702 2276 4773 σμοῦ,
2330 4702 2423 4755 καὶ
2475 4703 2624 4773 φωνὴ
2672 4705 2907 4774 ἄφρονος
2949 4707 3005 4760 ἐν
3045 4708 3240 4778 πλήθει
3269 4708 3466 4777 λόγων.
3511 4730 3530 4762 ι
3579 4711 3689 4765 Καὶ

2112 4795 2309 4860 ἐπάγει
2342 4812 2356 4823 ³
2394 4815 2411 4847 ι
2450 4794 2542 4867 Μὴ
2593 4795 2700 4865 δῷς
2725 4800 2787 4850 τὸ
2835 4800 3008 4868 στόμα
3059 4817 3163 4853 σου
3204 4801 3537 4873 ἐξαμαρτεῖν
3589 4805 3687 4873 τὴν

2114 4886 2290 4955 σάρκα
2321 4903 2434 4938 σου·
2469 4886 2556 4940 ἵνα
2586 4888 2661 4957 μὴ
2708 4888 2935 4959 ὀργισθῇ
2983 4890 3165 4954 όθεὺς
3211 4892 3305 4944 ἐπὶ
3361 4896 3511 4962 φωνῇ
3560 4911 3678 4957 σου,

2112 4976 2206 5033 καὶ
2235 4976 2525 5050 διαφθείρῃ
2557 4978 2627 5031 τὰ
2660 4980 2939 5050 ποιήματα
2968 4980 3079 5034 τῶν
3119 4985 3337 5053 χειρῶν
3360 5002 3474 5048 σου,
3508 4987 3594 5039 ὅτι
3627 4989 3683 5039 ὲν

2112 5067 2307 5139 πλήθει
2334 5068 2603 5123 ἐνυπνίων
2652 5071 2748 5125 καὶ
2796 5074 3173 5144 ματαιοτήτων
3212 5077 3310 5128 καὶ
3350 5077 3523 5145 λόγων
3554 5080 3682 5133 πολ-

2109 5158 2240 5214 λῶν.
2281 5179 2299 5212 ι
2360 5161 2472 5214 Καὶ
2530 5164 2558 5214 ὁ
2608 5160 2703 5216 τοῦ
2748 5162 2946 5235 Σειράχ
3002 5181 3204 5235 φησιν,
3243 5168 3325 5220 ὅτι
3380 5171 3685 5223 «Ἐνύπνια

2107 5251 2505 5322 ἀναπτεροῦσιν
2533 5252 2792 5326 ἄφρονας.
2831 5274 2849 5305 ι
2888 5256 2998 5309 Καὶ
3038 5257 3312 5329 ἐπιφέρει,
3346 5277 3366 5310 ι
3406 5260 3622 5332 Ὠσπερ
3653 5262 3681 5315 ό

2106 5341 2479 5413 δρασσόμενος
2522 5346 2703 5411 σκιὰς,
2734 5346 2832 5400 καὶ
2863 5349 2892 5401 ό
2920 5347 3128 5417 διάγων
3166 5350 3425 5420 ἀνέμους,
3451 5352 3627 5416 οὕτως
3649 5355 3679 5406 ό
3718 5406 3733 5441 δ

2115 5434 2330 5505 ἐπέχων
2359 5436 2649 5501 ἐνυπνίοις.
2690 5437 2825 5490 Ἀπὸ
2847 5438 2954 5509 γὰρ
2982 5438 3209 5509 ψεύδους
3245 5440 3296 5494 τί
3334 5440 3621 5512 ἁληθεύεις
3651 5461 3670 5495 ι

2114 5526 2226 5580 Καὶ
2257 5527 2441 5581 πάλιν’
2476 5547 2494 5580 ι
2536 5530 2823 5593 Μαντείαι,
2853 5531 2948 5584 καὶ
2977 5533 3255 5603 οἰωνισμοὶ
3275 5571 3291 5595 ,
3324 5534 3419 5586 καὶ
3450 5535 3678 5589 ἐνύπνια

2115 5615 2322 5685 μάταιά
2356 5618 2502 5671 ἐστι’
2552 5618 2776 5684 πολλοὺς
2812 5619 2921 5691 γὰρ
2964 5617 3273 5692 ἐπλάνησαν
3314 5622 3381 5674 τὰ
3428 5623 3672 5682 ἐνύπνια.

501 5699 545 5731 ⁸⁷
577 5701 745 5799 Εξυά-
780 5722 907 5772 sm,
933 5708 1152 5779 passim.
1232 5712 1466 5770 “Galat.
1496 5731 1552 5782 ιι,
1577 5719 1629 5772 2.
1708 5722 1752 5753 δν
1778 5725 1969 5780 Matth.
2001 5743 2051 5794 ς,
2084 5729 2165 5784 l9.
2242 5731 2284 5763 ⁵ο
2316 5729 2437 5785 Jud.
2478 5732 2527 5786 8.
2608 5734 2645 5763 δ’
2676 5732 2930 5799 Eccle.\',
2960 5734 3009 5787 2.
3092 5737 3133 5767 ³³
3160 5735 3358 5791 ibid..~‘5.
3436 5739 3479 5771 ⁵³
3510 5738 3670 5795 ΕυιἸὶ.

331 5834 336 5837 _
431 5785 607 5831 ιυιν.
631 5772 679 5827 1.
