4028 6518
525 365 656 433 ιςοι

1787 369 2155 431 ANTIOCHI
2196 368 2538 431 MONACIII

3648 368 3781 433 1652

518 487 788 544 cautelam
819 485 1145 557 legentium.
1186 484 1256 540 At
1302 500 1373 543 ne
1407 488 1692 559 proposito
1725 489 1889 544 nobis
1921 492 2083 546 semel

2196 488 2672 559 ἐπικεκλεισμένος
2707 487 2799 541 ἐπὶ
2827 486 2921 560 ἐτη
2961 486 3129 541 πολλὰ
3150 529 3165 551 ,
3190 486 3416 559 ὕστερον
3442 485 3781 552 διαϐολικαῖς

515 594 684 649 scopo
705 579 1045 645 exeidamus,
1080 594 1252 634 unum
1284 578 1391 635 hoc
1416 588 1472 635 et
1502 580 1679 635 solum
1706 581 1800 636 ubi
1832 582 2092 652 adjecero

515 686 619 725 ceu
642 671 1019 735 corollarium,
1049 671 1214 726 linem
1238 670 1516 742 imponam
1540 672 1795 741 praesenti
1820 673 2086 728 homilim.

513 763 643 817 Fuit
680 764 735 818 in
762 773 949 818 monte
978 763 1110 818 Sina
1139 764 1444 819 monachus
1468 764 1716 834 quidam,
1745 767 1837 835 qui
1865 766 2088 823 celebre

514 855 654 908 adeo
690 854 864 909 edidit
890 870 1003 909 suae
1034 854 1389 910 continentia:
1417 856 1682 925 speciem,
1712 865 1773 911 ut
1803 856 1855 909 in
1888 857 2088 911 cellula

515 944 721 998 multos
746 943 945 997 vixerit
974 959 1151 998 annos
1186 944 1450 1000 inclusus.
1504 945 1793 1001 Postremo
1843 946 2089 1000 multifa-

516 1035 615 1088 riis
647 1034 1078 1089 revelationibus
1111 1036 1320 1090 diaboli
1367 1044 1422 1091 et
1461 1037 1749 1093 insomniis
1783 1038 1998 1103 illusus,
2018 1039 2085 1094 ad

512 1127 852 1181 Judaismum
882 1128 1141 1195 delapsus
1168 1139 1271 1195 est,
1290 1138 1345 1184 et
1364 1131 1550 1185 carnis
1579 1132 2083 1187 circumcisionem.

511 1216 651 1271 Cum
747 1219 915 1288 igitur
1009 1220 1264 1277 diabolus
1344 1222 1476 1277 huic
1563 1222 1864 1279 identidem
1955 1240 2087 1279 vera

513 1310 735 1377 quidem
803 1311 1072 1366 insomnia
1142 1313 1597 1379 demonstrasset,
1666 1324 1737 1369 et.
1762 1316 1934 1369 veluti
1983 1316 2086 1370 ob-

509 1402 653 1469 jecta
693 1402 948 1457 illecehra
1009 1404 1308 1459 inoscasset
1354 1406 1503 1459 illius
1534 1405 1883 1460 obscuratam
1934 1423 2087 1461 men-

2196 580 2575 651 άποκαλύψεσι
2616 580 2709 633 καὶ
2756 579 3033 641 ἐνυπνίοις
3086 579 3437 650 ἐμπαιχθείς,
3477 579 3617 650 πρδς
3648 581 3779 632 Ἰου-

2194 673 2425 743 δαῖσμδν
2467 671 2739 726 κατέπεσε
2774 672 2869 726 καὶ
2910 672 3213 741 περιτομὴν
3248 671 3476 741 σαρκός.
3510 670 3779 729 Πολλάκις

2195 763 2372 816 τοίνυν
2402 761 2579 826 δείξας
2614 762 2762 833 αὖτῷ
2792 763 2819 815 6
2845 760 3090 823 διάϐολος
3123 759 3354 827 ἀληθινὰ
3381 759 3607 813 ἐνύπνια
3633 800 3647 821 ,
3684 761 3777 811 καὶ

2194 856 2263 910 δι’
2300 855 2480 909 αὐτῶν
2528 854 2789 915 δελεάσας
2833 853 2923 907 τὸν
2982 852 3368 921 ἐσκοτισμένον
3409 852 3577 906 αὐτοῦ
3626 850 3774 914 νοῦν,

2193 948 2465 1002 δείκνυσιν
2493 946 2642 1019 αὒτῷ
2686 946 2913 1017 ὕστερον
2942 945 3035 999 τὸν
3074 945 3246 1015 δῆμον
3286 946 3395 999 τῶν
3452 944 3773 1016 μαρτύρων,

2193 1043 2288 1095 καὶ
2326 1040 2660 1103 ἀποστόλων,
2687 1041 2782 1092 καὶ
2824 1039 2959 1092 ὅλων
3000 1040 3109 1092 τῶν
3149 1038 3517 1109 Χριστιανῶν,
3556 1055 3772 1090 σκοτει-

2194 1134 2282 1185 νόν
2312 1148 2370 1184 τε
2397 1132 2493 1184 καὶ
2543 1130 2723 1198 πάσης
2748 1129 3008 1200 αἰσχύνης
3050 1127 3507 1197 πεπληρωμένον.
3551 1128 3650 1179 Ἐκ
3678 1125 3771 1179 τοῦ

2191 1220 2434 1275 ἐναντίου
2480 1219 2536 1271 δὲ
2586 1220 2844 1279 Μωῦσὲα,
2881 1219 2976 1271 καὶ
3021 1219 3147 1280 τοὺς
3196 1219 3503 1289 προφήτας,
3539 1217 3636 1269 καὶ
3678 1216 3771 1269 τὸν

2191 1315 2460 1383 θεοστυγῆ
2483 1314 2654 1383 δῆμον
2683 1312 2791 1364 τῶν
2819 1311 3089 1364 Ἰουδαίων
3116 1310 3360 1379 λαμπρῷ
3387 1310 3528 1378 φωτὶ
3547 1326 3771 1377 περιαυ-

2191 1406 2517 1475 γαζόμενον,
2550 1403 2646 1457 καὶ
2697 1405 2777 1471 ἐν
2810 1404 2957 1473 χαρᾷ
3010 1402 3103 1454 καὶ
3165 1401 3445 1472 ἱλαρότητι
3485 1400 3765 1467 διάγοντα.

512 1502 645 1555 tem,
678 1493 976 1548 novissime
1008 1494 1185 1548 oculis
1214 1494 1373 1548 istius
1399 1495 1593 1564 objicit
1642 1495 1921 1565 copiosam
1963 1506 2083 1551 tur-

2189 1484 2377 1549 Ἰάῦτα
2404 1492 2666 1565 ἑωρακὼς
2709 1495 2737 1546 6
2766 1491 2971 1555 ἄθλιος,
3005 1491 3349 1562 παραχρῆμα
3380 1490 3645 1550 ἀναστὰς,
3676 1491 3769 1542 καὶ

511 1582 635 1637 bam
698 1587 1100 1653 apostolorum,
1134 1594 1463 1656 martyrum,
1499 1586 1848 1656 aliorumque
1903 1588 2083 1643 omnis

2191 1587 2527 1655 καταλείψας
2552 1585 2612 1638 τὸ
2645 1584 2799 1650 ἅγιον
2829 1584 2974 1653 ὅρος,
3008 1583 3228 1653 ἔρχεται
3266 1584 3345 1645 εἰς
3377 1582 3770 1651 Παλαιστίνην,

511 1675 729 1742 generis
783 1674 1251 1741 Christianorum,
1312 1677 1663 1733 densissimis
1715 1679 1964 1733 tenebris
2027 1687 2083 1735 et

2191 1680 2285 1733 καὶ
2313 1677 2557 1748 ἀπῆλθεν
2582 1679 2663 1740 εἰς
2702 1676 2891 1746 Νόαρα
2925 1675 3020 1727 καὶ
3050 1674 3318 1738 Λιϐυάδα,
3346 1673 3415 1727 τὰ
3454 1674 3772 1743 ὀρμητήρια

510 1765 658 1819 omni
690 1766 960 1823 dedecore
990 1770 1265 1837 oppletam
1304 1785 1319 1822 :
1353 1777 1507 1839 parte
1544 1770 1796 1839 opposita
1818 1812 1831 1835 ,
1863 1770 2048 1826 Mosen
2068 1813 2081 1837 ,

2190 1773 2299 1826 τῶν
2335 1770 2627 1833 Ἰουδαίων,
2672 1771 2764 1823 καὶ
2790 1768 3218 1838 ἀφηγησάμενος
3250 1768 3437 1830 αὐτοῖς
3458 1767 3558 1829 τὰς
3585 1765 3772 1834 φανείο

511 1858 831 1928 prophetas,
856 1836 1119 1930 populum
1152 1836 1374 1930 quoque
1414 1836 1730 1915 Judteorum
1766 1863 1901 1932 (Deo
1942 1836 2081 1918 alio?

2192 1882 2291 1924 σας
2352 1863 2501 1934 αὐτῷ
2548 1836 2861 1923 διαϐολικὰς
2892 1836 3216 1929 Ῠφαντασίας
3267 1858 3616 1929 περιετμήθη
3675 1859 3771 1911 καί¹

509 1948 606 2019 qui
642 1948 903 2019 invisum)
934 1951 1099 2006 oﬂ‘ert
1128 1952 1414 2021 splendida
1443 1952 1740 2007 admodum
1784 1954 1907 2010 luce
1952 1970 2085 2009 con—

513 2040 758 2109 spieuos,
790 2042 957 2111 inque
1010 2043 1211 2113 gaudio
1256 2053 1313 2098 et
1354 2044 1635 2099 hilaritate
1677 2046 1849 2099 vitam
1887 2046 2082 2101 tradu-

508 2141 720 2186 centes.
760 2134 885 2188 llaec
941 2150 1065 2189 cum
1122 2143 1429 2205 spectasset
1487 2137 1683 2201 miser,
1742 2138 1797 2191 in
1849 2139 2083 2209 vestigio

506 2226 769 2291 surrexit,
798 2225 1180 2297 derelictoque
1229 2238 1420 2282 sancto
1448 2229 1541 2283 illo
1584 2239 1792 2295 monte,
1826 2231 1882 2286 in
1912 2234 2084 2287 Palic-

507 2316 707 2371 stinam
760 2333 933 2388 usque
964 2320 1238 2388 pervenit.
1272 2321 1443 2375 Recta
1482 2323 1773 2378 contendit
1815 2323 1871 2377 in
1902 2326 2081 2381 Noara

504 2416 565 2463 et
593 2408 908 2481 Libyadent,
934 2411 1081 2482 asyla
1110 2411 1449 2467 Iudaeorum.
1478 2414 1615 2469 Cum
1642 2415 1765 2471 istis
1789 2416 2084 2473 denarras-

508 2506 595 2551 set
638 2514 761 2568 qua;
805 2500 910 2554 sibi
950 2501 1083 2556 visae
1137 2501 1394 2568 fuissent,
1439 2504 1745 2561 diabolicas
1782 2508 2085 2577 apparitio-

508 2605 628 2654 nes,
681 2591 1047 2647 circumcisus
1103 2601 1233 2648 est:
1280 2610 1343 2650 ac
1392 2596 1669 2665 professus
1711 2598 2080 2662 Judaismum,

507 2685 723 2753 accepit
772 2702 1019 2752 uxorem,
1057 2687 1223 2758 inque
1257 2690 1503 2743 omnium
1536 2701 1835 2763 prospectu
1882 2694 2082 2749 adver-

506 2789 605 2829 sus
631 2773 974 2831 Christianos
1000 2777 1177 2833 edidit
1206 2778 1481 2849 dogmata,
1499 2792 1878 2853 propugnator
1903 2783 2083 2841 factus

505 2866 750 2922 Iudaica:
774 2870 1209 2938 superstitionis.
1250 2871 1409 2927 llunc
1440 2888 1541 2943 ego
1570 2874 1685 2930 vidi
1720 2890 1785 2931 ac
1831 2876 2082 2947 plerique

508 2959 927 3015 monachorum.
975 2960 1162 3029 Neque
1211 2962 1359 3015 enim
1414 2972 1655 3033 quatuor
1701 2965 1831 3019 anni
1890 2975 2022 3020 sunt
2051 2982 2081 3023 a

509 3056 687 3103 morte
720 3050 886 3117 illius,
916 3066 1024 3120 qua
1049 3052 1249 3108 misere
1275 3064 1577 3123 perruptus
1602 3065 1703 3111 est.
1738 3057 1950 3127 1162
1975 3056 2080 3113 Ca-

511 3138 686 3191 tarrhi
718 3140 865 3193 enim
894 3140 1222 3210 proﬂuvium
1265 3143 1587 3212 aliquandiu
1620 3162 1835 3215 passus,
1868 3156 1926 3202 et
1950 3164 2081 3203 ver-

509 3227 682 3282 mium
706 3229 992 3286 arrosione
1008 3232 1407 3288 contabescens
1436 3235 1754 3304 exspiravit.
1773 3236 1931 3292 Hunc
1953 3254 2080 3293 eum

2194 1954 2448 2019 ἰουδάϊσε,
2477 1952 2573 2007 καί⁵
2630 1954 2865 2021 γυναῖκα
2921 1948 3104 2013 ἔλαϐε,
3137 1950 3231 2002 καὶ
3288 1949 3585 2019 προφανῶς
3629 1948 3771 2017 ὑπὲρ

2202 2045 2477 2099 Ἰουδαίων
2541 2042 2683 2097 κατὰ
2743 2041 3087 2114 Χριστιανῶν
3150 2041 3497 2110 ἐδογμάτιζε.
3565 2040 3768 2094 Τοῦτον

2189 2137 2346 2206 κάγὼ
2376 2138 2713 2206 ἐθεασάμην,
2736 2136 2832 2190 καὶ
2860 2135 3050 2188 πολλοὶ
3080 2136 3190 2188 τῶν
3218 2135 3502 2206 μοναχῶν⁶
3536 2134 3631 2187 καὶ
3659 2132 3767 2203 γάρ

2188 2230 2288 2283 οὐκ
2326 2230 2441 2300 ἔχει
2470 2229 2596 2299 τρία
2626 2228 2718 2299 ἐτη
2753 2227 2913 2299 κακῷ
2948 2227 3165 2297 θανάτῳ
3190 2226 3290 2295 τὴν
3315 2225 3497 2297 ψυχὴν
3516 2226 3768 2296 ἀπορρή-

2191 2323 2305 2388 ξας.
2342 2323 2742 2395 Καταρρεύσας
2785 2320 2895 2391 γάρ
2925 2319 3033 2374 ἀπὸ
3079 2319 3308 2390 χρόνων,
3340 2320 3439 2373 καὶ
3470 2318 3768 2389 γενόμενος

2190 2416 2653 2487 σκωληκόϐρωτος
2698 2414 2943 2483 ἐξέψυξε.
2981 2413 3183 2467 Τοῦτον
3240 2413 3441 2476 ἰδόντες
3492 2410 3646 2480 ἐγὼ,
3673 2410 3768 2465 καί

2187 2525 2333 2569 τινες
2350 2507 2600 2569 εὐλαϐεῖς
2617 2507 2862 2576 μοναχοὶ,
2887 2506 3059 2559 πολλὰ
3095 2504 3501 2576 ἐθρηνήσαμεν.
3518 2500 3635 2557 Ἦν
3658 2505 3768 2574 γάρ

2189 2598 2421 2653 ἐλεεινὸν
2459 2598 2661 2669 θέαμα,
2695 2598 2836 2668 ἀνὴρ
2878 2598 2998 2659 ὅλος
3038 2596 3469 2666 πεπολιωμένος,
3499 2597 3560 2649 ἐν
3602 2595 3768 2664 ἀσκή-

2190 2709 2273 2746 σει
2321 2692 2415 2745 καὶ
2450 2690 2634 2754 πόνοις
2678 2689 3094 2760 καταγηράσας,
3124 2689 3342 2757 γυναιξὶ
3381 2686 3764 2758 προσπαίζων,

2187 2785 2367 2856 κρεῶν
2430 2782 2862 2853 μεμολυσμένων
2907 2780 3015 2834 τῶν
3056 2778 3368 2834 Ἰουδαϊκῶν
3415 2777 3764 2846 ἀπογευόμε-

2186 2893 2296 2940 νος,
2319 2875 2531 2945 ἄσεμνα
2562 2875 2781 2946 ῥήματα
2805 2872 3002 2935 λαλῶν,
3026 2872 3115 2925 τὸν
3134 2872 3369 2942 Χριστὸν
3399 2867 3763 2941 βλασφημῶν,

2187 2965 2364 3020 καὶτὸ
2390 2965 2545 3033 ἅγιον
2580 2965 2865 3033 βάπτισμα
2925 2961 3248 3031 ἐνυϐρίζων,
3284 2963 3469 3015 ὅντινα
3501 2962 3553 3013 οἱ
3575 2961 3765 3030 ἄνομοι

2201 3058 2443 3113 Ἰουδαῖοι
2468 3054 2721 3126 δεύτερον
2735 3054 2990 3125 Ἀϐραάμ
3008 3055 3258 3109 ἐκάλουν,
3281 3054 3523 3116 Εἰκότως
3542 3049 3635 3106 οὖν
3650 3052 3768 3106 ελε-

2187 3167 2282 3219 γεν
2299 3151 2326 3202 6
2355 3148 2610 3220 Κύριος·‹
2642 3147 2993 3218 Γρηγορεῖτε,
3022 3147 3103 3199 ὃτι
3123 3145 3224 3198 οὐκ
3250 3146 3429 3199 οἴδατε
3447 3145 3578 3213 ποίᾳ
3603 3143 3767 3215 ῶραό

2188 3242 2427 3309 κλέπτης
2445 3240 2684 3311 ἔρχεται.
2709 3258 2726 3290 ι
2751 3240 2861 3291 Καὶ
2887 3238 3108 3306 ἐπάγει,
3135 3256 3153 3289 ι
3176 3236 3345 3291 Τοῦτο
3362 3238 3419 3292 δέ
3442 3237 3765 3308 γινώσκετε,

508 3319 861 3388 vidissemus,
895 3338 998 3394 ego
1048 3331 1105 3379 et
1139 3325 1230 3379 alii
1260 3327 1471 3396 aliquot
1518 3329 1797 3394 monachi,
1837 3333 2078 3402 correpti

2189 3334 2267 3388 ὅτι
2285 3333 2333 3387 εἰ
2348 3332 2464 3405 ᾔδει
2480 3333 2507 3385 6
2526 3330 2910 3400 οἰκοδεσπότης
2934 3330 3063 3402 ποίᾳ
3081 3331 3198 3400 ὥρᾳ
3214 3330 3242 3383 ό
3261 3328 3501 3400 κλέπτης
3523 3329 3766 3399 ἔρχεται,

510 3409 732 3476 timore,
764 3411 973 3482 ingenti
1007 3428 1133 3468 cum
1172 3414 1326 3469 luctu
1357 3416 1639 3477 lamentati
1695 3435 1909 3476 sumus.
1949 3422 2083 3478 Erat

2189 3424 2562 3497 ἐγρηγόρησεν
2583 3423 2669 3484 ἂν,
2702 3423 2795 3475 καὶ
2818 3421 2919 3475 οὐκ
2944 3423 3095 3476 είασε
3123 3421 3441 3492 διορυγῆναι
3462 3421 3563 3493 τὴν
3591 3421 3767 3475 οἰκίαν

510 3499 567 3556 id
606 3516 737 3559 sane
794 3520 960 3574 quam
1024 3507 1338 3563 miserabile
1394 3512 1795 3578 spectaculum.
1840 3512 1937 3568 Vir
1988 3515 2081 3571 hie

2189 3516 2375 3572 αὑτοῦ.
2414 3535 2433 3567 ι
2469 3515 2561 3587 Τῷ
2603 3514 2659 3568 δὲ
2688 3514 2810 3585 Θεῷ
2844 3514 3004 3584 ἡμῶν
3034 3513 3161 3579 δόξα
3192 3515 3271 3579 εἰς
3296 3515 3521 3577 αἰῶνας.
3571 3516 3766 3583 Ἀμήν.

510 3601 662 3649 totus
722 3593 1043 3651 incanuerat
1087 3597 1141 3651 in
1210 3599 1515 3654 monastica
1571 3602 2000 3671 exercitatione,
2037 3613 2515 3676 eonseuueratque
2563 3604 2849 3659 laboribus
2896 3604 3141 3669 attritus,
3177 3611 3233 3657 et
3275 3602 3321 3657 is
3368 3602 3593 3658 tandem
3640 3617 3765 3658 cum

511 3686 840 3743 mulieribus
887 3690 1127 3760 jocatur,
1162 3692 1573 3748 immundarum
1637 3698 1886 3752 carnium
1924 3700 2143 3769 (nempe
2176 3696 2559 3769 Iudaicarum)
2587 3707 2757 3769 gustu
2802 3712 2861 3751 se
2882 3695 3125 3751 defmdat
3173 3706 3229 3751 et
3284 3695 3559 3766 inquinat,
3601 3693 3767 3751 verba

510 3779 758 3847 loquitur
778 3779 1015 3836 obscena
1042 3794 1099 3837 et
1127 3784 1363 3854 impura,
1394 3787 1739 3857 blasphcmat
1768 3789 2054 3845 Christum
2081 3832 2095 3856 ,
2131 3790 2400 3861 Spiritum
2432 3800 2683 3845 sanctum
2719 3804 2830 3842 non
2868 3787 3174 3843 tolerandis
3200 3786 3363 3841 allicit
3390 3788 3765 3846 contumeliiS.

511 3869 581 3925 Et
600 3870 749 3923 hunc
804 3871 966 3925 talem
1022 3872 1097 3926 illi
1131 3875 1351 3944 exleges
1381 3876 1556 3932 Judmi
1590 3880 1898 3935 secundum
1931 3881 2205 3936 vocabant
2228 3880 2527 3935 Abraham.
2556 3878 2749 3935 Merito
2775 3880 2945 3951 igitur
2970 3878 3239 3934 Dominus
3268 3877 3527 3934 dicebat:
3562 3900 3585 3932 ς
3621 3881 3767 3952 Vigi~

509 3963 641 4030 late,
681 3964 809 4033 quia
840 3966 1066 4021 nescitis
1098 3984 1203 4036 qua
1241 3969 1375 4023 hora
1402 3971 1491 4024 fur
1516 3974 1789 4028 veniet".
1813 3994 1829 4026 ι
1855 3974 2106 4031 lnducit:
2133 3995 2150 4026 ι
2179 3974 2495 4030 llocautem
2541 3974 2763 4033 scitote.
2789 3973 2917 4043 quia
2937 3972 2983 4027 si
3007 3971 3177 4026 sciret
3213 3970 3614 4040 paterfamilias
3659 3991 3763 4043 qua

509 4058 649 4114 hora
678 4059 765 4114 fur
790 4061 1026 4127 veniret,
1058 4063 1305 4134 vigilaret
1342 4066 1535 4137 utique
1589 4079 1645 4125 et
1668 4085 1779 4124 non
1808 4071 2017 4127 sineret
2046 4069 2263 4141 perfodi
2299 4068 2524 4123 domum
2549 4085 2703 4124 suam
2728 4069 2828 4122 ".l
2873 4066 2980 4137 lpsi
3017 4064 3193 4136 gloria
3229 4065 3282 4121 in
3314 4066 3534 4120 saecula.
3564 4067 3760 4128 Amen.

1008 4200 1291 4257 IIOMILIA
1319 4203 1581 4261 LXXXV.

756 4310 831 4364 De
898 4311 1342 4381 pusillanimitate
1394 4325 1443 4371 et
1509 4316 1841 4389 duplicitate.

578 4422 681 4484 Ne.
712 4423 929 4492 fratres,
968 4426 1150 4483 locum
1182 4429 1377 4486 demus
1408 4431 1629 4502 spiritui
1656 4433 2085 4504 pusillanimita-

2775 4206 2996 4260 ΛΟΓΟΣ
3042 4204 3172 4260 ΠΕ’.

2428 4317 2570 4388 Περί
2619 4316 3020 4388 ὀλιγοψυχίας
3061 4314 3160 4369 καί
3202 4312 3515 4385 διψυχίας.

2253 4431 2346 4503 Μὴ
2405 4428 2586 4500 δῶμεν
2654 4426 2860 4499 χώραν,
2897 4425 3153 4494 ἀδελφοὶ,
3188 4424 3268 4497 τῷ
3321 4424 3595 4495 πνεύματι
3663 4424 3761 4495 τῆς

509 4515 603 4580 tis,
631 4532 700 4569 ne
723 4518 946 4585 quando
967 4520 1141 4574 nostri
1166 4520 1503 4587 dominetur,
1538 4534 1598 4579 ut
1626 4541 1696 4580 ne
1718 4526 1823 4597 ipsi
1853 4528 2082 4584 damne-

2189 4520 2533 4592 όλιγοψυχίας
2575 4515 3010 4587 κατακυριεῦσαι
3039 4515 3221 4587 ἡμῶν,
3257 4515 3342 4569 ῖνα
3366 4514 3445 4586 μὴ
3472 4532 3759 4584 καταγνωη

507 4622 653 4673 mur,
704 4607 923 4665 dicente
981 4612 1313 4684 Scriptura:
1350 4634 1370 4669 ι
1418 4617 1611 4673 Virum
1667 4621 2075 4690 pusillanimem

2189 4615 2401 4685 σθῶμεν
2438 4611 2543 4667 ὑπὸ
2574 4612 2671 4682 τῆς
2710 4609 2976 4681 λεγούσης
3015 4609 3264 4681 Γραφῆς·
3294 4626 3315 4661 t
3355 4609 3561 4680 Ἄνδρα
3581 4609 3759 4678 61:76-

504 4700 630 4770 quis
684 4703 1064 4760 sustineat“?
1101 4705 1304 4774 i-Quin
1340 4710 1522 4780 potius
1568 4727 1787 4768 omnen.
1830 4724 2078 4771 nostram

506 4793 937 4851 sollicitudinem
970 4781 1327 4869 projiciamus
1349 4802 1403 4857 in
1439 4804 1728 4860 Dominum
1757 4824 1770 4861 :
1800 4806 1901 4877 ipsi
1929 4809 2077 4865 enim

507 4900 639 4940 cura
689 4888 872 4943 futura
905 4902 991 4945 est
1028 4893 1225 4947 nostri.
1258 4894 1302 4949 Α
1338 4894 1501 4951 nobis
1548 4896 1734 4968 itaque
1761 4899 2081 4959 auferamus

505 4974 886 5045 duplici'atem
955 4982 1117 5037 simul
1193 4993 1250 5039 et
1314 4986 1849 5055 pusillanimitatem.
1920 4992 2080 5049 Nulla

509 5081 734 5134 prorsus
782 5084 849 5123 ex
882 5080 1041 5140 parte
1069 5073 1317 5145 duplices
1348 5076 1718 5145 inveniamur,
1748 5080 1881 5135 dum
1916 5084 2083 5153 quid-

507 5154 590 5208 vis
630 5172 657 5208 a
697 5157 807 5211 Deo
851 5159 1225 5231 deposcimus,
1258 5167 1315 5221 in
1342 5169 1504 5225 nobis
1543 5170 1677 5240 ipsis
1720 5172 2082 5230 insusurrano

510 5255 621 5311 tes,
657 5247 758 5313 Qui
818 5254 1023 5319 possim
1054 5272 1085 5309 a
1135 5258 1369 5315 Domino
1398 5269 1456 5317 et
1506 5271 1695 5332 petere
1720 5271 1778 5318 et
1805 5265 2079 5336 accipere,

507 5339 601 5409 qui
638 5349 785 5396 tanta
818 5344 870 5397 in
898 5345 1050 5401 illum
1082 5349 1318 5406 admisi?
1358 5352 1529 5425 Magis
1551 5363 1736 5410 autem
1774 5364 1887 5411 toto
1913 5358 2082 5414 corde

506 5442 831 5488 convertere
858 5436 927 5490 ad
954 5438 1267 5507 Dominum,
1286 5453 1343 5498 et
1369 5455 1495 5515 pete
1521 5447 1589 5501 ab
1618 5463 1685 5502 eo
1712 5448 1849 5502 nihil
1877 5449 2081 5505 dubius

508 5532 604 5578 aut
658 5525 932 5593 evarians,
961 5538 1016 5586 et
1063 5532 1137 5588 ita
1171 5534 1333 5591 facile
1362 5537 1635 5611 intelliges
1662 5557 1827 5611 quam
1860 5543 2079 5612 copiosa

2180 4709 2352 4781 ψυχον
2403 4708 2486 4771 τίς
2532 4708 2779 4770 ὑποίσεις
2823 4725 2843 4759 ι
2888 4704 3050 4761 una
3099 4708 3283 4761 πᾶσαν
3328 4704 3428 4777 τὴν
3486 4705 3760 4779 μέριμναν

2179 4803 2339 4873 ἡμῶν
2374 4801 2756 4873 ἐπιρῤίψωμεν
2782 4802 2876 4855 ἐπὶ
2906 4798 3132 4870 Κύριον,
3163 4799 3247 4853 ὅτι
3277 4797 3426 4868 αὐτῷ
3460 4798 3612 4868 μέλει
3636 4800 3760 4869 περὶ

2182 4894 2359 4966 ἡμῶν.
2401 4896 2658 4967 ’Δρωμεν
2714 4889 2808 4949 οὖν
2869 4892 2963 4961 ἀφ’
2991 4892 3150 4964 ἡμῶν
3205 4891 3303 4963 τὴν
3354 4891 3631 4962 διψυχίαν,
3665 4891 3759 4948 καὶ

2182 4988 2557 5061 ὁλιγοψυχίαν,
2594 4990 2691 5045 καὶ
2737 4992 2861 5062 μηδ’
2887 4991 3025 5055 ὅλως
3072 4990 3484 5061 διψυχήσωμεν,
3526 4989 3754 5059 αἰτήσας-

2186 5079 2310 5133 σθαί
2356 5098 2410 5135 τι
2448 5083 2601 5154 παρὰ
2640 5082 2736 5137 τοῦ
2783 5082 2942 5147 Θεοῦ,
3002 5082 3255 5150 λέγοντες
3306 5080 3365 5133 ἐν
3416 5080 3650 5141 ἑαυτοῖς,
3678 5078 3756 5131 ὃτι

2184 5170 2311 5235 Πῶς
2339 5172 2579 5246 δύναμαι
2606 5175 2936 5247 αἰτήσασθαι
2968 5173 3121 5245 παρὰ
3158 5171 3387 5242 Κυρίου,
3408 5171 3505 5225 καὶ
3551 5170 3753 5229 λαϐεῖν.

2184 5267 2523 5337 ἡμαρτηκὼς
2557 5269 2797 5323 τοσαῦτα
2835 5269 2913 5332 εἰς
2956 5266 3120 5321 αὐτόν
3154 5280 3169 5330 ;
3218 5264 3361 5319 Ἀλλ’
3391 5262 3453 5328 ἐξ
3486 5263 3618 5333 ὅλης
3659 5262 3754 5330 τῆς

2186 5360 2412 5430 καρδίας
2464 5380 2557 5416 σου
2596 5364 2925 5433 ἐπίστρεψον
2960 5360 3053 5413 ἐπὶ
3084 5358 3176 5412 τὸν
3206 5357 3432 5435 Κύριον,
3467 5360 3563 5410 καὶ
3605 5353 3751 5409 αἰτοῦ

2188 5455 2319 5525 παρ’
2353 5454 2520 5509 αὑτοῦ
2579 5456 2939 5519 ἀδιστάκτως,
2996 5453 3093 5507 καὶ
3149 5450 3349 5521 γνώσει
3404 5450 3507 5519 τὴν
3559 5447 3753 5515 πολλὴν

2191 5546 2355 5601 αὑτοῦ
2384 5547 2809 5619 εὐσπλαγχνίαν,
2843 5547 2923 5601 ὅτι
2956 5546 3017 5600 οὗ
3050 5546 3124 5617 μή
3157 5561 3217 5598 σε
3241 5541 3600 5612 ἐγκαταλίπῃ,
3624 5538 3750 5593 ἀλλὰ

509 5614 619 5669 sint
654 5614 828 5687 ipsius
862 5619 1071 5679 viscera
1108 5626 1502 5684 misericordia:
1536 5647 1549 5683 :
1582 5647 1764 5689 neauc
1792 5633 1939 5688 enim
1968 5635 2083 5689 ullo

2189 5636 2248 5689 τὸ
2276 5637 2483 5709 αἴτημα
2525 5614 2838 5711 τῆςγιξαυχῆς
2869 5654 2963 5693 σου
3009 5614 3437 5709 πληροφορήσει.
3467 5631 3583 5686 ὒῦκ
3610 5630 3747 5684 ἔστιν

578 5768 623 5800 ⁸⁸
652 5769 841 5827 Matth.
890 5790 1013 5829 xxiv
1039 5776 1168 5841 ,15.
1251 5778 1295 5810 ¹⁹
1338 5778 1472 5834 Luc.
1512 5796 1604 5845 xu,
1640 5780 1726 5836 59.
1803 5783 1847 5815 ⁸ο
1886 5783 2046 5839 Prov.
2080 5801 2231 5849 xvut,
2274 5785 2353 5840 ll.
