4028 6550
332 414 467 483 1693

1042 425 1371 487 HOMILIA
1407 428 1685 492 LXXXV.
1717 457 1787 466 -
1822 432 1918 492 DE
1954 432 2674 510 PUSILLANIMITATE,
2708 435 2870 498 ETC.

3442 436 3579 503 1694

324 532 437 600 γὰρ
473 536 501 586 ὁ
538 531 669 596 Θεὸς
703 532 778 595 ὡς
818 534 870 588 oi.
917 534 1218 608 ἄνθρωποι,
1256 540 1747 611 μνησικακοῦντες,
1787 541 1900 597 ἀλλ’

2004 554 2187 616 pacto,
2219 545 2278 601 in
2308 545 2631 602 discrimine
2670 546 2869 618 quovis
2924 546 3166 618 positum
3228 555 3281 603 te
3332 547 3576 614 deseret,

326 625 489 688 αὐτὸς
540 624 919 695 ἀμνησίκακός
969 629 1144 694 ἐστιν,
1184 632 1280 683 καὶ
1334 632 1761 704 σπλαγχνίξεται
1807 634 1903 688 ἐπὶ

324 716 426 788 τὴν
460 717 678 789 ποίησιν
706 718 894 775 αὐτοῦ.
924 721 997 775 Σὺ
1047 716 1142 776 οῦν
1183 723 1485 796 καθάρισον
1525 728 1625 798 τὴν
1672 727 1903 800 καρδίαν

323 825 422 865 σου
468 808 576 863 ἀπὸ
627 809 723 865 τοῦ
762 810 1057 878 διστάζειν,
1084 815 1179 868 καὶ
1226 815 1379 869 αίτοῦ
1432 816 1566 890 παρ’
1596 818 1783 886 αὐτοῦ,
1809 819 1905 874 καὶ

323 899 468 972 λήψῃ
527 902 590 956 τὸ
642 902 859 973 αἴτημά
927 922 1066 958 σου·
1136 907 1278 961 ἐπὰν
1345 908 1403 962 δὲ
1469 907 1783 977 διστάζεις,
1839 912 1900 967 οὐ

323 991 490 1062 λήψῃ.
521 994 584 1046 οί
639 994 749 1065 γὰρ
776 994 1122 1058 διστάζοντες
1164 998 1244 1061 εἰς
1284 999 1376 1054 τὸν
1404 998 1559 1066 Θεὸν,
1591 995 1738 1056 οὗτοί
1763 1004 1902 1057 εἰσιν

323 1085 374 1137 oi
437 1084 686 1156 δίψυχοι,
744 1087 839 1141 καὶ
897 1089 1049 1143 οὐδὲν
1098 1090 1235 1155 ὅλως
1285 1092 1743 1164 ἐπιτυγχάνουσιν
1791 1095 1903 1150 τῶν

323 1180 644 1250 αἰτημάτων
677 1183 878 1238 αὐτῶν.
908 1186 972 1239 Οἱ
1017 1187 1073 1240 δὲ
1108 1187 1375 1253 ὁλοτελεῖς
1406 1190 1581 1258 ὄντες,
1610 1192 1669 1246 ἐν
1700 1195 1767 1264 τῇ
1814 1194 1904 1248 πί-

323 1287 441 1328 στει
484 1273 663 1327 πάντα
714 1275 1012 1343 αἰτοῦνται,
1050 1280 1373 1347 πεποιθότες
1404 1283 1499 1336 ἐπὶ
1543 1283 1637 1338 τὸν
1672 1284 1899 1355 Κύριον,

323 1367 421 1421 καὶ
478 1367 850 1439 λαμϐάνουσιν
877 1372 905 1425 ὅ
959 1390 1012 1426 τι
1043 1373 1382 1439 ἀδιστάκτως
1428 1374 1730 1431 αἰτοῦνται.
1774 1376 1901 1431 Ἐὰν

319 1460 381 1514 δέ
414 1461 508 1513 καὶ
540 1460 867 1534 βραδύτερον
892 1464 1210 1535 λαμϐάνεις,
1233 1466 1309 1538 μὴ
1337 1466 1664 1541 διψυχήσῃς,
1697 1469 1780 1522 ὃτι
1800 1470 1901 1523 οὐκ

322 1554 516 1619 ἔλαϐες
550 1557 689 1627 ταχὺ
715 1558 777 1611 τὸ
806 1558 1015 1631 αἴτημα
1042 1560 1141 1632 τῆς
1165 1560 1351 1633 ψυχῆς
1379 1580 1475 1618 σου
1497 1579 1511 1594 ·
1540 1564 1761 1628 πάντως
1791 1567 1901 1637 γὰρ

319 1647 411 1702 διὰ
446 1650 753 1721 πειρασμόν
784 1670 926 1719 τινα,
954 1653 985 1725 ἢ
1029 1654 1385 1725 παράπτωμά
1421 1674 1474 1710 τι
1507 1655 1536 1710 θ
1562 1658 1626 1711 σὺ
1661 1658 1896 1727 ἀγνοεῖς,

323 1738 650 1812 βραδύτερον
682 1741 1001 1814 λαμϐάνεις.
1029 1745 1103 1800 Σὺ
1135 1745 1230 1801 οῦν
1255 1747 1330 1820 μὴ
1352 1748 1606 1826 διαλίπῃς
1638 1750 1900 1821 αἰτούμε-

320 1849 411 1892 νος
435 1832 497 1886 τὸ
525 1832 737 1903 αἴτημα
780 1835 880 1906 τῆς
932 1834 1111 1909 ψυχῆς
1143 1855 1263 1904 σου,
1291 1840 1386 1893 καὶ
1408 1840 1555 1913 λήψῃ
1601 1841 1754 1896 αύτύ.
1773 1842 1899 1896 Ἐἀν

319 1922 385 1992 δὴ
413 1923 749 1995 ἐκκακήσιις
798 1926 1151 2007 αἰτούμενος,
1188 1914 1416 1985 σεαυτὸν
1462 1932 1647 1997 αίτιῶ,
1686 1932 1782 1987 καὶ
1824 1932 1899 2005 μὴ

319 2016 412 2069 τὸν
467 2015 712 2070 διδοῦντά
752 2018 939 2071 σοι.Ἦ
987 2019 1096 2091 γὰρ
1148 2019 1368 2092 διψυχία
1398 2062 1413 2086 ,
1452 2020 1704 2094 Θυγάτηρ
1748 2023 1899 2076 ἐστὶν

324 2108 419 2161 τοῦ
446 2108 716 2172 διαϐόλου,
754 2109 847 2162 καὶ
868 2109 988 2163 λίαν
1018 2113 1383 2185 πονηρεύεται
1410 2115 1492 2177 είς
1524 2116 1651 2179 τοὺς
1676 2115 1899 2181 δούλους

321 2199 419 2253 τοῦ
473 2199 630 2254 Θεοῦ.
668 2201 742 2254 Σῦ
778 2200 872 2255 οὖν
914 2201 1129 2257 ἔνδυσαι
1178 2204 1275 2277 τὴν
1305 2205 1488 2260 πίστιν
1514 2205 1612 2278 τὴν
1650 2208 1895 2279 ἰσχυράν.

322 2292 543 2371 Στῶμεν
568 2288 662 2349 οὖν
689 2293 914 2365 ἑδραῖοι,
937 2294 1014 2359 ὡς
1039 2295 1235 2368 ἄκμων
1258 2296 1607 2368 τυπτόμενοι.
1639 2299 1897 2370 Μεγάλου

320 2383 554 2454 ἀθλητοῦ
625 2384 773 2438 ἐστιν
829 2385 1104 2456 δέρεσθαι,
1157 2387 1252 2440 καὶ
1306 2390 1487 2460 νικᾷν.
1541 2388 1795 2446 Μάλιστα
1840 2392 1898 2446 δέ

319 2475 456 2529 Θεοῦ
484 2475 671 2529 ἕνεκεν
698 2475 875 2530 πάντα
903 2477 1285 2548 ὑπομένωμεν,
1320 2479 1407 2533 ἵνα
1438 2480 1533 2534 καὶ
1562 2481 1723 2546 αὐτὸς
1752 2483 1901 2554 ἡμᾶς

320 2568 589 2640 ὑπομείνῃ
611 2584 624 2599 ⁸
659 2569 939 2624 σπουδαῖοι
995 2569 1284 2641 γενώμεθα
1306 2612 1322 2639 ,
1348 2573 1477 2637 τοὺς
1529 2576 1754 2646 καιροὺς
1796 2591 1900 2629 κα-

318 2661 688 2733 ταμάθωμεν,
748 2662 841 2718 τὸν
899 2664 1237 2737 ὑπέρχρονον
1299 2667 1753 2737 προσδοκοῦντες,
1806 2670 1900 2725 τὸν

319 2755 571 2825 ἄχρονον,
598 2755 688 2810 τὸν
721 2756 975 2827 ἀόρατον,
1014 2757 1083 2813 δι’
1109 2760 1255 2830 ἡμᾶς
1289 2760 1346 2815 δὲ
1374 2761 1589 2833 ὁρατὸν,
1615 2762 1710 2817 τὸν
1755 2763 1899 2838 ἅψη-

319 2847 580 2917 λάφητον,
620 2848 688 2901 δι’
721 2850 869 2919 ἡμᾶς
909 2848 967 2902 δὲ
1007 2849 1423 2922 ψηλαφηθέντα,
1458 2852 1550 2906 τὸν
1591 2854 1802 2930 ἀπαθῆ,
1830 2855 1900 2910 δι’

213 2992 230 3003 ,
319 2939 471 3009 ἡμᾶς
517 2939 574 2992 δὲ
633 2938 918 2994 παθόνταο
955 2940 1043 2993 τὸν
1096 2942 1155 2994 ἐν
1210 2943 1568 3015 μακροθυμίᾳ
1623 2945 1804 3000 πάντα
1831 2946 1902 3000 δι’

318 3034 352 3100 ἡ
364 3033 469 3100 μᾶς
494 3033 882 3101 ὑπομείναντα.
916 3033 1078 3100 Λέγει
1107 3033 1164 3088 δέ
1195 3036 1291 3088 καὶ
1323 3037 1356 3107 ἡ
1393 3036 1585 3108 Γραφή
1606 3053 1621 3069 ⁸
1660 3056 1678 3090 ι
1709 3040 1771 3092 Oi
1802 3055 1902 3113 φο-

320 3123 416 3176 ϐού
426 3141 577 3193 μενοι
606 3122 698 3176 τὸν
722 3123 952 3194 Κύριον,
982 3124 1313 3196 ἀναμείνατε
1337 3127 1397 3180 τὸ
1416 3127 1565 3193 ἕλεος
1591 3128 1779 3193 αὐτοῦ,
1806 3131 1903 3186 καὶ

2004 637 2103 693 sed
2151 637 2311 708 plena
2359 637 2467 694 ﬁde
2521 638 2823 695 satisfaciet
2874 638 3130 710 petitioni
3191 641 3390 695 anima:
3448 651 3575 698 tum.

2001 730 2192 801 Neque
2224 729 2374 785 enim
2418 730 2564 786 Deus
2594 740 2655 785 ut
2682 730 2936 785 homines
2959 770 2973 796 ,
3000 731 3093 802 qui
3132 740 3373 802 acceptae
3405 735 3576 788 semel

2003 819 2220 892 injuriae
2272 827 2382 875 tam
2433 821 2615 877 solent
2663 820 2981 878 meminisse
3028 822 3409 892 pertinaciter.
3459 823 3581 893 Ipse

2001 911 2148 968 enim
2188 912 2397 968 nullius
2442 928 2655 969 memor
2693 913 2908 985 injuriae
2933 922 3039 979 est,
3071 913 3245 985 magis
3269 914 3327 968 in
3354 921 3579 969 creatu-

2003 1020 2120 1059 ram
2150 1020 2368 1061 omnem
2413 1005 2888 1076 indulgentissime
2919 1008 3183 1077 expandit
3208 1022 3321 1062 sua:
3361 1006 3579 1062 viscera

2002 1099 2379 1171 benignitatis.
2406 1099 2488 1155 Tu
2522 1101 2684 1172 igitur
2729 1118 2826 1158 cor
2853 1111 3009 1157 tuum
3042 1119 3317 1174 perpurga
3366 1111 3577 1158 tantum

2002 1189 2073 1246 ab
2110 1189 2259 1244 omni
2306 1189 2657 1245 vacillatione
2704 1198 2762 1245 et
2813 1190 3179 1256 besitatione,
3217 1206 3283 1246 ac
3350 1203 3475 1261 pete
3505 1191 3578 1246 ab

2002 1298 2091 1347 eo,
2112 1282 2332 1352 erisque
2382 1289 2489 1335 tum
2518 1280 2804 1351 petitionis
2831 1297 3059 1352 compos
3091 1300 3104 1337 :
3138 1299 3259 1337 nam
3306 1286 3494 1340 varius
3518 1294 3579 1340 et

2002 1388 2205 1443 anceps
2251 1372 2296 1427 si
2336 1371 2772 1442 deprehendere,
2810 1371 2949 1426 nihil
2998 1373 3255 1443 accipies.
3284 1373 3389 1440 Qui
3426 1375 3578 1430 enim

2002 1480 2130 1537 erga
2178 1466 2348 1520 Deum
2376 1464 2562 1519 animo
2610 1464 2898 1530 ﬂuctuant,
2934 1480 2998 1521 ac
3029 1466 3195 1521 veluti
3227 1466 3576 1534 dividuntur,

2005 1559 2091 1615 isti
2125 1559 2310 1614 animo
2341 1558 2590 1629 duplices
2627 1574 2750 1614 cum
2774 1558 2905 1624 sint,
2926 1574 2998 1614 ne
3026 1560 3301 1614 tantillum
3352 1561 3577 1631 quidem

2002 1667 2033 1706 ο
2061 1650 2177 1706 suis
2224 1651 2689 1721 postulationibus
2734 1662 3106 1722 assequuntur
3127 1652 3192 1706 ".
3225 1654 3303 1707 Ac
3345 1652 3574 1723 perfecti

2002 1742 2097 1812 qui
2151 1750 2279 1798 sunt
2312 1742 2438 1798 iidei
2492 1743 2832 1815 integritate,
2873 1760 2999 1801 cum
3040 1760 3137 1816 spe
3165 1745 3414 1800 nitantur
3446 1762 3577 1817 erga

2004 1833 2295 1888 Dominum
2358 1834 2664 1902 incolumi,
2727 1835 2997 1907 quidquid
3062 1837 3382 1907 postulant,
3436 1836 3581 1891 acciv

2003 1924 2177 1996 piunt,
2209 1926 2657 1997 quandoquidem
2705 1928 2843 1982 nihil
2891 1928 3153 1984 merendo
3190 1927 3452 1983 noverint
3475 1944 3576 1998 pe-

2000 2028 2137 2073 tere.
2174 2016 2328 2083 Quod
2360 2017 2405 2073 si
2437 2020 2617 2074 serius
2644 2036 2808 2089 quam
2835 2020 3007 2075 velles
3036 2021 3319 2093 continget
3343 2030 3396 2077 te
3431 2021 3578 2077 accl.

1999 2122 2152 2179 pere,
2187 2123 2256 2164 ne
2276 2109 2347 2164 ob
2377 2108 2431 2163 id
2464 2110 2688 2166 vacilles
2718 2111 2902 2165 animo
2935 2111 3132 2165 anxius
3155 2152 3169 2176 ,
3198 2111 3328 2181 quia
3363 2126 3475 2166 non
3518 2111 3572 2166 in

1998 2199 2230 2271 vestigio
2262 2208 2367 2255 tua:
2421 2200 2622 2257 anima:
2659 2201 3089 2272 postulationem
3121 2210 3454 2257 consecutus
3490 2218 3574 2261 es.

1998 2291 2236 2348 Omnino
2253 2293 2400 2348 enim
2420 2293 2491 2348 ob
2503 2292 2743 2364 aliquam
2767 2293 3144 2359 tentationem,
3161 2303 3253 2348 aut
3272 2302 3424 2349 certe
3445 2295 3577 2366 quia

2001 2384 2283 2441 intercidit
2319 2384 2505 2440 delicti
2530 2384 2812 2455 quidpiam
2841 2385 3007 2457 (quod
3037 2385 3246 2455 alioqui
3271 2385 3390 2457 ipse
3421 2386 3579 2458 igno-

2001 2479 2112 2547 ras)
2128 2480 2307 2533 serius
2325 2479 2549 2548 accipis.
2562 2480 2605 2547 1
2618 2478 2774 2548 163
2793 2478 2873 2533 'l‘u
2894 2477 3064 2547 igitur
3087 2493 3157 2533 ne
3176 2478 3580 2548 interquiescas

2001 2583 2093 2630 aut
2108 2576 2385 2632 cuncteris
2403 2586 2587 2646 petere
2605 2590 2633 2628 a
2650 2573 2762 2628 Deo
2779 2572 2925 2643 quod
2948 2587 3279 2643 magnopere
3290 2570 3579 2627 contendit

2002 2666 2184 2722 anima
2216 2677 2328 2729 tua,
2355 2678 2411 2721 et
2438 2665 2696 2736 accipies.
2727 2663 2883 2732 Quod
2941 2663 2986 2720 si
3041 2663 3391 2719 delassabere
3435 2661 3581 2720 inter

2001 2761 2323 2830 petendum,
2361 2761 2594 2830 teipsum
2632 2760 2842 2822 incusa,
2876 2772 2989 2812 non
3023 2757 3153 2813 item
3180 2772 3306 2812 eum
3338 2758 3431 2827 qui
3460 2755 3577 2812 dat.

2001 2850 2306 2921 Duplicitas
2363 2849 2531 2904 animi
2573 2849 2733 2919 plane
2794 2847 2999 2903 diaboli
3039 2857 3124 2903 est
3158 2846 3286 2912 iilia,
3311 2863 3432 2917 qua:
3456 2861 3580 2901 om-

2000 2945 2156 2999 nium
2183 2943 2419 2998 maxime
2444 2943 2499 2996 in
2535 2957 2726 2998 servos
2747 2941 2865 3005 Dei,
2898 2941 3083 2995 nativa
3112 2956 3209 2995 sua
3239 2930 3584 3010 malignitate

2003 3036 2374 3092 debacchatur
2397 3049 2460 3089 ac
2478 3034 2655 3089 saevit.
2679 3032 2760 3087 Tu
2792 3032 2960 3104 igitur
2981 3033 3178 3087 fortem
3204 3046 3269 3086 ac
3297 3040 3578 3085 strenuam

2004 3127 2168 3182 iidem
2206 3126 2343 3181 'vide
2396 3126 2625 3181 indutus
2656 3134 2716 3179 ut
2742 3110 2838 3180 Sis.
2870 3124 3016 3180 Sane
3058 3133 3372 3194 perstemus
3414 3121 3580 3177 solidi

324 3215 404 3288 μὴ
449 3215 726 3270 ἐκκλίνετε
776 3218 864 3270 ἵνα
912 3216 987 3288 μὴ
1019 3218 1244 3289 πέσητε.
1292 3238 1312 3272 ι
1349 3221 1459 3275 Καὶ
1488 3222 1708 3291 ἐπάγει,
1748 3240 1766 3276 ι
1803 3223 1900 3288 Τίς

2002 3232 2067 3274 ac
2125 3217 2357 3273 stabiles
2404 3216 2624 3272 incudis
2672 3217 2729 3271 in
2781 3216 3339 3282 morem,undelihet
3402 3212 3578 3269 attriti

321 3307 646 3361 ἐπίστευσεν
676 3308 886 3381 Κυρίῳ,
917 3312 1013 3364 καὶ
1042 3311 1396 3384 κατῃσχύνθη
1423 3329 1440 3378 ;
1473 3313 1506 3384 ἢ
1568 3314 1651 3377 τίς
1697 3315 1903 3368 ἐπεκα-

318 3399 515 3455 λέσατο
539 3401 724 3467 αὐτὸν,
754 3403 848 3457 καὶ
875 3404 1163 3475 ὑπερεῖδεν
1192 3404 1360 3458 αὐτόν
1393 3420 1409 3472 ;
1442 3406 1475 3477 ἢ
1503 3406 1588 3469 τίς
1622 3406 1904 3476 ἐνέμεινεν

318 3493 402 3572 τῷ
432 3494 583 3565 φόϐῳ
613 3494 802 3564 αὐτοῦ,
836 3497 933 3550 καὶ
957 3496 1351 3569 ἐγκατελείφθη
1377 3514 1392 3563 ;
1428 3516 1447 3549 ι
1477 3498 1568 3570 Μὴ
1595 3496 1689 3552 οὖν
1720 3498 1902 3568 ὀλιγο-

319 3587 573 3660 ψυχήσῃς
607 3590 666 3642 ὲν
693 3592 760 3665 τῇ
791 3592 1064 3669 προσευχῇ
1104 3607 1221 3653 σου,
1243 3590 1331 3646 ῖνα
1350 3591 1425 3662 μὴ
1450 3589 1721 3663 ὁμοιωθῇς
1746 3591 1825 3664 τῷ
1846 3592 1903 3644 ἐν

318 3680 581 3752 Δίγύπτῳ
633 3681 768 3753 λαῷ,
799 3683 995 3747 οἵτινες
1021 3683 1129 3737 ἀπὸ
1166 3682 1549 3755 ὀλιγοψυχίας,
1571 3683 1671 3737 οὐκ
1711 3683 1903 3756 ἤθελον

319 3771 552 3827 ἀκοῦσαι
591 3774 686 3828 τοῦ
744 3775 974 3847 Μωῦσῆ.
1013 3776 1284 3829 Ἄκουσον
1348 3775 1522 3847 Ἰησοῦ
1579 3775 1671 3829 τοῦ
1718 3776 1901 3847 Ναυῆ,

319 3864 570 3934 λέγοντος
595 3881 607 3895 ·
651 3883 670 3917 ι
704 3865 1046 3928 Φυλάσσεσθε
1085 3866 1290 3937 σφόδρα
1347 3866 1446 3930 τὰς
1509 3866 1689 3938 ψυχὰς
1726 3866 1901 3938 ὑμῶν,

321 3959 541 4029 ἀγαπᾷν
570 3958 775 4030 Κύριον
803 3958 895 4011 τὸν
919 3959 1052 4014 Θεὸν
1078 3959 1255 4032 ἡμῶν,
1280 3960 1375 4019 καὶ
1401 3959 1562 4023 αὐτὸς
1600 3959 1903 4032 πολεμήσει

323 4050 465 4122 ὑπὲρ
519 4050 697 4122 ὑμῶν.
742 4069 762 4104 ι
800 4051 1116 4122 Γέγραπται
1163 4052 1220 4107 δέ
1265 4052 1359 4106 καὶ
1404 4053 1462 4106 ἐν
1488 4054 1601 4116 τοῖς
1630 4054 1900 4124 Κριταῖς·

331 4162 348 4192 ι
385 4141 478 4213 Μὴ
509 4142 940 4215 παροργίσωμεν
969 4141 1174 4214 Κύριον
1199 4142 1290 4196 τὸν
1320 4142 1456 4196 Θεὸν
1480 4142 1662 4213 ἡμῶν,
1703 4142 1790 4196 ἴνα
1824 4141 1900 4213 μὴ

321 4234 498 4306 ἀναϐῇ
557 4235 784 4305 Μαδιάμ
826 4235 965 4305 μετά
1022 4234 1131 4290 τῶν
1176 4234 1390 4305 κτηνῶν
1435 4235 1628 4306 αὐτῆς,
1664 4233 1899 4289 καὶδιαο-

322 4324 520 4398 φθείρῃ
541 4325 631 4379 τὸν
652 4325 862 4394 καρπὸν
885 4326 918 4395 ἡ
926 4325 1065 4396 μῶν,
1086 4326 1183 4380 καὶ
1205 4325 1616 4396 πτωχεύσωμεν
1636 4324 1861 4396 σφόδρα.
1876 4343 1895 4377 ι

334 4416 684 4489 Ἀκούσωμεν
720 4417 943 4471 Ἡσαΐου
997 4416 1244 4486 λέγοντος
1265 4435 1280 4450 ·
1314 4437 1331 4469 ι
1367 4417 1760 4488 Παρακαλεῖτε,
1791 4418 1902 4472 ὀλι-

321 4508 575 4579 γόψυχοι,
607 4511 675 4580 τῇ
699 4490 911 4588 διανοίᾲ.
929 4524 945 4541 ο
982 4529 1001 4563 ι
1027 4508 1235 4581 Κύριος
1265 4509 1375 4581 γάρ
1403 4509 1621 4563 δίδωσιν
1643 4510 1902 4581 ὀλιγοψύ-

2005 3307 2450 3364 contusionibus.
2477 3306 2694 3362 Excelsi
2730 3306 2916 3362 animo
2949 3305 3169 3361 athleta:
3192 3312 3298 3371 est,
3331 3313 3387 3360 et
3415 3304 3580 3359 undi-

2004 3417 2113 3472 que
2144 3401 2300 3467 casdi,
2334 3411 2390 3457 et
2437 3410 2619 3457 tamen
2652 3400 2875 3455 vincere
2912 3416 2927 3454 :
2968 3399 3205 3454 maxime
3256 3399 3313 3453 in
3351 3399 3579 3470 gratiam

2004 3494 2101 3549 Dei
2131 3493 2269 3548 nihil
2300 3509 2408 3547 non
2446 3494 2744 3548 toleremus
2766 3493 2975 3548 alacres
3011 3502 3071 3548 ut
3101 3500 3157 3547 et
3182 3491 3297 3561 ipse
3324 3506 3425 3545 nos
3464 3490 3583 3549 lon-

2005 3585 2297 3656 ganimiter
2357 3584 2572 3639 toleret.
2613 3582 2859 3639 Studiosi
2922 3582 3097 3638 simus
3148 3598 3212 3636 ac
3259 3580 3578 3651 pervigiles.

2004 3675 2399 3731 Condiscamus
2431 3675 2577 3731 ferre
2611 3675 2870 3745 temporis
2900 3674 3063 3729 istius
3092 3672 3459 3742 iniquitatem,
3483 3668 3579 3741 qui

2004 3780 2101 3835 spe
2152 3765 2291 3820 nihil
2344 3764 2512 3820 dubia
2569 3764 2955 3835 praestolamur
3002 3763 3302 3818 adventum
3332 3760 3453 3831 ejus
3483 3759 3580 3831 qui

2002 3873 2167 3929 supra
2193 3867 2440 3928 tempora
2455 3866 2540 3913 est
2572 3866 2629 3912 ct
2652 3856 2745 3927 qui
2780 3856 2898 3912 sine
2922 3863 3169 3925 tempore
3197 3861 3283 3909 cst
3315 3869 3329 3906 :
3358 3862 3417 3908 et
3439 3852 3582 3907 invi-

2004 3952 2203 4017 sibilis,
2256 3950 2431 4005 nostri
2483 3962 2647 4005 causa
2700 3949 2755 4004 in
2819 3956 3068 4019 tempore
3118 3945 3412 4017 palpabilis
3457 3960 3582 4001 esse

2001 4042 2178 4098 voluit
2205 4059 2221 4109 ;
2258 4041 2612 4112 impassibilis
2634 4055 2760 4095 cum
2802 4047 2971 4104 esset,
3002 4038 3265 4109 dignatus
3297 4051 3420 4091 esse
3451 4052 3581 4105 pas-

2002 4134 2198 4191 sibilis.
2232 4134 2300 4191 Et
2347 4133 2437 4188 hic
2502 4141 2686 4188 tantus
2734 4131 2790 4185 in
2855 4130 3090 4199 gratiam
3132 4137 3340 4183 nostrae
3383 4126 3583 4182 salutis

2004 4226 2427 4284 tolerantissime
2452 4234 2652 4282 cuncta
2684 4223 2935 4295 pertulit.
2970 4221 3119 4277 Dicit
3154 4219 3389 4291 proinde
3422 4218 3579 4275 Scri-

2000 4329 2163 4391 ptura
2196 4336 2211 4372 :
2247 4338 2265 4370 ι
2296 4317 2401 4384 Qui
2437 4316 2643 4372 timetis
2690 4314 3014 4379 Dominum,
3046 4320 3360 4383 exspectate
3418 4309 3585 4364 misc-

2001 4407 2297 4465 ricordiam
2323 4406 2462 4477 ejus,
2501 4414 2559 4461 et
2591 4421 2661 4461 ne
2690 4403 2985 4460 declinetis
3017 4411 3078 4456 ut
3107 4417 3177 4457 ne
3206 4400 3420 4457 cadatis
3444 4398 3513 4455 ⁶².
3555 4416 3575 4452 ι

2001 4499 2258 4556 inducit:
2303 4517 2322 4551 ι
2360 4498 2495 4565 Quis
2526 4496 2752 4554 conlidit
2787 4497 2842 4552 in
2891 4511 3018 4551 eum
3062 4503 3119 4551 et
3153 4493 3421 4549 confusus
3449 4492 3584 4548 est?

319 4618 439 4679 χοις
470 4578 895 4673 μακροθυμίαν,
928 4602 1023 4661 καὶ
1257 4578 1370 4677 τοῖς⁴
1410 4578 1899 4680 συντετριμμένοις

2002 4592 2239 4663 autquis
2262 4591 2538 4646 invocavit
2576 4605 2702 4645 eum
2740 4598 2797 4645 et
2831 4586 3083 4658 despexit
3118 4587 3295 4652 illum,
3327 4594 3425 4640 ant
3454 4582 3584 4654 quis

321 4695 389 4763 τῇ
426 4694 625 4773 καρδίᾳ
646 4711 659 4725 ο
695 4696 788 4749 καὶ
820 4695 979 4766 ἡμεῖς
1003 4691 1096 4748 οὖν
1141 4695 1279 4765 μετά
1312 4694 1655 4760 κατανύξεως
1697 4696 1794 4749 σὺν
1824 4694 1902 4769 τῷ

321 4783 488 4839 Δαϐὶδ
517 4785 832 4856 ἐντύχωμεν
854 4785 930 4857 τῷ
962 4785 1104 4857 Θεῷ,
1141 4785 1409 4855 λέγοντες
1445 4804 1463 4838 ι
1513 4785 1899 4856 Ἦδολέσχησα,

321 4878 421 4931 καὶ
476 4877 870 4948 ὀλιγοψύχησεν
907 4877 968 4931 τὸ
1017 4877 1236 4948 πνεῦμά
1282 4895 1404 4949 μου.
1445 4878 1511 4931 Ἤ
1566 4878 1760 4947 καρδία
1800 4894 1901 4947 μου

322 4972 637 5044 ἐταράχθη,
673 4970 1001 5040 ἐγκατέλιπέ
1054 4987 1123 5041 με
1170 4971 1206 5042 ἠ
1256 4971 1410 5042 ίσχύς
1457 4988 1584 5041 μου.
1629 4970 1905 5025 Ἀπὼλετο

280 5079 287 5086 ·
325 5067 470 5137 φυγὴ
500 5064 593 5118 ἀπ’
625 5064 784 5133 ἐμοῦ,
814 5065 909 5118 καὶ
935 5064 1037 5117 οὐκ
1070 5063 1217 5117 ἔστιν
1246 5063 1275 5117 ὁ
1301 5063 1550 5136 ἐκζητῶν
1595 5064 1693 5136 τὴν
1721 5063 1901 5135 ψυχήν

328 5174 450 5227 μου.
497 5176 516 5209 ι
568 5155 730 5211 Ἀλλά
757 5174 777 5208 ι
814 5155 907 5225 Μὴ
953 5155 1326 5228 ἐγκαταλίπῃς
1373 5172 1464 5227 με,
1500 5154 1672 5228 Κύριε
1713 5156 1741 5208 ὁ
1768 5154 1902 5219 Θεὸς

330 5268 451 5321 μου,
481 5249 555 5321 μὴ
580 5251 823 5320 ἀποστῇς
848 5249 943 5303 ἀπ’
974 5248 1110 5320 ἐμοῦ
1135 5265 1151 5279 ο
1186 5267 1205 5299 ι
1240 5249 1340 5313 τὰς
1388 5247 1447 5303 δὲ
1494 5247 1765 5319 μάστιγάς
1808 5264 1901 5301 σου

327 5343 639 5412 άπὸστησον
696 5340 791 5394 ἀπ’
836 5340 990 5411 ἐμοῦ,
1032 5342 1113 5395 ὅτι
1145 5360 1163 5394 ι
1224 5340 1358 5395 Ἀπὸ
1411 5340 1510 5412 τῆς
1574 5340 1755 5410 ίσχύος
1803 5339 1901 5410 τῆς

325 5432 507 5503 χειρός
544 5449 637 5484 σου
666 5429 777 5499 ἐγὼ
807 5430 1074 5497 ἐξέλιπον.
1113 5450 1131 5484 ι
1164 5431 1274 5486 Καί
1298 5446 1313 5461 ⁸
1350 5449 1369 5484 ι
1427 5430 1585 5495 Ἰδοὺ,
1617 5430 1903 5501 ὲμάκρυνα

330 5524 667 5592 φυγαδεύων,
695 5528 789 5576 καί
832 5522 1095 5594 ηὐλίσθην
1138 5524 1196 5576 ἐν
1232 5525 1298 5593 τῇ
1353 5522 1565 5593 ἐρήμῳ,
1602 5520 1897 5591 προσδεχό-

332 5614 491 5686 μενός
534 5631 593 5667 σε
623 5614 715 5667 τὸν
756 5611 1130 5677 ζωοποιοῦν-σα
1172 5613 1328 5677 Θεὸν,
1366 5612 1476 5666 ἀπὸ
1527 5610 1902 5681 ὀλιγοψυχίας,

405 5794 443 5823 ⁶⁸¹
473 5791 585 5845 Jac.
620 5809 654 5852 I,
688 5795 741 5855 ϐ,
772 5796 823 5848 8.

333 5863 377 5897 ¹⁹
404 5862 517 5919 ius.
563 5880 715 5926 χλιιι,
757 5865 835 5921 i6.

929 5797 973 5828 θ’
1004 5793 1176 5851 Et‘cii.
1206 5808 1266 5856 li,
1299 5792 1350 5853 9.
1386 5792 1435 5846 7.

1554 5792 1596 5819 "“
1634 5789 1764 5851 ibid.
1807 5779 2009 5851 i|,.i:!.

1998 4684 2304 4755 permansit
2356 4682 2414 4738 in
2463 4682 2659 4737 timore
2690 4681 2830 4749 eius,
2860 4688 2918 4735 et
2957 4678 3262 4733 derelictus
3312 4685 3399 4733 est
3424 4675 3518 4730 “2
3559 4691 3578 4726 ι

1998 4780 2079 4836 Ne
2117 4787 2238 4834 esto
2290 4777 2348 4831 in
2394 4776 2645 4831 oratione
2677 4780 2771 4827 tua
2815 4770 3205 4847 pusillanimis,
3233 4777 3295 4823 ut
3323 4784 3393 4824 ne
3424 4768 3582 4823 inve-

1999 4872 2153 4927 niare
2202 4870 2279 4924 illi
2342 4867 2602 4923 assimilis
2657 4867 2862 4937 populo
2900 4866 2954 4919 in
2985 4863 3220 4933 Egypto
3264 4860 3359 4932 qui
3387 4859 3588 4915 abnuit

2000 4963 2196 5019 audire
2226 4962 2467 5033 Moysen,
2499 4959 2633 5014 vitio
2664 4958 2920 5013 laborans
2949 4954 3425 5028 pusillanimitatis
3453 4952 3519 5007 “‘.
3555 4970 3577 5007 ι

1997 5054 2141 5111 Audi
2190 5063 2247 5109 tu
2278 5054 2466 5108 Jesum
2493 5050 2661 5115 Nave,
2692 5050 2966 5105 dicentem
2999 5068 3013 5104 :
3051 5068 3070 5101 ι
3106 5046 3394 5103 Custodite
3414 5044 3585 5101 vehe~

1999 5155 2213 5203 menter
2278 5144 2491 5200 animas
2549 5150 2803 5206 vestras,
2869 5149 2930 5195 ut
2989 5141 3233 5210 diligatis
3292 5139 3584 5193 Dominum

1996 5240 2170 5294 Deum
2227 5245 2494 5298 vestrum,
2527 5241 2583 5288 et
2637 5233 2755 5302 ipse
2806 5231 3071 5302 pugnabit
3119 5246 3217 5301 pro
3267 5228 3430 5284 vobis
3459 5228 3524 5281 ".
3560 5245 3578 5276 ι

2000 5330 2282 5400 Scriptum
2313 5335 2397 5381 est
2427 5332 2485 5379 ct
2515 5323 2570 5378 in
2600 5322 2856 5379 Judicum
2889 5321 3033 5376 libro
3065 5336 3078 5373 :
3116 5338 3134 5371 ι
3177 5319 3255 5374 Ne
3283 5316 3587 5372 exacerbe-

2010 5438 2133 5478 mus
2158 5420 2475 5481 Dominum,
2512 5424 2574 5471 ut
2595 5429 2664 5469 ne
2694 5413 2955 5469 ascendat
2980 5412 3193 5467 Madian
3222 5426 3348 5466 cum
3365 5410 3587 5480 jumen-

2010 5518 2081 5572 tis
2127 5516 2264 5579 suis,
2304 5523 2361 5569 et
2410 5518 2730 5578 corrumpat
2785 5506 3029 5562 fructum
3084 5512 3362 5566 nostrum,
3413 5509 3471 5556 et
3513 5499 3581 5554 ad

2012 5612 2313 5664 extremam
2386 5609 2765 5676 paupertatem
2825 5601 3183 5658 dcvolvamur
3212 5596 3281 5649 “.
3326 5592 3471 5660 Quin
3531 5600 3589 5648 et

2125 5785 2357 5842 r“Exod.
2418 5802 2487 5852 ιν,
2539 5785 2761 5857 passim.
2869 5785 2912 5816 ⁸⁵
2948 5778 3117 5839 Exvd.
3180 5790 3290 5838 XIV.
3351 5773 3434 5832 15.
3498 5768 3594 5829 Νι
