4028 6514
547 454 738 509 Isaiam
824 457 1154 520 dicentem:
1201 484 1222 520 ι
1271 467 1668 545 Consolamini,

543 554 728 602 mente
761 549 851 604 ‘7:
893 571 911 604 ι
937 554 1204 614 Dominus
1255 562 1406 619 enim
1471 567 1542 624 iis
1599 573 1694 642 qui

539 642 748 708 animo,
775 645 1020 702 infundit
1053 654 1514 725 consolationem,
1551 671 1608 718 et
1640 666 1810 721 vitam
1857 675 2119 731 contritis

537 733 729 790 corde.
769 736 880 793 Nos
941 739 1113 810 igitur
1137 759 1264 800 cum
1298 747 1526 818 Davide,
1556 757 1725 813 corde
1782 777 2117 834 compuncto

541 823 710 880 Deum
743 827 1179 902 interpellemus,
1211 837 1464 898 dicentes
1493 861 1508 899 :
1542 865 1560 898 ι
1585 847 1936 910 Exercita-tus
1968 873 2112 927 sum,

535 923 592 969 et
625 917 826 975 defecit
883 922 1112 993 spiritus
1159 933 1398 990 meus“.
1424 933 1532 991 Cor
1577 956 1761 997 meum
1819 951 2116 1007 conturba—

539 1013 655 1062 tum
687 1019 792 1076 est,
817 1013 1116 1087 dereliquit
1148 1037 1236 1078 me
1268 1024 1448 1084 virtus
1475 1046 1594 1087 mea
1622 1036 1687 1090 ⁸⁸.
1724 1037 1897 1096 Periit
1925 1042 2050 1114 fuga
2082 1063 2113 1102 a

535 1112 643 1163 me,
673 1111 731 1156 et
769 1120 878 1162 non
920 1119 1006 1165 est
1054 1114 1148 1182 qui
1187 1119 1432 1187 requirat
1491 1127 1734 1184 animam
1775 1148 1952 1190 meam
1979 1140 2051 1206 ⁷ο,
2087 1159 2107 1192 ι

532 1191 629 1245 sed
661 1211 684 1244 ι
719 1211 788 1250 ne
838 1198 1192 1274 derelinquas
1242 1226 1348 1276 me,
1377 1215 1604 1274 Domine
1658 1223 1804 1280 Deus
1851 1243 2029 1296 meus,
2055 1242 2112 1288 et

529 1297 600 1337 ne
629 1284 952 1347 discesseris
973 1309 1002 1349 a
1033 1312 1119 1352 me
1141 1300 1208 1354 '“.
1250 1321 1272 1354 ι
1308 1305 1544 1377 Flagella
1575 1322 1759 1370 autem
1791 1327 1881 1372 tua
1918 1333 2109 1380 averte

532 1466 602 1522 Et
638 1487 652 1524 :
697 1490 714 1521 ι
751 1473 892 1529 Ecce
930 1477 1182 1552 elongavi
1216 1485 1466 1557 fugiens,
1495 1502 1551 1548 et
1583 1466 1761 1555 mansi
1800 1503 1852 1557 in
1909 1507 2107 1564 solitu-

527 1557 680 1623 dine,
711 1560 846 1617 dum
873 1579 1133 1638 exspecto
1182 1584 1234 1631 te
1265 1578 1436 1636 Deum
1467 1585 1562 1654 qui
1593 1589 1802 1646 salvum
1849 1613 1935 1653 me
1969 1599 2107 1658 facis

528 1659 558 1696 a
589 1649 1049 1715 pusillanimitate
1098 1670 1154 1716 et
1196 1649 1519 1736 tempestate
1550 1675 1598 1708 "
1628 1694 1641 1731 :
1675 1680 1906 1740 adhaesit
1951 1688 2100 1745 enim

529 1738 843 1805 pavimento
889 1749 1070 1806 anima
1109 1769 1250 1823 mea,
1285 1759 1380 1814 sed
1429 1772 1485 1818 et
1522 1765 1738 1826 vivitica
1784 1790 1868 1830 me
1901 1792 2101 1835 secun-

526 1829 658 1886 dum
713 1836 944 1894 verbum
1000 1849 1152 1900 tuum
1182 1845 1248 1903 ".
1283 1869 1302 1903 ι
1341 1852 1479 1910 Novi
1539 1860 1686 1915 enim
1754 1871 1839 1931 te,
1871 1867 2101 1930 Domine

525 1921 970 1996 clementissime,
994 1936 1122 2004 quia
1139 1957 1158 1990 ι
1189 1941 1320 1998 dum
1348 1949 1666 2009 anxiaretur
1686 1972 1784 2013 cor
1809 1977 2011 2031 meum,
2045 1967 2101 2024 in

523 2022 676 2080 petra
724 2021 978 2078 exaltasti
1027 2044 1114 2084 me
1135 2031 1200 2085 ⁷⁵.
1235 2052 1253 2085 ι
1284 2036 1390 2092 Et:
1431 2059 1449 2090 ι
1500 2042 1666 2101 Dabis
1727 2050 1988 2109 virtutem
2043 2069 2101 2115 et

522 2101 900 2167 fortitudinem
957 2118 1004 2149 "
1055 2138 1072 2171 ι
1126 2121 1490 2195 diligentibus
1568 2123 1644 2192 te.
1698 2139 1804 2196 Sed
1861 2155 1913 2200 et
1966 2150 2097 2218 quid

1785 2195 1800 2196 η
1866 2195 1913 2200 --
1968 2195 2097 2218 -,,....

522 2195 726 2256 Paulus
787 2207 948 2263 nobis
991 2217 1314 2280 praescribat
1352 2222 1706 2299 faciendum,
1758 2238 2098 2309 excipiamus

515 2291 748 2348 auribus
789 2301 1053 2357 arrectis:
1091 2325 1111 2356 ‹
1146 2307 1444 2370 induimini
1506 2333 1841 2383 armat-uram
1893 2332 2011 2397 Dei,
2037 2346 2097 2392 ut

516 2384 740 2449 possitis
778 2398 924 2447 stare
954 2395 1220 2456 adversus
1252 2403 1480 2465 insidias
1507 2412 1707 2471 diaboli
1732 2421 1796 2476 ⁷⁷,
1829 2441 1848 2473 ι
1882 2425 2095 2500 1164

516 2471 620 2500 ειμι
661 2485 708 2500 Α.
742 2477 805 2500 :2-
846 2497 868 2500 μ
899 2484 929 2500 νο
1030 2487 1040 2498 .
1081 2489 1113 2500 ._
1251 2495 1262 2500 -
1370 2499 1376 2500 ,

515 2471 620 2526 Sed
658 2485 714 2530 et
742 2477 807 2533 iis
838 2484 930 2550 qui
961 2487 1190 2555 spiritus
1216 2495 1498 2556 alacritate
1525 2511 1846 2579 pnevalent,

519 2581 536 2610 σ
581 2563 951 2627 Consolaniini
988 2580 1410 2655 pusillanimes,
1465 2597 1728 2667 suscipite
1786 2602 2042 2665 infirmos
2069 2651 2086 2676 ,

513 2659 784 2724 patientes
840 2677 1020 2726 estote
1071 2675 1138 2729 ad
1190 2692 1384 2738 omnes
1417 2686 1481 2740 ⁷⁸.
1521 2707 1540 2740 ι
1582 2691 1756 2750 Verba
1807 2697 1924 2754 lucc
1957 2718 2089 2759 sane

512 2749 695 2806 aillatu
754 2756 1011 2841 Numinis
1067 2769 1270 2839 scripta
1322 2777 1495 2834 multa
1541 2790 1598 2836 et
1631 2785 1795 2842 alacri
1825 2793 2088 2859 patientia

911 2839 913 2841 _
1825 2839 2087 2859 r_..-......

512 2844 863 2915 meditemur,
901 2869 968 2907 ne
1005 2855 1145 2914 forte
1200 2864 1394 2921 audire
1438 2874 1721 2946 contingat
1751 2884 2087 2952 suggillatio—

509 2951 634 2990 nem
674 2939 823 2996 illam
852 2962 864 2996 :
908 2964 926 2996 ι
959 2946 1097 3004 Cum
1125 2952 1404 3016 deberetis
1438 2977 1558 3019 esse
1585 2969 1835 3037 magistri
1861 2981 2085 3046 propter

508 3035 746 3100 tempus,
804 3053 1023 3094 rursum
1085 3043 1342 3118 indigetis
1398 3069 1494 3110 vos
1537 3068 1597 3112 ut
1645 3061 1994 3131 doceamini,
2027 3081 2082 3128 et

1808 377 2169 445 ANTIOCHI
2212 388 2558 452 MONACHI

1730 485 2081 554 pusillanime

2182 533 2192 555 ι
2221 501 2315 555 καὶ
2354 503 2462 558 άπὸ
2520 507 2853 577 καταιγίδος.
2903 509 3240 588 Ἐκκολλήθη-
3285 519 3396 590 γάρ
3426 519 3509 593 τῷ
3543 521 3786 600 ἐδάφειη

1748 579 1952 646 pusillo
1989 598 2081 639 sum

2219 591 2364 664 ψυχή
2398 613 2498 665 μου
2534 614 2549 628 ο
2577 598 2712 653 ἀλλὰ
2743 599 2909 672 ζῆσόν
2934 621 3001 674 με
3024 579 3166 661 κατά
3191 579 3489 680 {avid-79y.
3516 631 3636 670 σου.
3654 579 3787 673 ὀἶδέ

3668 411 3791 482 1696

2374 704 2454 751 σε,
2479 688 2654 758 ἀγαθὲ
2687 693 2881 765 Κύριε,
2907 696 2990 749 ὅτι
3027 714 3049 749 ι
3097 699 3186 752 Ἐν
3213 702 3293 774 τῷ
3340 705 3640 776 άκηδιάσαι
3694 711 3786 782 τὴν

2218 776 2446 847 καρδίαν
2479 797 2604 850 μον,
2640 785 2698 837 ἐν
2729 786 2907 859 πέτρᾳ
2931 786 3152 859 ΰψωσάς
3180 809 3268 862 με.
3298 812 3319 846 ι
3351 796 3480 849 Καίο
3526 815 3546 850 ι
3587 776 3786 866 Acbari;

2214 866 2441 940 δύναμιν
2499 875 2594 927 καὶ
2638 879 2976 947 κραταίωσιν
3005 900 3026 934 ›
3088 887 3202 948 τοῖς
3227 885 3483 953 ἀγαπῶσί
3512 905 3594 944 σε.
3622 893 3788 963 [lpos-

2214 955 2430 1028 ἔχωμεν
2457 962 2510 1015 τί
2536 964 2630 1018 καὶ
2662 967 2692 1019 ὁ
2721 967 2931 1033 Παῦλος
2951 973 3085 1041 ἡμῖν
3117 977 3553 1046 παρακελεύεται
3574 996 3591 1011 ο
3627 1000 3646 1033 ι
3670 955 3784 1035 ξεν.

2210 1046 2469 1116 δύσασθε,
2496 1056 2682 1122 φησιν,
2733 1056 2834 1130 τὴν
2883 1063 3186 1118 πανοπλίαν
3229 1067 3325 1121 τοῦ
3365 1069 3526 1138 Θεοῦ,
3565 1074 3705 1143 πρὸς
3730 1077 3786 1131 τὸ

2210 1138 2469 1197 δύνασθαι
2488 1145 2633 1216 ὑμᾶς
2661 1149 2852 1222 στῆναι
2877 1153 3013 1224 πρὸς
3040 1156 3141 1221 τὰς
3173 1159 3457 1228 μεθοδείας
3483 1164 3580 1218 τοῦ
3604 1138 3783 1223 8:166—

2209 1223 2324 1281 λου.
2360 1246 2378 1280 t
2413 1231 2584 1301 Φησὶν
2613 1235 2671 1288 δὲ
2700 1241 2794 1291 καὶ
2823 1242 2938 1300 τοῖς
2980 1223 3228 1311 δυνατοίς
3251 1265 3266 1280 ο
3306 1267 3326 1300 ι
3357 1223 3780 1323 Παραμυθείσθε

2206 1318 2333 1382 τοὺς
2369 1319 2746 1396 ὀλιγοψύχους,
2770 1329 3058 1402 ἀντέχεσθε
3106 1336 3216 1392 τῶν
3270 1318 3539 1408 ἀσθενῶν,
3571 1363 3781 1419 μακρο-

2206 1407 2430 1480 θυμεῖτε
2467 1415 2604 1486 πρὸς
2655 1419 2884 1485 πάντας.
2928 1441 2948 1476 ι
2981 1425 3168 1482 Ταῦτα
3211 1423 3307 1485 οὖν
3345 1432 3416 1486 τὰ
3443 1407 3782 1495 θεοπνενστα

2205 1501 2446 1572 ῥήματα,
2475 1507 2563 1560 ἀεὶ
2616 1509 3010 1585 μελετήσωμεν
3056 1519 3136 1571 έν
3162 1519 3408 1595 ὑπομονῇ
3442 1527 3642 1600 πολλῇ,
3673 1534 3779 1601 μή-

2205 1609 2334 1647 ποτε
2378 1597 2736 1671 ἀκούσωμεν,
2771 1622 2791 1656 ι
2827 1606 2946 1660 ὀτι
3004 1610 3054 1663 oi
3099 1610 3407 1680 ὀφείλοντες
3443 1597 3779 1680 εἶναιῄδιδά-

2202 1686 2392 1741 σκαλοι
2420 1688 2508 1744 διὰ
2535 1692 2625 1746 τὸν
2652 1696 2867 1765 χρόνον,
2902 1701 3066 1756 πάλιν
3094 1707 3286 1776 χρείαν
3313 1710 3463 1782 ἔχετε
3492 1713 3592 1768 τοῦ
3634 1715 3778 1772 διδά-

2203 1793 2422 1845 σκοντος
2439 1783 2606 1854 ἡμᾶς,
2623 1787 2716 1840 καὶ
2738 1790 2998 1859 γέγονατε
3026 1797 3215 1867 χρείαν
3235 1799 3452 1871 ἔχοντες
3477 1807 3774 1874 γάλακτος.

2135 1849 2178 1909 Β
2205 1871 2298 1923 καὶ
2322 1873 2383 1925 οὐ
2416 1849 2645 1946 στερεᾶς
2665 1849 2896 1952 τροφης.
2930 1904 2949 1937 ι
2987 1849 3296 1947 KZ).va
3326 1849 3776 1964 ξειστῐνιείῐξασθαί⁵

2206 1961 2282 2034 μὴ
2329 1963 2506 2019 ἐλθεῖν
2547 1969 2683 2038 ἡμῖν
2722 1976 3064 2045 πειρασμόν·
3096 1980 3318 2037 ἐλθόντα
3353 1985 3413 2040 δὲ
3462 1961 3778 2056 καταδεξώ-

2205 2054 2343 2123 μεθα
2393 2055 2470 2120 ὡς
2500 2059 2793 2132 ἡμέτερον,
2825 2067 2921 2120 καὶ
2955 2070 3055 2124 οὐκ
3103 2071 3404 2146 ἀλλότριον,
3451 2081 3594 2148 μετὰ

2203 2147 2373 2217 μονῆς
2401 2150 2494 2203 καὶ
2524 2153 2900 2225 εὐχαριστίας.
2929 2159 3051 2215 Ὅτι
3082 2163 3135 2217 δὲ
3183 2167 3278 2220 καὶ
3321 2147 3628 2235 πιστεύσας
3663 2176 3775 2229 ὀλο.

2198 2239 2438 2310 καρδίως
2503 2246 2598 2298 καὶ
2654 2253 3160 2323 τεταπεινωμένους,
3209 2258 3478 2329 λαμϐάνει
3524 2267 3772 2338 χάρισμα

2195 2332 2484 2400 ἀπαθείας,
2528 2337 2641 2408 ἔχει
2697 2345 3078 2415 μαρτυροῦσαν
3125 2350 3224 2420 τὴν
3271 2353 3496 2426 Γραφήν
3525 2332 3612 2410 λι
3640 2332 3769 2414 Μετ’

2195 2423 2332 2493 ἐμοῦ
2383 2429 2623 2498 σήμερον
2657 2432 2787 2504 γάρ,
2818 2437 3005 2506 φησὶν,
3043 2439 3142 2512 ἔσῃ
3171 2443 3229 2495 ὲν
3364 2423 3707 2520 παραδείσῳ.
3743 2471 3762 2504 ι

2192 2517 2322 2570 Καί³
2355 2538 2380 2571 «ί
2415 2521 2478 2574 Ἦ
2505 2523 2685 2587 πίστις
2708 2543 2802 2579 σου
2831 2530 3039 2584 σέσωκέ
3065 2551 3146 2599 σε,
3173 2538 3408 2606 πορεύου
3429 2542 3513 2604 είς
3545 2545 3768 2615 είρήνηι

2190 2609 2289 2678 τῆς
2321 2611 2588 2678 ἀπαθείας
2613 2657 2628 2680 ,
2671 2637 2690 2668 ι
2726 2621 2819 2672 καὶ
2855 2622 2954 2675 ὅσα
2984 2629 3390 2698 τοιουτότροπα.
3427 2634 3541 2686 Καὶ
3598 2637 3658 2689 ὲν
3692 2639 3764 2708 τῷ

2195 2703 2382 2773 σπόρῳ
2415 2708 2683 2776 περκάζει
2714 2713 2744 2779 ἡ
2779 2715 3047 2786 σταφυλή.
3074 2719 3165 2789 Μὴ
3193 2717 3288 2775 οὖν
3310 2724 3409 2793 τὴν
3452 2703 3764 2799 προθυμίαν

2189 2792 2343 2863 ὑμῶν
2377 2798 2424 2848 οἱ
2458 2797 2643 2870 ἐχθροὶ
2669 2802 3095 2871 ἀμϐλυνέτωσαν
3118 2815 3232 2874 τοῖς
3271 2792 3544 2880 ποιπίλοις
3567 2792 3761 2889 πειρα-

2189 2885 2366 2952 σμοῖς,
2389 2886 2484 2957 τὴν
2536 2888 2716 2961 ψυχὴν
2761 2893 3166 2963 κολαφίζοντες.
3211 2902 3304 2956 Ἐκ
3344 2906 3453 2976 γὰρ
3501 2908 3614 2961 τῶν
3655 2885 3760 2962 θλί-

2183 2978 2332 3047 ψεων
2364 2981 2412 3033 οἱ
2456 2983 2708 3051 στέφανοι
2746 2986 3060 3054 πλέκονται,
3097 2993 3191 3046 καὶ
3224 2997 3282 3048 ἐν
3314 3001 3434 3061 ταῖς
3474 3000 3760 3066 ἀσθενείας

2183 3069 2542 3142 τελειοῦταιὴ
2601 3065 2830 3143 δύναμις
2874 3079 2966 3132 τοῦ
3019 3083 3277 3152 Χριστοῦ.
3323 3087 3486 3142 Ἀλλά
3534 3093 3753 3161 μᾶλλον,

506 3121 634 3176 facti
655 3127 788 3182 estis
812 3132 1015 3198 quibus
1039 3137 1179 3194 lacte
1208 3156 1347 3211 opus
1367 3147 1457 3209 sit,
1483 3165 1592 3204 non
1625 3155 1801 3211 solido
1828 3161 1953 3216 cibo
1977 3164 2072 3220 ⁷³.»

507 3210 779 3254 ΡΓηΓηηι-ἷι
817 3220 982 3254 inin...
1002 3229 1276 3254 n-..-:..---
1303 3237 1431 3254 -μνκι-
1524 3240 1538 3254 1
1715 3245 1728 3254 .
1759 3249 1787 3254 _
1901 3252 1910 3254 _

2199 3121 2236 3122 η
2288 3121 2385 3124 η--
2409 3121 2480 3126 η--
2516 3121 2542 3142 -,
2607 3121 2827 3143 ---ν-,ην
2883 3121 2966 3132 -σν
3019 3121 3277 3152 arm-ua.
3337 3121 3486 3142 ιυυιυι
3534 3121 3753 3161 μνάμων,

2185 3161 2469 3234 θαρσαλέῳ
2520 3169 2831 3236 φρονήματι
2862 3171 3077 3241 στῶμεν
3102 3176 3182 3237 εἰς
3212 3179 3544 3251 προσευχὴν,
3582 3201 3757 3254 παραυ

507 3210 781 3271 Profuerit
817 3220 982 3289 igitur
1001 3210 1278 3287 orationes
1302 3237 1637 3303 profundere
1662 3245 1729 3299 ad
1759 3249 2075 3322 Dominum,

503 3318 573 3358 ne
611 3320 713 3360 nos
745 3308 886 3363 sinat
937 3312 1121 3370 induci
1174 3319 1230 3374 in
1286 3327 1666 3389 tentationem.
1726 3337 1782 3391 Si
1832 3356 1941 3410 qua
1995 3345 2080 3400 in-

501 3397 734 3462 gruerit,
800 3417 1010 3473 nosque
1083 3409 1388 3482 adorictur,
1444 3435 1564 3475 eam
1616 3441 1741 3482 cum
1808 3435 2076 3501 patienlia

499 3487 842 3558 excipiamus
902 3503 959 3550 et
1019 3501 1236 3558 actione
1288 3511 1624 3583 gratiarum,
1680 3531 1740 3575 ut
1791 3538 2072 3596 nostram,

500 3593 611 3632 non
645 3589 704 3635 ut
731 3584 987 3642 alienam.
1026 3590 1184 3657 Quod
1225 3599 1350 3666 quis
1399 3603 1600 3661 vitioso
1641 3612 1878 3682 cuipiam
1936 3621 2074 3675 atie-

499 3668 612 3722 ctui
664 3674 943 3742 astrictus,
993 3688 1109 3735 toto
1156 3689 1324 3743 corde
1369 3694 1632 3764 onmique
1685 3715 1812 3756 cum
1846 3706 2074 3765 humili-

499 3767 610 3816 tate
640 3765 871 3821 credens
904 3768 958 3823 in
988 3772 1299 3842 Dominum,
1333 3780 1539 3839 donum
1579 3791 1780 3861 accipit
1827 3801 2074 3867 serenio-

499 3853 576 3907 ris
600 3859 970 3927 conscientiae,
1010 3874 1205 3924 testem
1240 3871 1412 3929 habes
1444 3877 1859 3951 Scripturamzc
1893 3893 2069 3952 Hodie

495 3947 642 4001 enim
673 3966 883 4007 mecum
915 3957 1026 4012 eris
1057 3960 1110 4014 in
1147 3965 1398 4032 paradiso
1429 3971 1494 4027 ⁸ο.
1537 3992 1554 4025 ι
1593 3977 1660 4031 Ει
1691 3995 1706 4032 :
1749 4001 1764 4030 ι
1794 3983 1954 4041 Fides
1978 3997 2069 4043 tua

496 4046 548 4092 te
594 4041 802 4097 salvum
842 4047 969 4102 fecit
1009 4068 1023 4105 :
1059 4055 1196 4111 vade
1252 4059 1304 4114 in
1358 4079 1492 4132 pace
1515 4067 1602 4122 3‘:
1647 4089 1665 4121 ι
1706 4088 1828 4141 quae
1875 4092 1905 4130 a
1943 4094 2071 4147 pas-

490 4131 710 4187 sionum
759 4141 994 4196 tumultu
1044 4147 1292 4216 seiuncta
1325 4166 1445 4221 est,
1474 4167 1532 4212 et
1554 4176 1898 4235 quaecunque
1933 4181 2066 4228 sunt

489 4221 740 4282 formulae
767 4234 1087 4293 consimilis.
1129 4240 1196 4294 Et
1229 4242 1282 4296 in
1313 4247 1527 4305 semine
1567 4268 1671 4308 uva
1705 4264 2058 4320 maturescit.

486 4313 569 4370 Ne
594 4317 761 4386 igitur
787 4337 1167 4398 expromptam
1195 4335 1535 4396 alacritatem
1575 4356 1825 4406 nostram
1863 4362 2064 4410 retun-

485 4407 617 4464 dant
651 4411 880 4480 inimici,
911 4428 966 4472 ct
1007 4422 1176 4478 animi
1225 4426 1490 4486 hebetent
1527 4437 1883 4497 acrimoniam
1926 4447 2058 4503 dum

485 4588 822 4654 (Tolerantia
872 4602 1019 4655 enim
1073 4609 1439 4666 tentationum
1510 4619 1919 4682 concinuantur
1991 4646 2057 4686 ac

483 4681 802 4749 plectuntur
830 4705 1068 4760 coronae,
1099 4705 1154 4752 et
1179 4697 1600 4762 inﬁrmitatibus
1631 4711 1805 4768 virtus
1837 4720 2054 4786 perfici-

486 4782 575 4828 tur
612 4776 816 4833 Cbristi
851 4782 917 4836 ⁸¹.
950 4785 1063 4841 lmo
1090 4786 1262 4860 magis
1319 4795 1586 4862 pertinaci
1621 4800 1748 4858 freti
1787 4820 2054 4867 constan-

485 4867 582 4932 tia,
613 4870 679 4924 ad
709 4875 1013 4932 orationem
1044 4882 1420 4952 persistamus,
1476 4890 1766 4950 Dominum
1799 4911 2050 4959 nostrum

481 4960 858 5030 obsecrantes,
884 4983 948 5024 ac
973 4970 1222 5029 dicentes
1266 4991 1277 5027 :
1311 4978 1565 5046 Domine,
1615 4987 1709 5054 qui
1749 4991 1900 5046 solus
1954 4994 2054 5050 bo—

481 5065 606 5113 nus,
656 5069 784 5123 erga
844 5058 1144 5117 humanum
1176 5081 1350 5135 genus
1379 5071 1642 5140 clemens,
1679 5079 1832 5135 solus
1863 5088 2052 5142 suavis

477 5149 536 5193 et
583 5144 750 5209 mitis,
783 5151 934 5208 solus
983 5169 1148 5210 verax
1199 5167 1253 5213 et
1298 5161 1516 5231 justus,
1549 5167 1700 5223 solus
1759 5172 2052 5232 miserator

479 5233 623 5290 Deus
675 5250 900 5296 noster:
937 5245 1099 5302 Pater
1125 5250 1348 5308 Domini
1401 5259 1579 5312 nostri
1631 5260 1761 5317 Jesu
1817 5264 2046 5334 Christi,

476 5326 569 5394 qui
601 5329 705 5383 sub
740 5331 934 5388 Pontio
965 5336 1140 5394 Pilato
1167 5344 1320 5399 cruci
1350 5356 1437 5402 est
1468 5365 1765 5420 appensus,
1790 5365 1850 5410 et
1888 5360 2047 5416 tertia

474 5420 565 5476 die
601 5427 920 5493 resurrexit,
945 5439 1000 5484 et
1038 5432 1122 5487 ita.
1137 5434 1384 5494 introivit
1414 5442 1468 5496 in
1490 5445 1724 5513 gloriam
1756 5465 1910 5505 suam
1945 5469 2044 5523 pa-

474 5513 612 5570 riter
667 5527 724 5572 et
759 5527 929 5586 tuam,
959 5521 1241 5592 adveniat,
1270 5546 1476 5601 quaeso,
1511 5553 1678 5608 super
1704 5555 1790 5594 me
1810 5557 2031 5599 servum

542 5629 586 5660 ⁵⁷
615 5611 736 5686 Ιδὶίιο¹
761 5647 926 5724 XXXV;
957 5634 1006 5690 4.
1083 5638 1128 5670 ⁸⁸
1158 5640 1297 5699 l’sal.
1330 5659 1505 5707 LXXVI.
1531 5649 1610 5724 ,ιλ
1671 5652 1714 5724 ξ’
1742 5653 1882 5709 Psal.
1920 5672 2125 5724 xxxv”,
2163 5659 2243 5712 ll.

551 5715 678 5724 --..-.
747 5703 809 5724 IL)
935 5707 951 5724 I
983 5706 1019 5724 η
1088 5709 1100 5724 I
1286 5714 1316 5724 Α
1376 5716 1399 5724 ,ν
1506 5720 1523 5724 -

477 5715 702 5777 νεηνίῃ,
743 5703 830 5757 12.
907 5705 951 5777 "_’
983 5706 1121 5768 Psal.
1155 5726 1261 5775 Liv,
1285 5714 1338 5777 8,
1373 5716 1425 5770 9.

2183 3255 2475 3319 καλοῦντες
2497 3258 2586 3310 τὸν
2612 3262 2888 3330 Δεσπότην
2913 3265 3093 3333 ἡμῶν,
3126 3268 3219 3320 καὶ
3248 3269 3520 3338 λέγοντες,
3553 3276 3750 3345 Κύριε,

2179 3349 2208 3401 ὁ
2233 3347 2393 3416 μόνος
2430 3349 2632 3416 ἀγαθὸς
2677 3352 2772 3404 καὶ
2831 3354 3232 3428 φιλάνθρωπος,
3264 3362 3292 3413 ὁ
3324 3362 3484 3431 μόνος
3519 3367 3754 3436 χρηστὸς

2179 3439 2275 3492 καὶ
2297 3441 2565 3512 ἐπιεικὴς,
2596 3445 2623 3495 ὁ
2659 3443 2819 3513 μόνος
2845 3446 3100 3516 ἀληθινὸς
3133 3453 3227 3504 καὶ
3260 3452 3492 3520 δίκαιος,
3518 3459 3548 3510 ὁ
3594 3459 3754 3527 μόνος

2178 3531 2478 3601 οἰκτίρμων
2533 3533 2666 3597 Θεὸς
2702 3536 2877 3604 ἡμῶν,
2907 3541 2934 3592 ὁ
2999 3541 3187 3611 Πατὴρ
3217 3545 3312 3597 τοῦ
3353 3547 3563 3617 Κυρίου
3597 3551 3753 3619 ἡμῶν

2190 3620 2364 3691 Ἰησοῦ
2395 3624 2634 3692 Χριστοῦ
2657 3626 2747 3679 τοῦ
2769 3629 2862 3681 ἐπὶ
2884 3631 3109 3684 Ποντίου
3135 3634 3366 3689 Πιλάτου
3406 3642 3754 3709 σταυρωθέν-

2173 3715 2398 3780 τος,κα“ι
2419 3717 2484 3784 τῇ
2516 3717 2671 3789 τρίτῃ
2696 3720 2880 3792 ήμέρᾳ
2907 3723 3258 3789 ἀναστάντος,
3291 3729 3386 3780 καὶ
3414 3729 3752 3796 εἰσελθόντος

2175 3808 2255 3870 είς
2281 3806 2378 3877 τὴν
2403 3808 2559 3874 δόξαν
2589 3811 2774 3876 αὐτοῦ,
2809 3815 2904 3867 καὶ
2931 3815 3028 3886 τὴν
3060 3817 3178 3888 σὴν,
3212 3818 3414 3874 ἐλθέτω
3443 3823 3476 3893 ἡ
3520 3823 3750 3895 δύναμις

2173 3899 2272 3968 τῆς
2301 3901 2693 3978 μεγαλωσύνης
2733 3924 2832 3959 σου
2872 3910 2959 3961 ἐπ’
2987 3909 3088 3978 ἐμὲ
3121 3911 3212 3964 τὸν
3239 3913 3425 3969 δοῦλόν
3467 3934 3567 3970 σου
3606 3931 3624 3947 ⁶
3655 3919 3752 3973 καὶ

2164 3992 2548 4065 ,ἐνδυνάμωσόν
2599 4016 2688 4066 με,
2714 4000 2906 4071 Κύριε,
2942 4003 3019 4074 τῷ
3081 4004 3399 4077 Εὑαγγελίῳ
3443 4009 3548 4078 τῆς
3596 4010 3744 4064 διδαο

2173 4087 2402 4151 σκαλίας
2433 4107 2526 4142 σου
2545 4107 2560 4122 ’
2593 4091 2700 4155 ναὶ,
2739 4093 3008 4156 Δέσποτα,
3043 4096 3279 4164 φώτισόν
3311 4117 3410 4169 μου
3440 4101 3511 4154 τὰ
3535 4103 3745 4171 σπλάγ-

2171 4197 2292 4249 χνα,
2325 4183 2419 4233 καὶ
2447 4184 2624 4236 πάντα
2657 4183 2726 4237 τὰ
2761 4185 2899 4258 μέλη
2936 4187 3013 4258 τῷ
3042 4188 3120 4258 σῷ
3141 4188 3426 4260 θελήματι,
3451 4194 3546 4246 καὶ
3577 4195 3746 4249 καθά-

2171 4271 2321 4341 ρισόν
2367 4287 2436 4340 με
2487 4271 2594 4325 ἀπὸ
2649 4273 2834 4342 πάσης
2891 4277 3146 4343 κηλίδος,
3203 4282 3297 4333 καὶ
3360 4284 3584 4345 κακίας.
3649 4287 3742 4338 καὶ

2169 4361 2464 4432 ἁμαρτίας,
2491 4365 2586 4416 καὶ
2607 4366 2769 4434 συντή
2780 4367 2942 4436 ρησόν
2977 4386 3042 4437 με
3064 4368 3289 4424 ἄσπιλον
3314 4373 3406 4425 καὶ
3443 4374 3743 4444 ἀμώμητον

2167 4454 2277 4508 ἀπὸ
2314 4455 2492 4524 πάσης
2525 4457 2800 4526 ἐνεργείας
2826 4459 2920 4512 τοῦ
2945 4462 3321 4533 ἀντικειμένου
3346 4481 3359 4494 ·
3388 4467 3485 4519 καὶ
3519 4469 3741 4538 χάρισαί

2166 4560 2255 4610 μοι
2277 4543 2417 4597 κατὰ
2447 4543 2545 4616 τὴν
2581 4547 2926 4618 χρηστότητά
2985 4566 3078 4602 σου
3118 4550 3186 4605 τὰ
3230 4554 3297 4607 σὰ
3341 4557 3505 4616 νοεῖν,
3539 4559 3632 4609 καὶ
3671 4558 3738 4610 τὰ

2158 4636 2228 4689 σὰ
2255 4638 2493 4705 φρονεῖν,
2531 4640 2588 4690 ἐν
2615 4642 2732 4702 τοῖς
2761 4642 2876 4704 σοῖς
2905 4643 3363 4714 ἀναστρέφεσθαι,
3396 4648 3488 4700 τὸν
3517 4649 3607 4701 σὺν
3640 4651 3734 4718 φό-

2155 4731 2248 4784 ϐον
2276 4731 2578 4799 φοϐεῖσθαι,
2611 4734 2773 4806 μέχρι
2804 4737 2904 4806 τῆς
2930 4740 3166 4810 ἐσχάτης
3192 4743 3426 4812 ἡμέρας,
3449 4746 3546 4800 καὶ
3565 4745 3732 4815 ὥρας,

2153 4823 2246 4875 καὶ
2309 4822 2612 4891 ἀναπνοῆς·
2661 4825 3027 4897 ἐπικαλοῦμαι
3080 4847 3161 4893 σε,
3217 4832 3394 4901 Ἰησοῦ
3445 4835 3669 4904 Χριστὲ,
3703 4838 3734 4888 ὁ

2153 4909 2474 4978 ἁμαρτωλὸς
2533 4910 2665 4980 ἐγὼ,
2695 4913 2846 4978 ὅπως
2887 4918 3027 4971 κατὰ
3087 4919 3146 4971 τὸ
3189 4920 3582 4993 ἀνεκδιήγητόν
3641 4943 3728 4979 σον

2162 4999 2308 5063 ἔλεος
2337 5004 2686 5075 συντηρήσῃς
2717 5022 2818 5074 μου
2850 5007 2907 5060 τὸ
2939 5007 3118 5079 σῶμα,
3152 5013 3248 5066 καὶ
3273 5013 3370 5083 τὴν
3400 5013 3601 5085 ψυχὴν,
3638 5018 3728 5069 καὶ

2158 5091 2218 5143 τὸ
2267 5091 2506 5161 πνεῦμα,
2533 5095 2641 5147 ἀπὸ
2681 5097 2864 5169 πάσης
2915 5102 3144 5170 παγίδος
3174 5103 3268 5157 τοῦ
3306 5106 3723 5177 ’Δντικειμένον.

2157 5180 2285 5247 Ναὶ,
2311 5183 2492 5254 Πάτερ
2539 5184 2684 5253 ἅγιε,
2730 5189 3001 5246 σκέπασὸν
3040 5211 3109 5262 με
3156 5198 3223 5264 τῇ
3252 5198 3320 5266 σῇ
3347 5197 3723 5271 εὐσπλαγχνίῃ

2155 5272 2244 5325 τὸν
2291 5274 2382 5328 σὺν
2441 5275 2663 5332 δοῦλον*
2693 5281 2786 5334 καί
2840 5282 2915 5353 μὴ
2976 5285 3352 5360 manuni);
3391 5309 3483 5360 με.
3511 5292 3599 5347 ἵνα
3650 5296 3722 5363 μὴ

2154 5366 2381 5420 εἴπωσιν
2405 5369 2454 5422 oi
2495 5370 2679 5442 ἐχθροί
2705 5389 2827 5443 μου,
2851 5375 2933 5428 ὅτι
2955 5377 3306 5448 Κατεπίομεν
3335 5382 3515 5448 αὑτὸν,
3542 5385 3624 5438 ὅτι
3645 5388 3719 5439 ’σὺ

2153 5453 2204 5511 εί
2231 5459 2260 5510 ὁ
2290 5460 2707 5535 ὑπερασπιστὴς
2751 5482 2874 5534 μου,
2927 5467 3101 5539 Κύριε
3128 5486 3142 5501 ·
3173 5473 3268 5526 καὶ
3310 5475 3369 5528 ἐν
3401 5478 3484 5529 σοὶ⁵
3521 5477 3588 5532 Ἦ
3618 5477 3721 5548 ὖμ·

2139 5551 2320 5616 νησίς
2351 5568 2472 5619 μου
2510 5552 2608 5606 διὰ
2637 5557 2862 5622 παντὸς
2887 5559 2969 5622 εἰς
3002 5559 3130 5624 τοὺς
3155 5561 3378 5628 αἰῶνας.
3419 5565 3612 5637 Ἀμήν.

2354 5664 2400 5694 ⁷⁵
2435 5663 2574 5719 Psal.
2598 5683 2738 5730 cm,
2773 5669 2824 5723 5.
2936 5673 2980 5704 τι
3004 5674 3146 5728 Psal.
3173 5692 3281 5738 xxv,
3319 5677 3398 5730 l2.
3510 5682 3557 5710 τ’
3577 5669 3712 5738 Psal.

1506 5717 1548 5748 ⁷⁵
1750 5740 1935 5787 cxvm,
1964 5729 2081 5819 ⁸35..⁴

2705 5717 2712 5720 .
2776 5717 2824 5723 --
3004 5717 3025 5728 -
3049 5717 3146 5728 ω...
3174 5717 3257 5729 ...υ
3321 5717 3398 5730 ....
3577 5717 3595 5735 ι
3616 5717 3710 5738 ω..

2207 5731 2346 5784 Psal.
2379 5749 2461 5793 ιχ,
2597 5717 2669 5819 :75
2859 5757 3024 5819 Exvu,
3055 5743 3160 5819 Ξίϋ.Δ
3219 5718 3497 5819 ⁷⁷Ἐριιθε.
3526 5768 3604 5818 γι,
3630 5754 3710 5809 Η.

479 5770 522 5802 ’⁵
559 5773 573 5825 l
616 5771 807 5831 Thess.
837 5791 888 5840 ν,
924 5775 1008 5838 li.
1093 5781 1132 5813 ⁷³
1172 5770 1336 5839 lle-lar:
1367 5802 1418 5851 ν,
1449 5787 1528 5839 είὲ.
1605 5792 1648 5823 ⁸ο
1683 5791 1812 5848 Luc.
1838 5812 1990 5862 nul,
2023 5801 2104 5854 45.

2184 5802 2222 5833 δ’
2252 5801 2385 5857 Luc.
2421 5819 2512 5870 γη,
2547 5806 2633 5861 50.
2703 5806 2748 5840 ⁸³
2789 5807 2828 5862 ll
2853 5811 2976 5866 Cor.
3008 5801 3102 5878 in,
3134 5815 3188 5869 9.
