  <div class='ocr_page' id='page_1' title='image "/cluster/home/n/w/nwhite01/storage/ocr_20150623/89/hvd.32044010610574/856.png"; bbox 0 0 4028 6514; ppageno 0'>
   <div class='ocr_carea' id='block_1_1' title="bbox 273 365 3534 438">
    <p class='ocr_par' dir='ltr' id='par_1_1' title="bbox 273 365 3534 438">
     <span class='ocr_line' id='line_1_1' title="bbox 273 365 3534 438; baseline 0.002 -5"><span class='ocrx_word' id='word_1_1' title='bbox 273 367 408 433; x_wconf 75' lang='grc'><strong>169⁸1</strong></span> <span class='ocrx_word' id='word_1_2' title='bbox 912 367 1238 431; x_wconf 83' lang='lat' dir='ltr'><strong>HOMILIA</strong></span> <span class='ocrx_word' id='word_1_3' title='bbox 1279 368 1591 430; x_wconf 82' lang='lat' dir='ltr'><strong>LXXXVI.</strong></span> <span class='ocrx_word' id='word_1_4' title='bbox 1619 393 1688 402; x_wconf 81' lang='grc'><strong>-</strong></span> <span class='ocrx_word' id='word_1_5' title='bbox 1721 367 1819 428; x_wconf 87' lang='lat' dir='ltr'><strong>DE</strong></span> <span class='ocrx_word' id='word_1_6' title='bbox 1858 365 2155 427; x_wconf 73' lang='lat' dir='ltr'><strong>LAIlOllE</strong></span> <span class='ocrx_word' id='word_1_7' title='bbox 2197 367 2611 430; x_wconf 86' lang='lat' dir='ltr'><strong>SECUNDUM</strong></span> <span class='ocrx_word' id='word_1_8' title='bbox 2654 368 2890 430; x_wconf 80' lang='lat' dir='ltr'><strong>DEUM.</strong></span> <span class='ocrx_word' id='word_1_9' title='bbox 3397 372 3534 438; x_wconf 60' lang='lat'><strong>16138</strong></span> 
     </span>
    </p>
   </div>
   <div class='ocr_carea' id='block_1_2' title="bbox 269 477 3530 556">
    <p class='ocr_par' dir='ltr' id='par_1_2' title="bbox 269 477 3530 556">
     <span class='ocr_line' id='line_1_2' title="bbox 269 477 3530 556; baseline 0.002 -20"><span class='ocrx_word' id='word_1_10' title='bbox 269 491 427 537; x_wconf 85' lang='lat' dir='ltr'><strong>tuum</strong></span> <span class='ocrx_word' id='word_1_11' title='bbox 453 480 634 536; x_wconf 78' lang='lat' dir='ltr'><strong>virtus</strong></span> <span class='ocrx_word' id='word_1_12' title='bbox 698 485 806 533; x_wconf 71' lang='lat' dir='ltr'><strong>tua:</strong></span> <span class='ocrx_word' id='word_1_13' title='bbox 839 477 1164 555; x_wconf 75' lang='lat' dir='ltr'><strong>maiestatis,</strong></span> <span class='ocrx_word' id='word_1_14' title='bbox 1222 485 1279 532; x_wconf 88' lang='lat' dir='ltr'><strong>et</strong></span> <span class='ocrx_word' id='word_1_15' title='bbox 1335 477 1626 532; x_wconf 77' lang='lat' dir='ltr'><strong>conﬁrmet</strong></span> <span class='ocrx_word' id='word_1_16' title='bbox 1685 477 2086 543; x_wconf 86' lang='lat' dir='ltr'><strong>me,Domine,</strong></span> <span class='ocrx_word' id='word_1_17' title='bbox 2115 485 2170 533; x_wconf 86' lang='lat' dir='ltr'><strong>et</strong></span> <span class='ocrx_word' id='word_1_18' title='bbox 2224 477 2575 533; x_wconf 86' lang='lat' dir='ltr'><strong>constabiliat</strong></span> <span class='ocrx_word' id='word_1_19' title='bbox 2618 478 2876 533; x_wconf 88' lang='lat' dir='ltr'><strong>salutaris</strong></span> <span class='ocrx_word' id='word_1_20' title='bbox 2933 477 3180 537; x_wconf 86' lang='lat' dir='ltr'><strong>doctrina</strong></span> <span class='ocrx_word' id='word_1_21' title='bbox 3228 483 3530 556; x_wconf 74' lang='lat' dir='ltr'><strong>Evangelii.</strong></span> 
     </span>
    </p>
   </div>
   <div class='ocr_carea' id='block_1_3' title="bbox 262 567 3533 644">
    <p class='ocr_par' dir='ltr' id='par_1_3' title="bbox 262 567 3533 644">
     <span class='ocr_line' id='line_1_3' title="bbox 262 567 3533 644; baseline -0.002 -14"><span class='ocrx_word' id='word_1_22' title='bbox 262 570 446 631; x_wconf 85' lang='lat' dir='ltr'><strong>Certe.</strong></span> <span class='ocrx_word' id='word_1_23' title='bbox 487 567 738 632; x_wconf 84' lang='lat' dir='ltr'><strong>Domine,</strong></span> <span class='ocrx_word' id='word_1_24' title='bbox 806 567 1020 622; x_wconf 77' lang='lat' dir='ltr'><strong>viscera</strong></span> <span class='ocrx_word' id='word_1_25' title='bbox 1069 582 1158 621; x_wconf 88' lang='lat' dir='ltr'><strong>me</strong></span> <span class='ocrx_word' id='word_1_26' title='bbox 1209 575 1470 636; x_wconf 82' lang='lat' dir='ltr'><strong>artusque</strong></span> <span class='ocrx_word' id='word_1_27' title='bbox 1495 582 1648 622; x_wconf 84' lang='lat' dir='ltr'><strong>meos</strong></span> <span class='ocrx_word' id='word_1_28' title='bbox 1677 582 1871 624; x_wconf 89' lang='lat' dir='ltr'><strong>omnes</strong></span> <span class='ocrx_word' id='word_1_29' title='bbox 1909 567 1994 623; x_wconf 87' lang='lat' dir='ltr'><strong>fac</strong></span> <span class='ocrx_word' id='word_1_30' title='bbox 2025 569 2410 639; x_wconf 80' lang='lat' dir='ltr'><strong>splendescere</strong></span> <span class='ocrx_word' id='word_1_31' title='bbox 2445 569 2720 623; x_wconf 79' lang='lat' dir='ltr'><strong>inlusione</strong></span> <span class='ocrx_word' id='word_1_32' title='bbox 2747 577 2853 624; x_wconf 71' lang='lat' dir='ltr'><strong>tua:</strong></span> <span class='ocrx_word' id='word_1_33' title='bbox 2913 569 3074 635; x_wconf 87' lang='lat' dir='ltr'><strong>lucis,</strong></span> <span class='ocrx_word' id='word_1_34' title='bbox 3114 581 3316 644; x_wconf 81' lang='lat' dir='ltr'><strong>tuaque</strong></span> <span class='ocrx_word' id='word_1_35' title='bbox 3359 579 3533 633; x_wconf 68' lang='lat' dir='ltr'><strong>solius</strong></span> 
     </span>
    </p>
   </div>
   <div class='ocr_carea' id='block_1_4' title="bbox 265 656 3532 734">
    <p class='ocr_par' dir='ltr' id='par_1_4' title="bbox 265 656 3532 734">
     <span class='ocr_line' id='line_1_4' title="bbox 265 656 3532 734; baseline 0.002 -18"><span class='ocrx_word' id='word_1_36' title='bbox 265 661 572 716; x_wconf 74' lang='lat' dir='ltr'><strong>voluntate.</strong></span> <span class='ocrx_word' id='word_1_37' title='bbox 609 656 782 727; x_wconf 75' lang='lat' dir='ltr'><strong>Expia</strong></span> <span class='ocrx_word' id='word_1_38' title='bbox 829 672 918 712; x_wconf 89' lang='lat' dir='ltr'><strong>me</strong></span> <span class='ocrx_word' id='word_1_39' title='bbox 975 657 1044 712; x_wconf 89' lang='lat' dir='ltr'><strong>ab</strong></span> <span class='ocrx_word' id='word_1_40' title='bbox 1087 657 1242 712; x_wconf 88' lang='lat' dir='ltr'><strong>omni</strong></span> <span class='ocrx_word' id='word_1_41' title='bbox 1305 657 1515 714; x_wconf 87' lang='lat' dir='ltr'><strong>malitia</strong></span> <span class='ocrx_word' id='word_1_42' title='bbox 1561 667 1619 713; x_wconf 89' lang='lat' dir='ltr'><strong>et</strong></span> <span class='ocrx_word' id='word_1_43' title='bbox 1647 668 1902 729; x_wconf 83' lang='lat' dir='ltr'><strong>peccato.</strong></span> <span class='ocrx_word' id='word_1_44' title='bbox 1941 658 2278 715; x_wconf 82' lang='lat' dir='ltr'><strong>Conservato</strong></span> <span class='ocrx_word' id='word_1_45' title='bbox 2307 674 2392 714; x_wconf 86' lang='lat' dir='ltr'><strong>me</strong></span> <span class='ocrx_word' id='word_1_46' title='bbox 2458 660 2867 715; x_wconf 86' lang='lat' dir='ltr'><strong>immaculatum</strong></span> <span class='ocrx_word' id='word_1_47' title='bbox 2897 670 2952 716; x_wconf 90' lang='lat' dir='ltr'><strong>et</strong></span> <span class='ocrx_word' id='word_1_48' title='bbox 2991 662 3532 734; x_wconf 87' lang='lat' dir='ltr'><strong>irrcprehensibilem</strong></span> 
     </span>
    </p>
   </div>
   <div class='ocr_carea' id='block_1_5' title="bbox 264 747 3530 828">
    <p class='ocr_par' dir='ltr' id='par_1_5' title="bbox 264 747 3530 828">
     <span class='ocr_line' id='line_1_5' title="bbox 264 747 3530 828; baseline 0.002 -20"><span class='ocrx_word' id='word_1_49' title='bbox 264 753 340 808; x_wconf 83' lang='lat' dir='ltr'><strong>ab</strong></span> <span class='ocrx_word' id='word_1_50' title='bbox 371 751 522 806; x_wconf 90' lang='lat' dir='ltr'><strong>omni</strong></span> <span class='ocrx_word' id='word_1_51' title='bbox 585 747 910 819; x_wconf 84' lang='lat' dir='ltr'><strong>operatione</strong></span> <span class='ocrx_word' id='word_1_52' title='bbox 963 748 1266 808; x_wconf 76' lang='lat' dir='ltr'><strong>adversarii</strong></span> <span class='ocrx_word' id='word_1_53' title='bbox 1292 766 1306 802; x_wconf 88' lang='lat'><strong>:</strong></span> <span class='ocrx_word' id='word_1_54' title='bbox 1332 757 1538 818; x_wconf 87' lang='lat' dir='ltr'><strong>tuaque</strong></span> <span class='ocrx_word' id='word_1_55' title='bbox 1595 748 1933 820; x_wconf 75' lang='lat' dir='ltr'><strong>benignitate</strong></span> <span class='ocrx_word' id='word_1_56' title='bbox 1974 750 2190 822; x_wconf 90' lang='lat' dir='ltr'><strong>imparti</strong></span> <span class='ocrx_word' id='word_1_57' title='bbox 2227 751 2384 816; x_wconf 87' lang='lat' dir='ltr'><strong>mihi,</strong></span> <span class='ocrx_word' id='word_1_58' title='bbox 2420 759 2478 805; x_wconf 86' lang='lat' dir='ltr'><strong>ut</strong></span> <span class='ocrx_word' id='word_1_59' title='bbox 2523 767 2644 820; x_wconf 78' lang='lat' dir='ltr'><strong>qua:</strong></span> <span class='ocrx_word' id='word_1_60' title='bbox 2695 761 2783 805; x_wconf 90' lang='lat' dir='ltr'><strong>tua</strong></span> <span class='ocrx_word' id='word_1_61' title='bbox 2828 764 2957 807; x_wconf 92' lang='lat' dir='ltr'><strong>sunt</strong></span> <span class='ocrx_word' id='word_1_62' title='bbox 2989 757 3245 824; x_wconf 86' lang='lat' dir='ltr'><strong>cogitem,</strong></span> <span class='ocrx_word' id='word_1_63' title='bbox 3282 775 3402 828; x_wconf 73' lang='lat' dir='ltr'><strong>qua:</strong></span> <span class='ocrx_word' id='word_1_64' title='bbox 3439 771 3530 814; x_wconf 88' lang='lat' dir='ltr'><strong>tua</strong></span> 
     </span>
    </p>
   </div>
   <div class='ocr_carea' id='block_1_6' title="bbox 262 837 3534 920">
    <p class='ocr_par' dir='ltr' id='par_1_6' title="bbox 262 837 3534 920">
     <span class='ocr_line' id='line_1_6' title="bbox 262 837 3534 920; baseline 0.002 -22"><span class='ocrx_word' id='word_1_65' title='bbox 262 851 396 899; x_wconf 78' lang='lat' dir='ltr'><strong>sunt</strong></span> <span class='ocrx_word' id='word_1_66' title='bbox 445 841 677 910; x_wconf 75' lang='lat' dir='ltr'><strong>sapiam,</strong></span> <span class='ocrx_word' id='word_1_67' title='bbox 713 839 770 902; x_wconf 85' lang='lat' dir='ltr'><strong>in</strong></span> <span class='ocrx_word' id='word_1_68' title='bbox 820 837 889 893; x_wconf 85' lang='lat' dir='ltr'><strong>iis</strong></span> <span class='ocrx_word' id='word_1_69' title='bbox 927 853 1050 908; x_wconf 63' lang='lat' dir='ltr'><strong>qua</strong></span> <span class='ocrx_word' id='word_1_70' title='bbox 1091 847 1186 896; x_wconf 87' lang='lat' dir='ltr'><strong>tua</strong></span> <span class='ocrx_word' id='word_1_71' title='bbox 1238 848 1370 894; x_wconf 86' lang='lat' dir='ltr'><strong>sunt</strong></span> <span class='ocrx_word' id='word_1_72' title='bbox 1404 853 1720 903; x_wconf 82' lang='lat' dir='ltr'><strong>converser,</strong></span> <span class='ocrx_word' id='word_1_73' title='bbox 1751 848 1865 901; x_wconf 86' lang='lat' dir='ltr'><strong>tuo,</strong></span> <span class='ocrx_word' id='word_1_74' title='bbox 1901 855 2098 910; x_wconf 87' lang='lat' dir='ltr'><strong>nempe</strong></span> <span class='ocrx_word' id='word_1_75' title='bbox 2132 841 2304 905; x_wconf 87' lang='lat' dir='ltr'><strong>liliali,</strong></span> <span class='ocrx_word' id='word_1_76' title='bbox 2339 840 2532 894; x_wconf 89' lang='lat' dir='ltr'><strong>timore</strong></span> <span class='ocrx_word' id='word_1_77' title='bbox 2561 848 2613 894; x_wconf 90' lang='lat' dir='ltr'><strong>te</strong></span> <span class='ocrx_word' id='word_1_78' title='bbox 2648 840 2865 896; x_wconf 82' lang='lat' dir='ltr'><strong>timeam</strong></span> <span class='ocrx_word' id='word_1_79' title='bbox 2906 844 2972 898; x_wconf 87' lang='lat' dir='ltr'><strong>ad</strong></span> <span class='ocrx_word' id='word_1_80' title='bbox 3020 855 3325 901; x_wconf 83' lang='lat' dir='ltr'><strong>extremum</strong></span> <span class='ocrx_word' id='word_1_81' title='bbox 3359 865 3534 920; x_wconf 88' lang='lat' dir='ltr'><strong>usque</strong></span> 
     </span>
    </p>
   </div>
   <div class='ocr_carea' id='block_1_7' title="bbox 266 929 3534 1002">
    <p class='ocr_par' dir='ltr' id='par_1_7' title="bbox 266 929 3534 1002">
     <span class='ocr_line' id='line_1_7' title="bbox 266 929 3534 1002; baseline 0.008 -31"><span class='ocrx_word' id='word_1_82' title='bbox 266 936 521 994; x_wconf 59' lang='lat' dir='ltr'><strong>hamum</strong></span> <span class='ocrx_word' id='word_1_83' title='bbox 589 934 788 986; x_wconf 74' lang='lat' dir='ltr'><strong>Invoco</strong></span> <span class='ocrx_word' id='word_1_84' title='bbox 851 940 943 994; x_wconf 82' lang='lat' dir='ltr'><strong>te,</strong></span> <span class='ocrx_word' id='word_1_85' title='bbox 1014 929 1242 992; x_wconf 83' lang='lat' dir='ltr'><strong>Domine</strong></span> <span class='ocrx_word' id='word_1_86' title='bbox 1304 930 1433 986; x_wconf 84' lang='lat' dir='ltr'><strong>Jesu</strong></span> <span class='ocrx_word' id='word_1_87' title='bbox 1479 929 1721 995; x_wconf 83' lang='lat' dir='ltr'><strong>Christe,</strong></span> <span class='ocrx_word' id='word_1_88' title='bbox 1785 944 1886 1002; x_wconf 75' lang='lat' dir='ltr'><strong>ego</strong></span> <span class='ocrx_word' id='word_1_89' title='bbox 1940 941 2220 1002; x_wconf 84' lang='lat' dir='ltr'><strong>peccator,</strong></span> <span class='ocrx_word' id='word_1_90' title='bbox 2268 939 2329 986; x_wconf 88' lang='lat' dir='ltr'><strong>ut</strong></span> <span class='ocrx_word' id='word_1_91' title='bbox 2411 946 2510 1001; x_wconf 81' lang='lat' dir='ltr'><strong>per</strong></span> <span class='ocrx_word' id='word_1_92' title='bbox 2599 933 3024 991; x_wconf 84' lang='lat' dir='ltr'><strong>inenarrabilem</strong></span> <span class='ocrx_word' id='word_1_93' title='bbox 3096 940 3534 997; x_wconf 86' lang='lat' dir='ltr'><strong>misericordiam</strong></span> 
     </span>
    </p>
   </div>
   <div class='ocr_carea' id='block_1_8' title="bbox 266 1025 3534 1097">
    <p class='ocr_par' dir='ltr' id='par_1_8' title="bbox 266 1025 3534 1097">
     <span class='ocr_line' id='line_1_8' title="bbox 266 1025 3534 1097; baseline 0.004 -15"><span class='ocrx_word' id='word_1_94' title='bbox 266 1035 414 1082; x_wconf 89' lang='lat' dir='ltr'><strong>tuam</strong></span> <span class='ocrx_word' id='word_1_95' title='bbox 445 1042 741 1082; x_wconf 84' lang='lat' dir='ltr'><strong>conserves</strong></span> <span class='ocrx_word' id='word_1_96' title='bbox 779 1041 980 1095; x_wconf 90' lang='lat' dir='ltr'><strong>corpus</strong></span> <span class='ocrx_word' id='word_1_97' title='bbox 1019 1039 1224 1089; x_wconf 83' lang='lat' dir='ltr'><strong>meum,</strong></span> <span class='ocrx_word' id='word_1_98' title='bbox 1250 1025 1489 1078; x_wconf 84' lang='lat' dir='ltr'><strong>animam</strong></span> <span class='ocrx_word' id='word_1_99' title='bbox 1520 1041 1584 1080; x_wconf 91' lang='lat' dir='ltr'><strong>ac</strong></span> <span class='ocrx_word' id='word_1_100' title='bbox 1636 1026 1892 1097; x_wconf 87' lang='lat' dir='ltr'><strong>spiritum</strong></span> <span class='ocrx_word' id='word_1_101' title='bbox 1931 1025 2001 1079; x_wconf 85' lang='lat' dir='ltr'><strong>ab</strong></span> <span class='ocrx_word' id='word_1_102' title='bbox 2031 1026 2179 1079; x_wconf 90' lang='lat' dir='ltr'><strong>omni</strong></span> <span class='ocrx_word' id='word_1_103' title='bbox 2209 1026 2406 1096; x_wconf 83' lang='lat' dir='ltr'><strong>laqueo</strong></span> <span class='ocrx_word' id='word_1_104' title='bbox 2438 1031 2806 1097; x_wconf 80' lang='lat' dir='ltr'><strong>oppugnantis</strong></span> <span class='ocrx_word' id='word_1_105' title='bbox 2828 1046 2936 1085; x_wconf 90' lang='lat' dir='ltr'><strong>me.</strong></span> <span class='ocrx_word' id='word_1_106' title='bbox 2970 1031 3066 1095; x_wconf 76' lang='lat' dir='ltr'><strong>Ita,</strong></span> <span class='ocrx_word' id='word_1_107' title='bbox 3111 1033 3271 1088; x_wconf 87' lang='lat' dir='ltr'><strong>Pater</strong></span> <span class='ocrx_word' id='word_1_108' title='bbox 3321 1047 3534 1094; x_wconf 78' lang='lat' dir='ltr'><strong>sancte.</strong></span> 
     </span>
    </p>
   </div>
   <div class='ocr_carea' id='block_1_9' title="bbox 267 1117 3532 1190">
    <p class='ocr_par' dir='ltr' id='par_1_9' title="bbox 267 1117 3532 1190">
     <span class='ocr_line' id='line_1_9' title="bbox 267 1117 3532 1190; baseline 0.002 -16"><span class='ocrx_word' id='word_1_109' title='bbox 267 1128 360 1176; x_wconf 84' lang='lat' dir='ltr'><strong>tua</strong></span> <span class='ocrx_word' id='word_1_110' title='bbox 396 1121 570 1177; x_wconf 87' lang='lat' dir='ltr'><strong>solius</strong></span> <span class='ocrx_word' id='word_1_111' title='bbox 601 1125 806 1190; x_wconf 86' lang='lat' dir='ltr'><strong>pietate</strong></span> <span class='ocrx_word' id='word_1_112' title='bbox 832 1134 1117 1190; x_wconf 76' lang='lat' dir='ltr'><strong>propugna</strong></span> <span class='ocrx_word' id='word_1_113' title='bbox 1150 1135 1238 1174; x_wconf 91' lang='lat' dir='ltr'><strong>me</strong></span> <span class='ocrx_word' id='word_1_114' title='bbox 1267 1133 1489 1174; x_wconf 88' lang='lat' dir='ltr'><strong>servum</strong></span> <span class='ocrx_word' id='word_1_115' title='bbox 1525 1130 1703 1185; x_wconf 87' lang='lat' dir='ltr'><strong>tuum,</strong></span> <span class='ocrx_word' id='word_1_116' title='bbox 1736 1134 1837 1175; x_wconf 89' lang='lat' dir='ltr'><strong>nec</strong></span> <span class='ocrx_word' id='word_1_117' title='bbox 1876 1117 1930 1172; x_wconf 93' lang='lat' dir='ltr'><strong>in</strong></span> <span class='ocrx_word' id='word_1_118' title='bbox 1968 1125 2119 1173; x_wconf 90' lang='lat' dir='ltr'><strong>tanto</strong></span> <span class='ocrx_word' id='word_1_119' title='bbox 2179 1119 2499 1174; x_wconf 87' lang='lat' dir='ltr'><strong>discrimine</strong></span> <span class='ocrx_word' id='word_1_120' title='bbox 2533 1121 2897 1175; x_wconf 88' lang='lat' dir='ltr'><strong>constitutum</strong></span> <span class='ocrx_word' id='word_1_121' title='bbox 2945 1125 3168 1179; x_wconf 82' lang='lat' dir='ltr'><strong>deseras</strong></span> <span class='ocrx_word' id='word_1_122' title='bbox 3206 1141 3312 1189; x_wconf 87' lang='lat' dir='ltr'><strong>mc,</strong></span> <span class='ocrx_word' id='word_1_123' title='bbox 3349 1136 3409 1180; x_wconf 92' lang='lat' dir='ltr'><strong>ut</strong></span> <span class='ocrx_word' id='word_1_124' title='bbox 3465 1143 3532 1180; x_wconf 86' lang='lat' dir='ltr'><strong>ne</strong></span> 
     </span>
    </p>
   </div>
   <div class='ocr_carea' id='block_1_10' title="bbox 264 1213 3536 1288">
    <p class='ocr_par' dir='ltr' id='par_1_10' title="bbox 264 1213 3536 1288">
     <span class='ocr_line' id='line_1_10' title="bbox 264 1213 3536 1288; baseline 0.004 -18"><span class='ocrx_word' id='word_1_125' title='bbox 264 1215 452 1272; x_wconf 84' lang='lat' dir='ltr'><strong>dicant</strong></span> <span class='ocrx_word' id='word_1_126' title='bbox 478 1215 684 1271; x_wconf 89' lang='lat' dir='ltr'><strong>inimici</strong></span> <span class='ocrx_word' id='word_1_127' title='bbox 712 1215 840 1272; x_wconf 89' lang='lat' dir='ltr'><strong>mei.</strong></span> <span class='ocrx_word' id='word_1_128' title='bbox 871 1213 1270 1285; x_wconf 74' lang='lat' dir='ltr'><strong>Deglutivimus</strong></span> <span class='ocrx_word' id='word_1_129' title='bbox 1317 1230 1467 1270; x_wconf 92' lang='lat' dir='ltr'><strong>eum.</strong></span> <span class='ocrx_word' id='word_1_130' title='bbox 1502 1215 1584 1270; x_wconf 91' lang='lat' dir='ltr'><strong>&#39;I&#39;u</strong></span> <span class='ocrx_word' id='word_1_131' title='bbox 1617 1216 1786 1281; x_wconf 86' lang='lat' dir='ltr'><strong>enim,</strong></span> <span class='ocrx_word' id='word_1_132' title='bbox 1817 1215 2044 1271; x_wconf 88' lang='lat' dir='ltr'><strong>Domine</strong></span> <span class='ocrx_word' id='word_1_133' title='bbox 2069 1216 2162 1281; x_wconf 92' lang='lat' dir='ltr'><strong>mi,</strong></span> <span class='ocrx_word' id='word_1_134' title='bbox 2193 1225 2564 1288; x_wconf 78' lang='lat' dir='ltr'><strong>prepugnator</strong></span> <span class='ocrx_word' id='word_1_135' title='bbox 2617 1233 2774 1273; x_wconf 88' lang='lat' dir='ltr'><strong>meus</strong></span> <span class='ocrx_word' id='word_1_136' title='bbox 2805 1235 2885 1284; x_wconf 87' lang='lat' dir='ltr'><strong>es,</strong></span> <span class='ocrx_word' id='word_1_137' title='bbox 2917 1229 2972 1275; x_wconf 92' lang='lat' dir='ltr'><strong>et</strong></span> <span class='ocrx_word' id='word_1_138' title='bbox 3018 1221 3071 1274; x_wconf 92' lang='lat' dir='ltr'><strong>in</strong></span> <span class='ocrx_word' id='word_1_139' title='bbox 3125 1231 3178 1277; x_wconf 88' lang='lat' dir='ltr'><strong>te</strong></span> <span class='ocrx_word' id='word_1_140' title='bbox 3209 1242 3226 1274; x_wconf 73' lang='grc' dir='ltr'><strong>ι</strong></span> <span class='ocrx_word' id='word_1_141' title='bbox 3264 1223 3536 1282; x_wconf 86' lang='lat' dir='ltr'><strong>Laudatio</strong></span> 
     </span>
    </p>
   </div>
   <div class='ocr_carea' id='block_1_11' title="bbox 267 1308 1394 1380">
    <p class='ocr_par' dir='ltr' id='par_1_11' title="bbox 267 1308 1394 1380">
     <span class='ocr_line' id='line_1_11' title="bbox 267 1308 1394 1380; baseline -0.001 -15"><span class='ocrx_word' id='word_1_142' title='bbox 267 1325 389 1365; x_wconf 79' lang='lat' dir='ltr'><strong>mea</strong></span> <span class='ocrx_word' id='word_1_143' title='bbox 409 1324 626 1380; x_wconf 83' lang='lat' dir='ltr'><strong>semper</strong></span> <span class='ocrx_word' id='word_1_144' title='bbox 646 1308 715 1376; x_wconf 81' lang='lat'><strong>&quot;,</strong></span> <span class='ocrx_word' id='word_1_145' title='bbox 749 1329 766 1360; x_wconf 77' lang='grc' dir='ltr'><strong>ι</strong></span> <span class='ocrx_word' id='word_1_146' title='bbox 794 1320 853 1364; x_wconf 85' lang='lat' dir='ltr'><strong>et</strong></span> <span class='ocrx_word' id='word_1_147' title='bbox 880 1309 934 1362; x_wconf 88' lang='lat' dir='ltr'><strong>in</strong></span> <span class='ocrx_word' id='word_1_148' title='bbox 963 1308 1182 1363; x_wconf 72' lang='lat' dir='ltr'><strong>sa3cula.</strong></span> <span class='ocrx_word' id='word_1_149' title='bbox 1204 1311 1394 1364; x_wconf 79' lang='lat' dir='ltr'><strong>Amen.</strong></span> 
     </span>
    </p>
   </div>
   <div class='ocr_carea' id='block_1_12' title="bbox 334 1418 1852 1500">
    <p class='ocr_par' dir='ltr' id='par_1_12' title="bbox 334 1418 1848 1494">
     <span class='ocr_line' id='line_1_12' title="bbox 334 1418 1848 1494; baseline -0.003 -16"><span class='ocrx_word' id='word_1_150' title='bbox 334 1421 527 1487; x_wconf 85' lang='grc' dir='ltr'>Οῦτως</span> <span class='ocrx_word' id='word_1_151' title='bbox 553 1418 646 1477; x_wconf 82' lang='grc' dir='ltr'><strong>οὖν</strong></span> <span class='ocrx_word' id='word_1_152' title='bbox 678 1421 1064 1494; x_wconf 76' lang='grc' dir='ltr'><strong>προσέλθωμεν</strong></span> <span class='ocrx_word' id='word_1_153' title='bbox 1095 1420 1173 1492; x_wconf 81' lang='grc' dir='ltr'>τῷ</span> <span class='ocrx_word' id='word_1_154' title='bbox 1211 1420 1399 1490; x_wconf 80' lang='grc' dir='ltr'>ἀγαθῷ</span> <span class='ocrx_word' id='word_1_155' title='bbox 1429 1421 1675 1493; x_wconf 77' lang='grc' dir='ltr'>Δεσπότῃ</span> <span class='ocrx_word' id='word_1_156' title='bbox 1695 1463 1709 1486; x_wconf 88' lang='grc'><strong>,</strong></span> <span class='ocrx_word' id='word_1_157' title='bbox 1753 1420 1848 1476; x_wconf 70' lang='grc' dir='ltr'><strong>καὶ</strong></span> 
     </span>
    </p>
   </div>
   <div class='ocr_carea' id='block_1_13' title="bbox 1956 1418 3534 1500">
    <p class='ocr_par' dir='ltr' id='par_1_13' title="bbox 2027 1420 3534 1500">
     <span class='ocr_line' id='line_1_13' title="bbox 2027 1420 3534 1500; baseline 0.004 -22"><span class='ocrx_word' id='word_1_158' title='bbox 2027 1421 2238 1493; x_wconf 77' lang='lat'><strong>1165</strong></span> <span class='ocrx_word' id='word_1_159' title='bbox 2290 1420 2371 1476; x_wconf 85' lang='lat' dir='ltr'><strong>Ad</strong></span> <span class='ocrx_word' id='word_1_160' title='bbox 2421 1421 2571 1476; x_wconf 90' lang='lat' dir='ltr'><strong>hunc</strong></span> <span class='ocrx_word' id='word_1_161' title='bbox 2617 1421 2842 1475; x_wconf 88' lang='lat' dir='ltr'><strong>modum</strong></span> <span class='ocrx_word' id='word_1_162' title='bbox 2893 1424 3120 1493; x_wconf 87' lang='lat' dir='ltr'><strong>propius</strong></span> <span class='ocrx_word' id='word_1_163' title='bbox 3170 1426 3534 1500; x_wconf 69' lang='lat' dir='ltr'><strong>adiungamus</strong></span> 
     </span>
    </p>
   </div>
   <div class='ocr_carea' id='block_1_14' title="bbox 271 1512 1849 1591">
    <p class='ocr_par' dir='ltr' id='par_1_14' title="bbox 271 1512 1849 1591">
     <span class='ocr_line' id='line_1_14' title="bbox 271 1512 1849 1591; baseline -0.003 -21"><span class='ocrx_word' id='word_1_164' title='bbox 271 1519 348 1591; x_wconf 78' lang='grc' dir='ltr'>μὴ</span> <span class='ocrx_word' id='word_1_165' title='bbox 387 1517 870 1588; x_wconf 73' lang='grc' dir='ltr'>ὀλιγοψυχήσωμεν</span> <span class='ocrx_word' id='word_1_166' title='bbox 905 1514 960 1567; x_wconf 73' lang='grc' dir='ltr'><strong>ἐν</strong></span> <span class='ocrx_word' id='word_1_167' title='bbox 991 1531 1120 1578; x_wconf 90' lang='grc' dir='ltr'>τινι,</span> <span class='ocrx_word' id='word_1_168' title='bbox 1154 1512 1290 1568; x_wconf 80' lang='grc' dir='ltr'><strong>ἀλλά</strong></span> <span class='ocrx_word' id='word_1_169' title='bbox 1323 1512 1718 1582; x_wconf 73' lang='grc' dir='ltr'><strong>ἀγωνισώμεθα</strong></span> <span class='ocrx_word' id='word_1_170' title='bbox 1751 1514 1849 1567; x_wconf 86' lang='grc' dir='ltr'>ἀν·-</span> 
     </span>
    </p>
   </div>
   <div class='ocr_carea' id='block_1_15' title="bbox 267 1599 1849 1683">
    <p class='ocr_par' dir='ltr' id='par_1_15' title="bbox 267 1599 1849 1683">
     <span class='ocr_line' id='line_1_15' title="bbox 267 1599 1849 1683; baseline -0.004 -19"><span class='ocrx_word' id='word_1_171' title='bbox 267 1609 460 1683; x_wconf 81' lang='grc' dir='ltr'>δρείως</span> <span class='ocrx_word' id='word_1_172' title='bbox 483 1605 914 1680; x_wconf 81' lang='grc' dir='ltr'>μνημονεύοντες</span> <span class='ocrx_word' id='word_1_173' title='bbox 939 1605 1032 1657; x_wconf 89' lang='grc' dir='ltr'><strong>τοῦ</strong></span> <span class='ocrx_word' id='word_1_174' title='bbox 1060 1604 1469 1675; x_wconf 75' lang='grc' dir='ltr'><strong>γεγραμμένου,</strong></span> <span class='ocrx_word' id='word_1_175' title='bbox 1502 1603 1618 1666; x_wconf 87' lang='grc' dir='ltr'>τοῦ,</span> <span class='ocrx_word' id='word_1_176' title='bbox 1654 1599 1849 1658; x_wconf 74' lang='grc' dir='ltr'>(Εἶπεν</span> 
     </span>
    </p>
   </div>
   <div class='ocr_carea' id='block_1_16' title="bbox 264 1694 1846 1775">
    <p class='ocr_par' dir='ltr' id='par_1_16' title="bbox 264 1694 1846 1775">
     <span class='ocr_line' id='line_1_16' title="bbox 264 1694 1846 1775; baseline -0.005 -21"><span class='ocrx_word' id='word_1_177' title='bbox 264 1701 325 1755; x_wconf 84' lang='grc' dir='ltr'><strong>δέ</strong></span> <span class='ocrx_word' id='word_1_178' title='bbox 359 1701 454 1754; x_wconf 80' lang='grc' dir='ltr'>καὶ</span> <span class='ocrx_word' id='word_1_179' title='bbox 473 1697 790 1771; x_wconf 76' lang='grc' dir='ltr'>παραϐολὴν</span> <span class='ocrx_word' id='word_1_180' title='bbox 817 1699 1023 1760; x_wconf 82' lang='grc' dir='ltr'>αὐτοῖς,</span> <span class='ocrx_word' id='word_1_181' title='bbox 1041 1696 1189 1775; x_wconf 56' lang='grc' dir='ltr'><strong>ἱ’πρὸς</strong></span> <span class='ocrx_word' id='word_1_182' title='bbox 1215 1695 1272 1748; x_wconf 76' lang='grc' dir='ltr'><strong>τὸ</strong></span> <span class='ocrx_word' id='word_1_183' title='bbox 1290 1695 1397 1747; x_wconf 85' lang='grc' dir='ltr'>δεῖν</span> <span class='ocrx_word' id='word_1_184' title='bbox 1429 1694 1657 1748; x_wconf 85' lang='grc' dir='ltr'>πάντοτε</span> <span class='ocrx_word' id='word_1_185' title='bbox 1684 1711 1846 1764; x_wconf 65' lang='grc' dir='ltr'>προσ.</span> 
     </span>
    </p>
   </div>
   <div class='ocr_carea' id='block_1_17' title="bbox 267 1785 1849 1863">
    <p class='ocr_par' dir='ltr' id='par_1_17' title="bbox 267 1785 1849 1863">
     <span class='ocr_line' id='line_1_17' title="bbox 267 1785 1849 1863; baseline -0.006 -17"><span class='ocrx_word' id='word_1_186' title='bbox 267 1791 544 1863; x_wconf 78' lang='grc' dir='ltr'>εὐχεσθαι,</span> <span class='ocrx_word' id='word_1_187' title='bbox 616 1787 820 1858; x_wconf 77' lang='grc' dir='ltr'>καὶμὴ</span> <span class='ocrx_word' id='word_1_188' title='bbox 881 1789 1155 1841; x_wconf 83' lang='grc' dir='ltr'>ἐκκακεῖν.</span> <span class='ocrx_word' id='word_1_189' title='bbox 1197 1806 1214 1836; x_wconf 75' lang='grc' dir='ltr'><strong>ι</strong></span> <span class='ocrx_word' id='word_1_190' title='bbox 1265 1786 1374 1838; x_wconf 81' lang='grc' dir='ltr'>Καὶ</span> <span class='ocrx_word' id='word_1_191' title='bbox 1407 1786 1696 1857; x_wconf 68' lang='grc' dir='ltr'>ἐπιφέρει*</span> <span class='ocrx_word' id='word_1_192' title='bbox 1729 1805 1746 1837; x_wconf 80' lang='grc' dir='ltr'><strong>ι</strong></span> <span class='ocrx_word' id='word_1_193' title='bbox 1791 1785 1849 1838; x_wconf 78' lang='lat'><strong>’0</strong></span> 
     </span>
    </p>
   </div>
   <div class='ocr_carea' id='block_1_18' title="bbox 265 1877 1850 1952">
    <p class='ocr_par' dir='ltr' id='par_1_18' title="bbox 265 1877 1850 1952">
     <span class='ocr_line' id='line_1_18' title="bbox 265 1877 1850 1952; baseline -0.004 -14"><span class='ocrx_word' id='word_1_194' title='bbox 265 1885 324 1938; x_wconf 81' lang='grc' dir='ltr'><strong>δέ</strong></span> <span class='ocrx_word' id='word_1_195' title='bbox 353 1883 483 1946; x_wconf 66' lang='grc' dir='ltr'>Θεὸς</span> <span class='ocrx_word' id='word_1_196' title='bbox 523 1881 582 1935; x_wconf 84' lang='grc' dir='ltr'><strong>οῦ</strong></span> <span class='ocrx_word' id='word_1_197' title='bbox 617 1880 692 1951; x_wconf 78' lang='grc' dir='ltr'><strong>μὴ</strong></span> <span class='ocrx_word' id='word_1_198' title='bbox 734 1879 948 1952; x_wconf 87' lang='grc' dir='ltr'>ποιήσει</span> <span class='ocrx_word' id='word_1_199' title='bbox 977 1880 1075 1950; x_wconf 83' lang='grc' dir='ltr'>τὴν</span> <span class='ocrx_word' id='word_1_200' title='bbox 1107 1879 1386 1948; x_wconf 78' lang='grc' dir='ltr'>ἐκδίκησιν</span> <span class='ocrx_word' id='word_1_201' title='bbox 1427 1877 1536 1930; x_wconf 87' lang='grc' dir='ltr'><strong>τῶν</strong></span> <span class='ocrx_word' id='word_1_202' title='bbox 1577 1877 1850 1931; x_wconf 78' lang='grc' dir='ltr'>ἐκλεκτῶν</span> 
     </span>
    </p>
   </div>
   <div class='ocr_carea' id='block_1_19' title="bbox 266 1967 1848 2042">
    <p class='ocr_par' dir='ltr' id='par_1_19' title="bbox 266 1967 1848 2042">
     <span class='ocr_line' id='line_1_19' title="bbox 266 1967 1848 2042; baseline -0.005 -13"><span class='ocrx_word' id='word_1_203' title='bbox 266 1973 434 2030; x_wconf 78' lang='grc' dir='ltr'>αὐτοῦ</span> <span class='ocrx_word' id='word_1_204' title='bbox 459 1971 568 2025; x_wconf 83' lang='grc' dir='ltr'><strong>τῶν</strong></span> <span class='ocrx_word' id='word_1_205' title='bbox 597 1970 846 2042; x_wconf 83' lang='grc' dir='ltr'><strong>βοώντων</strong></span> <span class='ocrx_word' id='word_1_206' title='bbox 889 1970 1026 2040; x_wconf 79' lang='grc' dir='ltr'>πρὸς</span> <span class='ocrx_word' id='word_1_207' title='bbox 1058 1969 1222 2023; x_wconf 76' lang='grc' dir='ltr'>αὑτὸν</span> <span class='ocrx_word' id='word_1_208' title='bbox 1266 1968 1456 2032; x_wconf 77' lang='grc' dir='ltr'>νυκτὸς</span> <span class='ocrx_word' id='word_1_209' title='bbox 1485 1968 1579 2021; x_wconf 67' lang='grc' dir='ltr'><strong>κα)⁸</strong></span> <span class='ocrx_word' id='word_1_210' title='bbox 1615 1967 1848 2038; x_wconf 83' lang='grc' dir='ltr'>ἡμέρας,</span> 
     </span>
    </p>
   </div>
   <div class='ocr_carea' id='block_1_20' title="bbox 268 2059 1850 2136">
    <p class='ocr_par' dir='ltr' id='par_1_20' title="bbox 268 2059 1850 2136">
     <span class='ocr_line' id='line_1_20' title="bbox 268 2059 1850 2136; baseline -0.006 -16"><span class='ocrx_word' id='word_1_211' title='bbox 268 2066 366 2120; x_wconf 79' lang='grc' dir='ltr'>καὶ</span> <span class='ocrx_word' id='word_1_212' title='bbox 386 2063 733 2136; x_wconf 79' lang='grc' dir='ltr'><strong>μακροθυμεῖ</strong></span> <span class='ocrx_word' id='word_1_213' title='bbox 755 2080 769 2130; x_wconf 93' lang='grc'>;</span> <span class='ocrx_word' id='word_1_214' title='bbox 795 2063 904 2116; x_wconf 75' lang='grc' dir='ltr'><strong>Ναὶ</strong></span> <span class='ocrx_word' id='word_1_215' title='bbox 928 2061 1071 2130; x_wconf 84' lang='grc' dir='ltr'>λέγω</span> <span class='ocrx_word' id='word_1_216' title='bbox 1093 2061 1244 2132; x_wconf 87' lang='grc' dir='ltr'>ὑμῖν,</span> <span class='ocrx_word' id='word_1_217' title='bbox 1266 2061 1348 2114; x_wconf 81' lang='grc' dir='ltr'><strong>ὅτι</strong></span> <span class='ocrx_word' id='word_1_218' title='bbox 1375 2059 1590 2131; x_wconf 78' lang='grc' dir='ltr'>ποιήσει</span> <span class='ocrx_word' id='word_1_219' title='bbox 1613 2061 1670 2112; x_wconf 84' lang='grc' dir='ltr'><strong>ἐν</strong></span> <span class='ocrx_word' id='word_1_220' title='bbox 1695 2060 1850 2129; x_wconf 85' lang='grc' dir='ltr'>τάχει</span> 
     </span>
    </p>
   </div>
   <div class='ocr_carea' id='block_1_21' title="bbox 267 2149 1852 2229">
    <p class='ocr_par' dir='ltr' id='par_1_21' title="bbox 267 2149 1852 2229">
     <span class='ocr_line' id='line_1_21' title="bbox 267 2149 1852 2229; baseline -0.004 -19"><span class='ocrx_word' id='word_1_221' title='bbox 267 2157 369 2229; x_wconf 75' lang='grc' dir='ltr'><strong>τὴν</strong></span> <span class='ocrx_word' id='word_1_222' title='bbox 402 2157 680 2226; x_wconf 79' lang='grc' dir='ltr'>ἐκδίκησιν</span> <span class='ocrx_word' id='word_1_223' title='bbox 719 2155 921 2210; x_wconf 76' lang='grc' dir='ltr'>αὐτῶν.</span> <span class='ocrx_word' id='word_1_224' title='bbox 955 2173 973 2206; x_wconf 73' lang='grc' dir='ltr'><strong>ι</strong></span> <span class='ocrx_word' id='word_1_225' title='bbox 1021 2153 1180 2224; x_wconf 77' lang='grc' dir='ltr'><strong>Λῦτῷ</strong></span> <span class='ocrx_word' id='word_1_226' title='bbox 1214 2154 1249 2223; x_wconf 81' lang='grc' dir='ltr'><strong>η</strong></span> <span class='ocrx_word' id='word_1_227' title='bbox 1289 2151 1417 2218; x_wconf 77' lang='grc' dir='ltr'>δόξα</span> <span class='ocrx_word' id='word_1_228' title='bbox 1451 2153 1531 2217; x_wconf 79' lang='grc' dir='ltr'>εις</span> <span class='ocrx_word' id='word_1_229' title='bbox 1563 2153 1690 2216; x_wconf 77' lang='grc' dir='ltr'>τοὺς</span> <span class='ocrx_word' id='word_1_230' title='bbox 1718 2149 1852 2204; x_wconf 71' lang='grc' dir='ltr'><strong>αἰῶ-</strong></span> 
     </span>
    </p>
   </div>
   <div class='ocr_carea' id='block_1_22' title="bbox 267 2247 614 2319">
    <p class='ocr_par' dir='ltr' id='par_1_22' title="bbox 267 2247 614 2319">
     <span class='ocr_line' id='line_1_22' title="bbox 267 2247 614 2319; baseline -0.003 -17"><span class='ocrx_word' id='word_1_231' title='bbox 267 2266 386 2314; x_wconf 85' lang='grc' dir='ltr'>νας.</span> <span class='ocrx_word' id='word_1_232' title='bbox 424 2247 614 2319; x_wconf 83' lang='grc' dir='ltr'>Ἀμήν.</span> 
     </span>
    </p>
   </div>
   <div class='ocr_carea' id='block_1_23' title="bbox 839 2361 1248 2429">
    <p class='ocr_par' dir='ltr' id='par_1_23' title="bbox 839 2361 1248 2429">
     <span class='ocr_line' id='line_1_23' title="bbox 839 2361 1248 2429; baseline -0.002 -13"><span class='ocrx_word' id='word_1_233' title='bbox 839 2361 1058 2416; x_wconf 88' lang='grc' dir='ltr'><strong>ΛΟΓΟΣ</strong></span> <span class='ocrx_word' id='word_1_234' title='bbox 1104 2361 1248 2429; x_wconf 72' lang='grc' dir='ltr'>ηςν.</span> 
     </span>
    </p>
   </div>
   <div class='ocr_carea' id='block_1_24' title="bbox 867 2453 1252 2523">
    <p class='ocr_par' dir='ltr' id='par_1_24' title="bbox 867 2453 1252 2523">
     <span class='ocr_line' id='line_1_24' title="bbox 867 2453 1252 2523; baseline -0.003 -14"><span class='ocrx_word' id='word_1_235' title='bbox 867 2453 1008 2523; x_wconf 76' lang='grc' dir='ltr'>Περὶ</span> <span class='ocrx_word' id='word_1_236' title='bbox 1039 2454 1252 2508; x_wconf 79' lang='grc' dir='ltr'>κόπου.</span> 
     </span>
    </p>
   </div>
   <div class='ocr_carea' id='block_1_25' title="bbox 342 2532 1852 2616">
    <p class='ocr_par' dir='ltr' id='par_1_25' title="bbox 342 2532 1852 2616">
     <span class='ocr_line' id='line_1_25' title="bbox 342 2532 1852 2616; baseline -0.001 -14"><span class='ocrx_word' id='word_1_237' title='bbox 342 2550 405 2602; x_wconf 87' lang='grc' dir='ltr'><strong>υἱ</strong></span> <span class='ocrx_word' id='word_1_238' title='bbox 446 2546 588 2602; x_wconf 86' lang='grc' dir='ltr'>κατὰ</span> <span class='ocrx_word' id='word_1_239' title='bbox 616 2545 749 2600; x_wconf 79' lang='grc' dir='ltr'>Θεὸν</span> <span class='ocrx_word' id='word_1_240' title='bbox 789 2545 948 2598; x_wconf 85' lang='grc' dir='ltr'>κόποι</span> <span class='ocrx_word' id='word_1_241' title='bbox 984 2532 1249 2608; x_wconf 77' lang='grc' dir='ltr'>σώζουσιν</span> <span class='ocrx_word' id='word_1_242' title='bbox 1301 2542 1392 2598; x_wconf 77' lang='grc' dir='ltr'>τὸν</span> <span class='ocrx_word' id='word_1_243' title='bbox 1425 2542 1734 2616; x_wconf 76' lang='grc' dir='ltr'>ἄνθρωπον,</span> <span class='ocrx_word' id='word_1_244' title='bbox 1755 2543 1852 2600; x_wconf 87' lang='grc' dir='ltr'>καὶ</span> 
     </span>
    </p>
   </div>
   <div class='ocr_carea' id='block_1_26' title="bbox 270 2633 1847 2710">
    <p class='ocr_par' dir='ltr' id='par_1_26' title="bbox 270 2633 1847 2710">
     <span class='ocr_line' id='line_1_26' title="bbox 270 2633 1847 2710; baseline -0.001 -19"><span class='ocrx_word' id='word_1_245' title='bbox 270 2639 586 2710; x_wconf 74' lang='grc' dir='ltr'>παρρησίαν</span> <span class='ocrx_word' id='word_1_246' title='bbox 637 2637 785 2709; x_wconf 81' lang='grc' dir='ltr'><strong>αὑτῷ</strong></span> <span class='ocrx_word' id='word_1_247' title='bbox 821 2634 1157 2707; x_wconf 80' lang='grc' dir='ltr'>παρέχουσιν</span> <span class='ocrx_word' id='word_1_248' title='bbox 1189 2633 1324 2706; x_wconf 79' lang='grc' dir='ltr'>πρὸς</span> <span class='ocrx_word' id='word_1_249' title='bbox 1353 2635 1444 2690; x_wconf 84' lang='grc' dir='ltr'><strong>τὸν</strong></span> <span class='ocrx_word' id='word_1_250' title='bbox 1489 2634 1620 2688; x_wconf 80' lang='grc' dir='ltr'>Θεὸν</span> <span class='ocrx_word' id='word_1_251' title='bbox 1649 2635 1847 2704; x_wconf 82' lang='grc' dir='ltr'>λέγειν·</span> 
     </span>
    </p>
   </div>
   <div class='ocr_carea' id='block_1_27' title="bbox 278 2727 1853 2800">
    <p class='ocr_par' dir='ltr' id='par_1_27' title="bbox 278 2727 1853 2800">
     <span class='ocr_line' id='line_1_27' title="bbox 278 2727 1853 2800; baseline -0.003 -16"><span class='ocrx_word' id='word_1_252' title='bbox 278 2751 298 2784; x_wconf 70' lang='grc' dir='ltr'><strong>ι</strong></span> <span class='ocrx_word' id='word_1_253' title='bbox 343 2733 450 2786; x_wconf 83' lang='grc' dir='ltr'>Ἴδε</span> <span class='ocrx_word' id='word_1_254' title='bbox 478 2731 576 2800; x_wconf 74' lang='grc' dir='ltr'><strong>τὴν</strong></span> <span class='ocrx_word' id='word_1_255' title='bbox 611 2728 946 2784; x_wconf 90' lang='grc' dir='ltr'>ταπείνωσίν</span> <span class='ocrx_word' id='word_1_256' title='bbox 975 2744 1101 2798; x_wconf 88' lang='grc' dir='ltr'>μου,</span> <span class='ocrx_word' id='word_1_257' title='bbox 1137 2727 1233 2780; x_wconf 79' lang='grc' dir='ltr'>καὶ</span> <span class='ocrx_word' id='word_1_258' title='bbox 1270 2727 1362 2780; x_wconf 79' lang='grc' dir='ltr'><strong>τὸν</strong></span> <span class='ocrx_word' id='word_1_259' title='bbox 1407 2727 1573 2782; x_wconf 81' lang='grc' dir='ltr'>κόπον</span> <span class='ocrx_word' id='word_1_260' title='bbox 1605 2745 1728 2798; x_wconf 85' lang='grc' dir='ltr'>μου.</span> <span class='ocrx_word' id='word_1_261' title='bbox 1759 2727 1853 2780; x_wconf 79' lang='grc' dir='ltr'>καὶ</span> 
     </span>
    </p>
   </div>
   <div class='ocr_carea' id='block_1_28' title="bbox 271 2819 1848 2893">
    <p class='ocr_par' dir='ltr' id='par_1_28' title="bbox 271 2819 1848 2893">
     <span class='ocr_line' id='line_1_28' title="bbox 271 2819 1848 2893; baseline -0.003 -15"><span class='ocrx_word' id='word_1_262' title='bbox 271 2823 409 2893; x_wconf 79' lang='grc' dir='ltr'>ἄφες</span> <span class='ocrx_word' id='word_1_263' title='bbox 442 2824 620 2885; x_wconf 84' lang='grc' dir='ltr'>πάσας</span> <span class='ocrx_word' id='word_1_264' title='bbox 667 2822 766 2885; x_wconf 86' lang='grc' dir='ltr'><strong>τὰς</strong></span> <span class='ocrx_word' id='word_1_265' title='bbox 795 2821 1068 2891; x_wconf 79' lang='grc' dir='ltr'>ἁμαρτίας,</span> <span class='ocrx_word' id='word_1_266' title='bbox 1121 2837 1244 2890; x_wconf 86' lang='grc' dir='ltr'>μου,</span> <span class='ocrx_word' id='word_1_267' title='bbox 1277 2837 1294 2870; x_wconf 88' lang='grc' dir='ltr'><strong>ι</strong></span> <span class='ocrx_word' id='word_1_268' title='bbox 1333 2820 1434 2886; x_wconf 84' lang='grc' dir='ltr'>ὅτι,</span> <span class='ocrx_word' id='word_1_269' title='bbox 1477 2836 1496 2871; x_wconf 75' lang='grc' dir='ltr'><strong>ι</strong></span> <span class='ocrx_word' id='word_1_270' title='bbox 1545 2819 1848 2874; x_wconf 83' lang='grc' dir='ltr'>Ἐκοπίασα</span> 
     </span>
    </p>
   </div>
   <div class='ocr_carea' id='block_1_29' title="bbox 271 2909 1848 2988">
    <p class='ocr_par' dir='ltr' id='par_1_29' title="bbox 271 2909 1848 2988">
     <span class='ocr_line' id='line_1_29' title="bbox 271 2909 1848 2988; baseline -0.003 -19"><span class='ocrx_word' id='word_1_271' title='bbox 271 2915 513 2988; x_wconf 76' lang='grc' dir='ltr'>κράζων,</span> <span class='ocrx_word' id='word_1_272' title='bbox 539 2913 902 2985; x_wconf 77' lang='grc' dir='ltr'>ἐϐραγχὶασεν</span> <span class='ocrx_word' id='word_1_273' title='bbox 933 2914 961 2966; x_wconf 82' lang='grc' dir='ltr'>ὁ</span> <span class='ocrx_word' id='word_1_274' title='bbox 989 2911 1194 2982; x_wconf 79' lang='grc' dir='ltr'>λάρυγξ</span> <span class='ocrx_word' id='word_1_275' title='bbox 1233 2929 1359 2981; x_wconf 90' lang='grc' dir='ltr'>μου,</span> <span class='ocrx_word' id='word_1_276' title='bbox 1381 2911 1473 2964; x_wconf 76' lang='grc' dir='ltr'>καὶ</span> <span class='ocrx_word' id='word_1_277' title='bbox 1497 2911 1547 2964; x_wconf 88' lang='grc' dir='ltr'>οἱ</span> <span class='ocrx_word' id='word_1_278' title='bbox 1580 2909 1848 2980; x_wconf 76' lang='grc' dir='ltr'>ὀφθαλμοί</span> 
     </span>
    </p>
   </div>
   <div class='ocr_carea' id='block_1_30' title="bbox 276 3003 1849 3076">
    <p class='ocr_par' dir='ltr' id='par_1_30' title="bbox 276 3003 1849 3076">
     <span class='ocr_line' id='line_1_30' title="bbox 276 3003 1849 3076; baseline -0.003 -17"><span class='ocrx_word' id='word_1_279' title='bbox 276 3023 380 3076; x_wconf 85' lang='grc' dir='ltr'><strong>μου</strong></span> <span class='ocrx_word' id='word_1_280' title='bbox 424 3004 670 3072; x_wconf 77' lang='grc' dir='ltr'>ἐξέλιπον</span> <span class='ocrx_word' id='word_1_281' title='bbox 715 3005 823 3058; x_wconf 73' lang='grc' dir='ltr'><strong>ἀπὸ</strong></span> <span class='ocrx_word' id='word_1_282' title='bbox 877 3004 972 3058; x_wconf 88' lang='grc' dir='ltr'><strong>τοῦ</strong></span> <span class='ocrx_word' id='word_1_283' title='bbox 1026 3004 1266 3068; x_wconf 76' lang='grc' dir='ltr'>ἐλπίζειν</span> <span class='ocrx_word' id='word_1_284' title='bbox 1310 3021 1376 3074; x_wconf 83' lang='grc' dir='ltr'><strong>με</strong></span> <span class='ocrx_word' id='word_1_285' title='bbox 1427 3003 1522 3056; x_wconf 77' lang='grc' dir='ltr'>ἐπὶ</span> <span class='ocrx_word' id='word_1_286' title='bbox 1571 3003 1664 3055; x_wconf 84' lang='grc' dir='ltr'><strong>τὸν</strong></span> <span class='ocrx_word' id='word_1_287' title='bbox 1716 3003 1849 3056; x_wconf 88' lang='grc' dir='ltr'>Θεόν</span> 
     </span>
    </p>
   </div>
   <div class='ocr_carea' id='block_1_31' title="bbox 277 3092 1851 3169">
    <p class='ocr_par' dir='ltr' id='par_1_31' title="bbox 277 3092 1851 3169">
     <span class='ocr_line' id='line_1_31' title="bbox 277 3092 1851 3169; baseline -0.003 -19"><span class='ocrx_word' id='word_1_288' title='bbox 277 3115 401 3169; x_wconf 77' lang='grc' dir='ltr'>μου.</span> <span class='ocrx_word' id='word_1_289' title='bbox 431 3116 448 3148; x_wconf 75' lang='grc' dir='ltr'><strong>ι</strong></span> <span class='ocrx_word' id='word_1_290' title='bbox 482 3097 674 3167; x_wconf 80' lang='grc' dir='ltr'>Δῶμεν</span> <span class='ocrx_word' id='word_1_291' title='bbox 698 3092 812 3158; x_wconf 75' lang='grc' dir='ltr'>οὖν,</span> <span class='ocrx_word' id='word_1_292' title='bbox 838 3095 1130 3165; x_wconf 74' lang='grc' dir='ltr'>ἀγαπητοὶ,</span> <span class='ocrx_word' id='word_1_293' title='bbox 1165 3092 1225 3147; x_wconf 72' lang='grc' dir='ltr'>τὸ</span> <span class='ocrx_word' id='word_1_294' title='bbox 1264 3094 1424 3163; x_wconf 80' lang='grc' dir='ltr'>σῶμα</span> <span class='ocrx_word' id='word_1_295' title='bbox 1449 3093 1608 3165; x_wconf 76' lang='grc' dir='ltr'>ἡμῶν</span> <span class='ocrx_word' id='word_1_296' title='bbox 1639 3094 1717 3155; x_wconf 83' lang='grc' dir='ltr'>εἰς</span> <span class='ocrx_word' id='word_1_297' title='bbox 1761 3093 1851 3145; x_wconf 87' lang='grc' dir='ltr'>κό-</span> 
     </span>
    </p>
   </div>
   <div class='ocr_carea' id='block_1_32' title="bbox 275 3185 1850 3260">
    <p class='ocr_par' dir='ltr' id='par_1_32' title="bbox 275 3185 1850 3260">
     <span class='ocr_line' id='line_1_32' title="bbox 275 3185 1850 3260; baseline -0.003 -17"><span class='ocrx_word' id='word_1_298' title='bbox 275 3207 377 3243; x_wconf 86' lang='grc' dir='ltr'><strong>πον</strong></span> <span class='ocrx_word' id='word_1_299' title='bbox 404 3190 498 3244; x_wconf 77' lang='grc' dir='ltr'><strong>σὺν</strong></span> <span class='ocrx_word' id='word_1_300' title='bbox 526 3193 592 3260; x_wconf 82' lang='grc' dir='ltr'>τῇ</span> <span class='ocrx_word' id='word_1_301' title='bbox 642 3188 784 3259; x_wconf 75' lang='grc' dir='ltr'>ψυχῇ</span> <span class='ocrx_word' id='word_1_302' title='bbox 817 3190 874 3240; x_wconf 92' lang='grc' dir='ltr'><strong>ἐν</strong></span> <span class='ocrx_word' id='word_1_303' title='bbox 916 3189 1213 3257; x_wconf 77' lang='grc' dir='ltr'>νηστείαις,</span> <span class='ocrx_word' id='word_1_304' title='bbox 1246 3188 1342 3240; x_wconf 74' lang='grc' dir='ltr'><strong>καὶ</strong></span> <span class='ocrx_word' id='word_1_305' title='bbox 1371 3186 1723 3256; x_wconf 85' lang='grc' dir='ltr'>ἀγρυπνίαις,</span> <span class='ocrx_word' id='word_1_306' title='bbox 1756 3185 1850 3238; x_wconf 76' lang='grc' dir='ltr'><strong>καὶ</strong></span> 
     </span>
    </p>
   </div>
   <div class='ocr_carea' id='block_1_33' title="bbox 271 3277 1847 3354">
    <p class='ocr_par' dir='ltr' id='par_1_33' title="bbox 271 3277 1847 3354">
     <span class='ocr_line' id='line_1_33' title="bbox 271 3277 1847 3354; baseline -0.006 -18"><span class='ocrx_word' id='word_1_307' title='bbox 271 3281 636 3354; x_wconf 79' lang='grc' dir='ltr'>ψαλμῳδίαις,</span> <span class='ocrx_word' id='word_1_308' title='bbox 665 3283 756 3334; x_wconf 76' lang='grc' dir='ltr'>καὶ</span> <span class='ocrx_word' id='word_1_309' title='bbox 779 3280 966 3352; x_wconf 78' lang='grc' dir='ltr'>εὐχαῖς</span> <span class='ocrx_word' id='word_1_310' title='bbox 989 3279 1372 3344; x_wconf 82' lang='grc' dir='ltr'>ἀδιαλείπτοις,</span> <span class='ocrx_word' id='word_1_311' title='bbox 1408 3277 1501 3330; x_wconf 77' lang='grc' dir='ltr'><strong>καὶ</strong></span> <span class='ocrx_word' id='word_1_312' title='bbox 1529 3277 1847 3348; x_wconf 84' lang='grc' dir='ltr'>ἐργοχείρῳ,</span> 
     </span>
    </p>
   </div>
   <div class='ocr_carea' id='block_1_34' title="bbox 273 3369 1850 3442">
    <p class='ocr_par' dir='ltr' id='par_1_34' title="bbox 273 3369 1850 3442">
     <span class='ocr_line' id='line_1_34' title="bbox 273 3369 1850 3442; baseline -0.004 -14"><span class='ocrx_word' id='word_1_313' title='bbox 273 3374 364 3428; x_wconf 81' lang='grc' dir='ltr'>ἵνα</span> <span class='ocrx_word' id='word_1_314' title='bbox 392 3373 747 3442; x_wconf 76' lang='grc' dir='ltr'>ἀπολάϐωμεν</span> <span class='ocrx_word' id='word_1_315' title='bbox 776 3372 868 3425; x_wconf 83' lang='grc' dir='ltr'><strong>τὸν</strong></span> <span class='ocrx_word' id='word_1_316' title='bbox 914 3371 1127 3441; x_wconf 75' lang='grc' dir='ltr'>μισθὸν,</span> <span class='ocrx_word' id='word_1_317' title='bbox 1165 3389 1184 3421; x_wconf 77' lang='grc' dir='ltr'><strong>ι</strong></span> <span class='ocrx_word' id='word_1_318' title='bbox 1219 3371 1387 3424; x_wconf 83' lang='grc' dir='ltr'>Ὅταν</span> <span class='ocrx_word' id='word_1_319' title='bbox 1436 3369 1512 3441; x_wconf 80' lang='grc' dir='ltr'><strong>δῷ</strong></span> <span class='ocrx_word' id='word_1_320' title='bbox 1559 3371 1668 3429; x_wconf 86' lang='grc' dir='ltr'>τοῖ;</span> <span class='ocrx_word' id='word_1_321' title='bbox 1708 3369 1850 3436; x_wconf 84' lang='grc' dir='ltr'>ἀγα-</span> 
     </span>
    </p>
   </div>
   <div class='ocr_carea' id='block_1_35' title="bbox 275 3462 1852 3535">
    <p class='ocr_par' dir='ltr' id='par_1_35' title="bbox 275 3462 1852 3535">
     <span class='ocr_line' id='line_1_35' title="bbox 275 3462 1852 3535; baseline -0.001 -19"><span class='ocrx_word' id='word_1_322' title='bbox 275 3467 467 3535; x_wconf 86' lang='grc' dir='ltr'>πητοῖς</span> <span class='ocrx_word' id='word_1_323' title='bbox 493 3466 558 3517; x_wconf 83' lang='grc' dir='ltr'><strong>αὑ</strong></span> <span class='ocrx_word' id='word_1_324' title='bbox 569 3462 660 3517; x_wconf 83' lang='grc' dir='ltr'><strong>τοῦ</strong></span> <span class='ocrx_word' id='word_1_325' title='bbox 691 3462 914 3527; x_wconf 74' lang='grc' dir='ltr'>ῦπνον,ι</span> <span class='ocrx_word' id='word_1_326' title='bbox 944 3462 1222 3515; x_wconf 83' lang='grc' dir='ltr'>τουτέστιν</span> <span class='ocrx_word' id='word_1_327' title='bbox 1243 3462 1572 3526; x_wconf 79' lang='grc' dir='ltr'>ἀνάπαυσιν,</span> <span class='ocrx_word' id='word_1_328' title='bbox 1595 3463 1746 3514; x_wconf 79' lang='grc' dir='ltr'>ποῖον</span> <span class='ocrx_word' id='word_1_329' title='bbox 1763 3477 1852 3530; x_wconf 82' lang='grc' dir='ltr'>μι-</span> 
     </span>
    </p>
   </div>
   <div class='ocr_carea' id='block_1_36' title="bbox 276 3551 1850 3628">
    <p class='ocr_par' dir='ltr' id='par_1_36' title="bbox 276 3551 1850 3628">
     <span class='ocr_line' id='line_1_36' title="bbox 276 3551 1850 3628; baseline -0.004 -19"><span class='ocrx_word' id='word_1_330' title='bbox 276 3556 401 3609; x_wconf 82' lang='grc' dir='ltr'>σθόν</span> <span class='ocrx_word' id='word_1_331' title='bbox 424 3573 437 3620; x_wconf 89' lang='grc'>;</span> <span class='ocrx_word' id='word_1_332' title='bbox 465 3555 539 3608; x_wconf 79' lang='grc' dir='ltr'>Τὸ</span> <span class='ocrx_word' id='word_1_333' title='bbox 563 3555 927 3628; x_wconf 78' lang='grc' dir='ltr'>κληρονόμους</span> <span class='ocrx_word' id='word_1_334' title='bbox 950 3555 1096 3625; x_wconf 78' lang='grc' dir='ltr'>ἡμᾶς</span> <span class='ocrx_word' id='word_1_335' title='bbox 1123 3553 1376 3618; x_wconf 86' lang='grc' dir='ltr'>γενέσθαι</span> <span class='ocrx_word' id='word_1_336' title='bbox 1400 3554 1492 3605; x_wconf 74' lang='grc' dir='ltr'><strong>καὶ</strong></span> <span class='ocrx_word' id='word_1_337' title='bbox 1525 3553 1672 3615; x_wconf 80' lang='grc' dir='ltr'>υἱοὺς</span> <span class='ocrx_word' id='word_1_338' title='bbox 1694 3551 1850 3604; x_wconf 83' lang='grc' dir='ltr'>Θεοῦ.</span> 
     </span>
    </p>
   </div>
   <div class='ocr_carea' id='block_1_37' title="bbox 276 3640 1846 3718">
    <p class='ocr_par' dir='ltr' id='par_1_37' title="bbox 276 3640 1846 3718">
     <span class='ocr_line' id='line_1_37' title="bbox 276 3640 1846 3718; baseline -0.003 -19"><span class='ocrx_word' id='word_1_339' title='bbox 276 3640 443 3706; x_wconf 78' lang='grc' dir='ltr'>Οὗτος</span> <span class='ocrx_word' id='word_1_340' title='bbox 478 3646 607 3718; x_wconf 84' lang='grc' dir='ltr'>γάρ,</span> <span class='ocrx_word' id='word_1_341' title='bbox 651 3665 668 3698; x_wconf 80' lang='grc' dir='ltr'><strong>ι</strong></span> <span class='ocrx_word' id='word_1_342' title='bbox 712 3646 770 3698; x_wconf 84' lang='grc'><strong>’0</strong></span> <span class='ocrx_word' id='word_1_343' title='bbox 803 3645 992 3716; x_wconf 75' lang='grc' dir='ltr'>μισθὸς</span> <span class='ocrx_word' id='word_1_344' title='bbox 1019 3644 1112 3698; x_wconf 83' lang='grc' dir='ltr'><strong>τοῦ</strong></span> <span class='ocrx_word' id='word_1_345' title='bbox 1156 3644 1369 3716; x_wconf 84' lang='grc' dir='ltr'>καρποῦ</span> <span class='ocrx_word' id='word_1_346' title='bbox 1404 3645 1504 3712; x_wconf 75' lang='grc' dir='ltr'>τῆς</span> <span class='ocrx_word' id='word_1_347' title='bbox 1536 3643 1788 3714; x_wconf 84' lang='grc' dir='ltr'>γαστρὸς,</span> <span class='ocrx_word' id='word_1_348' title='bbox 1825 3659 1846 3693; x_wconf 70' lang='grc' dir='ltr'><strong>ι</strong></span> 
     </span>
    </p>
   </div>
   <div class='ocr_carea' id='block_1_38' title="bbox 274 3733 1851 3808">
    <p class='ocr_par' dir='ltr' id='par_1_38' title="bbox 274 3733 1851 3808">
     <span class='ocr_line' id='line_1_38' title="bbox 274 3733 1851 3808; baseline -0.001 -19"><span class='ocrx_word' id='word_1_349' title='bbox 274 3737 553 3790; x_wconf 81' lang='grc' dir='ltr'>τουτέστιν</span> <span class='ocrx_word' id='word_1_350' title='bbox 576 3737 671 3808; x_wconf 83' lang='grc' dir='ltr'>τῆς</span> <span class='ocrx_word' id='word_1_351' title='bbox 687 3737 1030 3808; x_wconf 85' lang='grc' dir='ltr'>ἐγκρατείας.</span> <span class='ocrx_word' id='word_1_352' title='bbox 1059 3736 1412 3808; x_wconf 77' lang='grc' dir='ltr'>Εὑρίσκονται</span> <span class='ocrx_word' id='word_1_353' title='bbox 1429 3735 1538 3806; x_wconf 83' lang='grc' dir='ltr'><strong>γάρ</strong></span> <span class='ocrx_word' id='word_1_354' title='bbox 1557 3735 1605 3788; x_wconf 88' lang='grc' dir='ltr'>οἱ</span> <span class='ocrx_word' id='word_1_355' title='bbox 1624 3733 1851 3787; x_wconf 90' lang='grc' dir='ltr'>τοιοῦτοι</span> 
     </span>
    </p>
   </div>
   <div class='ocr_carea' id='block_1_39' title="bbox 273 3824 1853 3897">
    <p class='ocr_par' dir='ltr' id='par_1_39' title="bbox 273 3824 1853 3897">
     <span class='ocr_line' id='line_1_39' title="bbox 273 3824 1853 3897; baseline -0.001 -18"><span class='ocrx_word' id='word_1_356' title='bbox 273 3827 352 3892; x_wconf 84' lang='grc' dir='ltr'>ὼς</span> <span class='ocrx_word' id='word_1_357' title='bbox 406 3831 453 3881; x_wconf 80' lang='lat' dir='ltr'><strong>oi</strong></span> <span class='ocrx_word' id='word_1_358' title='bbox 497 3827 804 3890; x_wconf 83' lang='grc' dir='ltr'>ἀπόστολοι,</span> <span class='ocrx_word' id='word_1_359' title='bbox 867 3827 1102 3897; x_wconf 80' lang='grc' dir='ltr'>μάλιστα</span> <span class='ocrx_word' id='word_1_360' title='bbox 1131 3829 1178 3880; x_wconf 86' lang='grc' dir='ltr'>οἱ</span> <span class='ocrx_word' id='word_1_361' title='bbox 1208 3827 1500 3887; x_wconf 70' lang='grc' dir='ltr'>ἀσκοῦντες</span> <span class='ocrx_word' id='word_1_362' title='bbox 1555 3824 1652 3895; x_wconf 83' lang='grc' dir='ltr'>τὴν</span> <span class='ocrx_word' id='word_1_363' title='bbox 1683 3826 1853 3895; x_wconf 88' lang='grc' dir='ltr'>ἀκτη-</span> 
     </span>
    </p>
   </div>
   <div class='ocr_carea' id='block_1_40' title="bbox 279 3913 1854 3989">
    <p class='ocr_par' dir='ltr' id='par_1_40' title="bbox 279 3913 1854 3989">
     <span class='ocr_line' id='line_1_40' title="bbox 279 3913 1854 3989; baseline -0.003 -18"><span class='ocrx_word' id='word_1_364' title='bbox 279 3917 538 3989; x_wconf 73' lang='grc' dir='ltr'>μοσύνην.</span> <span class='ocrx_word' id='word_1_365' title='bbox 565 3938 582 3970; x_wconf 75' lang='grc' dir='ltr'><strong>ι</strong></span> <span class='ocrx_word' id='word_1_366' title='bbox 625 3919 767 3970; x_wconf 87' lang='grc' dir='ltr'>Ὠσε“ι</span> <span class='ocrx_word' id='word_1_367' title='bbox 791 3918 920 3988; x_wconf 88' lang='grc' dir='ltr'>βέλη</span> <span class='ocrx_word' id='word_1_368' title='bbox 943 3918 1072 3987; x_wconf 79' lang='grc' dir='ltr'>γάρ,</span> <span class='ocrx_word' id='word_1_369' title='bbox 1103 3919 1160 3968; x_wconf 86' lang='grc' dir='ltr'><strong>ἐν</strong></span> <span class='ocrx_word' id='word_1_370' title='bbox 1195 3917 1337 3988; x_wconf 79' lang='grc' dir='ltr'>χειρὶ</span> <span class='ocrx_word' id='word_1_371' title='bbox 1363 3913 1611 3978; x_wconf 81' lang='grc' dir='ltr'>δυνατοῦ,</span> <span class='ocrx_word' id='word_1_372' title='bbox 1639 3936 1657 3966; x_wconf 78' lang='grc' dir='ltr'><strong>ι</strong></span> <span class='ocrx_word' id='word_1_373' title='bbox 1683 3915 1854 3976; x_wconf 80' lang='grc' dir='ltr'>οὕτως</span> 
     </span>
    </p>
   </div>
   <div class='ocr_carea' id='block_1_41' title="bbox 279 4004 1854 4078">
    <p class='ocr_par' dir='ltr' id='par_1_41' title="bbox 279 4004 1854 4078">
     <span class='ocr_line' id='line_1_41' title="bbox 279 4004 1854 4078; baseline -0.003 -15"><span class='ocrx_word' id='word_1_374' title='bbox 279 4011 388 4063; x_wconf 73' lang='grc' dir='ltr'>υἱοὶ</span> <span class='ocrx_word' id='word_1_375' title='bbox 412 4010 521 4064; x_wconf 84' lang='grc' dir='ltr'>τῶν</span> <span class='ocrx_word' id='word_1_376' title='bbox 544 4008 932 4074; x_wconf 81' lang='grc' dir='ltr'>ἐκτιναξάντων</span> <span class='ocrx_word' id='word_1_377' title='bbox 953 4010 1177 4072; x_wconf 83' lang='grc' dir='ltr'>ἐαυτοὺς</span> <span class='ocrx_word' id='word_1_378' title='bbox 1198 4007 1304 4062; x_wconf 84' lang='grc' dir='ltr'><strong>ἀπὸ</strong></span> <span class='ocrx_word' id='word_1_379' title='bbox 1325 4007 1422 4078; x_wconf 83' lang='grc' dir='ltr'><strong>τῆς</strong></span> <span class='ocrx_word' id='word_1_380' title='bbox 1443 4005 1574 4076; x_wconf 77' lang='grc' dir='ltr'>ὕλης</span> <span class='ocrx_word' id='word_1_381' title='bbox 1599 4004 1693 4060; x_wconf 88' lang='grc' dir='ltr'><strong>τοῦ</strong></span> <span class='ocrx_word' id='word_1_382' title='bbox 1719 4005 1854 4059; x_wconf 85' lang='grc' dir='ltr'><strong>αἰῶ-</strong></span> 
     </span>
    </p>
   </div>
   <div class='ocr_carea' id='block_1_42' title="bbox 1950 1514 3534 1581">
    <p class='ocr_par' dir='ltr' id='par_1_42' title="bbox 1950 1514 3534 1581">
     <span class='ocr_line' id='line_1_42' title="bbox 1950 1514 3534 1581; baseline 0.008 -15"><span class='ocrx_word' id='word_1_383' title='bbox 1950 1529 2050 1568; x_wconf 88' lang='lat' dir='ltr'><strong>nos</strong></span> <span class='ocrx_word' id='word_1_384' title='bbox 2085 1523 2190 1568; x_wconf 89' lang='lat' dir='ltr'><strong>tam</strong></span> <span class='ocrx_word' id='word_1_385' title='bbox 2225 1514 2482 1570; x_wconf 89' lang='lat' dir='ltr'><strong>clementi</strong></span> <span class='ocrx_word' id='word_1_386' title='bbox 2512 1515 2763 1581; x_wconf 90' lang='lat' dir='ltr'><strong>Domino,</strong></span> <span class='ocrx_word' id='word_1_387' title='bbox 2793 1532 2898 1570; x_wconf 88' lang='lat' dir='ltr'><strong>nec</strong></span> <span class='ocrx_word' id='word_1_388' title='bbox 2933 1518 3042 1573; x_wconf 91' lang='lat' dir='ltr'><strong>ulla</strong></span> <span class='ocrx_word' id='word_1_389' title='bbox 3091 1535 3158 1573; x_wconf 82' lang='lat' dir='ltr'><strong>ex</strong></span> <span class='ocrx_word' id='word_1_390' title='bbox 3209 1537 3266 1576; x_wconf 90' lang='lat' dir='ltr'><strong>re</strong></span> <span class='ocrx_word' id='word_1_391' title='bbox 3307 1523 3388 1576; x_wconf 88' lang='lat' dir='ltr'><strong>sic</strong></span> <span class='ocrx_word' id='word_1_392' title='bbox 3432 1524 3534 1578; x_wconf 83' lang='lat' dir='ltr'><strong>mi-</strong></span> 
     </span>
    </p>
   </div>
   <div class='ocr_carea' id='block_1_43' title="bbox 1949 1605 3532 1682">
    <p class='ocr_par' dir='ltr' id='par_1_43' title="bbox 1949 1605 3532 1682">
     <span class='ocr_line' id='line_1_43' title="bbox 1949 1605 3532 1682; baseline 0.006 -24"><span class='ocrx_word' id='word_1_393' title='bbox 1949 1619 2071 1659; x_wconf 90' lang='lat' dir='ltr'><strong>sere</strong></span> <span class='ocrx_word' id='word_1_394' title='bbox 2106 1605 2420 1676; x_wconf 90' lang='lat' dir='ltr'><strong>eliquemnr</strong></span> <span class='ocrx_word' id='word_1_395' title='bbox 2448 1614 2543 1659; x_wconf 91' lang='lat' dir='ltr'><strong>aut</strong></span> <span class='ocrx_word' id='word_1_396' title='bbox 2573 1605 2896 1661; x_wconf 84' lang='lat' dir='ltr'><strong>deficiamus</strong></span> <span class='ocrx_word' id='word_1_397' title='bbox 2934 1609 3158 1675; x_wconf 88' lang='lat' dir='ltr'><strong>animo;</strong></span> <span class='ocrx_word' id='word_1_398' title='bbox 3193 1613 3366 1682; x_wconf 80' lang='lat' dir='ltr'><strong>magis</strong></span> <span class='ocrx_word' id='word_1_399' title='bbox 3399 1630 3532 1670; x_wconf 81' lang='lat' dir='ltr'><strong>vero</strong></span> 
     </span>
    </p>
   </div>
   <div class='ocr_carea' id='block_1_44' title="bbox 1949 1697 3530 1773">
    <p class='ocr_par' dir='ltr' id='par_1_44' title="bbox 1949 1697 3530 1773">
     <span class='ocr_line' id='line_1_44' title="bbox 1949 1697 3530 1773; baseline 0.006 -22"><span class='ocrx_word' id='word_1_400' title='bbox 1949 1704 2173 1752; x_wconf 83' lang='lat' dir='ltr'><strong>strenue</strong></span> <span class='ocrx_word' id='word_1_401' title='bbox 2205 1697 2626 1763; x_wconf 83' lang='lat' dir='ltr'><strong>contendamus,</strong></span> <span class='ocrx_word' id='word_1_402' title='bbox 2671 1699 2818 1753; x_wconf 89' lang='lat' dir='ltr'><strong>illius</strong></span> <span class='ocrx_word' id='word_1_403' title='bbox 2862 1717 3142 1756; x_wconf 84' lang='lat' dir='ltr'><strong>memores</strong></span> <span class='ocrx_word' id='word_1_404' title='bbox 3187 1703 3530 1773; x_wconf 70' lang='lat' dir='ltr'><strong>Scriptum:</strong></span> 
     </span>
    </p>
   </div>
   <div class='ocr_carea' id='block_1_45' title="bbox 1956 1790 3536 1865">
    <p class='ocr_par' dir='ltr' id='par_1_45' title="bbox 1956 1790 3536 1865">
     <span class='ocr_line' id='line_1_45' title="bbox 1956 1790 3536 1865; baseline 0.007 -25"><span class='ocrx_word' id='word_1_405' title='bbox 1956 1809 1973 1840; x_wconf 77' lang='grc' dir='ltr'><strong>ι</strong></span> <span class='ocrx_word' id='word_1_406' title='bbox 2004 1790 2151 1846; x_wconf 80' lang='lat' dir='ltr'><strong>Dixit</strong></span> <span class='ocrx_word' id='word_1_407' title='bbox 2183 1800 2366 1844; x_wconf 88' lang='lat' dir='ltr'><strong>autem</strong></span> <span class='ocrx_word' id='word_1_408' title='bbox 2402 1791 2483 1846; x_wconf 90' lang='lat' dir='ltr'><strong>eis</strong></span> <span class='ocrx_word' id='word_1_409' title='bbox 2515 1800 2571 1845; x_wconf 89' lang='lat' dir='ltr'><strong>et</strong></span> <span class='ocrx_word' id='word_1_410' title='bbox 2609 1792 2952 1861; x_wconf 87' lang='lat' dir='ltr'><strong>parabolam,</strong></span> <span class='ocrx_word' id='word_1_411' title='bbox 2984 1793 3115 1864; x_wconf 88' lang='lat' dir='ltr'><strong>quia</strong></span> <span class='ocrx_word' id='word_1_412' title='bbox 3140 1803 3360 1865; x_wconf 88' lang='lat' dir='ltr'><strong>oportet</strong></span> <span class='ocrx_word' id='word_1_413' title='bbox 3389 1813 3536 1850; x_wconf 87' lang='lat' dir='ltr'><strong>sem-</strong></span> 
     </span>
    </p>
   </div>
   <div class='ocr_carea' id='block_1_46' title="bbox 1951 1881 3535 1954">
    <p class='ocr_par' dir='ltr' id='par_1_46' title="bbox 1951 1881 3535 1954">
     <span class='ocr_line' id='line_1_46' title="bbox 1951 1881 3535 1954; baseline 0.006 -20"><span class='ocrx_word' id='word_1_414' title='bbox 1951 1896 2050 1954; x_wconf 88' lang='lat' dir='ltr'><strong>per</strong></span> <span class='ocrx_word' id='word_1_415' title='bbox 2077 1897 2237 1936; x_wconf 88' lang='lat' dir='ltr'><strong>orare</strong></span> <span class='ocrx_word' id='word_1_416' title='bbox 2270 1891 2325 1936; x_wconf 89' lang='lat' dir='ltr'><strong>et</strong></span> <span class='ocrx_word' id='word_1_417' title='bbox 2371 1898 2478 1935; x_wconf 88' lang='lat' dir='ltr'><strong>non</strong></span> <span class='ocrx_word' id='word_1_418' title='bbox 2511 1881 2750 1936; x_wconf 79' lang='lat' dir='ltr'><strong>deiicere</strong></span> <span class='ocrx_word' id='word_1_419' title='bbox 2778 1883 2844 1936; x_wconf 72' lang='lat'><strong>“.</strong></span> <span class='ocrx_word' id='word_1_420' title='bbox 2880 1903 2896 1933; x_wconf 71' lang='grc' dir='ltr'><strong>ι</strong></span> <span class='ocrx_word' id='word_1_421' title='bbox 2930 1883 3138 1938; x_wconf 89' lang='lat' dir='ltr'><strong>Infert:</strong></span> <span class='ocrx_word' id='word_1_422' title='bbox 3177 1905 3193 1935; x_wconf 81' lang='grc' dir='ltr'><strong>ι</strong></span> <span class='ocrx_word' id='word_1_423' title='bbox 3231 1887 3374 1940; x_wconf 86' lang='lat' dir='ltr'><strong>Deus</strong></span> <span class='ocrx_word' id='word_1_424' title='bbox 3401 1903 3535 1944; x_wconf 81' lang='lat' dir='ltr'><strong>vero</strong></span> 
     </span>
    </p>
   </div>
   <div class='ocr_carea' id='block_1_47' title="bbox 1951 1971 3531 2043">
    <p class='ocr_par' dir='ltr' id='par_1_47' title="bbox 1951 1971 3531 2043">
     <span class='ocr_line' id='line_1_47' title="bbox 1951 1971 3531 2043; baseline 0.004 -17"><span class='ocrx_word' id='word_1_425' title='bbox 1951 1987 2059 2027; x_wconf 93' lang='lat' dir='ltr'><strong>non</strong></span> <span class='ocrx_word' id='word_1_426' title='bbox 2084 1971 2247 2028; x_wconf 82' lang='lat' dir='ltr'><strong>faciet</strong></span> <span class='ocrx_word' id='word_1_427' title='bbox 2273 1973 2567 2026; x_wconf 80' lang='lat' dir='ltr'><strong>vindictam</strong></span> <span class='ocrx_word' id='word_1_428' title='bbox 2595 1974 2951 2028; x_wconf 81' lang='lat' dir='ltr'><strong>clamantium</strong></span> <span class='ocrx_word' id='word_1_429' title='bbox 2976 1975 3042 2030; x_wconf 90' lang='lat' dir='ltr'><strong>ad</strong></span> <span class='ocrx_word' id='word_1_430' title='bbox 3068 1992 3125 2030; x_wconf 85' lang='lat' dir='ltr'><strong>se</strong></span> <span class='ocrx_word' id='word_1_431' title='bbox 3149 1976 3237 2030; x_wconf 89' lang='lat' dir='ltr'><strong>die</strong></span> <span class='ocrx_word' id='word_1_432' title='bbox 3258 1993 3321 2032; x_wconf 88' lang='lat' dir='ltr'><strong>ac</strong></span> <span class='ocrx_word' id='word_1_433' title='bbox 3343 1988 3531 2043; x_wconf 88' lang='lat' dir='ltr'><strong>nocte,</strong></span> 
     </span>
    </p>
   </div>
   <div class='ocr_carea' id='block_1_48' title="bbox 1949 2065 3535 2138">
    <p class='ocr_par' dir='ltr' id='par_1_48' title="bbox 1949 2065 3535 2138">
     <span class='ocr_line' id='line_1_48' title="bbox 1949 2065 3535 2138; baseline 0.003 -18"><span class='ocrx_word' id='word_1_434' title='bbox 1949 2075 2006 2120; x_wconf 89' lang='lat' dir='ltr'><strong>et</strong></span> <span class='ocrx_word' id='word_1_435' title='bbox 2035 2065 2254 2134; x_wconf 90' lang='lat' dir='ltr'><strong>patiens</strong></span> <span class='ocrx_word' id='word_1_436' title='bbox 2285 2065 2431 2121; x_wconf 89' lang='lat' dir='ltr'><strong>erit?</strong></span> <span class='ocrx_word' id='word_1_437' title='bbox 2457 2065 2617 2121; x_wconf 86' lang='lat' dir='ltr'><strong>Certe</strong></span> <span class='ocrx_word' id='word_1_438' title='bbox 2643 2067 2769 2120; x_wconf 88' lang='lat' dir='ltr'><strong>dico</strong></span> <span class='ocrx_word' id='word_1_439' title='bbox 2803 2067 2982 2131; x_wconf 90' lang='lat' dir='ltr'><strong>vobis,</strong></span> <span class='ocrx_word' id='word_1_440' title='bbox 3017 2067 3145 2138; x_wconf 90' lang='lat' dir='ltr'><strong>quia</strong></span> <span class='ocrx_word' id='word_1_441' title='bbox 3181 2069 3347 2124; x_wconf 82' lang='lat' dir='ltr'><strong>faciet</strong></span> <span class='ocrx_word' id='word_1_442' title='bbox 3379 2070 3535 2125; x_wconf 85' lang='lat' dir='ltr'><strong>velo-</strong></span> 
     </span>
    </p>
   </div>
   <div class='ocr_carea' id='block_1_49' title="bbox 1950 2155 3532 2232">
    <p class='ocr_par' dir='ltr' id='par_1_49' title="bbox 1950 2155 3532 2232">
     <span class='ocr_line' id='line_1_49' title="bbox 1950 2155 3532 2232; baseline 0.005 -22"><span class='ocrx_word' id='word_1_443' title='bbox 1950 2155 2088 2212; x_wconf 86' lang='lat' dir='ltr'><strong>citer</strong></span> <span class='ocrx_word' id='word_1_444' title='bbox 2120 2158 2416 2212; x_wconf 77' lang='lat' dir='ltr'><strong>vindictam</strong></span> <span class='ocrx_word' id='word_1_445' title='bbox 2439 2173 2632 2214; x_wconf 84' lang='lat' dir='ltr'><strong>eorum</strong></span> <span class='ocrx_word' id='word_1_446' title='bbox 2665 2161 2763 2213; x_wconf 75' lang='grc'><strong>⁵⁵.»</strong></span> <span class='ocrx_word' id='word_1_447' title='bbox 2791 2160 2897 2230; x_wconf 88' lang='lat' dir='ltr'><strong>Ipsi</strong></span> <span class='ocrx_word' id='word_1_448' title='bbox 2924 2161 3096 2232; x_wconf 77' lang='lat' dir='ltr'><strong>gloria</strong></span> <span class='ocrx_word' id='word_1_449' title='bbox 3126 2162 3180 2216; x_wconf 88' lang='lat' dir='ltr'><strong>in</strong></span> <span class='ocrx_word' id='word_1_450' title='bbox 3209 2163 3406 2218; x_wconf 71' lang='lat' dir='ltr'><strong>saecula</strong></span> <span class='ocrx_word' id='word_1_451' title='bbox 3429 2178 3532 2218; x_wconf 70' lang='lat' dir='ltr'><strong>sae-</strong></span> 
     </span>
    </p>
   </div>
   <div class='ocr_carea' id='block_1_50' title="bbox 1951 2251 2452 2306">
    <p class='ocr_par' dir='ltr' id='par_1_50' title="bbox 1951 2251 2452 2306">
     <span class='ocr_line' id='line_1_50' title="bbox 1951 2251 2452 2306; baseline -0.002 -1"><span class='ocrx_word' id='word_1_452' title='bbox 1951 2251 2228 2306; x_wconf 82' lang='lat' dir='ltr'><strong>culorum.</strong></span> <span class='ocrx_word' id='word_1_453' title='bbox 2257 2252 2452 2306; x_wconf 87' lang='lat' dir='ltr'><strong>Amen.</strong></span> 
     </span>
    </p>
   </div>
   <div class='ocr_carea' id='block_1_51' title="bbox 2435 2364 3049 2425">
    <p class='ocr_par' dir='ltr' id='par_1_51' title="bbox 2435 2364 3049 2425">
     <span class='ocr_line' id='line_1_51' title="bbox 2435 2364 3049 2425; baseline 0.011 -7"><span class='ocrx_word' id='word_1_454' title='bbox 2435 2364 2719 2420; x_wconf 79' lang='lat' dir='ltr'><strong>IIOMILIA</strong></span> <span class='ocrx_word' id='word_1_455' title='bbox 2765 2365 3049 2425; x_wconf 85' lang='lat' dir='ltr'><strong>LXXXVI.</strong></span> 
     </span>
    </p>
   </div>
   <div class='ocr_carea' id='block_1_52' title="bbox 2581 2456 2898 2512">
    <p class='ocr_par' dir='ltr' id='par_1_52' title="bbox 2581 2456 2898 2512">
     <span class='ocr_line' id='line_1_52' title="bbox 2581 2456 2898 2512; baseline 0.006 -2"><span class='ocrx_word' id='word_1_456' title='bbox 2581 2456 2658 2510; x_wconf 78' lang='lat' dir='ltr'><strong>De</strong></span> <span class='ocrx_word' id='word_1_457' title='bbox 2699 2457 2898 2512; x_wconf 85' lang='lat' dir='ltr'><strong>labore.</strong></span> 
     </span>
    </p>
   </div>
   <div class='ocr_carea' id='block_1_53' title="bbox 2021 2544 3531 2614">
    <p class='ocr_par' dir='ltr' id='par_1_53' title="bbox 2021 2544 3531 2614">
     <span class='ocr_line' id='line_1_53' title="bbox 2021 2544 3531 2614; baseline 0.005 -16"><span class='ocrx_word' id='word_1_458' title='bbox 2021 2544 2126 2611; x_wconf 85' lang='lat' dir='ltr'><strong>Qui</strong></span> <span class='ocrx_word' id='word_1_459' title='bbox 2184 2544 2488 2600; x_wconf 89' lang='lat' dir='ltr'><strong>secundum</strong></span> <span class='ocrx_word' id='word_1_460' title='bbox 2542 2546 2718 2601; x_wconf 89' lang='lat' dir='ltr'><strong>Deum</strong></span> <span class='ocrx_word' id='word_1_461' title='bbox 2769 2557 2903 2604; x_wconf 88' lang='lat' dir='ltr'><strong>sunt</strong></span> <span class='ocrx_word' id='word_1_462' title='bbox 2953 2547 3193 2614; x_wconf 84' lang='lat' dir='ltr'><strong>labores,</strong></span> <span class='ocrx_word' id='word_1_463' title='bbox 3251 2549 3531 2608; x_wconf 82' lang='lat' dir='ltr'><strong>hominem</strong></span> 
     </span>
    </p>
   </div>
   <div class='ocr_carea' id='block_1_54' title="bbox 1953 2637 3533 2712">
    <p class='ocr_par' dir='ltr' id='par_1_54' title="bbox 1953 2637 3533 2712">
     <span class='ocr_line' id='line_1_54' title="bbox 1953 2637 3533 2712; baseline 0.005 -22"><span class='ocrx_word' id='word_1_464' title='bbox 1953 2647 2102 2706; x_wconf 72' lang='lat' dir='ltr'><strong>recta</strong></span> <span class='ocrx_word' id='word_1_465' title='bbox 2158 2637 2474 2709; x_wconf 84' lang='lat' dir='ltr'><strong>provehunt</strong></span> <span class='ocrx_word' id='word_1_466' title='bbox 2525 2638 2594 2693; x_wconf 89' lang='lat' dir='ltr'><strong>ad</strong></span> <span class='ocrx_word' id='word_1_467' title='bbox 2643 2647 2864 2708; x_wconf 89' lang='lat' dir='ltr'><strong>portum</strong></span> <span class='ocrx_word' id='word_1_468' title='bbox 2897 2640 3112 2702; x_wconf 85' lang='lat' dir='ltr'><strong>salutis,</strong></span> <span class='ocrx_word' id='word_1_469' title='bbox 3182 2642 3533 2712; x_wconf 82' lang='lat' dir='ltr'><strong>multumque</strong></span> 
     </span>
    </p>
   </div>
   <div class='ocr_carea' id='block_1_55' title="bbox 1953 2730 3533 2802">
    <p class='ocr_par' dir='ltr' id='par_1_55' title="bbox 1953 2730 3533 2802">
     <span class='ocr_line' id='line_1_55' title="bbox 1953 2730 3533 2802; baseline 0.004 -19"><span class='ocrx_word' id='word_1_470' title='bbox 1953 2738 2213 2798; x_wconf 65' lang='lat' dir='ltr'><strong>prmstant</strong></span> <span class='ocrx_word' id='word_1_471' title='bbox 2245 2730 2460 2786; x_wconf 67' lang='lat' dir='ltr'><strong>ﬁduciae</strong></span> <span class='ocrx_word' id='word_1_472' title='bbox 2512 2731 2658 2800; x_wconf 89' lang='lat' dir='ltr'><strong>apud</strong></span> <span class='ocrx_word' id='word_1_473' title='bbox 2685 2732 2890 2786; x_wconf 87' lang='lat' dir='ltr'><strong>Deum:</strong></span> <span class='ocrx_word' id='word_1_474' title='bbox 2949 2749 3056 2802; x_wconf 88' lang='lat' dir='ltr'><strong>qua</strong></span> <span class='ocrx_word' id='word_1_475' title='bbox 3104 2733 3299 2799; x_wconf 88' lang='lat' dir='ltr'><strong>fretus,</strong></span> <span class='ocrx_word' id='word_1_476' title='bbox 3347 2734 3533 2790; x_wconf 79' lang='lat' dir='ltr'><strong>dicere</strong></span> 
     </span>
    </p>
   </div>
   <div class='ocr_carea' id='block_1_56' title="bbox 1953 2819 3538 2891">
    <p class='ocr_par' dir='ltr' id='par_1_56' title="bbox 1953 2819 3538 2891">
     <span class='ocr_line' id='line_1_56' title="bbox 1953 2819 3538 2891; baseline 0.004 -18"><span class='ocrx_word' id='word_1_477' title='bbox 1953 2819 2187 2891; x_wconf 77' lang='lat' dir='ltr'><strong>ingenue</strong></span> <span class='ocrx_word' id='word_1_478' title='bbox 2215 2822 2396 2877; x_wconf 87' lang='lat' dir='ltr'><strong>ausit:</strong></span> <span class='ocrx_word' id='word_1_479' title='bbox 2439 2839 2458 2873; x_wconf 80' lang='grc' dir='ltr'><strong>ι</strong></span> <span class='ocrx_word' id='word_1_480' title='bbox 2496 2821 2631 2877; x_wconf 75' lang='lat' dir='ltr'><strong>Vide</strong></span> <span class='ocrx_word' id='word_1_481' title='bbox 2660 2822 3028 2877; x_wconf 83' lang='lat' dir='ltr'><strong>humilitatem</strong></span> <span class='ocrx_word' id='word_1_482' title='bbox 3078 2840 3254 2878; x_wconf 85' lang='lat' dir='ltr'><strong>meam</strong></span> <span class='ocrx_word' id='word_1_483' title='bbox 3277 2833 3336 2878; x_wconf 91' lang='lat' dir='ltr'><strong>et</strong></span> <span class='ocrx_word' id='word_1_484' title='bbox 3381 2825 3538 2879; x_wconf 84' lang='lat' dir='ltr'><strong>labo-</strong></span> 
     </span>
    </p>
   </div>
   <div class='ocr_carea' id='block_1_57' title="bbox 1951 2913 3530 2984">
    <p class='ocr_par' dir='ltr' id='par_1_57' title="bbox 1951 2913 3530 2984">
     <span class='ocr_line' id='line_1_57' title="bbox 1951 2913 3530 2984; baseline 0.003 -19"><span class='ocrx_word' id='word_1_485' title='bbox 1951 2927 2068 2968; x_wconf 86' lang='lat' dir='ltr'><strong>rem</strong></span> <span class='ocrx_word' id='word_1_486' title='bbox 2097 2928 2304 2978; x_wconf 91' lang='lat' dir='ltr'><strong>meum,</strong></span> <span class='ocrx_word' id='word_1_487' title='bbox 2362 2921 2418 2967; x_wconf 91' lang='lat' dir='ltr'><strong>et</strong></span> <span class='ocrx_word' id='word_1_488' title='bbox 2453 2913 2668 2968; x_wconf 89' lang='lat' dir='ltr'><strong>dimitte</strong></span> <span class='ocrx_word' id='word_1_489' title='bbox 2716 2914 2970 2969; x_wconf 85' lang='lat' dir='ltr'><strong>universa</strong></span> <span class='ocrx_word' id='word_1_490' title='bbox 2996 2925 3216 2984; x_wconf 89' lang='lat' dir='ltr'><strong>peccata</strong></span> <span class='ocrx_word' id='word_1_491' title='bbox 3270 2917 3476 2972; x_wconf 72' lang='lat' dir='ltr'><strong>mea“:</strong></span> <span class='ocrx_word' id='word_1_492' title='bbox 3509 2935 3530 2970; x_wconf 69' lang='lat' dir='ltr'><strong>a</strong></span> 
     </span>
    </p>
   </div>
   <div class='ocr_carea' id='block_1_58' title="bbox 1951 3005 3536 3078">
    <p class='ocr_par' dir='ltr' id='par_1_58' title="bbox 1951 3005 3536 3078">
     <span class='ocr_line' id='line_1_58' title="bbox 1951 3005 3536 3078; baseline 0.002 -18"><span class='ocrx_word' id='word_1_493' title='bbox 1951 3006 2079 3078; x_wconf 85' lang='lat' dir='ltr'><strong>quia</strong></span> <span class='ocrx_word' id='word_1_494' title='bbox 2119 3025 2136 3054; x_wconf 77' lang='grc' dir='ltr'><strong>ι</strong></span> <span class='ocrx_word' id='word_1_495' title='bbox 2167 3005 2438 3060; x_wconf 81' lang='lat' dir='ltr'><strong>Lahoravi</strong></span> <span class='ocrx_word' id='word_1_496' title='bbox 2467 3007 2730 3070; x_wconf 88' lang='lat' dir='ltr'><strong>clamans,</strong></span> <span class='ocrx_word' id='word_1_497' title='bbox 2767 3021 2949 3061; x_wconf 72' lang='lat' dir='ltr'><strong>rauca:</strong></span> <span class='ocrx_word' id='word_1_498' title='bbox 2995 3008 3151 3062; x_wconf 66' lang='lat' dir='ltr'><strong>facta:</strong></span> <span class='ocrx_word' id='word_1_499' title='bbox 3179 3016 3309 3062; x_wconf 89' lang='lat' dir='ltr'><strong>sunt</strong></span> <span class='ocrx_word' id='word_1_500' title='bbox 3348 3008 3536 3064; x_wconf 81' lang='lat' dir='ltr'><strong>fauces</strong></span> 
     </span>
    </p>
   </div>
   <div class='ocr_carea' id='block_1_59' title="bbox 1950 3097 3533 3168">
    <p class='ocr_par' dir='ltr' id='par_1_59' title="bbox 1950 3097 3533 3168">
     <span class='ocr_line' id='line_1_59' title="bbox 1950 3097 3533 3168; baseline 0.001 -16"><span class='ocrx_word' id='word_1_501' title='bbox 1950 3114 2107 3162; x_wconf 73' lang='lat' dir='ltr'><strong>mete,</strong></span> <span class='ocrx_word' id='word_1_502' title='bbox 2139 3105 2195 3153; x_wconf 88' lang='lat' dir='ltr'><strong>et</strong></span> <span class='ocrx_word' id='word_1_503' title='bbox 2222 3098 2367 3152; x_wconf 91' lang='lat' dir='ltr'><strong>oculi</strong></span> <span class='ocrx_word' id='word_1_504' title='bbox 2395 3097 2502 3152; x_wconf 89' lang='lat' dir='ltr'><strong>mei</strong></span> <span class='ocrx_word' id='word_1_505' title='bbox 2537 3097 2862 3152; x_wconf 83' lang='lat' dir='ltr'><strong>defecerunt</strong></span> <span class='ocrx_word' id='word_1_506' title='bbox 2884 3098 3014 3152; x_wconf 88' lang='lat' dir='ltr'><strong>dum</strong></span> <span class='ocrx_word' id='word_1_507' title='bbox 3043 3113 3204 3168; x_wconf 84' lang='lat' dir='ltr'><strong>spero</strong></span> <span class='ocrx_word' id='word_1_508' title='bbox 3245 3099 3298 3153; x_wconf 90' lang='lat' dir='ltr'><strong>in</strong></span> <span class='ocrx_word' id='word_1_509' title='bbox 3360 3099 3533 3154; x_wconf 79' lang='lat' dir='ltr'><strong>Deum</strong></span> 
     </span>
    </p>
   </div>
   <div class='ocr_carea' id='block_1_60' title="bbox 1951 3188 3536 3260">
    <p class='ocr_par' dir='ltr' id='par_1_60' title="bbox 1951 3188 3536 3260">
     <span class='ocr_line' id='line_1_60' title="bbox 1951 3188 3536 3260; baseline 0 -16"><span class='ocrx_word' id='word_1_510' title='bbox 1951 3206 2136 3248; x_wconf 88' lang='lat' dir='ltr'><strong>meum</strong></span> <span class='ocrx_word' id='word_1_511' title='bbox 2164 3191 2231 3243; x_wconf 84' lang='grc'><strong>⁸⁷.</strong></span> <span class='ocrx_word' id='word_1_512' title='bbox 2267 3208 2284 3241; x_wconf 69' lang='grc' dir='ltr'><strong>ι</strong></span> <span class='ocrx_word' id='word_1_513' title='bbox 2349 3188 2563 3258; x_wconf 90' lang='lat' dir='ltr'><strong>Corpus</strong></span> <span class='ocrx_word' id='word_1_514' title='bbox 2611 3189 2796 3258; x_wconf 89' lang='lat' dir='ltr'><strong>itaque</strong></span> <span class='ocrx_word' id='word_1_515' title='bbox 2842 3197 3092 3243; x_wconf 86' lang='lat' dir='ltr'><strong>nostrum</strong></span> <span class='ocrx_word' id='word_1_516' title='bbox 3139 3189 3489 3260; x_wconf 81' lang='lat' dir='ltr'><strong>animamque</strong></span> <span class='ocrx_word' id='word_1_517' title='bbox 3513 3229 3536 3254; x_wconf 86' lang='lat'><strong>,_</strong></span> 
     </span>
    </p>
   </div>
   <div class='ocr_carea' id='block_1_61' title="bbox 1951 3281 3535 3350">
    <p class='ocr_par' dir='ltr' id='par_1_61' title="bbox 1951 3281 3535 3350">
     <span class='ocr_line' id='line_1_61' title="bbox 1951 3281 3535 3350; baseline -0.002 -11"><span class='ocrx_word' id='word_1_518' title='bbox 1951 3281 2287 3343; x_wconf 88' lang='lat' dir='ltr'><strong>cbarissimi,</strong></span> <span class='ocrx_word' id='word_1_519' title='bbox 2327 3281 2566 3335; x_wconf 88' lang='lat' dir='ltr'><strong>assiduis</strong></span> <span class='ocrx_word' id='word_1_520' title='bbox 2619 3295 2963 3336; x_wconf 89' lang='lat' dir='ltr'><strong>maceremus</strong></span> <span class='ocrx_word' id='word_1_521' title='bbox 3012 3281 3259 3350; x_wconf 79' lang='lat' dir='ltr'><strong>jejuniis,</strong></span> <span class='ocrx_word' id='word_1_522' title='bbox 3305 3297 3535 3336; x_wconf 85' lang='lat' dir='ltr'><strong>manua—</strong></span> 
     </span>
    </p>
   </div>
   <div class='ocr_carea' id='block_1_62' title="bbox 1953 3372 3536 3441">
    <p class='ocr_par' dir='ltr' id='par_1_62' title="bbox 1953 3372 3536 3441">
     <span class='ocr_line' id='line_1_62' title="bbox 1953 3372 3536 3441; baseline 0 -15"><span class='ocrx_word' id='word_1_523' title='bbox 1953 3374 2035 3427; x_wconf 85' lang='lat' dir='ltr'><strong>rio</strong></span> <span class='ocrx_word' id='word_1_524' title='bbox 2070 3375 2198 3427; x_wconf 87' lang='lat' dir='ltr'><strong>item</strong></span> <span class='ocrx_word' id='word_1_525' title='bbox 2241 3372 2397 3441; x_wconf 90' lang='lat' dir='ltr'><strong>operi</strong></span> <span class='ocrx_word' id='word_1_526' title='bbox 2446 3373 2700 3441; x_wconf 89' lang='lat' dir='ltr'><strong>nosipsos</strong></span> <span class='ocrx_word' id='word_1_527' title='bbox 2756 3373 3155 3440; x_wconf 85' lang='lat' dir='ltr'><strong>mancipemus,</strong></span> <span class='ocrx_word' id='word_1_528' title='bbox 3215 3381 3296 3436; x_wconf 90' lang='lat' dir='ltr'><strong>ut,</strong></span> <span class='ocrx_word' id='word_1_529' title='bbox 3342 3393 3359 3424; x_wconf 72' lang='grc' dir='ltr'><strong>ι</strong></span> <span class='ocrx_word' id='word_1_530' title='bbox 3393 3373 3536 3427; x_wconf 81' lang='lat' dir='ltr'><strong>Cum</strong></span> 
     </span>
    </p>
   </div>
   <div class='ocr_carea' id='block_1_63' title="bbox 1952 3459 3532 3528">
    <p class='ocr_par' dir='ltr' id='par_1_63' title="bbox 1952 3459 3532 3528">
     <span class='ocr_line' id='line_1_63' title="bbox 1952 3459 3532 3528; baseline -0.004 -10"><span class='ocrx_word' id='word_1_531' title='bbox 1952 3459 2167 3518; x_wconf 87' lang='lat' dir='ltr'><strong>dederit</strong></span> <span class='ocrx_word' id='word_1_532' title='bbox 2193 3459 2410 3514; x_wconf 87' lang='lat' dir='ltr'><strong>dilectis</strong></span> <span class='ocrx_word' id='word_1_533' title='bbox 2435 3459 2552 3512; x_wconf 89' lang='lat' dir='ltr'><strong>suis</strong></span> <span class='ocrx_word' id='word_1_534' title='bbox 2574 3474 2832 3512; x_wconf 89' lang='lat' dir='ltr'><strong>sonmum</strong></span> <span class='ocrx_word' id='word_1_535' title='bbox 2851 3459 2946 3523; x_wconf 69' lang='lat' dir='ltr'><strong>“,i</strong></span> <span class='ocrx_word' id='word_1_536' title='bbox 2988 3459 3092 3514; x_wconf 89' lang='lat' dir='ltr'><strong>hoc</strong></span> <span class='ocrx_word' id='word_1_537' title='bbox 3123 3469 3232 3519; x_wconf 79' lang='lat' dir='ltr'><strong>est.</strong></span> <span class='ocrx_word' id='word_1_538' title='bbox 3262 3460 3532 3528; x_wconf 72' lang='lat' dir='ltr'><strong>requiem,</strong></span> 
     </span>
    </p>
   </div>
   <div class='ocr_carea' id='block_1_64' title="bbox 1953 3550 3532 3620">
    <p class='ocr_par' dir='ltr' id='par_1_64' title="bbox 1953 3550 3532 3620">
     <span class='ocr_line' id='line_1_64' title="bbox 1953 3550 3532 3620; baseline 0.001 -15"><span class='ocrx_word' id='word_1_539' title='bbox 1953 3552 2195 3606; x_wconf 78' lang='lat' dir='ltr'><strong>fructum</strong></span> <span class='ocrx_word' id='word_1_540' title='bbox 2250 3551 2431 3620; x_wconf 66' lang='lat' dir='ltr'><strong>dignm</strong></span> <span class='ocrx_word' id='word_1_541' title='bbox 2488 3551 2817 3620; x_wconf 89' lang='lat' dir='ltr'><strong>recipiamus</strong></span> <span class='ocrx_word' id='word_1_542' title='bbox 2873 3550 3164 3608; x_wconf 84' lang='lat' dir='ltr'><strong>mercedis.</strong></span> <span class='ocrx_word' id='word_1_543' title='bbox 3228 3551 3532 3618; x_wconf 87' lang='lat' dir='ltr'><strong>Quamnam</strong></span> 
     </span>
    </p>
   </div>
   <div class='ocr_carea' id='block_1_65' title="bbox 1953 3641 3536 3700">
    <p class='ocr_par' dir='ltr' id='par_1_65' title="bbox 1953 3641 3536 3700">
     <span class='ocr_line' id='line_1_65' title="bbox 1953 3641 3536 3700; baseline 0 0"><span class='ocrx_word' id='word_1_544' title='bbox 1953 3644 2264 3700; x_wconf 89' lang='lat' dir='ltr'><strong>mercedem</strong></span> <span class='ocrx_word' id='word_1_545' title='bbox 2280 3643 2302 3697; x_wconf 86' lang='lat'><strong>?</strong></span> <span class='ocrx_word' id='word_1_546' title='bbox 2317 3643 2583 3698; x_wconf 85' lang='lat' dir='ltr'><strong>Nimirum</strong></span> <span class='ocrx_word' id='word_1_547' title='bbox 2606 3657 2730 3697; x_wconf 92' lang='lat' dir='ltr'><strong>cum</strong></span> <span class='ocrx_word' id='word_1_548' title='bbox 2753 3641 3057 3698; x_wconf 79' lang='lat' dir='ltr'><strong>eiliciemur</strong></span> <span class='ocrx_word' id='word_1_549' title='bbox 3078 3643 3326 3700; x_wconf 69' lang='lat' dir='ltr'><strong>hatredes</strong></span> <span class='ocrx_word' id='word_1_550' title='bbox 3348 3660 3411 3700; x_wconf 73' lang='grc' dir='ltr'><strong>ἰο</strong></span> <span class='ocrx_word' id='word_1_551' title='bbox 3438 3645 3536 3700; x_wconf 85' lang='lat' dir='ltr'><strong>lilii</strong></span> 
     </span>
    </p>
   </div>
   <div class='ocr_carea' id='block_1_66' title="bbox 1954 3735 3528 3805">
    <p class='ocr_par' dir='ltr' id='par_1_66' title="bbox 1954 3735 3528 3805">
     <span class='ocr_line' id='line_1_66' title="bbox 1954 3735 3528 3805; baseline -0.003 -11"><span class='ocrx_word' id='word_1_552' title='bbox 1954 3738 2052 3794; x_wconf 89' lang='lat' dir='ltr'><strong>Dei</strong></span> <span class='ocrx_word' id='word_1_553' title='bbox 2070 3738 2137 3790; x_wconf 84' lang='grc'><strong>⁸⁹.</strong></span> <span class='ocrx_word' id='word_1_554' title='bbox 2189 3735 2315 3794; x_wconf 58' lang='lat' dir='ltr'><strong>Htec</strong></span> <span class='ocrx_word' id='word_1_555' title='bbox 2362 3737 2522 3805; x_wconf 89' lang='lat' dir='ltr'><strong>plane</strong></span> <span class='ocrx_word' id='word_1_556' title='bbox 2584 3755 2601 3786; x_wconf 75' lang='grc' dir='ltr'><strong>ι</strong></span> <span class='ocrx_word' id='word_1_557' title='bbox 2641 3736 2852 3792; x_wconf 83' lang='lat' dir='ltr'><strong>Merces</strong></span> <span class='ocrx_word' id='word_1_558' title='bbox 2909 3735 3124 3792; x_wconf 85' lang='lat' dir='ltr'><strong>fructus</strong></span> <span class='ocrx_word' id='word_1_559' title='bbox 3171 3737 3474 3792; x_wconf 78' lang='lat' dir='ltr'><strong>ventris&quot;:</strong></span> <span class='ocrx_word' id='word_1_560' title='bbox 3507 3757 3528 3790; x_wconf 71' lang='grc' dir='ltr'><strong>ι</strong></span> 
     </span>
    </p>
   </div>
   <div class='ocr_carea' id='block_1_67' title="bbox 1955 3827 3541 3897">
    <p class='ocr_par' dir='ltr' id='par_1_67' title="bbox 1955 3827 3541 3897">
     <span class='ocr_line' id='line_1_67' title="bbox 1955 3827 3541 3897; baseline 0 -15"><span class='ocrx_word' id='word_1_561' title='bbox 1955 3829 2064 3885; x_wconf 91' lang='lat' dir='ltr'><strong>hoc</strong></span> <span class='ocrx_word' id='word_1_562' title='bbox 2098 3838 2204 3892; x_wconf 85' lang='lat' dir='ltr'><strong>est,</strong></span> <span class='ocrx_word' id='word_1_563' title='bbox 2235 3827 2637 3897; x_wconf 68' lang='lat' dir='ltr'><strong>temperantiae.</strong></span> <span class='ocrx_word' id='word_1_564' title='bbox 2661 3827 3024 3881; x_wconf 81' lang='lat' dir='ltr'><strong>Inveniuntur</strong></span> <span class='ocrx_word' id='word_1_565' title='bbox 3043 3837 3100 3882; x_wconf 91' lang='lat' dir='ltr'><strong>et</strong></span> <span class='ocrx_word' id='word_1_566' title='bbox 3131 3828 3268 3884; x_wconf 77' lang='lat' dir='ltr'><strong>tales</strong></span> <span class='ocrx_word' id='word_1_567' title='bbox 3315 3829 3541 3883; x_wconf 77' lang='lat' dir='ltr'><strong>assimi-</strong></span> 
     </span>
    </p>
   </div>
   <div class='ocr_carea' id='block_1_68' title="bbox 1954 3919 3536 3991">
    <p class='ocr_par' dir='ltr' id='par_1_68' title="bbox 1954 3919 3536 3991">
     <span class='ocr_line' id='line_1_68' title="bbox 1954 3919 3536 3991; baseline -0.001 -15"><span class='ocrx_word' id='word_1_568' title='bbox 1954 3920 2036 3978; x_wconf 81' lang='lat' dir='ltr'><strong>les</strong></span> <span class='ocrx_word' id='word_1_569' title='bbox 2065 3920 2330 3991; x_wconf 84' lang='lat' dir='ltr'><strong>apostolis</strong></span> <span class='ocrx_word' id='word_1_570' title='bbox 2360 3920 2595 3976; x_wconf 81' lang='lat' dir='ltr'><strong>maxime</strong></span> <span class='ocrx_word' id='word_1_571' title='bbox 2629 3919 2723 3989; x_wconf 83' lang='lat' dir='ltr'><strong>qui</strong></span> <span class='ocrx_word' id='word_1_572' title='bbox 2753 3934 2936 3974; x_wconf 87' lang='lat' dir='ltr'><strong>rerum</strong></span> <span class='ocrx_word' id='word_1_573' title='bbox 2965 3919 3204 3988; x_wconf 82' lang='lat' dir='ltr'><strong>inopiam</strong></span> <span class='ocrx_word' id='word_1_574' title='bbox 3233 3919 3418 3975; x_wconf 87' lang='lat' dir='ltr'><strong>studio</strong></span> <span class='ocrx_word' id='word_1_575' title='bbox 3441 3935 3536 3974; x_wconf 86' lang='lat' dir='ltr'><strong>as-</strong></span> 
     </span>
    </p>
   </div>
   <div class='ocr_carea' id='block_1_69' title="bbox 1956 4008 3541 4080">
    <p class='ocr_par' dir='ltr' id='par_1_69' title="bbox 1956 4008 3541 4080">
     <span class='ocr_line' id='line_1_69' title="bbox 1956 4008 3541 4080; baseline -0.002 -12"><span class='ocrx_word' id='word_1_576' title='bbox 1956 4011 2328 4068; x_wconf 85' lang='lat' dir='ltr'><strong>sectabantur.</strong></span> <span class='ocrx_word' id='word_1_577' title='bbox 2357 4028 2377 4061; x_wconf 74' lang='grc' dir='ltr'><strong>ι</strong></span> <span class='ocrx_word' id='word_1_578' title='bbox 2407 4008 2576 4076; x_wconf 85' lang='lat' dir='ltr'><strong>Quasi</strong></span> <span class='ocrx_word' id='word_1_579' title='bbox 2605 4008 2754 4064; x_wconf 88' lang='lat' dir='ltr'><strong>enim</strong></span> <span class='ocrx_word' id='word_1_580' title='bbox 2785 4008 2998 4080; x_wconf 62' lang='lat' dir='ltr'><strong>sagitta:</strong></span> <span class='ocrx_word' id='word_1_581' title='bbox 3043 4008 3099 4064; x_wconf 91' lang='lat' dir='ltr'><strong>in</strong></span> <span class='ocrx_word' id='word_1_582' title='bbox 3151 4025 3313 4068; x_wconf 82' lang='lat' dir='ltr'><strong>manu</strong></span> <span class='ocrx_word' id='word_1_583' title='bbox 3344 4021 3541 4080; x_wconf 80' lang='lat' dir='ltr'><strong>poten-</strong></span> 
     </span>
    </p>
   </div>
   <div class='ocr_carea' id='block_1_70' title="bbox 277 4095 1852 4171">
    <p class='ocr_par' dir='ltr' id='par_1_70' title="bbox 277 4095 1852 4171">
     <span class='ocr_line' id='line_1_70' title="bbox 277 4095 1852 4171; baseline -0.006 -14"><span class='ocrx_word' id='word_1_584' title='bbox 277 4119 368 4164; x_wconf 78' lang='grc' dir='ltr'><strong>νος</strong></span> <span class='ocrx_word' id='word_1_585' title='bbox 411 4103 621 4156; x_wconf 80' lang='grc' dir='ltr'>τούτου.</span> <span class='ocrx_word' id='word_1_586' title='bbox 683 4102 893 4163; x_wconf 84' lang='grc' dir='ltr'>Οῖτινες</span> <span class='ocrx_word' id='word_1_587' title='bbox 950 4097 1046 4153; x_wconf 78' lang='grc' dir='ltr'>καὶ</span> <span class='ocrx_word' id='word_1_588' title='bbox 1099 4097 1514 4171; x_wconf 73' lang='grc' dir='ltr'>μακαρίζονται,</span> <span class='ocrx_word' id='word_1_589' title='bbox 1564 4096 1639 4160; x_wconf 87' lang='grc' dir='ltr'><strong>ώς</strong></span> <span class='ocrx_word' id='word_1_590' title='bbox 1684 4095 1852 4168; x_wconf 80' lang='grc' dir='ltr'>καλὴν</span> 
     </span>
    </p>
   </div>
   <div class='ocr_carea' id='block_1_71' title="bbox 1956 4095 3538 4171">
    <p class='ocr_par' dir='ltr' id='par_1_71' title="bbox 1959 4099 3538 4169">
     <span class='ocr_line' id='line_1_71' title="bbox 1959 4099 3538 4169; baseline -0.003 -9"><span class='ocrx_word' id='word_1_591' title='bbox 1959 4103 2116 4169; x_wconf 81' lang='lat' dir='ltr'><strong>tis&quot;,</strong></span> <span class='ocrx_word' id='word_1_592' title='bbox 2144 4121 2165 4155; x_wconf 76' lang='grc' dir='ltr'><strong>ι</strong></span> <span class='ocrx_word' id='word_1_593' title='bbox 2199 4103 2275 4158; x_wconf 92' lang='lat' dir='ltr'><strong>ita</strong></span> <span class='ocrx_word' id='word_1_594' title='bbox 2309 4101 2406 4156; x_wconf 82' lang='lat' dir='ltr'><strong>filii</strong></span> <span class='ocrx_word' id='word_1_595' title='bbox 2439 4116 2632 4156; x_wconf 84' lang='lat' dir='ltr'><strong>eorum</strong></span> <span class='ocrx_word' id='word_1_596' title='bbox 2658 4099 2754 4169; x_wconf 91' lang='lat' dir='ltr'><strong>qui</strong></span> <span class='ocrx_word' id='word_1_597' title='bbox 2784 4115 2844 4154; x_wconf 88' lang='lat' dir='ltr'><strong>se</strong></span> <span class='ocrx_word' id='word_1_598' title='bbox 2869 4109 3234 4158; x_wconf 78' lang='lat' dir='ltr'><strong>excusserunt</strong></span> <span class='ocrx_word' id='word_1_599' title='bbox 3273 4101 3343 4157; x_wconf 87' lang='lat' dir='ltr'><strong>ab</strong></span> <span class='ocrx_word' id='word_1_600' title='bbox 3385 4102 3538 4156; x_wconf 87' lang='lat' dir='ltr'><strong>omni</strong></span> 
     </span>
    </p>
   </div>
   <div class='ocr_carea' id='block_1_72' title="bbox 277 4189 1856 4263">
    <p class='ocr_par' dir='ltr' id='par_1_72' title="bbox 277 4189 1856 4263">
     <span class='ocr_line' id='line_1_72' title="bbox 277 4189 1856 4263; baseline -0.003 -18"><span class='ocrx_word' id='word_1_601' title='bbox 277 4191 572 4263; x_wconf 81' lang='grc' dir='ltr'>ἐπιθυμίαν</span> <span class='ocrx_word' id='word_1_602' title='bbox 641 4191 998 4263; x_wconf 84' lang='grc' dir='ltr'>πληροῦντες.</span> <span class='ocrx_word' id='word_1_603' title='bbox 1071 4189 1181 4244; x_wconf 78' lang='grc' dir='ltr'><strong>Καὶ</strong></span> <span class='ocrx_word' id='word_1_604' title='bbox 1238 4189 1298 4243; x_wconf 83' lang='grc' dir='ltr'><strong>οὐ</strong></span> <span class='ocrx_word' id='word_1_605' title='bbox 1362 4189 1856 4260; x_wconf 76' lang='grc' dir='ltr'>καταισχυνθησονο</span> 
     </span>
    </p>
   </div>
   <div class='ocr_carea' id='block_1_73' title="bbox 275 4278 1855 4354">
    <p class='ocr_par' dir='ltr' id='par_1_73' title="bbox 275 4278 1855 4354">
     <span class='ocr_line' id='line_1_73' title="bbox 275 4278 1855 4354; baseline -0.004 -16"><span class='ocrx_word' id='word_1_606' title='bbox 275 4303 392 4351; x_wconf 88' lang='grc' dir='ltr'>ται,</span> <span class='ocrx_word' id='word_1_607' title='bbox 440 4285 568 4338; x_wconf 84' lang='grc' dir='ltr'>ὅταν</span> <span class='ocrx_word' id='word_1_608' title='bbox 602 4283 837 4337; x_wconf 83' lang='grc' dir='ltr'>λαλῶσιν</span> <span class='ocrx_word' id='word_1_609' title='bbox 865 4299 879 4313; x_wconf 88' lang='grc'><strong>·</strong></span> <span class='ocrx_word' id='word_1_610' title='bbox 926 4300 946 4335; x_wconf 82' lang='lat' dir='ltr'><strong>t</strong></span> <span class='ocrx_word' id='word_1_611' title='bbox 975 4283 1099 4345; x_wconf 86' lang='grc' dir='ltr'>Τοῖς</span> <span class='ocrx_word' id='word_1_612' title='bbox 1151 4280 1365 4354; x_wconf 76' lang='grc' dir='ltr'>ἐχθροῖς</span> <span class='ocrx_word' id='word_1_613' title='bbox 1415 4279 1594 4334; x_wconf 84' lang='grc' dir='ltr'>αὐτῶν</span> <span class='ocrx_word' id='word_1_614' title='bbox 1641 4281 1700 4333; x_wconf 80' lang='grc' dir='ltr'><strong>ἐν</strong></span> <span class='ocrx_word' id='word_1_615' title='bbox 1750 4278 1855 4333; x_wconf 83' lang='grc' dir='ltr'><strong>πύ-</strong></span> 
     </span>
    </p>
   </div>
   <div class='ocr_carea' id='block_1_74' title="bbox 275 4371 1856 4450">
    <p class='ocr_par' dir='ltr' id='par_1_74' title="bbox 275 4371 1856 4450">
     <span class='ocr_line' id='line_1_74' title="bbox 275 4371 1856 4450; baseline -0.003 -20"><span class='ocrx_word' id='word_1_616' title='bbox 275 4376 378 4450; x_wconf 78' lang='grc' dir='ltr'><strong>λῃο</strong></span> <span class='ocrx_word' id='word_1_617' title='bbox 438 4396 458 4431; x_wconf 73' lang='grc' dir='ltr'><strong>ι</strong></span> <span class='ocrx_word' id='word_1_618' title='bbox 502 4377 780 4432; x_wconf 72' lang='grc' dir='ltr'>τουτέστιν</span> <span class='ocrx_word' id='word_1_619' title='bbox 809 4377 866 4430; x_wconf 88' lang='grc' dir='ltr'><strong>ἐν</strong></span> <span class='ocrx_word' id='word_1_620' title='bbox 897 4375 977 4448; x_wconf 79' lang='grc' dir='ltr'>τῷ</span> <span class='ocrx_word' id='word_1_621' title='bbox 1028 4374 1204 4446; x_wconf 84' lang='grc' dir='ltr'>καιρῷ</span> <span class='ocrx_word' id='word_1_622' title='bbox 1243 4376 1341 4445; x_wconf 79' lang='grc' dir='ltr'><strong>τῆς</strong></span> <span class='ocrx_word' id='word_1_623' title='bbox 1387 4372 1495 4427; x_wconf 80' lang='grc' dir='ltr'><strong>ἀπὸ</strong></span> <span class='ocrx_word' id='word_1_624' title='bbox 1537 4371 1631 4426; x_wconf 86' lang='grc' dir='ltr'><strong>τοῦ</strong></span> <span class='ocrx_word' id='word_1_625' title='bbox 1667 4371 1856 4442; x_wconf 81' lang='grc' dir='ltr'>σώμα-</span> 
     </span>
    </p>
   </div>
   <div class='ocr_carea' id='block_1_75' title="bbox 274 4463 1860 4538">
    <p class='ocr_par' dir='ltr' id='par_1_75' title="bbox 274 4463 1860 4538">
     <span class='ocr_line' id='line_1_75' title="bbox 274 4463 1860 4538; baseline -0.003 -15"><span class='ocrx_word' id='word_1_626' title='bbox 274 4487 367 4534; x_wconf 88' lang='grc' dir='ltr'><strong>τος</strong></span> <span class='ocrx_word' id='word_1_627' title='bbox 403 4470 580 4523; x_wconf 80' lang='grc' dir='ltr'>αὐτῶν</span> <span class='ocrx_word' id='word_1_628' title='bbox 622 4470 827 4537; x_wconf 78' lang='grc' dir='ltr'>ἐξόδου.</span> <span class='ocrx_word' id='word_1_629' title='bbox 871 4469 1040 4523; x_wconf 84' lang='grc' dir='ltr'>Ὅταν</span> <span class='ocrx_word' id='word_1_630' title='bbox 1077 4467 1342 4538; x_wconf 77' lang='grc' dir='ltr'>ἔρχωνται</span> <span class='ocrx_word' id='word_1_631' title='bbox 1373 4467 1422 4520; x_wconf 90' lang='grc' dir='ltr'><strong>οί</strong></span> <span class='ocrx_word' id='word_1_632' title='bbox 1475 4465 1702 4537; x_wconf 86' lang='grc' dir='ltr'>πονηροὶ</span> <span class='ocrx_word' id='word_1_633' title='bbox 1750 4463 1860 4520; x_wconf 79' lang='grc' dir='ltr'>δαί-</span> 
     </span>
    </p>
   </div>
   <div class='ocr_carea' id='block_1_76' title="bbox 279 4555 1863 4632">
    <p class='ocr_par' dir='ltr' id='par_1_76' title="bbox 279 4555 1863 4632">
     <span class='ocr_line' id='line_1_76' title="bbox 279 4555 1863 4632; baseline -0.004 -16"><span class='ocrx_word' id='word_1_634' title='bbox 279 4580 440 4632; x_wconf 84' lang='grc' dir='ltr'>μονες</span> <span class='ocrx_word' id='word_1_635' title='bbox 496 4562 739 4626; x_wconf 79' lang='grc' dir='ltr'>θέλοντες</span> <span class='ocrx_word' id='word_1_636' title='bbox 786 4562 1078 4632; x_wconf 81' lang='grc' dir='ltr'>κατασχεῖν</span> <span class='ocrx_word' id='word_1_637' title='bbox 1103 4559 1200 4632; x_wconf 78' lang='grc' dir='ltr'><strong>τὴν</strong></span> <span class='ocrx_word' id='word_1_638' title='bbox 1230 4559 1410 4630; x_wconf 75' lang='grc' dir='ltr'>ψυχὴν</span> <span class='ocrx_word' id='word_1_639' title='bbox 1465 4558 1573 4612; x_wconf 82' lang='grc' dir='ltr'><strong>ἀπὸ</strong></span> <span class='ocrx_word' id='word_1_640' title='bbox 1620 4555 1714 4611; x_wconf 86' lang='grc' dir='ltr'><strong>τοῦ</strong></span> <span class='ocrx_word' id='word_1_641' title='bbox 1759 4556 1863 4610; x_wconf 83' lang='grc' dir='ltr'>σώ·</span> 
     </span>
    </p>
   </div>
   <div class='ocr_carea' id='block_1_77' title="bbox 280 4649 1865 4728">
    <p class='ocr_par' dir='ltr' id='par_1_77' title="bbox 280 4649 1865 4728">
     <span class='ocr_line' id='line_1_77' title="bbox 280 4649 1865 4728; baseline -0.005 -18"><span class='ocrx_word' id='word_1_642' title='bbox 280 4673 472 4728; x_wconf 81' lang='grc' dir='ltr'>ματος.</span> <span class='ocrx_word' id='word_1_643' title='bbox 503 4655 599 4718; x_wconf 89' lang='grc' dir='ltr'><strong>Τίς</strong></span> <span class='ocrx_word' id='word_1_644' title='bbox 630 4650 725 4709; x_wconf 78' lang='grc' dir='ltr'><strong>οὖν</strong></span> <span class='ocrx_word' id='word_1_645' title='bbox 752 4653 913 4723; x_wconf 70' lang='grc' dir='ltr'>σοφὸς</span> <span class='ocrx_word' id='word_1_646' title='bbox 945 4650 1114 4707; x_wconf 87' lang='grc' dir='ltr'>ταῦτα</span> <span class='ocrx_word' id='word_1_647' title='bbox 1143 4651 1448 4720; x_wconf 83' lang='grc' dir='ltr'>γινώσκων,</span> <span class='ocrx_word' id='word_1_648' title='bbox 1496 4649 1574 4722; x_wconf 75' lang='grc' dir='ltr'>μὴ</span> <span class='ocrx_word' id='word_1_649' title='bbox 1605 4650 1865 4705; x_wconf 77' lang='grc' dir='ltr'>κοπιάσει</span> 
     </span>
    </p>
   </div>
   <div class='ocr_carea' id='block_1_78' title="bbox 276 4740 1858 4815">
    <p class='ocr_par' dir='ltr' id='par_1_78' title="bbox 276 4740 1858 4815">
     <span class='ocr_line' id='line_1_78' title="bbox 276 4740 1858 4815; baseline -0.004 -15"><span class='ocrx_word' id='word_1_650' title='bbox 276 4748 384 4811; x_wconf 81' lang='grc' dir='ltr'><strong>ἐως</strong></span> <span class='ocrx_word' id='word_1_651' title='bbox 431 4746 663 4801; x_wconf 84' lang='grc' dir='ltr'>θανάτου</span> <span class='ocrx_word' id='word_1_652' title='bbox 713 4745 885 4800; x_wconf 83' lang='grc' dir='ltr'>σῶσαι</span> <span class='ocrx_word' id='word_1_653' title='bbox 913 4743 1213 4815; x_wconf 78' lang='grc' dir='ltr'>τὴνψυχὴν</span> <span class='ocrx_word' id='word_1_654' title='bbox 1243 4741 1468 4808; x_wconf 78' lang='grc' dir='ltr'>ἐαυτοῦς</span> <span class='ocrx_word' id='word_1_655' title='bbox 1498 4741 1558 4795; x_wconf 83' lang='grc' dir='ltr'>οὐ</span> <span class='ocrx_word' id='word_1_656' title='bbox 1592 4741 1753 4813; x_wconf 82' lang='grc' dir='ltr'>μόνον</span> <span class='ocrx_word' id='word_1_657' title='bbox 1799 4740 1858 4798; x_wconf 77' lang='grc' dir='ltr'>δὲ</span> 
     </span>
    </p>
   </div>
   <div class='ocr_carea' id='block_1_79' title="bbox 276 4831 1864 4911">
    <p class='ocr_par' dir='ltr' id='par_1_79' title="bbox 276 4831 1864 4911">
     <span class='ocr_line' id='line_1_79' title="bbox 276 4831 1864 4911; baseline -0.004 -19"><span class='ocrx_word' id='word_1_658' title='bbox 276 4838 377 4911; x_wconf 80' lang='grc' dir='ltr'>τὴν</span> <span class='ocrx_word' id='word_1_659' title='bbox 410 4839 586 4910; x_wconf 75' lang='grc' dir='ltr'>ψυχὴν</span> <span class='ocrx_word' id='word_1_660' title='bbox 638 4837 980 4902; x_wconf 78' lang='grc' dir='ltr'>σώζουσινοί</span> <span class='ocrx_word' id='word_1_661' title='bbox 1027 4835 1168 4890; x_wconf 88' lang='grc' dir='ltr'><strong>κατά</strong></span> <span class='ocrx_word' id='word_1_662' title='bbox 1196 4833 1326 4888; x_wconf 80' lang='grc' dir='ltr'>Θεὸν</span> <span class='ocrx_word' id='word_1_663' title='bbox 1373 4833 1551 4896; x_wconf 84' lang='grc' dir='ltr'>κόποι,</span> <span class='ocrx_word' id='word_1_664' title='bbox 1600 4832 1736 4887; x_wconf 88' lang='grc' dir='ltr'><strong>ἀλλά</strong></span> <span class='ocrx_word' id='word_1_665' title='bbox 1763 4831 1864 4886; x_wconf 78' lang='grc' dir='ltr'>καὶ</span> 
     </span>
    </p>
   </div>
   <div class='ocr_carea' id='block_1_80' title="bbox 275 4925 1857 5001">
    <p class='ocr_par' dir='ltr' id='par_1_80' title="bbox 275 4925 1857 5001">
     <span class='ocr_line' id='line_1_80' title="bbox 275 4925 1857 5001; baseline -0.004 -16"><span class='ocrx_word' id='word_1_666' title='bbox 275 4931 340 4985; x_wconf 79' lang='grc' dir='ltr'>τὸ</span> <span class='ocrx_word' id='word_1_667' title='bbox 385 4931 545 5001; x_wconf 81' lang='grc' dir='ltr'>σῶμα</span> <span class='ocrx_word' id='word_1_668' title='bbox 581 4930 732 4999; x_wconf 81' lang='grc' dir='ltr'>ὑγιὲς</span> <span class='ocrx_word' id='word_1_669' title='bbox 761 4929 856 4984; x_wconf 84' lang='grc' dir='ltr'><strong>καὶ</strong></span> <span class='ocrx_word' id='word_1_670' title='bbox 885 4926 1158 5000; x_wconf 77' lang='grc' dir='ltr'>εὕρωστον</span> <span class='ocrx_word' id='word_1_671' title='bbox 1172 4925 1857 4998; x_wconf 76' lang='grc' dir='ltr'>ἀποτελοῦσιν.Ἐπιχορηο</span> 
     </span>
    </p>
   </div>
   <div class='ocr_carea' id='block_1_81' title="bbox 277 5018 1857 5094">
    <p class='ocr_par' dir='ltr' id='par_1_81' title="bbox 277 5018 1857 5094">
     <span class='ocr_line' id='line_1_81' title="bbox 277 5018 1857 5094; baseline -0.003 -17"><span class='ocrx_word' id='word_1_672' title='bbox 277 5025 369 5092; x_wconf 86' lang='grc' dir='ltr'><strong>γεῖ</strong></span> <span class='ocrx_word' id='word_1_673' title='bbox 421 5024 530 5093; x_wconf 76' lang='grc' dir='ltr'>γὰρ</span> <span class='ocrx_word' id='word_1_674' title='bbox 556 5023 656 5094; x_wconf 74' lang='grc' dir='ltr'>τὴν</span> <span class='ocrx_word' id='word_1_675' title='bbox 683 5022 880 5092; x_wconf 71' lang='grc' dir='ltr'>ἰσχὺνὸ</span> <span class='ocrx_word' id='word_1_676' title='bbox 900 5020 1031 5084; x_wconf 83' lang='grc' dir='ltr'>Θεὸς</span> <span class='ocrx_word' id='word_1_677' title='bbox 1066 5018 1204 5073; x_wconf 81' lang='grc' dir='ltr'><strong>κατά</strong></span> <span class='ocrx_word' id='word_1_678' title='bbox 1231 5020 1330 5089; x_wconf 81' lang='grc' dir='ltr'><strong>τὴν</strong></span> <span class='ocrx_word' id='word_1_679' title='bbox 1361 5018 1616 5088; x_wconf 77' lang='grc' dir='ltr'>πρόθεσιν</span> <span class='ocrx_word' id='word_1_680' title='bbox 1641 5019 1736 5081; x_wconf 67' lang='grc' dir='ltr'><strong>τοῦ</strong></span> <span class='ocrx_word' id='word_1_681' title='bbox 1759 5019 1857 5073; x_wconf 90' lang='grc' dir='ltr'>ἀν-</span> 
     </span>
    </p>
   </div>
   <div class='ocr_carea' id='block_1_82' title="bbox 279 5112 1853 5186">
    <p class='ocr_par' dir='ltr' id='par_1_82' title="bbox 279 5112 1853 5186">
     <span class='ocr_line' id='line_1_82' title="bbox 279 5112 1853 5186; baseline -0.001 -18"><span class='ocrx_word' id='word_1_682' title='bbox 279 5115 524 5186; x_wconf 85' lang='grc' dir='ltr'>θρώπου.</span> <span class='ocrx_word' id='word_1_683' title='bbox 568 5116 633 5168; x_wconf 82' lang='grc' dir='ltr'>Ἥ</span> <span class='ocrx_word' id='word_1_684' title='bbox 666 5115 723 5168; x_wconf 72' lang='grc' dir='ltr'>δὲ</span> <span class='ocrx_word' id='word_1_685' title='bbox 755 5113 924 5184; x_wconf 82' lang='grc' dir='ltr'>ἀργία</span> <span class='ocrx_word' id='word_1_686' title='bbox 957 5112 1155 5166; x_wconf 88' lang='grc' dir='ltr'>κακίαν</span> <span class='ocrx_word' id='word_1_687' title='bbox 1185 5112 1492 5167; x_wconf 84' lang='grc' dir='ltr'>ἐκδιδάσκει</span> <span class='ocrx_word' id='word_1_688' title='bbox 1527 5113 1814 5184; x_wconf 83' lang='grc' dir='ltr'>ἀκανθώδη</span> <span class='ocrx_word' id='word_1_689' title='bbox 1839 5127 1853 5140; x_wconf 81' lang='grc'><strong><em>⁸</em></strong></span> 
     </span>
    </p>
   </div>
   <div class='ocr_carea' id='block_1_83' title="bbox 279 5201 1858 5281">
    <p class='ocr_par' dir='ltr' id='par_1_83' title="bbox 279 5201 1858 5281">
     <span class='ocr_line' id='line_1_83' title="bbox 279 5201 1858 5281; baseline -0.004 -20"><span class='ocrx_word' id='word_1_690' title='bbox 279 5209 339 5262; x_wconf 82' lang='grc' dir='ltr'><strong>ἐν</strong></span> <span class='ocrx_word' id='word_1_691' title='bbox 380 5207 488 5281; x_wconf 82' lang='grc' dir='ltr'><strong>γάρ</strong></span> <span class='ocrx_word' id='word_1_692' title='bbox 535 5207 693 5278; x_wconf 76' lang='grc' dir='ltr'>χερσὶ</span> <span class='ocrx_word' id='word_1_693' title='bbox 741 5204 835 5259; x_wconf 90' lang='grc' dir='ltr'><strong>τοῦ</strong></span> <span class='ocrx_word' id='word_1_694' title='bbox 891 5204 1091 5275; x_wconf 80' lang='grc' dir='ltr'>ἀέργου</span> <span class='ocrx_word' id='word_1_695' title='bbox 1138 5202 1371 5258; x_wconf 79' lang='grc' dir='ltr'>ἄκανθαι</span> <span class='ocrx_word' id='word_1_696' title='bbox 1446 5201 1689 5272; x_wconf 81' lang='grc' dir='ltr'>φύονται.</span> <span class='ocrx_word' id='word_1_697' title='bbox 1749 5202 1858 5258; x_wconf 76' lang='grc' dir='ltr'><strong>Καὶ</strong></span> 
     </span>
    </p>
   </div>
   <div class='ocr_carea' id='block_1_84' title="bbox 285 5294 1854 5370">
    <p class='ocr_par' dir='ltr' id='par_1_84' title="bbox 285 5294 1854 5370">
     <span class='ocr_line' id='line_1_84' title="bbox 285 5294 1854 5370; baseline -0.003 -18"><span class='ocrx_word' id='word_1_698' title='bbox 285 5319 305 5352; x_wconf 75' lang='grc' dir='ltr'><strong>ι</strong></span> <span class='ocrx_word' id='word_1_699' title='bbox 357 5301 502 5354; x_wconf 77' lang='grc' dir='ltr'>Ὀδοὶ</span> <span class='ocrx_word' id='word_1_700' title='bbox 552 5301 770 5370; x_wconf 84' lang='grc' dir='ltr'>ἀέργων</span> <span class='ocrx_word' id='word_1_701' title='bbox 820 5297 1161 5368; x_wconf 86' lang='grc' dir='ltr'>ἐστρωμέναι</span> <span class='ocrx_word' id='word_1_702' title='bbox 1193 5295 1477 5359; x_wconf 84' lang='grc' dir='ltr'>ἀκάνθαις.</span> <span class='ocrx_word' id='word_1_703' title='bbox 1533 5313 1552 5348; x_wconf 74' lang='grc' dir='ltr'><strong>ι</strong></span> <span class='ocrx_word' id='word_1_704' title='bbox 1611 5294 1854 5349; x_wconf 88' lang='grc' dir='ltr'>Τοιοῦτοι</span> 
     </span>
    </p>
   </div>
   <div class='ocr_carea' id='block_1_85' title="bbox 279 5385 1858 5462">
    <p class='ocr_par' dir='ltr' id='par_1_85' title="bbox 279 5385 1858 5462">
     <span class='ocr_line' id='line_1_85' title="bbox 279 5385 1858 5462; baseline -0.003 -18"><span class='ocrx_word' id='word_1_705' title='bbox 279 5391 421 5444; x_wconf 73' lang='grc' dir='ltr'>εἰσιν</span> <span class='ocrx_word' id='word_1_706' title='bbox 473 5391 524 5444; x_wconf 84' lang='lat' dir='ltr'><strong>oi</strong></span> <span class='ocrx_word' id='word_1_707' title='bbox 581 5390 746 5462; x_wconf 80' lang='grc' dir='ltr'>μηδὲν</span> <span class='ocrx_word' id='word_1_708' title='bbox 796 5388 1188 5462; x_wconf 78' lang='grc' dir='ltr'>ἐργαζόμενοι,</span> <span class='ocrx_word' id='word_1_709' title='bbox 1238 5385 1704 5451; x_wconf 88' lang='grc' dir='ltr'>καταλαλοῦντες,</span> <span class='ocrx_word' id='word_1_710' title='bbox 1764 5389 1858 5440; x_wconf 72' lang='grc' dir='ltr'><strong>καὶ</strong></span> 
     </span>
    </p>
   </div>
   <div class='ocr_carea' id='block_1_86' title="bbox 1963 4193 3548 4264">
    <p class='ocr_par' dir='ltr' id='par_1_86' title="bbox 1963 4193 3548 4264">
     <span class='ocr_line' id='line_1_86' title="bbox 1963 4193 3548 4264; baseline -0.003 -9"><span class='ocrx_word' id='word_1_711' title='bbox 1963 4212 2098 4255; x_wconf 87' lang='lat' dir='ltr'><strong>cura</strong></span> <span class='ocrx_word' id='word_1_712' title='bbox 2124 4195 2494 4253; x_wconf 86' lang='lat' dir='ltr'><strong>concretionis</strong></span> <span class='ocrx_word' id='word_1_713' title='bbox 2513 4193 2760 4250; x_wconf 62' lang='lat' dir='ltr'><strong>materia:</strong></span> <span class='ocrx_word' id='word_1_714' title='bbox 2807 4193 2996 4252; x_wconf 69' lang='lat' dir='ltr'><strong>saeculi</strong></span> <span class='ocrx_word' id='word_1_715' title='bbox 3047 4193 3230 4250; x_wconf 84' lang='lat' dir='ltr'><strong>istius.</strong></span> <span class='ocrx_word' id='word_1_716' title='bbox 3254 4194 3548 4264; x_wconf 79' lang='lat' dir='ltr'><strong>Ejusmodi</strong></span> 
     </span>
    </p>
   </div>
   <div class='ocr_carea' id='block_1_87' title="bbox 1961 4284 3546 4358">
    <p class='ocr_par' dir='ltr' id='par_1_87' title="bbox 1961 4284 3546 4358">
     <span class='ocr_line' id='line_1_87' title="bbox 1961 4284 3546 4358; baseline -0.003 -14"><span class='ocrx_word' id='word_1_717' title='bbox 1961 4304 2092 4352; x_wconf 87' lang='lat' dir='ltr'><strong>sane</strong></span> <span class='ocrx_word' id='word_1_718' title='bbox 2115 4303 2278 4358; x_wconf 88' lang='lat' dir='ltr'><strong>quam</strong></span> <span class='ocrx_word' id='word_1_719' title='bbox 2321 4286 2467 4344; x_wconf 84' lang='lat' dir='ltr'><strong>beati</strong></span> <span class='ocrx_word' id='word_1_720' title='bbox 2498 4285 2890 4357; x_wconf 60' lang='lat' dir='ltr'><strong>medicantur,</strong></span> <span class='ocrx_word' id='word_1_721' title='bbox 2919 4292 2982 4339; x_wconf 93' lang='lat' dir='ltr'><strong>ut</strong></span> <span class='ocrx_word' id='word_1_722' title='bbox 3026 4284 3122 4354; x_wconf 80' lang='lat' dir='ltr'><strong>qui</strong></span> <span class='ocrx_word' id='word_1_723' title='bbox 3168 4284 3456 4342; x_wconf 83' lang='lat' dir='ltr'><strong>honestam</strong></span> <span class='ocrx_word' id='word_1_724' title='bbox 3480 4293 3546 4340; x_wconf 72' lang='lat' dir='ltr'><strong>et</strong></span> 
     </span>
    </p>
   </div>
   <div class='ocr_carea' id='block_1_88' title="bbox 1963 4375 3548 4446">
    <p class='ocr_par' dir='ltr' id='par_1_88' title="bbox 1963 4375 3548 4446">
     <span class='ocr_line' id='line_1_88' title="bbox 1963 4375 3548 4446; baseline -0.001 -14"><span class='ocrx_word' id='word_1_725' title='bbox 1963 4377 2458 4439; x_wconf 85' lang='lat' dir='ltr'><strong>commendabilem</strong></span> <span class='ocrx_word' id='word_1_726' title='bbox 2485 4376 2706 4446; x_wconf 73' lang='lat' dir='ltr'><strong>explent</strong></span> <span class='ocrx_word' id='word_1_727' title='bbox 2730 4375 3256 4445; x_wconf 77' lang='lat' dir='ltr'><strong>concupiscentiam.</strong></span> <span class='ocrx_word' id='word_1_728' title='bbox 3291 4390 3363 4432; x_wconf 90' lang='lat' dir='ltr'><strong>ne</strong></span> <span class='ocrx_word' id='word_1_729' title='bbox 3403 4390 3548 4430; x_wconf 75' lang='lat' dir='ltr'><strong>con—</strong></span> 
     </span>
    </p>
   </div>
   <div class='ocr_carea' id='block_1_89' title="bbox 1962 4465 3543 4538">
    <p class='ocr_par' dir='ltr' id='par_1_89' title="bbox 1962 4465 3543 4538">
     <span class='ocr_line' id='line_1_89' title="bbox 1962 4465 3543 4538; baseline -0.001 -14"><span class='ocrx_word' id='word_1_730' title='bbox 1962 4469 2299 4534; x_wconf 82' lang='lat' dir='ltr'><strong>fundantur,</strong></span> <span class='ocrx_word' id='word_1_731' title='bbox 2355 4483 2482 4523; x_wconf 89' lang='lat' dir='ltr'><strong>oum</strong></span> <span class='ocrx_word' id='word_1_732' title='bbox 2541 4467 2876 4538; x_wconf 88' lang='lat' dir='ltr'><strong>loquentur,</strong></span> <span class='ocrx_word' id='word_1_733' title='bbox 2933 4485 2958 4517; x_wconf 73' lang='grc' dir='ltr'><strong>ι.</strong></span> <span class='ocrx_word' id='word_1_734' title='bbox 3015 4465 3256 4522; x_wconf 85' lang='lat' dir='ltr'><strong>inimicis</strong></span> <span class='ocrx_word' id='word_1_735' title='bbox 3313 4465 3430 4522; x_wconf 81' lang='lat' dir='ltr'><strong>suis</strong></span> <span class='ocrx_word' id='word_1_736' title='bbox 3479 4467 3543 4524; x_wconf 82' lang='lat' dir='ltr'><strong>in</strong></span> 
     </span>
    </p>
   </div>
   <div class='ocr_carea' id='block_1_90' title="bbox 1963 4557 3547 4633">
    <p class='ocr_par' dir='ltr' id='par_1_90' title="bbox 1963 4557 3547 4633">
     <span class='ocr_line' id='line_1_90' title="bbox 1963 4557 3547 4633; baseline -0.001 -17"><span class='ocrx_word' id='word_1_737' title='bbox 1963 4570 2120 4633; x_wconf 89' lang='lat' dir='ltr'><strong>porta</strong></span> <span class='ocrx_word' id='word_1_738' title='bbox 2138 4561 2218 4615; x_wconf 82' lang='lat'><strong>&quot;-.</strong></span> <span class='ocrx_word' id='word_1_739' title='bbox 2251 4579 2271 4612; x_wconf 73' lang='grc' dir='ltr'><strong>ι</strong></span> <span class='ocrx_word' id='word_1_740' title='bbox 2326 4559 2434 4615; x_wconf 89' lang='lat' dir='ltr'><strong>hoc</strong></span> <span class='ocrx_word' id='word_1_741' title='bbox 2483 4568 2592 4624; x_wconf 88' lang='lat' dir='ltr'><strong>est,</strong></span> <span class='ocrx_word' id='word_1_742' title='bbox 2616 4559 2674 4614; x_wconf 90' lang='lat' dir='ltr'><strong>in</strong></span> <span class='ocrx_word' id='word_1_743' title='bbox 2710 4558 2946 4614; x_wconf 89' lang='lat' dir='ltr'><strong>articulo</strong></span> <span class='ocrx_word' id='word_1_744' title='bbox 2992 4573 3110 4614; x_wconf 75' lang='lat' dir='ltr'><strong>suae</strong></span> <span class='ocrx_word' id='word_1_745' title='bbox 3170 4557 3547 4616; x_wconf 78' lang='lat' dir='ltr'><strong>defunctionis</strong></span> 
     </span>
    </p>
   </div>
   <div class='ocr_carea' id='block_1_91' title="bbox 1962 4650 3546 4728">
    <p class='ocr_par' dir='ltr' id='par_1_91' title="bbox 1962 4650 3546 4728">
     <span class='ocr_line' id='line_1_91' title="bbox 1962 4650 3546 4728; baseline -0.009 -12"><span class='ocrx_word' id='word_1_746' title='bbox 1962 4665 2128 4728; x_wconf 87' lang='lat' dir='ltr'><strong>atque</strong></span> <span class='ocrx_word' id='word_1_747' title='bbox 2152 4655 2337 4712; x_wconf 74' lang='lat' dir='ltr'><strong>exitus</strong></span> <span class='ocrx_word' id='word_1_748' title='bbox 2363 4669 2398 4709; x_wconf 91' lang='lat' dir='ltr'><strong>e</strong></span> <span class='ocrx_word' id='word_1_749' title='bbox 2426 4652 2678 4724; x_wconf 79' lang='lat' dir='ltr'><strong>corporis</strong></span> <span class='ocrx_word' id='word_1_750' title='bbox 2705 4651 3019 4707; x_wconf 87' lang='lat' dir='ltr'><strong>domicilio:</strong></span> <span class='ocrx_word' id='word_1_751' title='bbox 3051 4667 3164 4721; x_wconf 88' lang='lat' dir='ltr'><strong>quo</strong></span> <span class='ocrx_word' id='word_1_752' title='bbox 3192 4650 3546 4721; x_wconf 59' lang='lat' dir='ltr'><strong>potissimum.</strong></span> 
     </span>
    </p>
   </div>
   <div class='ocr_carea' id='block_1_92' title="bbox 1966 4738 3544 4817">
    <p class='ocr_par' dir='ltr' id='par_1_92' title="bbox 1966 4738 3544 4817">
     <span class='ocr_line' id='line_1_92' title="bbox 1966 4738 3544 4817; baseline -0.004 -16"><span class='ocrx_word' id='word_1_753' title='bbox 1966 4755 2211 4817; x_wconf 89' lang='lat' dir='ltr'><strong>tempore</strong></span> <span class='ocrx_word' id='word_1_754' title='bbox 2261 4743 2540 4802; x_wconf 89' lang='lat' dir='ltr'><strong>hominem</strong></span> <span class='ocrx_word' id='word_1_755' title='bbox 2584 4740 2804 4812; x_wconf 74' lang='lat' dir='ltr'><strong>maligni</strong></span> <span class='ocrx_word' id='word_1_756' title='bbox 2859 4739 3189 4796; x_wconf 85' lang='lat' dir='ltr'><strong>adoriuntur</strong></span> <span class='ocrx_word' id='word_1_757' title='bbox 3228 4738 3544 4804; x_wconf 71' lang='lat' dir='ltr'><strong>daemones,</strong></span> 
     </span>
    </p>
   </div>
   <div class='ocr_carea' id='block_1_93' title="bbox 1963 4831 3552 4905">
    <p class='ocr_par' dir='ltr' id='par_1_93' title="bbox 1963 4831 3552 4905">
     <span class='ocr_line' id='line_1_93' title="bbox 1963 4831 3552 4905; baseline -0.005 -9"><span class='ocrx_word' id='word_1_758' title='bbox 1963 4839 2149 4896; x_wconf 82' lang='lat' dir='ltr'><strong>studio</strong></span> <span class='ocrx_word' id='word_1_759' title='bbox 2180 4846 2238 4894; x_wconf 86' lang='lat' dir='ltr'><strong>et</strong></span> <span class='ocrx_word' id='word_1_760' title='bbox 2264 4845 2466 4892; x_wconf 87' lang='lat' dir='ltr'><strong>conatu</strong></span> <span class='ocrx_word' id='word_1_761' title='bbox 2489 4832 2911 4905; x_wconf 72' lang='lat' dir='ltr'><strong>pramecupandi</strong></span> <span class='ocrx_word' id='word_1_762' title='bbox 2959 4833 3220 4890; x_wconf 84' lang='lat' dir='ltr'><strong>animam.</strong></span> <span class='ocrx_word' id='word_1_763' title='bbox 3245 4831 3348 4900; x_wconf 85' lang='lat' dir='ltr'><strong>Qui</strong></span> <span class='ocrx_word' id='word_1_764' title='bbox 3395 4833 3552 4903; x_wconf 76' lang='lat' dir='ltr'><strong>sapit.</strong></span> 
     </span>
    </p>
   </div>
   <div class='ocr_carea' id='block_1_94' title="bbox 1963 4925 3550 5000">
    <p class='ocr_par' dir='ltr' id='par_1_94' title="bbox 1963 4925 3550 5000">
     <span class='ocr_line' id='line_1_94' title="bbox 1963 4925 3550 5000; baseline -0.004 -13"><span class='ocrx_word' id='word_1_765' title='bbox 1963 4939 2022 4987; x_wconf 89' lang='lat' dir='ltr'><strong>et</strong></span> <span class='ocrx_word' id='word_1_766' title='bbox 2048 4931 2166 4986; x_wconf 67' lang='lat' dir='ltr'><strong>haec</strong></span> <span class='ocrx_word' id='word_1_767' title='bbox 2192 4929 2355 5000; x_wconf 85' lang='lat' dir='ltr'><strong>plane</strong></span> <span class='ocrx_word' id='word_1_768' title='bbox 2379 4927 2558 4987; x_wconf 84' lang='lat' dir='ltr'><strong>novit.</strong></span> <span class='ocrx_word' id='word_1_769' title='bbox 2580 4926 2649 4980; x_wconf 90' lang='lat' dir='ltr'><strong>ad</strong></span> <span class='ocrx_word' id='word_1_770' title='bbox 2677 4933 2908 4980; x_wconf 90' lang='lat' dir='ltr'><strong>mortem</strong></span> <span class='ocrx_word' id='word_1_771' title='bbox 2938 4939 3113 4994; x_wconf 85' lang='lat' dir='ltr'><strong>usque</strong></span> <span class='ocrx_word' id='word_1_772' title='bbox 3133 4940 3256 4986; x_wconf 37' lang='lat' dir='ltr'><strong>non.</strong></span> <span class='ocrx_word' id='word_1_773' title='bbox 3273 4925 3550 4994; x_wconf 76' lang='lat' dir='ltr'><strong>conquie-</strong></span> 
     </span>
    </p>
   </div>
   <div class='ocr_carea' id='block_1_95' title="bbox 1963 5015 3546 5087">
    <p class='ocr_par' dir='ltr' id='par_1_95' title="bbox 1963 5015 3546 5087">
     <span class='ocr_line' id='line_1_95' title="bbox 1963 5015 3546 5087; baseline -0.004 -9"><span class='ocrx_word' id='word_1_774' title='bbox 1963 5033 2099 5087; x_wconf 88' lang='lat' dir='ltr'><strong>scet,</strong></span> <span class='ocrx_word' id='word_1_775' title='bbox 2127 5021 2304 5075; x_wconf 84' lang='lat' dir='ltr'><strong>donec</strong></span> <span class='ocrx_word' id='word_1_776' title='bbox 2327 5033 2484 5073; x_wconf 89' lang='lat' dir='ltr'><strong>suam</strong></span> <span class='ocrx_word' id='word_1_777' title='bbox 2507 5017 2680 5087; x_wconf 87' lang='lat' dir='ltr'><strong>ipsius</strong></span> <span class='ocrx_word' id='word_1_778' title='bbox 2703 5016 2940 5072; x_wconf 68' lang='lat' dir='ltr'><strong>animum</strong></span> <span class='ocrx_word' id='word_1_779' title='bbox 2971 5015 3137 5070; x_wconf 85' lang='lat' dir='ltr'><strong>faciat</strong></span> <span class='ocrx_word' id='word_1_780' title='bbox 3160 5015 3387 5070; x_wconf 86' lang='lat' dir='ltr'><strong>salvam.</strong></span> <span class='ocrx_word' id='word_1_781' title='bbox 3427 5015 3546 5072; x_wconf 82' lang='lat' dir='ltr'><strong>Nec</strong></span> 
     </span>
    </p>
   </div>
   <div class='ocr_carea' id='block_1_96' title="bbox 1963 5107 3542 5178">
    <p class='ocr_par' dir='ltr' id='par_1_96' title="bbox 1963 5107 3542 5178">
     <span class='ocr_line' id='line_1_96' title="bbox 1963 5107 3542 5178; baseline -0.003 -10"><span class='ocrx_word' id='word_1_782' title='bbox 1963 5113 2202 5168; x_wconf 90' lang='lat' dir='ltr'><strong>animam</strong></span> <span class='ocrx_word' id='word_1_783' title='bbox 2234 5110 2396 5167; x_wconf 91' lang='lat' dir='ltr'><strong>modo</strong></span> <span class='ocrx_word' id='word_1_784' title='bbox 2423 5109 2630 5164; x_wconf 80' lang='lat' dir='ltr'><strong>faciunt</strong></span> <span class='ocrx_word' id='word_1_785' title='bbox 2655 5107 2861 5162; x_wconf 90' lang='lat' dir='ltr'><strong>salvam</strong></span> <span class='ocrx_word' id='word_1_786' title='bbox 2891 5110 2987 5178; x_wconf 91' lang='lat' dir='ltr'><strong>qui</strong></span> <span class='ocrx_word' id='word_1_787' title='bbox 3015 5107 3316 5162; x_wconf 87' lang='lat' dir='ltr'><strong>secundum</strong></span> <span class='ocrx_word' id='word_1_788' title='bbox 3364 5107 3542 5164; x_wconf 87' lang='lat' dir='ltr'><strong>Deum</strong></span> 
     </span>
    </p>
   </div>
   <div class='ocr_carea' id='block_1_97' title="bbox 1964 5199 3543 5268">
    <p class='ocr_par' dir='ltr' id='par_1_97' title="bbox 1964 5199 3543 5268">
     <span class='ocr_line' id='line_1_97' title="bbox 1964 5199 3543 5268; baseline -0.004 -7"><span class='ocrx_word' id='word_1_789' title='bbox 1964 5211 2094 5262; x_wconf 91' lang='lat' dir='ltr'><strong>sunt</strong></span> <span class='ocrx_word' id='word_1_790' title='bbox 2123 5203 2364 5264; x_wconf 89' lang='lat' dir='ltr'><strong>labores,</strong></span> <span class='ocrx_word' id='word_1_791' title='bbox 2413 5199 2508 5256; x_wconf 88' lang='lat' dir='ltr'><strong>sed</strong></span> <span class='ocrx_word' id='word_1_792' title='bbox 2561 5207 2620 5255; x_wconf 90' lang='lat' dir='ltr'><strong>et</strong></span> <span class='ocrx_word' id='word_1_793' title='bbox 2668 5199 2888 5268; x_wconf 88' lang='lat' dir='ltr'><strong>corpori</strong></span> <span class='ocrx_word' id='word_1_794' title='bbox 2940 5199 3232 5254; x_wconf 87' lang='lat' dir='ltr'><strong>sanitatem</strong></span> <span class='ocrx_word' id='word_1_795' title='bbox 3271 5213 3338 5254; x_wconf 92' lang='lat' dir='ltr'><strong>ac</strong></span> <span class='ocrx_word' id='word_1_796' title='bbox 3395 5199 3543 5254; x_wconf 82' lang='lat' dir='ltr'><strong>vires</strong></span> 
     </span>
    </p>
   </div>
   <div class='ocr_carea' id='block_1_98' title="bbox 1963 5288 3544 5359">
    <p class='ocr_par' dir='ltr' id='par_1_98' title="bbox 1963 5288 3544 5359">
     <span class='ocr_line' id='line_1_98' title="bbox 1963 5288 3544 5359; baseline -0.003 -11"><span class='ocrx_word' id='word_1_797' title='bbox 1963 5292 2283 5355; x_wconf 89' lang='lat' dir='ltr'><strong>conciliant,</strong></span> <span class='ocrx_word' id='word_1_798' title='bbox 2316 5289 2404 5345; x_wconf 91' lang='lat' dir='ltr'><strong>cui</strong></span> <span class='ocrx_word' id='word_1_799' title='bbox 2431 5289 2578 5344; x_wconf 89' lang='lat' dir='ltr'><strong>Deus</strong></span> <span class='ocrx_word' id='word_1_800' title='bbox 2602 5288 2773 5344; x_wconf 88' lang='lat' dir='ltr'><strong>robur</strong></span> <span class='ocrx_word' id='word_1_801' title='bbox 2798 5288 3114 5358; x_wconf 89' lang='lat' dir='ltr'><strong>suppeditat</strong></span> <span class='ocrx_word' id='word_1_802' title='bbox 3150 5303 3251 5359; x_wconf 89' lang='lat' dir='ltr'><strong>pro</strong></span> <span class='ocrx_word' id='word_1_803' title='bbox 3301 5288 3544 5344; x_wconf 88' lang='lat' dir='ltr'><strong>hominis</strong></span> 
     </span>
    </p>
   </div>
   <div class='ocr_carea' id='block_1_99' title="bbox 1965 5379 3545 5456">
    <p class='ocr_par' dir='ltr' id='par_1_99' title="bbox 1965 5379 3545 5456">
     <span class='ocr_line' id='line_1_99' title="bbox 1965 5379 3545 5456; baseline -0.004 -16"><span class='ocrx_word' id='word_1_804' title='bbox 1965 5383 2245 5456; x_wconf 91' lang='lat' dir='ltr'><strong>proposito</strong></span> <span class='ocrx_word' id='word_1_805' title='bbox 2285 5400 2300 5436; x_wconf 84' lang='lat'><strong>-.</strong></span> <span class='ocrx_word' id='word_1_806' title='bbox 2340 5388 2396 5436; x_wconf 89' lang='lat' dir='ltr'><strong>at</strong></span> <span class='ocrx_word' id='word_1_807' title='bbox 2430 5381 2627 5445; x_wconf 91' lang='lat' dir='ltr'><strong>otium,</strong></span> <span class='ocrx_word' id='word_1_808' title='bbox 2678 5379 2942 5436; x_wconf 88' lang='lat' dir='ltr'><strong>malitiam</strong></span> <span class='ocrx_word' id='word_1_809' title='bbox 3001 5396 3218 5435; x_wconf 92' lang='lat' dir='ltr'><strong>omnem</strong></span> <span class='ocrx_word' id='word_1_810' title='bbox 3282 5379 3545 5450; x_wconf 84' lang='lat' dir='ltr'><strong>perdocet</strong></span> 
     </span>
    </p>
   </div>
   <div class='ocr_carea' id='block_1_100' title="bbox 281 5464 1852 5552">
    <p class='ocr_par' dir='ltr' id='par_1_100' title="bbox 281 5475 1852 5552">
     <span class='ocr_line' id='line_1_100' title="bbox 281 5475 1852 5552; baseline -0.003 -18"><span class='ocrx_word' id='word_1_811' title='bbox 281 5480 652 5552; x_wconf 82' lang='grc' dir='ltr'>φλυαροῦντες,</span> <span class='ocrx_word' id='word_1_812' title='bbox 696 5481 757 5536; x_wconf 80' lang='grc' dir='ltr'><strong>ἐν</strong></span> <span class='ocrx_word' id='word_1_813' title='bbox 793 5479 995 5550; x_wconf 73' lang='grc' dir='ltr'>ἀφοὸία</span> <span class='ocrx_word' id='word_1_814' title='bbox 1033 5477 1190 5532; x_wconf 83' lang='grc' dir='ltr'>Θεοῦ.</span> <span class='ocrx_word' id='word_1_815' title='bbox 1223 5478 1368 5552; x_wconf 79' lang='grc' dir='ltr'>Πρὸς</span> <span class='ocrx_word' id='word_1_816' title='bbox 1409 5475 1618 5542; x_wconf 78' lang='grc' dir='ltr'>τούτοις</span> <span class='ocrx_word' id='word_1_817' title='bbox 1649 5476 1726 5541; x_wconf 80' lang='grc' dir='ltr'><strong>δὲ,</strong></span> <span class='ocrx_word' id='word_1_818' title='bbox 1760 5478 1852 5531; x_wconf 75' lang='grc' dir='ltr'><strong>καὶ</strong></span> 
     </span>
    </p>
   </div>
   <div class='ocr_carea' id='block_1_101' title="bbox 1956 5464 3541 5552">
    <p class='ocr_par' dir='ltr' id='par_1_101' title="bbox 1957 5470 3541 5546">
     <span class='ocr_line' id='line_1_101' title="bbox 1957 5470 3541 5546; baseline -0.004 -15"><span class='ocrx_word' id='word_1_819' title='bbox 1957 5477 2242 5546; x_wconf 90' lang='lat' dir='ltr'><strong>spinarum</strong></span> <span class='ocrx_word' id='word_1_820' title='bbox 2272 5473 2446 5528; x_wconf 90' lang='lat' dir='ltr'><strong>instar</strong></span> <span class='ocrx_word' id='word_1_821' title='bbox 2467 5471 2792 5527; x_wconf 90' lang='lat' dir='ltr'><strong>aculeatam.</strong></span> <span class='ocrx_word' id='word_1_822' title='bbox 2815 5470 2877 5525; x_wconf 92' lang='lat' dir='ltr'><strong>In</strong></span> <span class='ocrx_word' id='word_1_823' title='bbox 2911 5470 3170 5526; x_wconf 87' lang='lat' dir='ltr'><strong>manibus</strong></span> <span class='ocrx_word' id='word_1_824' title='bbox 3206 5470 3354 5526; x_wconf 88' lang='lat' dir='ltr'><strong>enim</strong></span> <span class='ocrx_word' id='word_1_825' title='bbox 3381 5471 3541 5525; x_wconf 88' lang='lat' dir='ltr'><strong>otiosi</strong></span> 
     </span>
    </p>
   </div>
   <div class='ocr_carea' id='block_1_102' title="bbox 278 5569 1852 5646">
    <p class='ocr_par' dir='ltr' id='par_1_102' title="bbox 278 5569 1852 5646">
     <span class='ocr_line' id='line_1_102' title="bbox 278 5569 1852 5646; baseline -0.003 -18"><span class='ocrx_word' id='word_1_826' title='bbox 278 5576 572 5646; x_wconf 86' lang='grc' dir='ltr'>προπετεῖς</span> <span class='ocrx_word' id='word_1_827' title='bbox 603 5575 740 5628; x_wconf 70' lang='grc' dir='ltr'>εἰσιν</span> <span class='ocrx_word' id='word_1_828' title='bbox 785 5575 844 5627; x_wconf 90' lang='grc' dir='ltr'><strong>ἐν</strong></span> <span class='ocrx_word' id='word_1_829' title='bbox 884 5572 1061 5641; x_wconf 86' lang='grc' dir='ltr'>λόγοις</span> <span class='ocrx_word' id='word_1_830' title='bbox 1114 5571 1531 5641; x_wconf 84' lang='grc' dir='ltr'>ἀσυναρτήτοις,</span> <span class='ocrx_word' id='word_1_831' title='bbox 1581 5569 1852 5642; x_wconf 76' lang='grc' dir='ltr'>προφάσει</span> 
     </span>
    </p>
   </div>
   <div class='ocr_carea' id='block_1_103' title="bbox 956 5730 1729 5862">
    <p class='ocr_par' dir='ltr' id='par_1_103' title="bbox 956 5730 1729 5862">
     <span class='ocr_line' id='line_1_103' title="bbox 956 5730 1729 5791; baseline -0.009 -3"><span class='ocrx_word' id='word_1_832' title='bbox 956 5735 1004 5767; x_wconf 70' lang='grc'><strong>⁸⁸</strong></span> <span class='ocrx_word' id='word_1_833' title='bbox 1032 5731 1168 5788; x_wconf 87' lang='lat' dir='ltr'><strong>Luc.</strong></span> <span class='ocrx_word' id='word_1_834' title='bbox 1199 5746 1356 5791; x_wconf 77' lang='lat' dir='ltr'><strong>xvm.</strong></span> <span class='ocrx_word' id='word_1_835' title='bbox 1383 5730 1438 5784; x_wconf 77' lang='lat' dir='ltr'><strong>i.</strong></span> <span class='ocrx_word' id='word_1_836' title='bbox 1543 5730 1590 5762; x_wconf 79' lang='grc'><strong><em>³⁵</em></strong></span> <span class='ocrx_word' id='word_1_837' title='bbox 1625 5730 1729 5783; x_wconf 83' lang='lat' dir='ltr'><strong>ibid</strong></span> 
     </span>
     <span class='ocr_line' id='line_1_104' title="bbox 958 5799 1729 5862; baseline -0.009 -4"><span class='ocrx_word' id='word_1_838' title='bbox 958 5819 996 5862; x_wconf 82' lang='grc' dir='ltr'><strong>ι.</strong></span> <span class='ocrx_word' id='word_1_839' title='bbox 1034 5803 1122 5860; x_wconf 85' lang='lat' dir='ltr'><strong>I6.</strong></span> <span class='ocrx_word' id='word_1_840' title='bbox 1219 5803 1265 5834; x_wconf 79' lang='lat'><strong>”</strong></span> <span class='ocrx_word' id='word_1_841' title='bbox 1297 5800 1439 5856; x_wconf 88' lang='lat' dir='ltr'><strong>Psal.</strong></span> <span class='ocrx_word' id='word_1_842' title='bbox 1467 5815 1645 5862; x_wconf 70' lang='lat' dir='ltr'><strong>cuvr,</strong></span> <span class='ocrx_word' id='word_1_843' title='bbox 1676 5799 1729 5852; x_wconf 78' lang='lat'><strong>‘2.</strong></span> 
     </span>
    </p>
   </div>
   <div class='ocr_carea' id='block_1_104' title="bbox 345 5733 844 5800">
    <p class='ocr_par' dir='ltr' id='par_1_104' title="bbox 345 5733 844 5800">
     <span class='ocr_line' id='line_1_105' title="bbox 345 5733 844 5800; baseline -0.012 -6"><span class='ocrx_word' id='word_1_844' title='bbox 345 5739 394 5772; x_wconf 81' lang='grc'>⁸³</span> <span class='ocrx_word' id='word_1_845' title='bbox 417 5738 560 5794; x_wconf 78' lang='lat' dir='ltr'><strong>Psal.</strong></span> <span class='ocrx_word' id='word_1_846' title='bbox 589 5750 759 5800; x_wconf 75' lang='lat' dir='ltr'><strong>xxxii,</strong></span> <span class='ocrx_word' id='word_1_847' title='bbox 789 5733 844 5789; x_wconf 77' lang='lat'><strong>2.</strong></span> 
     </span>
    </p>
   </div>
   <div class='ocr_carea' id='block_1_105' title="bbox 279 5803 1122 5876">
    <p class='ocr_par' dir='ltr' id='par_1_105' title="bbox 279 5803 1122 5876">
     <span class='ocr_line' id='line_1_106' title="bbox 279 5803 1122 5876; baseline -0.009 -8"><span class='ocrx_word' id='word_1_848' title='bbox 279 5825 458 5876; x_wconf 62' lang='lat' dir='ltr'><strong>eam,</strong></span> <span class='ocrx_word' id='word_1_849' title='bbox 484 5810 539 5864; x_wconf 74' lang='lat'><strong>2.</strong></span> <span class='ocrx_word' id='word_1_850' title='bbox 613 5808 658 5840; x_wconf 83' lang='lat'><strong>&quot;</strong></span> <span class='ocrx_word' id='word_1_851' title='bbox 683 5807 841 5861; x_wconf 80' lang='lat' dir='ltr'><strong>Rom.</strong></span> <span class='ocrx_word' id='word_1_852' title='bbox 882 5819 996 5873; x_wconf 78' lang='lat' dir='ltr'><strong>vni,</strong></span> <span class='ocrx_word' id='word_1_853' title='bbox 1034 5803 1122 5860; x_wconf 76' lang='grc'><strong>16.</strong></span> 
     </span>
    </p>
   </div>
   <div class='ocr_carea' id='block_1_106' title="bbox 1543 5721 2561 5824">
    <p class='ocr_par' dir='ltr' id='par_1_106' title="bbox 1543 5721 2561 5824">
     <span class='ocr_line' id='line_1_107' title="bbox 1543 5721 2561 5824; baseline 0.013 0"><span class='ocrx_word' id='word_1_854' title='bbox 1543 5725 1764 5824; x_wconf 65' lang='grc' dir='ltr'><strong>Ϊῗ..ί¹’ἐί¹’</strong></span> <span class='ocrx_word' id='word_1_855' title='bbox 1797 5727 1851 5822; x_wconf 73' lang='grc' dir='ltr'>ἷι</span> <span class='ocrx_word' id='word_1_856' title='bbox 2030 5724 2078 5814; x_wconf 76' lang='grc' dir='ltr'>’τ</span> <span class='ocrx_word' id='word_1_857' title='bbox 2106 5721 2561 5816; x_wconf 42' lang='grc' dir='ltr'>νεικεῖν-³⁸·</span> 
     </span>
    </p>
   </div>
   <div class='ocr_carea' id='block_1_107' title="bbox 1881 5813 1956 5828">
    <p class='ocr_par' dir='ltr' id='par_1_107' title="bbox 1881 5813 1956 5828">
     <span class='ocr_line' id='line_1_108' title="bbox 1881 5813 1956 5828; baseline 0.013 -1"><span class='ocrx_word' id='word_1_858' title='bbox 1881 5813 1894 5825; x_wconf 69' lang='grc' dir='ltr'><strong>Ι</strong></span> <span class='ocrx_word' id='word_1_859' title='bbox 1907 5813 1956 5828; x_wconf 63' lang='grc' dir='ltr'><strong>σοι</strong></span> 
     </span>
    </p>
   </div>
   <div class='ocr_carea' id='block_1_108' title="bbox 1959 5561 3543 5640">
    <p class='ocr_par' dir='ltr' id='par_1_108' title="bbox 1959 5561 3543 5640">
     <span class='ocr_line' id='line_1_109' title="bbox 1959 5561 3543 5640; baseline -0.007 -16"><span class='ocrx_word' id='word_1_860' title='bbox 1959 5576 2157 5640; x_wconf 90' lang='lat' dir='ltr'><strong>sponte</strong></span> <span class='ocrx_word' id='word_1_861' title='bbox 2178 5581 2277 5621; x_wconf 88' lang='lat' dir='ltr'><strong>sua</strong></span> <span class='ocrx_word' id='word_1_862' title='bbox 2299 5565 2541 5622; x_wconf 89' lang='lat' dir='ltr'><strong>emicant</strong></span> <span class='ocrx_word' id='word_1_863' title='bbox 2559 5563 2751 5636; x_wconf 67' lang='lat' dir='ltr'><strong>spinea.</strong></span> <span class='ocrx_word' id='word_1_864' title='bbox 2785 5563 2874 5629; x_wconf 90' lang='lat' dir='ltr'><strong>Et,</strong></span> <span class='ocrx_word' id='word_1_865' title='bbox 2909 5583 2926 5615; x_wconf 78' lang='grc' dir='ltr'><strong>ι</strong></span> <span class='ocrx_word' id='word_1_866' title='bbox 2960 5563 3069 5620; x_wconf 77' lang='lat' dir='ltr'><strong>Via:</strong></span> <span class='ocrx_word' id='word_1_867' title='bbox 3097 5562 3403 5617; x_wconf 85' lang='lat' dir='ltr'><strong>otiosorum</strong></span> <span class='ocrx_word' id='word_1_868' title='bbox 3435 5561 3543 5630; x_wconf 82' lang='lat' dir='ltr'><strong>spi-</strong></span> 
     </span>
    </p>
   </div>
   <div class='ocr_carea' id='block_1_109' title="bbox 2666 5713 3542 5806">
    <p class='ocr_par' dir='ltr' id='par_1_109' title="bbox 2666 5713 3542 5806">
     <span class='ocr_line' id='line_1_110' title="bbox 2666 5713 3542 5806; baseline -0.008 -27"><span class='ocrx_word' id='word_1_869' title='bbox 2666 5720 2712 5754; x_wconf 85' lang='lat'><strong>&quot;’</strong></span> <span class='ocrx_word' id='word_1_870' title='bbox 2741 5721 2884 5778; x_wconf 85' lang='lat' dir='ltr'><strong>Psal.</strong></span> <span class='ocrx_word' id='word_1_871' title='bbox 2942 5733 3122 5806; x_wconf 67' lang='lat' dir='ltr'><strong>mm,</strong></span> <span class='ocrx_word' id='word_1_872' title='bbox 3172 5717 3230 5774; x_wconf 69' lang='grc'>4.</span> <span class='ocrx_word' id='word_1_873' title='bbox 3325 5713 3542 5772; x_wconf 78' lang='lat' dir='ltr'><strong>“Psal.</strong></span> 
     </span>
    </p>
   </div>
  </div>
