4028 6546
468 355 607 421 1699

1731 352 2095 418 ANTIOCHI
2133 350 2479 418 MONACHI

3584 356 3719 419 I700

464 467 552 521 nis
586 466 833 520 instrata:
848 474 979 520 sunt
998 466 1067 519 ".
1097 484 1115 518 ι
1144 460 1303 521 Tales
1334 464 1464 520 dum
1513 465 1661 521 aliud
1697 466 1834 521 nihil
1872 466 2035 522 confi-

2148 467 2306 539 δῆθεν
2336 463 2716 528 διδασκαλίαςο
2772 464 2849 536 μὴ
2897 462 3140 529 νοοῦντες
3183 465 3219 520 ἃ
3251 465 3524 535 λέγουσιν,
3577 471 3721 538 μήτε

462 557 620 615 ciunt
646 558 854 629 operis,
881 567 1027 613 totos
1054 572 1112 612 se
1137 557 1347 613 dedunt
1374 557 1724 624 detractioni,
1750 557 2043 628 dispuncto

463 668 496 706 ιι
526 666 585 706 se
618 658 674 704 et
692 665 927 703 excusso
960 649 1057 704 Dei
1090 648 1307 704 timore.
1358 648 1513 704 Adde
1548 649 1656 715 his,
1683 650 1958 705 temerarii
1986 659 2043 705 et

465 742 735 797 eﬂ‘rontes
755 740 940 796 verbis
966 750 1097 796 sunt.
1137 741 1484 796 iuconcinnis
1528 756 1594 796 ac
1641 740 2036 807 immoderatis,

464 850 587 904 qua:
612 842 934 904 prmtextum
966 833 1171 902 alioqui
1211 848 1324 903 prze
1356 849 1413 888 se
1441 832 1621 888 ferant
1649 833 1884 905 alicujus
1911 834 2042 889 doc-

466 930 645 994 trime,
679 945 803 983 cum
836 929 1059 983 interim
1094 943 1203 983 non
1234 928 1565 998 intelligant,
1591 944 1769 997 neque
1793 945 1914 998 qum
1936 928 2039 999 ipsi

463 1021 786 1092 loquuntur,
809 1035 987 1091 neque
1020 1019 1087 1074 dc
1135 1018 1338 1089 quibus
1376 1019 1668 1074 affirmant.-
1708 1018 1823 1073 Iloc
1867 1035 2041 1089 genus

464 1111 706 1168 hominis
732 1110 865 1165 scite
893 1109 1191 1164 admodum
1218 1109 1539 1179 perstringit
1565 1118 1864 1164 concentor
1888 1109 2032 1164 Psal-

463 1218 678 1258 morum
709 1201 902 1267 David,
925 1200 1147 1257 dicens:
1187 1219 1205 1251 ι
1236 1200 1293 1254 In
1318 1200 1603 1255 laboribus
1620 1200 1904 1254 hominum
1927 1216 2039 1255 non

463 1304 613 1359 sunt,
673 1305 729 1349 et
778 1309 901 1347 cum
956 1286 1275 1347 hominibus
1324 1308 1435 1346 non
1473 1291 1973 1362 flagellahuntur“.
2012 1309 2031 1343 ι

468 1387 683 1458 1166
710 1385 812 1453 Qui
855 1385 1002 1440 enim
1054 1393 1302 1456 peccant,
1333 1399 1437 1438 nec
1478 1392 1659 1439 tamen
1708 1384 2040 1454 resipiscunt

462 1478 809 1548 paenitudine
863 1476 1049 1539 ducti,
1098 1484 1277 1545 ncqtte
1358 1468 1543 1545 ﬂagris
1603 1472 2039 1531 conscinduntur

460 1571 579 1625 sive
631 1568 967 1638 castigantur
1020 1567 1111 1621 hic
1165 1578 1289 1621 cum
1324 1565 1812 1632 hominihus,illic
1842 1566 2036 1636 utique

462 1662 520 1717 in
542 1661 852 1716 daemonum
873 1659 1241 1715 contubernio
1280 1674 1474 1730 poenas
1524 1658 1680 1713 luent
1722 1657 1879 1712 nullo
1926 1657 2037 1712 cir-

461 1751 915 1808 cumscribendas
947 1750 1074 1804 line.
1100 1749 1158 1804 In
1188 1750 1291 1803 hoc
1328 1749 1589 1819 perdocet
1609 1756 1788 1805 noset
1814 1747 2036 1803 instruit

2143 558 2277 630 περὶ
2321 557 2470 621 τίνος
2517 553 2975 610 διαϐεϐαιοῦνται.
3032 554 3142 620 Οὓς
3190 556 3287 610 καὶ
3332 556 3363 609 ό
3412 556 3723 627 vitam;

2143 648 2442 719 μέμφεται,
2471 646 2668 714 λέγων·
2708 663 2728 697 ι
2773 645 2862 699 Ἐν
2880 645 3071 709 κόποις
3099 646 3401 717 ἀνθρώπων
3427 647 3529 702 οὐκ
3554 649 3719 712 είσὶν,

2141 742 2236 793 καὶ
2278 738 2419 810 μετὰ
2446 734 2751 809 ἀνθρώπιον
2790 736 2852 790 οὐ
2895 736 3420 809 μαπιγωθὴσονται.
3459 755 3480 790 ι
3516 739 3585 792 (lt
3610 738 3722 808 γὰρ

2137 831 2547 902 ἁμαρτάνοντες
2574 830 2670 884 καὶ
2701 832 2776 902 μὴ
2807 830 3217 902 μετανοοῦντες,
3252 830 3389 900 μηδὲ
3416 831 3722 902 μαστιγού·

2142 938 2315 992 μενοι,
2343 923 2512 994 ῆγουν
2539 922 2917 993 παιδευόμενοι
2949 921 3184 977 ἐνταῦθα
3218 924 3357 994 μετὰ
3388 922 3721 993 ἀνθρώπων,

2139 1013 2260 1066 ἐκεῖ
2331 1013 2472 1083 μετὰ
2518 1012 2787 1084 δαιμόνων
2835 1012 3213 1086 ἀτελευτήτως
3263 1014 3718 1085 κολασθήσονται.

2138 1102 2239 1157 Διὰ
2263 1102 2422 1158 τοῦτο
2450 1105 2547 1158 καὶ
2576 1107 2742 1177 ἡμεῖς
2772 1105 2921 1178 παρὰ
2948 1109 3048 1178 τῆς
3084 1108 3309 1180 Γραφῆς
3350 1108 3725 1179 παιδευόμεθα

2137 1196 2361 1268 ἀγαπᾷν
2390 1197 2483 1251 τὸν
2506 1194 2694 1266 κόπον,
2726 1198 2811 1253 ὅτι
2836 1200 2917 1263 είς
2944 1200 3125 1254 πάντα
3160 1200 3528 1271 συμϐάλλεται
3560 1202 3720 1271 ἡμῖν.

2136 1288 2299 1357 Λέγει
2329 1287 2439 1360 γάρ
2466 1304 2480 1321 ο
2513 1307 2532 1341 ι
2580 1288 2673 1361 Μὴ
2720 1292 2960 1363 μισήσῃς
2984 1291 3242 1347 ἐπίπονον
3281 1293 3546 1363 ἐργασίαν
3566 1312 3581 1325 ·
3616 1310 3725 1347 ταὼ

2136 1378 2403 1433 πείνωσον
2436 1379 2641 1451 σφόδρα
2678 1381 2779 1452 τὴν
2806 1380 2985 1453 ψυχήν
3011 1399 3127 1437 σου.
3165 1400 3185 1436 ι
3218 1383 3348 1437 Καίο
3383 1402 3401 1435 ι
3455 1384 3543 1437 Ἐν
3578 1387 3720 1439 πᾶσι

2135 1466 2247 1534 τοῖς
2276 1468 2458 1542 ἔργοις
2488 1487 2582 1525 σου
2608 1471 2761 1541 γίνου
2793 1473 3073 1545 ἑντρεχὴς,
3107 1475 3199 1528 καὶ
3224 1476 3335 1530 πᾶν
3368 1474 3720 1545 ἀρρώστημα

2138 1558 2201 1612 οὐ
2235 1560 2308 1630 μή
2340 1576 2422 1613 σοι
2452 1560 2776 1632 ἀπαντήσει.
2837 1561 2926 1615 Ἐν
2971 1562 3239 1635 ἐπιθυμίᾳ
3269 1563 3374 1633 γὰρ
3418 1562 3572 1614 ἔσται
3601 1562 3720 1624 πᾶς

2133 1645 2364 1723 ἇεργος’
2410 1654 2467 1707 al
2517 1654 2575 1708 δὲ
2611 1654 2723 1708 όδοὶ
2768 1655 2877 1709 τῶν
2927 1652 3211 1727 ἀνδρείων,
3244 1656 3388 1713 λεῖοι.
3453 1672 3474 1707 ι
3541 1652 3603 1708 ’0
3651 1652 3720 1707 δι

2134 1743 2331 1796 Δαυϊδ·
2377 1760 2397 1796 ι
2436 1744 2608 1799 Τοῦτο
2653 1746 2819 1810 κόπος
2867 1744 3015 1800 ἑστιν
3061 1744 3289 1801 ἐνώπιόν
3334 1762 3458 1816 μου,
3492 1746 3599 1809 ἕως
3646 1739 3717 1798 οὗ

462 1840 771 1910 Scriptura,
799 1838 1046 1894 laborem
1080 1850 1139 1893 ut
1166 1838 1479 1909 diligamus,
1507 1838 1653 1909 qttod
1694 1838 1738 1893 is
1760 1837 1827 1892 ad
1850 1837 2035 1893 omnia

2136 1829 2360 1891 εἰσέλθω
2385 1837 2465 1901 είς
2495 1836 2555 1891 τὸ
2601 1837 2958 1910 ἀγιαστήριον
3000 1838 3095 1892 τοῦ
3127 1837 3285 1899 Θεοῦ.
3318 1836 3454 1891 ἀλλὰ
3495 1837 3590 1893 καὶ
3618 1837 3719 1892 διὰ

462 1933 606 1988 mire
638 1931 919 1988 conducit.
956 1930 1095 1986 Dicit
1123 1931 1305 1987 enim:
1333 1949 1352 1982 ι
1386 1931 1465 1986 Ne
1495 1930 1678 1985 oderis
1706 1930 2035 1986 laboriosam

462 2024 862 2094 operationem,
892 2022 988 2078 sed
1018 2022 1249 2077 humilia
1267 2021 1425 2076 valde
1466 2022 1703 2077 animam
1732 2031 1883 2078 tuam
1901 2023 1967 2076 ’⁵.
2010 2041 2027 2074 ι

461 2118 564 2174 Et:
598 2138 614 2170 ι
652 2119 709 2173 In
742 2116 999 2173 omnibus
1017 2117 1280 2187 operibus
1305 2117 1413 2172 tuis
1431 2126 1550 2172 esto
1582 2117 1761 2182 velox,
1782 2124 1837 2170 et
1856 2114 2038 2171 omnis

462 2208 753 2263 infirmitas
792 2222 903 2263 non
944 2216 1203 2263 occurret
1252 2208 1424 2262 tibi".
1460 2208 1519 2262 ln
1563 2207 1841 2262 desiderio
1886 2204 2036 2261 enim

458 2300 567 2355 erit
601 2303 782 2355 omnis
802 2301 974 2372 piger,
1009 2300 1110 2355 viae
1128 2309 1311 2354 autem
1336 2299 1559 2355 fortium
1580 2299 1752 2369 planae
1778 2299 1981 2353 sunt”.
2011 2316 2031 2350 ι

458 2392 630 2447 David
680 2393 811 2448 item
836 2411 849 2447 :
881 2411 899 2444 ι
935 2392 1048 2448 Hoc
1072 2392 1227 2447 labor
1246 2401 1332 2448 est
1357 2401 1484 2447 ante
1509 2407 1617 2457 me,
1642 2390 1818 2445 donec
1837 2390 2038 2444 intrem

460 2484 516 2539 in
545 2485 920 2539 sanctuarium
952 2486 1071 2550 Dei,
1100 2484 1196 2540 sed
1224 2494 1280 2540 et
1309 2493 1601 2555 propterea
1648 2482 1932 2547 laborabo,
1977 2489 2039 2537 ut

460 2577 639 2631 vivam
668 2576 725 2631 in
748 2576 1023 2631 ﬁnem’h
1059 2576 1142 2631 'l'u
1172 2581 1319 2631 enim
1339 2575 1548 2641 dixisti,
1576 2573 1839 2630 Domine:
1869 2592 1888 2625 ι
1922 2573 2037 2645 Ego

460 2683 583 2723 sum
606 2670 871 2723 Dominus
895 2668 1036 2724 Deus
1058 2676 1187 2722 tuus
1210 2667 1304 2738 qui
1326 2675 1377 2723 te
1399 2666 1564 2722 eduxi
1589 2666 1657 2722 de
1681 2676 1826 2722 terra
1840 2664 2039 2737 [Egypa

463 2762 524 2828 ti,
560 2760 628 2817 de
655 2761 820 2817 domo
852 2761 1213 2827 servitutis",
1250 2779 1267 2812 ι
1321 2761 1424 2815 luti
1479 2768 1532 2816 et
1580 2760 1790 2823 lateris,
1838 2774 2036 2829 nempe

458 2854 823 2910 obscenarum
860 2868 926 2908 ac
957 2854 1199 2924 turpium
1227 2853 1600 2908 atl'cctionum.
1632 2851 1773 2907 Sane
1816 2851 2040 2922 profue-

461 2946 535 3000 rit
551 2944 800 3000 aemulari
822 2945 1141 3015 Apostolum
1167 2961 1180 3005 ;
1215 2944 1292 3000 ait
1313 2944 1460 2999 enim
1482 2944 1529 2999 is
1557 2958 1570 2995 :
1599 2962 1616 2995 ι
1648 2943 1889 3006 Fratres,
1921 2957 2037 2997 me-

460 3048 645 3088 mores
693 3042 871 3088 estote
907 3034 1159 3089 laborum
1192 3043 1506 3088 nostrorum
1553 3041 1611 3088 et
1656 3032 2032 3097 aﬂlictionum,

2133 1926 2292 1982 τοῦτο
2326 1928 2524 1991 κοπιῶ,
2560 1929 2644 1982 ἵνα
2671 1928 2821 2000 ζήσω
2856 1931 2939 1995 είς
2979 1930 3154 1994 τέλος.
3197 1948 3216 1983 ι
3261 1930 3337 1984 Σὺ
3376 1928 3487 2001 γὰρ
3522 1925 3716 1993 εἴπας,

2135 2018 2399 2073 Δέσποτα·
2439 2018 2614 2089 «Ἐγὼ
2641 2022 2750 2092 γάρ
2779 2022 2896 2092 εἰμι
2931 2022 3135 2094 Κύριος
3162 2022 3191 2074 ὁ
3216 2020 3349 2085 Θεός
3381 2037 3499 2087 σου,
3523 2022 3550 2073 ό
3578 2021 3718 2073 ἀνα-

2134 2106 2322 2181 γαγών
2351 2128 2410 2165 σε
2439 2114 2504 2166 ὲκ
2545 2112 2647 2184 γῆς
2674 2112 2972 2182 Αἰγύπτου,
3006 2113 3066 2178 ιε
3088 2113 3238 2166 οἴκου
3260 2110 3524 2176 δουλείας,
3562 2130 3582 2163 ι
3617 2111 3715 2164 τοῦ

2136 2201 2439 2273 πή).οῦ,καὶ
2463 2203 2563 2270 τῆς
2597 2203 2876 2269 πλινθεὶας
2901 2205 3011 2259 τῶν
3027 2205 3268 2276 αἰσχρῶν
3289 2203 3497 2259 παθῶν.
3531 2203 3718 2257 Καλὸν

2133 2294 2191 2348 δέ
2220 2297 2367 2348 ἐστιν
2400 2292 2643 2365 ζηλῶσαι
2692 2296 2788 2350 καὶ
2839 2298 2935 2349 τ³ιν
3003 2296 3362 2351 Ἀπόστολον·
3395 2297 3559 2368 φησὶν
3602 2295 3718 2367 γὰρ

2135 2387 2319 2449 αὐτός’
2366 2404 2385 2439 ι
2434 2386 2698 2463 ’ᾼδελφώη
2752 2387 3119 2459 μνημονεύετε
3164 2389 3274 2443 τῶν
3302 2389 3487 2443 κόπων
3528 2389 3715 2459 ήμῶν,

2136 2478 2233 2533 καὶ
2257 2481 2368 2535 τῶν
2404 2480 2640 2551 μόχθων,
2670 2481 2752 2535 δτι
2789 2479 2984 2546 νυκτὸς
3017 2482 3112 2536 καὶ
3143 2482 3359 2554 ἡμέρας
3408 2482 3719 2553 ἑργαξόμε·

2136 2589 2218 2627 νοι
2252 2570 2388 2646 πρὸς
2417 2574 2480 2627 τό
2515 2573 2591 2645 μὴ
2639 2572 2977 2646 ἐπιϐαρῆσαί
3019 2585 3141 2629 τινα
3186 2576 3362 2646 ὑμῶν.
3413 2577 3575 2631 Αὐτοὶ
3610 2577 3720 2648 γὰρ

2135 2665 2313 2719 οἴδατε
2342 2665 2424 2718 ὅτι
2452 2665 2658 2736 δωρεὰν
2685 2666 2850 2738 ἄρτον
2878 2667 2980 2721 οὐκ
3025 2668 3325 2740 ἐφάγομεν.
3366 2688 3384 2723 ι
3423 2670 3530 2724 Καὶ
3577 2669 3718 2739 πρὸς

2136 2757 2460 2828 Κορινθίους
2508 2759 3028 2831 ἀπαριθμήσόμενος
3074 2762 3203 2825 τοὺς
3248 2762 3384 2835 ὑπὲρ
3432 2762 3720 2825 εὐσεϐείας

2136 2849 2354 2918 ἀγῶνας
2387 2850 2551 2903 αὐτοῦ
2579 2851 2955 2922 προστίθησινο
2995 2872 3015 2906 ι
3065 2853 3155 2907 Ἐν
3184 2854 3374 2918 κόποις
3404 2855 3721 2926 περισσοτέ-

2140 2958 2267 3013 ρως.
2307 2959 2325 2993 ι
2364 2941 2473 2995 Καὶ
2504 2942 2687 2996 πάλινο
2726 2962 2744 2995 ι
2780 2945 3171 3017 Περισσότερον
3200 2947 3379 3000 αὐτῶν
3415 2948 3717 3001 ἐκοπίασα·

2135 3034 2237 3088 οὐκ
2265 3032 2378 3103 ἐγὼ
2402 3028 2482 3098 δὲ,
2515 3035 2631 3089 ἀλλ’
2665 3037 2882 3108 ήχάρις
2909 3036 3004 3092 τοῦ
3028 3037 3163 3092 Θεοῦ
3198 3041 3231 3111 ή
3264 3040 3363 3094 σὺν
3389 3040 3537 3112 ὲμοί.
3579 3059 3599 3094 ι
3626 3041 3727 3095 Δετ

424 3138 621 3181 -nocte
651 3140 715 3181 ac
742 3126 833 3181 die
870 3135 1165 3197 operantes
1192 3125 1416 3189 fuimus,
1458 3140 1528 3180 ne
1571 3140 1734 3195 quem
1789 3133 2032 3179 vestrum

2136 3121 2229 3179 οὖν
2259 3126 2356 3180 καὶ
2383 3126 2533 3196 ἡμᾶς
2565 3129 2739 3179 ποιεῖν
2768 3127 2867 3198 μὲν
2889 3128 3019 3191 τοὺς
3047 3128 3252 3193 κόπους
3280 3130 3420 3200 μετὰ
3447 3129 3719 3185 ταπεινώ-

459 3230 838 3289 gravaremus.
901 3216 1009 3287 Ipsi
1054 3216 1202 3272 enim
1251 3217 1406 3273 scitis
1451 3217 1580 3286 quia
1620 3217 1790 3288 gratis
1836 3231 2033 3288 panem

2138 3232 2299 3286 σεως,
2354 3219 2453 3273 καὶ
2508 3218 2855 3289 διακρίσεως,
2912 3221 3211 3287 τουτέστιν,
3266 3223 3334 3274 δι’
3392 3225 3719 3295 ἐρωτήσεως

460 3321 572 3361 non
594 3304 1052 3361 manducavimus
1073 3306 1114 3361 ¹.
1151 3324 1168 3358 ι
1196 3303 1305 3361 Sed
1332 3312 1386 3360 et
1410 3305 1478 3359 ad
1511 3304 1849 3370 Corinthios,
1895 3321 2035 3361 enua

2136 3313 2527 3383 πνευματικῶν
2557 3313 2828 3384 πατέρων.
2854 3307 3042 3378 Οὕτως
3068 3315 3177 3385 γὰρ
3200 3316 3299 3369 οὐκ
3329 3316 3718 3388 ὲκπεσούμεθσ

460 3398 690 3453 meratis
743 3397 1015 3468 agonibus
1065 3397 1181 3453 suis
1225 3413 1364 3469 quos
1412 3414 1514 3465 pro
1580 3398 1782 3452 tuenda
1834 3396 2035 3468 pietate

2136 3402 2217 3466 είς
2247 3403 2458 3475 πλάνην
2488 3406 2585 3459 καὶ
2630 3402 2830 3477 χλεύην
2873 3405 3175 3477 δαιμόνων’
3217 3408 3305 3462 ἀεὶ
3345 3410 3448 3480 γὰρ
3482 3409 3723 3480 θερμαί-

459 3484 776 3549 desudarat,
805 3485 958 3541 addit
998 3502 1013 3540 :
1060 3504 1079 3538 ι
1119 3486 1179 3541 1η
1224 3486 1511 3542 laboribus
1546 3485 1977 3541 abundantius'.
2011 3505 2030 3538 ι

2137 3510 2320 3551 νουσιν
2350 3496 2442 3551 τὸν
2478 3497 2766 3569 ἄνθρωπον
2806 3496 2878 3550 τὰ
2908 3499 3194 3571 ἀκάθαρτα
3228 3499 3540 3570 πνεύματα,
3570 3504 3656 3567 είς
3683 3502 3723 3558 ἃ

458 3577 665 3633 lterum
684 3595 729 3631 τι
759 3577 878 3633 Prae
902 3577 1012 3632 illis
1035 3577 1408 3633 abundantius
1430 3576 1695 3639 laboravi,
1721 3589 1829 3633 non
1853 3584 2035 3632 autem

2136 3590 2200 3645 οὐ
2228 3589 2452 3645 δύναται
2493 3590 2798 3658 ἐκτελέσαι,
2830 3593 2927 3647 καὶ
2958 3591 3184 3665 ὕστερον
3215 3595 3723 3666 ὲκμυκτηρίζουσιν

457 3684 582 3739 ego,
606 3668 703 3723 sed
735 3668 912 3739 gratia
940 3669 1037 3724 Dei
1070 3685 1285 3726 mecum
1306 3671 1348 3724 ³.
1378 3690 1396 3723 ι
1443 3671 1511 3726 Et
1554 3671 1773 3741 quidem
1816 3670 2033 3726 labores

2136 3683 2312 3738 αὐτόν.
2340 3684 2534 3753 Λέγειν
2567 3684 2623 3737 δὲ
2677 3685 2773 3738 καὶ
2820 3688 3039 3757 φρονεῖν
3073 3687 3226 3758 ἡμᾶς
3253 3688 3383 3760 χρὴ,
3430 3688 3577 3743 κατὰ
3624 3690 3723 3742 τὸν

458 3760 621 3815 nobis
649 3760 923 3816 subeundi
956 3770 1105 3826 sunt,
1138 3762 1232 3817 sed
1269 3778 1394 3818 cum
1440 3762 1749 3818 humilitate
1784 3770 1841 3818 et
1884 3762 2034 3817 arbi-

2136 3774 2475 3839 ’Λπόστολον,
2503 3775 2633 3829 ὅταν
2684 3793 2737 3829 τι
2786 3774 3258 3849 κατορθώσωμεψ
3297 3798 3313 3829 ι
3356 3778 3471 3831 Οὐκ
3501 3779 3613 3848 ἐγὼ
3636 3780 3719 3844 δὲ,

460 3856 605 3901 tratu
643 3847 945 3905 discretivo
974 3851 1343 3921 spiritualium
1371 3852 1614 3908 Patrum.
1639 3853 1718 3908 Ita
1747 3853 1896 3910 enim
1942 3852 2037 3908 fiet

458 3948 523 3993 ut
551 3939 607 3993 in
640 3940 855 3995 nullum
879 3940 1189 3998 incidamus
1221 3957 1493 4010 errorem,
1539 3960 1643 3999 nec
1698 3944 2037 4002 daemonibus

459 4030 761 4087 reddemur
783 4033 1104 4089 deridiculi.
1130 4035 1366 4106 lmpuris
1390 4035 1538 4091 enim
1594 4036 1716 4092 istis
1751 4036 2037 4107 spiritibus

459 4121 567 4177 hoc
609 4122 753 4179 inest
816 4126 1096 4195 peculiare
1149 4127 1419 4192 studium,
1470 4127 1691 4183 fervore
1739 4127 2035 4183 indiscrete

458 4216 771 4271 accendunt
787 4232 1006 4289 semper
1036 4219 1337 4287 hominem,
1355 4235 1421 4275 ea
1444 4227 1505 4275 ut
1522 4220 1799 4285 moliatur,
1836 4219 2037 4291 quibus

458 4307 823 4381 perficiundis
862 4312 1187 4381 neutiquam
1242 4328 1345 4383 par
1378 4314 1452 4369 sit
1487 4333 1501 4369 :
1544 4314 1709 4369 talem
1759 4322 2035 4385 postremo

2129 3864 2246 3920 ἀλλ’
2286 3866 2319 3937 ἡ
2350 3865 2509 3937 χάρις
2537 3863 2632 3918 τοῦ
2658 3864 2792 3919 Θεοῦ
2822 3866 2854 3938 ή
2900 3868 2996 3920 σὺν
3023 3868 3167 3937 ἐμοί.
3217 3887 3235 3921 ι
3269 3869 3342 3922 Οὐ
3381 3869 3543 3939 μόνον
3589 3868 3650 3922 δὲ
3693 3873 3722 3923 ό

2147 3955 2470 4020 Ἀπόστολος
2513 3952 2593 4019 είς
2643 3956 2823 4011 πάντα
2870 3958 3041 4022 τύπος
3090 3955 3222 4029 ἡμίν
3268 3954 3529 4027 γέγονεν,
3576 3960 3721 4014 ἀλλὰ

2137 4048 2232 4101 καὶ
2260 4046 2421 4110 αὐτὸς
2457 4048 2486 4100 ό
2520 4044 2723 4119 Κύριος
2755 4049 2913 4120 ήμῶν
2953 4050 3163 4119 Ἰησοῦς
3195 4051 3428 4122 Χριστὸς
3468 4052 3536 4105 δι’
3588 4054 3724 4106 ἑαυ-

2134 4137 2229 4193 τοῦ
2284 4139 2562 4207 ὑπέδειξεν
2612 4137 2742 4212 ἡμῖν
2785 4142 2852 4194 τὰ
2897 4141 3097 4196 πάντα.
3150 4138 3563 4215 Ἂναμάρτήτος
3604 4144 3723 4216 γὰρ

2133 4229 2235 4295 ῶν,
2268 4233 2362 4286 καὶ
2390 4233 2524 4297 Θεὸς
2554 4226 2650 4297 ὣν,
2687 4233 2781 4316 καὶ
2809 4228 2884 4305 μή
2921 4229 3132 4307 χρῄζων
3159 4237 3504 4306 σωματικῶν,
3536 4238 3723 4291 πάντα

2132 4318 2460 4389 κατεδέξατο
2509 4325 2735 4394 ποιῆσαι
2789 4325 2883 4379 καὶ
2933 4325 3140 4390 διδάξαι
3200 4322 3353 4397 ἡμίν.
3391 4329 3725 4397 (Ἐνήστευο

415 4481 419 4487 ν
459 4399 786 4455 deridiculis
806 4401 995 4457 saunis
1018 4402 1402 4473 proscindunt.
1418 4404 1579 4461 Juxta
1612 4404 1780 4475 igitur
1800 4407 2033 4475 Aposto-

2139 4427 2231 4465 σεν
2261 4414 2369 4483 γὰρ
2396 4410 2805 4482 τεσσαράκοντα
2834 4411 3078 4487 ἡμέραςο
3118 4437 3137 4470 ι
3172 4418 3289 4486 καὶ,
3327 4438 3345 4472 ι
3392 4420 3722 4475 Ἐκοπίασεν

462 4492 575 4547 lum
605 4493 903 4549 dicendum
932 4466 1035 4549 εει,
1050 4504 1107 4549 et
1130 4496 1476 4565 sapientium,
1506 4466 1726 4567 quoties
1750 4466 2030 4570 quidpiam

2272 4466 2284 4481 ι
2338 4466 2349 4483 ι
2470 4466 2477 4467 ί
2536 4466 2578 4482 ῆι
2607 4466 2635 4469 ν
2774 4466 2802 4470 ν
2842 4466 3043 4487 -ιΓ-ιη-εν
3119 4466 3131 4470 ν
3175 4466 3289 4486 ν-*ην
3330 4466 3344 4472 ν
3407 4466 3716 4475 """"""'

2141 4505 2207 4557 ὲκ
2238 4502 2340 4572 τῆς
2370 4504 2696 4576 ὁδοιπορίας,
2731 4527 2749 4559 ι
2782 4509 2876 4561 καὶ
2924 4509 3023 4563 οὐκ
3047 4506 3189 4582 εἶχεν
3219 4512 3321 4565 ποῦ
3344 4512 3443 4584 τὴν
3470 4514 3724 4583 κεςαλῇν

462 4585 647 4655 operis
666 4600 791 4641 cum
841 4586 1005 4641 laude
1053 4602 1117 4641 ac
1160 4588 1403 4659 legitime
1451 4590 1809 4660 gesserimus:
1865 4612 1881 4643 ι
1914 4593 2032 4647 Νοη

2142 4595 2347 4661 κλῖναι,
2391 4596 2488 4652 καὶ
2533 4600 2918 4671 ἐνυκτέρευσεν
2969 4601 3027 4654 ὲν
3071 4605 3191 4667 ταῖς
3236 4609 3567 4676 προσευχαῖς
3617 4606 3719 4660 τοῦ

460 4692 563 4749 ego
588 4686 795 4744 autem,
816 4678 909 4733 sed
934 4679 1104 4750 gratia
1130 4680 1226 4736 Dei
1253 4696 1466 4736 mecum
1486 4680 1526 4735 ⁸.
1560 4701 1579 4732 ι
1606 4681 1718 4737 Nec
1742 4682 2035 4753 Apostolus

2141 4686 2301 4742 Θεοῦ.
2334 4688 2494 4760 Αὐτῷ
2522 4690 2555 4758 ἡ
2594 4689 2720 4756 δόξα
2743 4691 2823 4755 είς
2846 4691 2972 4756 τοὺς
2998 4692 3220 4757 αἰῶνας.
3248 4694 3426 4766 Αμήν.

461 4771 626 4827 modo
660 4772 824 4828 nobis
852 4771 919 4827 ad
967 4774 1150 4828 omnia
1212 4774 1446 4830 formula
1475 4776 1602 4831 vitae
1660 4775 1838 4832 factus
1888 4788 1991 4845 est,
2022 4779 2118 4836 sed
2149 4787 2207 4837 et
2260 4782 2377 4853 ipse
2428 4783 2694 4840 Dominus
2737 4796 2925 4841 noster
2974 4786 3134 4843 Iesus
3183 4782 3435 4845 Christus
3496 4804 3721 4848 suomet

461 4862 712 4932 exemplo
744 4863 885 4918 nihil
913 4879 1023 4919 non
1052 4864 1199 4935 quod
1233 4865 1431 4922 confici
1496 4867 1727 4931 debeat,
1792 4868 2107 4927 delineavit.
2146 4873 2197 4929 Is
2242 4876 2389 4930 enim
2437 4876 2490 4931 in
2528 4894 2689 4948 quem
2748 4880 2898 4934 nulla
2957 4879 3180 4937 decolor
3237 4886 3445 4954 peccati
3501 4886 3721 4941 eluvies

462 4953 660 5011 cadere
680 4964 919 5026 poterat,
942 4958 1088 5014 Deus
1111 4973 1236 5013 cum
1256 4967 1419 5025 esset,
1450 4976 1551 5017 nec
1576 4961 1743 5016 ullius
1780 4964 2083 5033 corporalis
2114 4964 2332 5036 indigus
2357 4967 2584 5035 laboris,
2624 4972 2784 5027 nobis
2815 4980 2996 5028 tamen
3048 4970 3402 5040 erudiendis,
3437 4977 3576 5031 nihil
3602 4992 3717 5031 non

465 5051 707 5121 suscepit
732 5051 1041 5107 faciendum
1066 5071 1111 5107 ει
1134 5054 1408 5125 Jejunavit
1429 5058 1577 5112 enim
1606 5058 1805 5114 diebus
1823 5059 2184 5132 quadraginta
2202 5064 2247 5128 ⁸,
2275 5082 2291 5115 ι
2321 5074 2377 5119 et
2398 5084 2416 5117 ι
2442 5059 2724 5137 Fatigatus
2741 5078 2826 5124 est
2851 5080 2918 5125 ex
2943 5064 3141 5125 itinere
3161 5070 3341 5125 ⁸.ι--ι
3360 5073 3469 5129 Nec
3490 5074 3719 5130 interim

467 5141 699 5197 habebat
719 5144 864 5214 pius,
887 5145 982 5199 ubi
1006 5156 1172 5215 caput
1193 5148 1583 5204 reclinaret’»
1618 5151 1767 5207 Idem
1799 5154 2157 5224 pernoctabat
2181 5155 2236 5211 in
2265 5155 2612 5215 orationibus
2635 5156 2791 5218 Dei‘.
2825 5163 2932 5235 Ipsi
2966 5165 3138 5236 gloria
3159 5162 3214 5222 in
3238 5169 3459 5223 saecula.
3478 5164 3671 5226 Amen.

938 5256 1225 5314 HOMILIA
1264 5260 1570 5319 LXXXVII.

470 5340 545 5395 De
569 5344 743 5398 studio
765 5344 872 5399 sive
898 5345 1273 5416 sollicitudine,
1296 5368 1414 5421 qua:
1434 5355 1718 5410 secundum
1750 5355 1918 5412 Deum
1945 5359 2036 5415 sit.

536 5434 776 5506 Diligens
800 5448 857 5492 et
895 5437 1141 5494 studiosa
1193 5442 1509 5498 sollicitudo
1567 5461 1688 5517 quae
1727 5448 2031 5507 secundum

534 5589 581 5620 “
613 5589 774 5646 Prov.
797 5604 885 5652 xv,
916 5591 1000 5646 19.

468 5676 629 5732 Luxu.
661 5661 746 5719 17.
820 5664 865 5694 θ’
888 5662 1058 5716 Exod.
1092 5663 1257 5723 “.2.
1363 5666 1377 5696 '
1428 5667 1445 5720 l
1481 5666 1674 5722 Thess.
1712 5685 1770 5732 ιι,
1811 5670 1865 5731 9,
1902 5671 1988 5725 10.

468 5731 664 5789 ‘Joan.
704 5748 775 5799 tv,
805 5732 856 5787 6.
934 5735 952 5765 ⁷
986 5734 1175 5789 Matth.
1204 5750 1316 5803 vtu,
1343 5737 1431 5791 20.
1515 5739 1535 5768 "
1578 5738 1710 5794 Luc.
1734 5754 1807 5806 vt,
1836 5739 1923 5795 12.

1111 5592 1157 5624 "
1186 5591 1382 5648 Psalm.
1407 5612 1567 5658 Lxxu,
1596 5596 1649 5652 5.
1744 5599 1790 5631 "
1815 5599 1985 5654 Eccli.
2014 5616 2108 5665 vn,
2138 5603 2225 5658 16.
2299 5606 2345 5638 ’⁸
2364 5606 2533 5662 Eccli.
2562 5624 2729 5673 xxx",
2748 5609 2837 5664 27.
2913 5612 2958 5646 "
2985 5612 3146 5667 Prov.
3185 5628 3294 5673 xxi.
3325 5614 3416 5668 25;.

1111 5663 1257 5723 tx,2.
1363 5666 1377 5696 '
1428 5667 1445 5720 l
1481 5666 1674 5722 Thess.
1712 5685 1770 5732 tl,
1811 5670 1865 5731 9,
1902 5671 1988 5725 10.
2096 5675 2117 5704 ¹
2158 5673 2327 5731 ICor.
2372 5693 2465 5733 xv.
2502 5678 2588 5733 10.
2694 5680 2715 5711 ³
2752 5680 2887 5733 ibid.
2986 5678 3021 5713 ⁸⁸
3044 5682 3180 5733 ibid.
3285 5685 3306 5715 ⁸
3339 5686 3416 5733 Ma

2313 5718 2327 5731 ο
2376 5718 2465 5744 κν,
2506 5718 2588 5733 ιν.

2731 5274 2951 5330 ΛΟΓΟΣ
2989 5277 3111 5331 ΠΖ’.

2674 5364 2815 5433 Περὶ
2865 5366 3162 5435 σπουδῆς.

2210 5452 2277 5507 'II
2331 5454 2474 5509 κατὰ
2519 5454 2651 5509 Θεὸν
2687 5457 2893 5527 σπουδὴ
2927 5459 2984 5510 ὲν
3020 5460 3182 5513 παντὶ
3215 5462 3397 5533 καιρῷ
3438 5462 3532 5517 καὶ
3573 5465 3717 5534 πρὶ-

2694 5616 2837 5673 t,27.
2913 5616 2958 5646 "
2985 5616 3146 5667 Prov.
3185 5628 3294 5673 xxi.
3325 5616 3416 5668 25$.
3492 5617 3535 5643 9‘
3568 5616 3714 5672 Psal.

2694 5680 2715 5711 ³
2752 5680 2887 5738 ibid.
2986 5678 3021 5713 ⁸⁸
3044 5682 3180 5738 ibid.
3285 5685 3306 5715 ‘
3338 5686 3523 5739 Matth.
3558 5704 3629 5749 tv,
3655 5688 3717 5741 2.
