3868 6508
81 350 221 416 Ιτοὶ
965 335 1297 397 HOMILIA
1339 332 1682 394 LXXXVII.
1724 355 1793 372 -·-
1819 332 1917 391 DE
1956 331 2258 405 STUDIO,
2294 330 2455 391 ETC.
3216 324 3353 390 1702

81 485 268 540 γματι
323 463 463 533 καλή
527 460 695 513 ἐστιν.
754 452 865 510 Καὶ
887 448 1193 518 Δεσποτικὴ
1239 460 1430 518 πρωτη
1483 444 1670 514 ἐντολή

1795 444 1950 498 )eum
1977 451 2084 510 est,
2115 443 2269 498 nullo
2299 458 2410 497 non
2440 450 2687 511 tempore
2712 438 2861 495 nulla
2882 439 3076 495 nonin
3110 454 3169 494 re
3207 441 3353 497 bona

77 531 261 625 ἐστιν,
299 560 333 627 ή
377 531 716 612 ὲκδουλείας
746 548 826 608 είς
852 540 1166 612 ἔλευθερίαν
1196 537 1528 611 μετάγουσα.
1560 533 1671 627 Καὶ

1795 535 2192 606 :omprobatur.
2265 534 2372 589 Sed
2427 543 2483 589 et
2534 533 2881 588 Dominicum
2916 531 3052 587 illud
3108 532 3347 603 primum

76 652 199 723 γὰρ
294 622 424 712 λαὸς
458 645 520 710 ἐξ
564 641 843 710 Αἰγύπτου
896 632 1036 707 μετά
1070 631 1306 701 σπουδῆς
1353 625 1673 699 προσετάγη

1795 627 1989 697 ιιθῚ
2024 624 2343 681 mandatum
2372 632 2477 691 est,
2512 622 2658 693 quod
2704 622 2967 693 populum
2990 636 3021 677 a
3068 622 3358 677 servitutis

80 713 330 810 ἐξελθεῖν
377 739 472 794 καὶ
519 737 597 797 είς
647 730 746 803 τὴν
790 726 1003 807 ἀγαθὴν
1053 722 1160 794 γῆν
1201 720 1558 789 καταντῆσαι,
1607 719 1675 810 ἐκ

1797 734 1901 790 ugo
1935 717 2254 773 transcribit
2293 718 2348 772 in
2373 717 2684 771 libertatem
2738 731 2804 769 ac
2829 713 3090 768 vindicat.
3138 713 3355 768 Etenim

80 808 191 905 τῆς
244 830 524 898 σκοτεινῆς
555 823 799 885 δουλείας
828 822 910 881 είς
936 818 999 871 τὸ
1042 814 1347 885 ἐλευθέριον
1375 812 1491 882 φῶς
1515 827 1529 841 ·
1578 808 1674 865 καὶ

83 902 158 980 τδ
173 925 367 992 Πάσχα
400 917 537 989 μετά
572 913 810 981 σπουδῆς
832 910 1227 979 επιτέτραπται
1246 904 1428 967 αὐτοῖς
1456 902 1671 992 φαγεῖν.

82 1015 208 1068 Καὶ
232 1015 261 1065 6
298 986 510 1069 ᾖαῦλος
538 1001 844 1060 ἐπιστέλλει
886 996 1158 1069 Τιμοθέῳ,
1189 993 1363 1061 λέγων
1383 1006 1397 1020 ·
1440 1007 1459 1043 ι
1501 986 1676 1041 Σπού-

86 1106 260 1160 δασον
310 1099 534 1154 σεαυτὸν
576 1096 799 1165 δόκιμον
848 1083 1303 1162 παραστῆσαιτῷ
1339 1080 1481 1153 Θεῷ,
1513 1077 1677 1151 ἐργά-

86 1213 199 1265 την
225 1189 673 1258 ἀνεπαίσχυντον.
711 1201 731 1235 ι
757 1180 871 1236 Καὶ
903 1177 1117 1245 ὲπάγει’
1149 1192 1168 1227 ι
1200 1174 1317 1236 Πᾶς
1341 1170 1451 1242 γὰρ
1477 1172 1513 1223 ὀμ
1533 1169 1679 1238 ἀγω-

87 1260 400 1356 νιζόμενος,
428 1280 605 1334 πάντα
636 1272 1051 1346 ἔγκρατεύεται.
1086 1286 1106 1321 ι
1142 1268 1253 1321 Καὶ
1282 1264 1459 1326 ἄλλος·
1488 1281 1507 1314 ι
1550 1260 1677 1313 Ἐάν

91 1352 493 1450 ἴδῃς-συνετὸν,
525 1366 746 1438 δρθριζε
797 1364 932 1436 πρὸς
979 1360 1162 1416 αὐτόν.
1205 1359 1315 1411 Καὶ
1351 1357 1435 1418 τίς
1478 1352 1675 1422 σοφός;

90 1443 255 1540 αὐτῷ
303 1460 776 1538 προσκολλήθητι’
836 1457 1016 1509 πᾶσαν
1067 1452 1319 1523 διήγησιν
1363 1446 1510 1501 θείαν
1557 1443 1678 1498 an;

92 1535 504 1632 ἀκροάσασθαι,
543 1553 641 1607 καὶ⁸
686 1547 979 1623 παροιμίαι
1014 1545 1281 1605 συνέσεως
1327 1540 1403 1610 μὴ
1444 1535 1680 1606 ἐκφυγέ-

90 1630 288 1707 τωήσάν
319 1668 422 1705 σοι.
460 1668 479 1701 ι
510 1648 623 1701 Καὶ
656 1644 819 1699 πάλιν
846 1657 861 1673 ·
892 1660 911 1694 ι
953 1641 1042 1694 Ἐν
1068 1640 1187 1702 ταῖς
1209 1635 1448 1697 ἐντολαῖς
1474 1630 1679 1704 Κυρίου

100 1746 311 1818 μελέτα
359 1741 449 1796 διὰ
498 1739 718 1802 παντὸς,
764 1736 1000 1807 τήρησον
1032 1731 1130 1802 τὴν
1161 1729 1388 1800 καρδίαν
1432 1743 1549 1791 σου,
1588 1723 1683 1777 καὶ

103 1816 185 1908 μὴ
227 1834 442 1903 ἀστόχει
482 1829 799 1900 διηγήματα
841 1824 1139 1895 γερόντων,
1188 1822 1272 1875 ὅτι
1312 1817 1443 1891 παρ’
1500 1816 1680 1871 αὐτῶν

105 1906 334 1999 μαθήσῃ
380 1923 631 1977 σύνεσιν’
668 1918 763 1971 καὶ
814 1915 953 1987 μετὰ
996 1912 1234 1968 συνετῶν
1273 1911 1413 1964 ἔστω
1458 1910 1486 1962 6
1512 1906 1685 1961 διαλο-

100 2018 308 2088 γισμός
333 2032 429 2068 σου
456 2029 469 2043 ο
512 2012 605 2065 καὶ
634 2010 789 2063 πᾶσα
834 2006 1086 2078 διήγησις
1110 2022 1204 2059 σου
1250 2004 1308 2057 ὲν
1334 2003 1486 2073 νόμῳ
1528 1999 1686 2071 Ὑψί-

106 2127 268 2165 στου.
328 2106 555 2177 Ἀνδρες
606 2103 807 2157 δίκαιοι
861 2100 1076 2154 ἔσονται
1134 2096 1439 2152 σύνδειπνοι
1486 2113 1603 2150 σου.
1664 2112 1683 2146 ι

103 2199 299 2254 Ταῦτα
335 2198 432 2268 μὲν
464 2191 559 2250 οὖν
588 2195 755 2248 πᾶσιν
796 2190 1074 2263 άρμὸδιαι.
1116 2188 1437 2260 Ἐξαιρέτως
1483 2187 1539 2241 δὲ
1581 2188 1691 2250 τοῖς

102 2290 269 2346 αἷσιν
305 2289 461 2353 ἐκτὸς
491 2287 603 2341 τῶν
633 2284 904 2357 βιωτικῶν
937 2282 1275 2355 πραγμάτων
1294 2320 1312 2347 ,
1374 2280 1570 2343 οἵτινες
1599 2279 1693 2332 καὶ

107 2383 425 2451 ἐξελέξαντο
471 2374 977 2450 παραρῤιπτεῖσθαι
1015 2374 1073 2427 ὲν
1102 2372 1179 2445 τῷ
1227 2372 1361 2443 οἴκῳ
1400 2370 1495 2425 τοῦ
1533 2368 1691 2436 Θεοῦ,

113 2476 321 2547 μᾶλλον
361 2473 417 2526 δὲ
446 2470 540 2535 οὓς
578 2472 607 2523 6
643 2468 848 2538 Κύριος
894 2464 1077 2538 ἐαυτῷ
1123 2464 1526 2537 προσηγάγετο.
1567 2462 1695 2516 Ἐάν

110 2564 212 2623 οὖν
251 2565 339 2620 διὰ
373 2564 475 2634 τῆς
508 2561 783 2635 ῥᾳθυμίας
830 2558 1219 2631 ἀμελήσωμεν,
1247 2554 1570 2611 ἀναλύονται
1603 2554 1697 2607 καί⁵

110 2657 185 2710 τὰ
218 2652 408 2726 πρώην
438 2649 865 2722 συγχωρηθέντα
905 2649 1061 2719 ήμῖν.
1090 2648 1303 2719 Ὠσπερ
1343 2646 1451 2718 γὰρ
1478 2644 1540 2698 τὸ
1561 2660 1696 2714 χρυο

114 2749 238 2802 σίον
283 2744 646 2817 πυρούμενον,
677 2742 773 2796 ἐὰν
824 2739 1096 2812 ἀμεληθῇ,
1127 2737 1392 2809 σκληρίαν
1448 2736 1692 2807 ἐμποιεῖ,

114 2839 297 2901 οὕτως
334 2838 429 2892 καὶ
469 2839 498 2891 6
529 2835 840 2899 σπουδαῖος,
893 2832 989 2887 ἐὰν
1039 2832 1304 2903 ἀμελήσει
1351 2829 1481 2901 μίαν
1526 2827 1699 2899 ὥραν,

114 2929 427 3003 ψυχροῦται
457 2930 521 2982 ὲκ
556 2928 658 2999 τῆς
702 2926 945 2997 χάριτος,
972 2924 1065 2978 καὶ
1106 2922 1311 2985 εὐθέως
1363 2918 1701 2974 ἐπισπῶνται

116 3024 277 3095 αὐτῷ
323 3023 382 3076 αί
434 3023 586 3091 μυῖαι
616 3020 714 3091 τῆς
746 3018 1044 3089 ἁμαρτίας,
1090 3016 1187 3070 καὶ
1219 3014 1575 3086 ἀφανίζουσιν
1603 3010 1701 3082 τὴν

1775 810 1983 881 populo
2010 810 2088 864 illi
2121 809 2440 864 mandatum
2469 808 2592 874 fuit,
2620 823 2746 863 eum
2799 805 3151 862 festinatione
3198 812 3258 857 ut
3296 819 3358 857 se

1774 919 1842 959 ex
1870 902 2103 975 Egypto
2135 901 2407 972 reciperet
2425 900 2490 964 “,
2519 907 2687 968 utque
2715 897 2771 951 in
2815 905 3020 952 terram
3075 896 3276 950 bonam
3324 909 3357 947 e

1777 999 2129 1054 tenebricosa
2154 995 2442 1058 servitute,
2473 1008 2639 1048 cursu
2671 991 2887 1046 concito
2935 995 3257 1059 properaret
3288 986 3356 1040 ad

1776 1087 1963 1143 lumen
1980 1084 2232 1158 genuinae
2251 1081 2551 1137 libertatis:
2576 1079 3036 1147 commissumque
3061 1078 3138 1131 illi
3154 1074 3359 1131 Pascha

1779 1186 1842 1232 ut
1871 1175 2189 1231 comederet
2217 1189 2343 1229 cum
2370 1171 2746 1226 festinatione.
2772 1169 2975 1224 Paulus
2994 1166 3225 1238 proinde
3256 1180 3358 1235 per

1777 1268 2070 1339 epistolam
2127 1281 2228 1320 suo
2283 1263 2419 1318 dicit
2471 1260 2763 1316 Timotheo
2805 1277 2868 1312 ει
2900 1256 3143 1314 Sollicite
3202 1269 3360 1315 cura,

1782 1362 2023 1431 teipsum
2102 1355 2444 1429 probabilem
2506 1351 2771 1409 exhibere
2826 1351 2973 1414 Deo,
3044 1345 3362 1418 operarium

1782 1446 2328 1505 inconfusibilem“.
2381 1463 2399 1496 ι
2451 1442 2521 1497 Et
2575 1439 2815 1496 inducit:
2858 1458 2877 1491 ι
2929 1437 3119 1492 Omnis
3154 1435 3246 1504 qui
3305 1434 3361 1487 in

1781 1556 1957 1613 agone
2026 1536 2340 1599 contendit.
2404 1534 2475 1590 ab
2527 1532 2785 1589 omnibus
2844 1546 2903 1585 se
2969 1527 3284 1584 abstinet".
3336 1544 3355 1577 ι

1782 1633 1971 1689 Alius:
2008 1650 2025 1683 ι
2056 1630 2113 1687 Si
2137 1629 2348 1685 videris
2374 1626 2554 1681 virum
2584 1632 2887 1682 sensatum,
2911 1635 3072 1674 mane
3109 1633 3270 1689 surge
3294 1615 3365 1670 ad

1786 1741 1913 1782 eum
1935 1725 2001 1778 ¹³.
2036 1742 2055 1773 ι
2086 1722 2297 1792 Ecquis
2326 1718 2586 1789 sapiens?
2618 1714 2978 1772 adhaerescito
3009 1712 3062 1767 ei
3088 1730 3104 1777 ;
3146 1724 3365 1766 omnem

1789 1814 2198 1872 enarrationem
2228 1810 2368 1866 velis
2395 1807 2729 1869 auscultare,
2768 1814 2818 1859 et
2855 1800 3148 1872 proverbia
3202 1798 3368 1852 intel-

1789 1908 2033 1981 ligentia:
2059 1922 2171 1961 non
2206 1914 2258 1960 te
2281 1899 2636 1973 effugiant“.
2669 1917 2687 1950 ι
2720 1898 2951 1952 lterum:
2987 1912 3005 1945 ι
3036 1893 3093 1947 1η
3140 1889 3368 1945 manda-

1790 2000 1862 2055 tis
1893 1996 2115 2053 Domini
2154 1993 2423 2049 meditare
2446 1990 2672 2061 iugiter,
2701 1985 2965 2040 confirma
2993 1997 3090 2036 cor
3113 1988 3288 2043 tuum,
3313 1984 3369 2031 et
3485 2048 3488 2051 Δ

1790 2109 1861 2149 ne
1885 2091 2112 2147 deerres
2138 2103 2169 2143 a
2201 2084 2518 2141 narratione
2570 2093 2762 2135 senum
2808 2078 2936 2147 quia
2966 2075 3034 2129 ab
3074 2073 3157 2128 eis
3189 2067 3370 2125 disces

1791 2180 2222 2254 intelligentiam
2246 2180 2320 2230 ³⁸.
2354 2175 2493 2231 Cum
2526 2170 2891 2243 prudentibus
2914 2166 2987 2222 sit
3040 2162 3373 2219 sermocina-

1796 2277 1874 2332 tio
1901 2283 2018 2337 tua,
2050 2283 2108 2328 et
2134 2270 2316 2327 omnis
2354 2264 2633 2322 enarratio
2687 2270 2780 2317 tua
2821 2260 2877 2314 in
2922 2259 3040 2325 lege
3063 2254 3367 2317 Altissimi;

1793 2368 1897 2423 viri
1924 2366 2056 2438 justi
2096 2372 2266 2420 erunt
2315 2359 2561 2416 convivae
2594 2350 2761 2411 tui".
2798 2374 2816 2404 ι
2855 2352 2925 2407 Ει
2972 2347 3087 2404 haec
3147 2346 3368 2417 quidem

1796 2459 2059 2518 omnibus
2115 2454 2366 2526 apposite
2429 2456 2777 2520 congruunt,
2832 2442 2927 2502 sed
2993 2457 3090 2500 eos
3158 2438 3367 2514 alioqui

1796 2549 2158 2623 peculiariter
2183 2544 2506 2616 respiciunt,
2538 2540 2631 2610 qui
2663 2554 2720 2595 se
2749 2539 2819 2594 ab
2850 2538 3001 2594 omni
3032 2535 3376 2607 temporaria:

1800 2642 1883 2697 rei
1916 2640 2263 2695 extricarunt
2292 2632 2691 2696 sollicitudine,
2723 2631 2817 2701 qui
2847 2630 3132 2701 elegerunt
3175 2626 3373 2698 abiecti

1800 2750 1925 2790 esse
1957 2734 2012 2788 in
2042 2733 2208 2786 domo
2246 2729 2383 2785 Dei:
2418 2727 2530 2782 imo
2560 2740 2702 2797 quos
2745 2725 2801 2779 in
2832 2740 2999 2779 suum
3041 2721 3376 2777 famulitium

1804 2826 2005 2882 ascivit
2030 2824 2322 2886 Dominus,
2373 2836 2438 2876 ac
2483 2834 2714 2890 propius
2745 2817 2996 2888 adiunxit
3036 2814 3166 2871 sibi.
3211 2815 3378 2869 Plane

1805 2917 2010 2991 prioris
2034 2917 2162 2972 vitae
2182 2923 2407 2985 peccata
2439 2927 2561 2982 qua:
2590 2910 2930 2980 benignitate
2954 2906 3172 2962 Domini
3200 2905 3382 2960 indul-

1806 3018 1857 3064 ta
1891 3015 2043 3072 sunt,
2073 3004 2335 3060 redibunt
2357 3002 2425 3056 de
2450 3002 2689 3071 integro,
2717 2998 2991 3069 siquidem
3018 2997 3218 3067 supino
3243 3011 3381 3065 quo-

116 3089 353 3171 εὐωδίαν
394 3089 494 3184 τῆς
527 3089 904 3183 πνευματικῆς
930 3108 1098 3165 αὐτοῦ
1124 3108 1406 3180 ὶργασίας.
1442 3107 1502 3162 '0
1532 3106 1693 3163 θέλων

1805 3100 1931 3156 dam
1954 3096 2123 3154 animi
2180 3093 2565 3151 desidebimus
2602 3100 2856 3146 veterno.
2884 3089 2955 3146 Ut
2983 3089 3133 3143 enim
3184 3101 3380 3141 aurum

116 3203 220 3263 οὗν
248 3207 335 3260 τὸν
369 3204 561 3276 ἐχθρὸν
594 3203 797 3271 ἀσθενῆ
837 3202 1087 3273 ποιῆσαι,
1113 3200 1215 3272 τῆν
1242 3199 1518 3272 ἀμαρτίαν
1547 3215 1702 3271 περι-

120 3299 400 3364 κοπτέτω,
422 3298 516 3352 καὶ
545 3296 852 3368 γυμνωθεὶς
881 3293 999 3348 τῶν
1029 3293 1265 3365 πτερῶν,
1297 3291 1374 3355 ὡς
1422 3290 1703 3361 στρουθίον

120 3390 480 3463 ἑμπαίζεται.
508 3390 572 3442 Οί
600 3387 709 3458 γὰρ
734 3385 963 3457 πονηροί⁸
994 3384 1244 3454 δαίμονες
1266 3381 1524 3436 εἰώθασιν
1553 3381 1705 3451 παρὰ

124 3484 313 3538 πᾶσαν
340 3481 435 3551 τήν
462 3479 605 3551 ζωὴν
634 3478 776 3533 κατά
805 3477 915 3531 τῶν
946 3474 1251 3529 σπουδαίων
1285 3471 1559 3545 μοναχῶν,
1606 3470 1707 3526 καὶ

126 3573 363 3645 ἡσύχιον
391 3570 660 3641 ἑλομένων
694 3568 830 3639 βίον,
876 3566 1078 3637 ἀκονᾷν
1107 3563 1177 3618 τά
1218 3563 1344 3634 ξίφη
1384 3563 1492 3616 τῶν
1523 3576 1709 3630 πειρα·

128 3663 311 3734 σμῶν,
343 3662 436 3715 καὶ
490 3659 864 3731 μανικώτερον
912 3656 1111 3727 μᾶλλον
1147 3655 1262 3718 τοῖς
1296 3651 1709 3722 εὐλαϐεστέροις

126 3773 195 3809 τε
242 3754 338 3808 καὶ
394 3751 835 3821 σπουδαιοτέροις
884 3745 1296 3819 ἐπιστρατεύειν
1338 3744 1459 3798 κατ’
1507 3742 1705 3810 αὐτῶν,

130 3845 401 3908 ὠθοῦντες
447 3844 702 3906 τούτους,
762 3840 1023 3911 πολέμοις
1072 3838 1401 3908 ἀφορήτοις,
1449 3836 1538 3890 ῖνα
1592 3851 1711 3898 πως

130 3937 436 4009 δυνηθῶσιν
469 3935 775 4001 ἀποστῆσαι
806 3932 907 4002 τῆς
933 3930 1118 4001 εὐχῆς.
1152 3929 1272 4000 Χρὴ
1316 3925 1409 3983 οῦν
1438 3928 1499 3981 τὸ
1522 3928 1712 3983 ἄοκνον

132 4030 235 4085 καὶ
271 4029 471 4100 θερμὸν
500 4026 594 4080 τοῦ
627 4025 921 4079 σπουδαίου
941 4021 1207 4087 ἐπιδείξαι
1236 4023 1316 4085 είς
1340 4021 1401 4074 τὸ
1426 4020 1585 4091 ἔργον
1612 4019 1712 4091 τῆς

133 4121 327 4193 εὐχῆς,
375 4120 464 4173 ἵνα
511 4121 562 4172 οί
608 4117 706 4188 μὲν
740 4116 960 4184 ἄγγελοι
1011 4113 1429 4184 εὐφραινόμενοι
1471 4110 1716 4182 παραμέ·

135 4230 324 4277 νωσιν,
372 4213 422 4265 oi
465 4212 523 4264 δὲ
554 4210 810 4279 δαίμονες
857 4206 1240 4279 μαστιζόμενοι
1288 4203 1712 4275 δραπετεύωσιν.

135 4304 241 4356 Διά
268 4300 428 4355 τοῦτο
455 4297 547 4355 οῦν
576 4298 781 4368 ὀφείλει
810 4300 838 4352 6
870 4296 1175 4360 σπουδαῖος,
1216 4295 1446 4352 πάντοτε
1475 4296 1617 4361 ζέειν
1637 4296 1717 4367 τῷ

1802 3192 2147 3262 exploratum
2172 3187 2284 3259 igni
2308 3195 2365 3240 et
2388 3191 2810 3256 perpurgatum,
2838 3180 2884 3236 si
2914 3180 3103 3235 minus
3127 3190 3383 3234 accurate

1804 3289 2099 3345 tractetur,
2119 3277 2517 3349 strigositatem
2560 3273 2839 3331 contrahit
2887 3280 2943 3328 et
2995 3274 3380 3344 asperitatem:

1806 3376 1881 3431 ita
1931 3381 1989 3430 et
2018 3372 2306 3427 studiosus
2366 3367 2615 3432 virtutis,
2648 3366 2693 3421 si
2753 3365 2841 3421 vel
2905 3381 3073 3420 unam
3129 3366 3381 3422 horulam

1805 3464 2089 3522 desederit
2109 3462 2350 3527 otiosus,
2376 3474 2503 3514 mox
2530 3474 2562 3513 ιι
2601 3458 2820 3513 fervore
2854 3458 3041 3529 gratia:
3075 3457 3385 3525 refrixit,et

1807 3556 1863 3613 in
1907 3554 2141 3625 vestigio
2170 3568 2231 3608 se
2271 3551 2351 3607 illi
2417 3550 2673 3607 inserunt
2718 3562 2920 3603 musca:
2977 3547 3210 3618 peccati,
3263 3563 3385 3618 qua:

1807 3646 2136 3704 exinaniunt
2215 3642 2529 3715 spiritualis
2618 3639 2825 3711 opificli
2920 3640 3381 3696 suaveolentiam.

1807 3736 2073 3807 Quisquis
2096 3736 2267 3807 igitur
2283 3735 2438 3789 voles
2462 3732 2794 3788 imbecillem
2818 3730 3050 3787 reddere
3076 3730 3386 3795 inimicum,

1811 3828 2200 3885 circumcidito
2257 3834 2571 3897 peccatum,
2606 3832 2726 3878 esto
2758 3823 2863 3878 alis
2894 3823 3098 3889 nudus,
3142 3823 3391 3878 imitatus

1811 3916 2191 3989 passerculum
2238 3914 2327 3970 cui
2380 3930 2412 3969 a
2477 3912 2728 3983 puerulis
2771 3913 3046 3968 illuditur.
3105 3914 3392 3968 Daemones

1812 4011 1962 4067 enim
2017 4010 2171 4065 nullo
2222 4023 2336 4063 non
2363 4021 2568 4078 genere
2626 4007 2978 4062 veteratoria:
3032 4007 3393 4077 malignitatis

1814 4102 2087 4160 obarmati
2117 4106 2528 4157 consueverunt
2559 4114 2659 4169 per
2691 4113 2911 4153 omnem
2949 4099 3177 4154 omnino
3219 4099 3390 4154 vitam

1815 4197 2082 4253 adversus
2105 4194 2409 4251 monachos
2440 4193 2545 4263 pia:
2594 4191 2829 4247 actionis
2850 4190 3152 4256 studiosos,
3198 4200 3254 4247 et
3293 4208 3395 4247 eos

1816 4291 1914 4360 qui
1955 4288 2263 4359 requietem
2292 4288 2763 4357 tranquillamque
2799 4285 3130 4355 delegerunt
3167 4286 3388 4342 vivendi

135 4394 434 4465 πνεύματι.
490 4392 702 4461 Ὥσπερ
746 4389 856 4462 γὰρ
882 4392 911 4443 6
958 4387 1299 4460 πυρούμενος
1340 4388 1554 4461 σίδηρος
1599 4388 1693 4442 ὅλοι

1818 4380 2135 4443 formulam,
2150 4395 2380 4435 suarum
2398 4393 2671 4434 exacuere
2687 4377 2899 4450 gladios
2918 4377 3307 4432 tentatiouum.
3324 4379 3392 4433 Et

135 4490 207 4540 ἐκ
234 4486 333 4555 τῆς
386 4484 521 4547 ίδίας
553 4483 767 4552 φύσεως
814 4484 895 4546 είς
930 4481 1030 4554 τήν
1057 4480 1151 4535 τοῦ
1196 4481 1364 4553 πυρὸς
1396 4481 1693 4552 μεταδάλλε

1822 4490 1934 4545 quo
1954 4474 2191 4545 quisque
2215 4472 2401 4528 studet
2420 4486 2542 4527 esse
2573 4471 2780 4541 arrepti
2803 4469 3071 4540 propositi
3092 4469 3392 4525 observan-

133 4593 252 4640 ται,
281 4577 374 4627 καὶ
402 4575 615 4643 γίνεται
643 4572 763 4637 ὅλος
799 4573 875 4636 ὡς
904 4571 1015 4644 πῦρ
1037 4589 1051 4603 ο
1096 4573 1266 4635 οὕτως
1304 4573 1397 4626 καὶ
1424 4574 1453 4626 6
1480 4573 1559 4644 τῷ
1599 4574 1693 4645 Θεῷ

1818 4568 1951 4633 tior,
1977 4583 2044 4623 eo
2071 4565 2243 4637 magis
2265 4565 2532 4620 adversus
2554 4564 2718 4619 talem
2743 4563 2934 4633 copias
2958 4578 3070 4617 sua:
3091 4563 3393 4633 malignita-

136 4665 544 4737 προσεδρεύων,
575 4664 781 4734 ὀφείλει
807 4664 1110 4735 ἀπορρῖψαι
1139 4663 1207 4718 τά
1232 4662 1329 4718 τοῦ
1360 4662 1475 4734 βίου
1519 4664 1693 4735 μελαμ

1819 4661 1891 4715 tis
1912 4667 2143 4729 apparat
2171 4659 2405 4712 insanus
2427 4656 2662 4718 daemon,
2690 4665 2750 4710 et
2776 4662 3065 4725 promovet
3096 4656 3389 4725 perplexas

132 4757 402 4827 ψώματα,
435 4758 529 4810 καὶ
580 4756 845 4825 ὲνωθῆναι
892 4755 971 4826 τῷ
1017 4754 1145 4825 θείῳ
1194 4757 1327 4827 πυρὶ
1369 4755 1397 4808 ὃ
1441 4756 1470 4807 ὁ
1520 4753 1693 4825 Κύριο

1821 4752 2023 4822 vixque
2079 4750 2396 4806 tolerabiles
2450 4747 2780 4811 conflictus,
2833 4757 2897 4802 ut
2959 4762 3182 4817 quoquo
3236 4758 3394 4817 pacto

132 4847 310 4920 ἦλθεν
353 4849 532 4919 βαλεῖν
562 4851 653 4902 ὲπί
696 4848 795 4919 τὴν
833 4848 972 4918 γῆν’
1008 4846 1103 4899 καὶ
1134 4846 1386 4916 γενέσθαι
1428 4846 1549 4909 ὅλος
1587 4844 1693 4915 πῦρ

1821 4844 2089 4899 divellere
2111 4843 2258 4896 hunc
2282 4842 2351 4896 ab
2374 4842 2629 4897 oratione
2666 4841 2861 4910 possit.
2898 4838 3049 4908 Opus
3076 4841 3241 4909 igitur
3272 4839 3396 4893 fue-

140 4941 235 4996 ἵνα
262 4942 355 4993 καὶ
382 4943 493 5004 τοῖς
525 4938 862 5000 ὑπεναντίοις
891 4937 1161 5000 ἀνάλωτος
1186 4936 1431 5005 γένηται.
1464 4935 1631 5005 Φησὶν
1665 4934 1693 4987 δ

1826 4934 1919 4997 rit,
1946 4943 2006 4987 ut
2031 4934 2259 4989 virtutis
2285 4934 2572 4989 studiosus
2599 4933 2667 4987 ad
2696 4948 2838 5001 opus
2869 4932 3051 4986 iturus
3107 4932 3393 4994 orationis,

136 5033 242 5088 καὶ
281 5035 310 5085 6
373 5030 694 5094 ’Δπόστολος
722 5045 735 5060 ο
772 5053 785 5078 ι
845 5030 924 5100 Τῇ
974 5029 1175 5099 σπουδῇ
1226 5028 1302 5100 μὴ
1352 5029 1594 5099 ὀκνηροί,
1645 5030 1693 5082 τί

1825 5042 1980 5082 suam
2006 5026 2347 5081 alacritatem
2374 5032 2615 5079 ostentet
2635 5032 3018 5093 expromptam
3048 5024 3401 5092 ειμι-πίει·νὶ-

137 5121 419 5192 πνεύματι
457 5120 690 5185 ζέοντες,
718 5119 798 5191 τῷ
824 5117 1016 5190 Κυρίῳ
1033 5116 1394 5180 δουλεύοντες.
1435 5136 1455 5170 ι
1488 5117 1608 5190 Χρὴ
1635 5115 1693 5172 οὗ

1825 5124 1975 5189 dam,
2011 5131 2073 5177 ut
2094 5123 2273 5193 angeli
2301 5131 2588 5191 perspecta
2615 5120 2718 5174 hac
2748 5117 3191 5189 promptitudine
3242 5118 3401 5173 exhi-

135 5216 237 5270 τὸν
265 5215 455 5268 ἑαυτὸν
483 5212 802 5267 ἀνατιθέντα
828 5212 907 5283 τῷ
946 5199 1253 5283 Θεῷ⁹μετά
1299 5210 1543 5283 καθαροῦ
1590 5211 1693 5280 λογι

1826 5217 2125 5281 larescant,
2179 5230 2243 5269 ac
2304 5212 2539 5284 proinde
2594 5226 2719 5266 cum
2780 5210 2875 5265 tali
2927 5222 3320 5280 perseverent;
3372 5226 3401 5263 e

140 5304 287 5376 σμοῦ
318 5304 413 5357 καὶ⁸
445 5303 698 5375 πράξεων
732 5301 978 5371 ἀγαθῶν,
1032 5302 1130 5355 σὺν
1170 5300 1249 5371 τῷ
1288 5300 1451 5355 Δαυῖδ
1477 5301 1693 5372 ψάλλειν

1834 5306 2077 5370 diverso,
2134 5304 2414 5360 daemones
2462 5310 2617 5357 tanto
2668 5301 2889 5356 fervore
2942 5300 3195 5371 flagellati
3238 5316 3297 5354 se
3350 5300 3403 5352 in

139 5398 245 5453 καὶ
275 5397 455 5465 λέγειν
476 5411 491 5426 ο
526 5414 545 5447 ι
581 5394 727 5449 Μίαν
753 5394 1044 5465 ᾐτησάμην
1070 5393 1223 5466 παρά
1260 5393 1491 5465 Κυρίου,
1521 5393 1692 5465 ταύτη

1833 5396 2019 5466 fugam
2059 5395 2371 5465 proripiant
2400 5391 2611 5463 refuge.
2658 5390 2830 5447 Debet
2870 5390 3036 5462 igitur
3065 5390 3152 5443 vel
3185 5388 3256 5443 ob
3299 5388 3403 5441 hoc

143 5490 393 5560 ζητήσω,
436 5488 530 5543 τοῦ
566 5487 845 5541 κατοικεῖν
890 5502 956 5556 με
989 5487 1047 5540 ὲν
1096 5485 1233 5557 οἴκῳ
1286 5486 1493 5557 Κυρίου
1546 5486 1693 5540 πάσα

1836 5489 2017 5545 cultor
2053 5487 2274 5542 virtutis
2302 5486 2517 5543 fervere
2541 5500 2760 5555 semper
2782 5484 3000 5555 spiritu.
3033 5480 3405 5549 Quemadmo-

138 5582 245 5645 τὰς
292 5580 501 5652 ἡμέρας
542 5581 639 5649 τῆς
693 5577 838 5650 ζωῆς
890 5594 1029 5649 μουσ
1087 5576 1183 5631 τοῦ
1240 5576 1465 5649 θεωρεῖν
1514 5596 1584 5649 με
1628 5582 1693 5651 τὴ

1838 5582 1969 5636 dum
1998 5580 2145 5638 enim
2174 5579 2381 5634 ferrum
2413 5578 2523 5650 igni
2576 5577 2820 5633 candens
2869 5585 3045 5631 totum
3101 5590 3132 5629 a
3180 5573 3404 5646 propria

222 5717 267 5748 ¹⁰
298 5715 471 5770 Exod.
503 5731 597 5777 xu,
638 5714 862 5784 passim.
965 5714 1005 5745 ¹¹
1038 5714 1082 5769 ll
1110 5713 1351 5771 Timoth.
1386 5716 1557 5782 ",15.
1636 5718 1678 5749 "

1795 5717 1911 5773 Cor.
1936 5734 2009 5783 Ix,
2043 5716 2130 5775 ‘25.
2211 5718 2251 5749 ”
2291 5715 2459 5777 Eccli.
2489 5734 2559 5782 vt,
2587 5716 2675 5771 7.6.
2754 5717 2796 5748 “
2822 5713 2958 5771 ibid.
2988 5713 3079 5769 55.
3157 5713 3201 5745 "
3234 5711 3406 5768 Eccli.

144 5801 266 5853 ιλιι,
299 5788 350 5841 9.
432 5786 660 5841 '“Eccli.
698 5786 885 5850 13,211.
