4028 6516
504 350 644 416 i'.'03

1764 349 2129 413 ANTIOCHI
2162 343 2510 411 MONACHI

3638 347 3763 410 17M

501 465 778 523 naturain
810 481 928 521 eam
965 481 1088 538 qua:
1135 466 1320 522 nativa
1355 475 1442 523 est
1476 467 1586 540 igni
1638 467 1856 533 transit,
1901 467 2071 538 ﬁtque

2195 463 2515 535 τερπνότητα
2575 459 2805 533 Κυρίου.
2867 478 2888 511 ι
2921 459 3030 515 Καὶ
3081 461 3144 514 τό
3167 478 3186 494 ι
3256 481 3275 512 ι
3313 459 3460 530 Ἐγὼ
3521 462 3582 516 δὲ
3637 464 3765 517 ὡσοὶ

503 556 902 626 propemodum
929 556 1070 627 ignis
1095 574 1107 610 :
1137 555 1209 610 ita
1235 564 1292 611 et
1315 556 1408 626 qui
1442 558 1554 612 Deo
1580 558 1810 628 propius
1833 555 2086 628 adjungi-

502 657 614 714 tur,
642 665 745 721 par
770 657 878 714 est,
903 664 934 704 a
959 663 1018 704 se
1047 657 1110 702 ut
1131 648 1260 702 vitae
1291 647 1456 704 istius
1499 649 1606 704 situ
1661 648 1975 720 ferrugineo
2027 655 2086 703 et

503 741 860 796 tenebricoso
918 738 1192 794 obductas
1239 753 1403 793 curas
1451 738 1716 804 excutiat,
1761 746 1818 794 et
1862 739 2086 793 uniatur

506 831 642 903 igni,
675 849 839 901 quem
884 831 1158 887 Dominus
1185 830 1338 887 venit
1364 831 1586 886 mittere
1624 829 1679 885 in
1715 839 1939 894 terram,
1962 829 2086 884 fiat-

504 941 614 993 que
670 933 817 978 totus
867 924 1028 994 ignis,
1087 939 1157 979 ne
1209 940 1239 978 a
1304 938 1581 994 quoquam
1631 922 2079 977 adversariorum

505 1015 761 1086 intercipi
791 1015 1040 1085 possitct
1071 1015 1396 1086 expugnari.
1440 1015 1656 1086 1168
1699 1013 1789 1068 Ait
1842 1013 1973 1067 item
2022 1018 2082 1068 et

503 1109 834 1178 Apostolus:
893 1126 913 1159 ι
955 1108 1342 1163 Sollicitudine
1373 1123 1484 1162 non
1539 1106 1702 1178 pigri,
1732 1106 1930 1177 spiritu
1967 1106 2080 1160 fer-

503 1209 714 1263 ventes,
741 1199 974 1254 Domino
1001 1200 1310 1254 servientes
1332 1200 1398 1254 ¹¹¹.
1439 1218 1457 1251 ι
1492 1198 1595 1265 Qui
1636 1199 1803 1270 igitur
1834 1199 2078 1268 seipsum

503 1291 1007 1354 consecravitDeo,
1059 1305 1290 1347 necesse
1317 1303 1403 1347 est
1450 1301 1509 1346 ut
1566 1307 1690 1347 cum
1744 1291 2081 1362 cogitatione

503 1396 731 1450 prorsus
760 1383 1008 1447 sincera,
1039 1392 1096 1437 et
1120 1383 1463 1437 ornamentis
1494 1381 1767 1436 bonarum
1796 1382 2077 1436 actionum

2181 554 2338 609 ἐλαία
2366 555 2724 623 κατάκαρπος
2751 552 2810 606 ἐν
2843 552 2922 624 τῷ
2954 551 3090 624 οἴκῳ
3136 551 3233 606 τοῦ
3263 551 3418 608 Θεοῦ.
3463 573 3482 604 ι
3525 553 3635 607 Καὶ
3666 555 3727 607 τό
3747 571 3763 586 ·

2188 665 2207 699 ι
2246 643 2443 717 Κύριε,
2476 644 2742 716 ἠγάπησα
2789 644 3124 716 εὐπρέπειαν
3153 645 3302 697 οἴκου
3335 659 3454 706 σου,
3480 647 3577 697 καὶ
3606 646 3768 698 τόπον

2183 740 2543 812 σκηνώματας
2598 737 2759 808 δόξης
2806 755 2922 792 σου.
2967 757 2986 791 ι
3015 737 3144 798 ⁴Καί
3165 754 3182 770 ο
3215 737 3371 791 «Ὅτι
3401 737 3665 806 ἀγαπητά
3702 738 3766 790 τὰ

2185 829 2527 904 σκηνώματά
2570 850 2688 900 σου,
2740 832 2938 903 Κύριε,
2987 831 3158 900 Κύριε
3195 830 3306 884 τῶν
3346 831 3654 901 δυνάμεων.
3699 861 3767 872 -
3839 833 3849 840 ’

2191 922 2514 977 (ἘπιποΘεῖ
2562 922 2672 994 γὰρ
2717 921 2815 975 καὶ
2867 920 3109 974 ἐκλείπει
3149 922 3182 990 ἡ
3232 920 3378 988 ψυχή
3422 937 3526 988 μου
3559 922 3642 980 εἰς
3673 921 3769 982 τὰς

2189 1019 2360 1083 αὐλὰς
2406 1007 2502 1071 τοῦ
2551 1017 2780 1086 Κυρίου.
2833 1016 3116 1085 Μακάριος
3142 1014 3250 1083 γὰρ
3296 1014 3356 1066 ὃν
3402 1012 3634 1077 ἐξελέξω
3676 1013 3768 1064 καὶ

2186 1105 2524 1176 προσελάῦου
2576 1105 3025 1174 κατασκηνώσει-ι
3080 1106 3137 1157 ὲν
3189 1106 3309 1167 ταῖς
3360 1101 3553 1164 αὐλαῖς
3589 1119 3702 1155 σου.
3743 1119 3765 1154 1

2187 1197 2297 1256 Καὶ
2327 1203 2360 1271 ἡ
2403 1199 2650 1270 μακαρία
2684 1198 2874 1268 Μαρία
2903 1198 2935 1268 ὴ
2977 1196 3071 1250 τοῦ
3105 1196 3358 1266 Λαζάρου
3398 1195 3602 1264 ἀδελφὴ
3638 1194 3768 1263 ergo;

2186 1291 2313 1356 τοὺς
2359 1292 2522 1354 πόδας
2553 1289 2790 1359 ἐκάθητο
2815 1289 2909 1342 τοῦ
2952 1289 3243 1353 Δεσπότου,
3277 1285 3769 1356 προσκαρτεροῦσι

2191 1383 2330 1456 μετὰ
2378 1385 2544 1437 πόθου
2607 1382 2826 1445 πολλοῦ,
2890 1383 2984 1435 καὶ
3030 1382 3203 1450 ἡδέως
3251 1378 3526 1433 ἀκούουσα
3580 1377 3766 1432 αὑτοῦ.

504 1475 864 1544 conspicuus,
923 1491 1031 1529 una
1097 1491 1222 1530 cum
1273 1475 1478 1529 Davidc
1530 1475 1726 1545 psallat
1789 1491 1854 1530 ac
1899 1475 2079 1529 dicat:

511 1587 530 1619 ‹
560 1567 732 1622 Unam
765 1567 930 1636 petivi
952 1583 980 1620 a
1006 1567 1260 1630 Domino,
1280 1567 1422 1621 hanc
1438 1567 1741 1636 requiram,
1776 1574 1835 1620 ut
1863 1564 2084 1620 inhabi-

2189 1478 2360 1540 Αὐτὸς
2387 1477 2442 1529 δὲ
2480 1479 2507 1530 ὁ
2533 1475 2740 1545 Κύριος·
2781 1475 3021 1528 διδάσκει
3056 1475 3226 1544 ἡμᾶς,
3273 1472 3487 1540 λέγων’
3525 1491 3544 1522 σ
3596 1472 3771 1537 Ἀγω-

2192 1569 2402 1634 νίζεσθε
2435 1569 2698 1620 εἰσελθεῖν
2727 1567 2813 1621 διὰ
2843 1567 2944 1636 τῆς
2972 1567 3160 1635 στενῆς
3202 1566 3398 1633 πύλης,
3440 1567 3524 1617 ὅτι
3564 1563 3770 1626 πολλοὶ,

506 1665 613 1710 tem
650 1657 704 1710 in
741 1655 905 1710 domo
929 1657 1144 1710 Domini
1173 1657 1434 1711 omnibus
1458 1657 1655 1711 diebus
1681 1657 1808 1710 vitae
1847 1673 2000 1721 mete,
2027 1665 2087 1710 ut

2195 1657 2336 1727 λέγω
2375 1657 2526 1728 ὑμῖν,
2563 1657 2890 1728 ζητήσουσιν
2921 1655 3207 1717 εἰσελθεῖν,
3262 1658 3353 1708 καὶ
3382 1657 3483 1707 οὐκ
3521 1654 3773 1724 35113000-

505 1749 718 1803 videam
760 1748 891 1818 quid
933 1749 1240 1818 jucundum
1273 1749 1343 1802 sit
1387 1748 1621 1802 Domino
1642 1747 1708 1802 ι’.
1746 1767 1763 1798 ι
1816 1747 1879 1802 Et
1921 1745 2088 1802 illud:

2197 1765 2300 1802 σιν.
2339 1768 2358 1800 ι
2399 1747 2556 1818 Αὐτῷ
2585 1751 2616 1816 ἡ
2647 1748 2770 1813 δόξα
2810 1749 2890 1810 εἰς
2919 1747 3046 1807 τοὺς
3076 1747 3295 1808 αἰῶνας.
3345 1747 3539 1816 Ἀμήν.

514 1861 532 1892 ‹
576 1841 688 1911 Ego
706 1851 889 1895 autem
910 1842 1056 1896 sicut
1087 1841 1231 1894 oliva
1262 1839 1547 1894 fructifera
1582 1840 1637 1894 in
1685 1839 1850 1894 domo
1890 1839 1986 1894 Dei
2009 1841 2074 1892 ι’.
2109 1859 2126 1890 ι
2173 1841 2310 1896 Item
2348 1839 2517 1894 illud:
2554 1861 2570 1890 ι
2607 1839 2862 1901 Domine,
2901 1838 3066 1893 dilexi
3103 1838 3360 1892 decorem
3393 1838 3594 1890 domus
3643 1842 3770 1898 true,

507 1936 634 2004 quia
668 1933 869 1988 dilecta
896 1934 1252 1988 tabernacula
1297 1943 1422 1999 tua,
1454 1933 1764 1988 Domine".
1805 1952 1822 1985 ι
1853 1964 1923 1973 ——
1949 1952 1964 1982 ι
1996 1930 2353 2002 Concupiscit
2404 1933 2552 1987 enim
2607 1942 2661 1987 et
2703 1932 2889 1986 deﬁcit
2955 1932 3134 1985 anima
3197 1947 3316 1984 mea
3367 1930 3420 1982 in
3478 1930 3621 1982 atria
3659 1936 3772 1988 tua,

508 2026 820 2088 Domine“,
859 2034 919 2078 ut
960 2023 1235 2078 inhabitet
1280 2021 1333 2076 in
1381 2015 1554 2077 "atriis
1610 2023 1722 2077 tuis
1743 2023 1810 2076 ’⁸.
1851 2040 1869 2072 ι
1923 2021 2088 2075 Beata
2125 2037 2347 2092 quoque
2379 2021 2549 2076 Maria
2570 2020 2763 2075 Lazari
2797 2035 2978 2084 soror,
3042 2019 3112 2074 ad
3147 2019 3316 2090 pedes
3385 2018 3615 2072 sedebat
3673 2017 3773 2071 Do-

509 2118 643 2172 mini
672 2117 846 2171 multo
870 2130 993 2170 cum
1026 2114 1308 2170 desiderio
1333 2129 1720 2184 perseverans,
1775 2123 1830 2168 et
1884 2127 2155 2183 perquam
2195 2114 2447 2169 suaviter
2497 2115 2672 2186 ipsius
2733 2113 3040 2168 exaudiens
3074 2111 3348 2167 vocem".
3387 2111 3496 2165 Sed
3548 2120 3605 2164 et
3659 2111 3773 2180 ipse

508 2210 774 2269 Dominus
801 2208 965 2263 docet
998 2221 1120 2271 nos,
1153 2207 1382 2261 dicens:
1431 2223 1450 2256 ι
1490 2205 1827 2261 Contendite
1876 2206 2084 2259 intrare
2125 2221 2226 2276 per
2253 2216 2539 2277 angustam
2568 2213 2808 2277 portam,
2838 2205 2968 2274 quia
3029 2204 3186 2258 multi
3215 2203 3362 2274 (dico
3413 2202 3596 2272 vobis)
3622 2213 3773 2273 qua:-

509 2308 634 2355 rent
663 2299 896 2365 intrare,
937 2309 996 2354 et
1040 2314 1148 2352 non
1201 2297 1553 2367 poterunt“.
1586 2314 1604 2350 ι
1644 2296 1754 2368 Ipsi
1799 2295 1974 2368 gloria
2033 2294 2088 2349 in
2128 2297 2327 2352 sarcula
2356 2298 2706 2354 saeculorum.
2740 2296 2935 2352 Amen.

962 2434 1248 2490 IIOMILIA
1287 2433 1596 2488 LXXXVIII

1089 2546 1167 2600 De
1205 2547 1520 2600 ministerio.

580 2662 686 2731 Qui
719 2661 982 2717 minister
1017 2667 1125 2723 est,
1155 2660 1329 2714 multa
1355 2674 1480 2713 cum
1511 2657 1811 2712 sedulitate
1856 2657 2094 2713 admini-

509 2760 684 2811 strare
723 2752 917 2817 debet,
938 2767 1062 2806 cum
1095 2751 1390 2821 perspicue
1416 2750 1640 2805 noverit
1671 2764 1810 2818 opus
1831 2764 1950 2804 esse
1971 2749 2089 2805 Dei.

507 2845 668 2901 Nulla
700 2845 754 2899 in
801 2860 861 2899 re
886 2844 957 2898 sit
1003 2843 1050 2898 is
1084 2842 1400 2896 cunctatior
1453 2850 1548 2895 aut
1601 2841 1786 2894 minus
1832 2840 2087 2911 diligens,
2121 2889 2165 2948 Ο

511 2937 629 2993 sive
665 2936 738 2992 ob
758 2935 1030 3007 ingestam
1063 2933 1302 2988 tristitia:
1337 2933 1562 2996 nubem,
1600 2941 1694 2986 aut
1716 2933 1863 3003 quod
1897 2948 1926 2986 a
1953 2947 2092 3002 quo-

513 3027 661 3098 piam
720 3026 974 3080 irritatus
1000 3034 1104 3090 est,
1149 3040 1251 3079 nec
1283 3025 1641 3085 transmittat,
1701 3033 1796 3078 aut
1848 3026 2093 3094 segniter

511 3121 730 3190 expleat
791 3117 1185 3181 ministerium,
1241 3116 1312 3170 ob
1360 3117 1512 3170 litem
1554 3116 1694 3170 forte
1747 3133 1774 3170 a
1815 3117 2095 3171 nonnullis

512 3211 833 3267 excitatam.
862 3208 1217 3277 Quaecunque
1248 3207 1396 3262 enim
1435 3207 1754 3261 monasticae
1787 3215 1914 3261 sunt
1941 3216 2095 3261 man-

455 3315 466 3324 ‘
513 3302 714 3366 sionis,
769 3302 881 3356 Deo
912 3309 1331 3366 consecrantur,
1389 3309 1648 3369 tanquam
1687 3315 1750 3354 ea
1780 3315 1902 3369 quae
1953 3300 2092 3354 olfe-

513 3404 717 3448 runtur
742 3391 844 3445 illi.
878 3392 1058 3456 Quam
1109 3407 1312 3461 magno
1351 3391 1406 3444 in
1462 3390 1714 3458 periculo
1747 3399 2002 3443 versetur
2046 3389 2094 3444 is

513 3487 610 3558 qui
629 3485 926 3557 neglectim
951 3482 1255 3547 ministrat,
1292 3497 1455 3536 nosse
1477 3481 1600 3535 vis?
1634 3481 1868 3535 Perinde
1896 3487 1998 3546 est,
2031 3495 2094 3534 ac

515 3579 562 3635 si
590 3579 761 3633 Deum
796 3578 976 3647 ipsum
1018 3575 1380 3645 contemptim
1408 3583 1761 3643 aspernetur,
1786 3573 2094 3642 habeatque

515 3671 714 3726 nihili:
751 3689 770 3721 ι
799 3669 1052 3735 Quandiu
1079 3668 1228 3723 enim
1253 3667 1463 3721 fecistis
1493 3667 1589 3720 uni
1622 3681 1689 3721 ex
1718 3665 1804 3720 his
1830 3665 2093 3729 minimis,

515 3761 655 3817 mihi
681 3760 910 3824 fecistis,
941 3768 1018 3825 et,
1055 3758 1301 3829 quandiu
1329 3774 1437 3812 non
1473 3757 1703 3820 fecistis,
1741 3773 1921 3827 neque
1959 3757 2094 3811 mihi

519 3853 812 3908 fecistis“.
849 3875 868 3904 ι
914 3851 1042 3908 Sive
1095 3851 1263 3922 igitur
1308 3851 1433 3922 quis
1475 3851 1825 3906 administrat
1878 3851 2093 3913 sedulo,

519 3943 636 4000 sive
663 3943 954 4015 neglectim
985 3942 1217 3997 inservit
1259 3939 1547 4007 fratribus,
1588 3942 1642 3995 in
1691 3940 1864 3997 Deum
1915 3941 2094 4012 ipsum

519 4033 670 4090 illius
701 4032 938 4088 recurrit
966 4046 1032 4087 ac
1051 4031 1298 4088 refertur
1337 4031 1730 4087 ministerium.
1753 4032 1886 4089 Iure
1930 4031 2097 4102 igitur

517 4127 590 4183 de
642 4126 766 4183 istis
819 4124 1252 4181 cunetatoribus-
1303 4133 1359 4180 et
1419 4124 1562 4180 male
1615 4123 1827 4180 sedulis
1879 4123 2098 4180 dicebat

2777 2435 2996 2490 ΛΟΓΟΣ
3046 2437 3178 2491 IIH'.

2725 2548 2864 2618 Περὶ
2910 2549 3242 2614 διακονίας.

2275 2662 2334 2718 ’0
2366 2662 2714 2734 διακονιστὴς
2765 2665 3035 2734 χρεωστεῖ
3077 2662 3354 2732 ἐπιμελῶς
3387 2662 3678 2720 διακονεῖν,
3705 2664 3774 2715 εξ-

2190 2752 2297 2816 δὼς
2325 2755 2405 2806 ὅτι
2435 2752 2570 2806 Θεοῦ
2616 2753 2776 2823 ἔργον
2825 2752 2971 2805 ἐστίν
2994 2769 3008 2782 ·
3048 2753 3142 2806 καὶ
3180 2753 3252 2822 μὴ
3284 2752 3506 2821 ἀμελεῖν
3545 2753 3603 2805 ἐν
3648 2767 3769 2814 τινι,

2194 2845 2227 2916 ἢ
2260 2845 2348 2899 διὰ
2377 2844 2574 2914 λύπην,
2619 2844 2651 2914 ἢ
2698 2843 3073 2915 παροξυσμὸν,
3106 2843 3138 2914 ἢ
3182 2844 3271 2898 διὰ
3318 2845 3436 2913 εριν
3461 2845 3587 2897 τινὰ
3620 2845 3772 2897 ἀδελ.

2198 2937 2334 3006 φῶν,
2388 2937 2806 3007 παραπέμπειν,
2852 2937 2947 2989 καὶ
2990 2936 3272 3008 ῥᾳθυμεῖν.
3322 2939 3507 2990 Πάντα
3550 2938 3661 3006 γὰρ
3708 2939 3772 2991 τὰ

2195 3028 2293 3096 τῆς
2326 3029 2493 3099 μονῆς
2517 3026 2594 3097 τῷ
2622 3023 2744 3098 Θεῷ
2771 3027 3156 3098 καθιέρωνται,
3186 3028 3262 3090 ὡς
3294 3028 3441 3098 αὐτῷ
3472 3029 3773 3099 προσφερό-

2201 3133 2354 3189 μενα,
2389 3119 2484 3170 καὶ
2543 3117 2765 3188 μεγάλῳ
2811 3118 3124 3170 ὑπόκεινται
3156 3117 3404 3187 κινδύνῳ.
3466 3119 3526 3171 ὐ
3557 3117 3774 3187 ἀμελῶς

2196 3210 2460 3263 διακονῶν
2485 3248 2499 3272 ,
2546 3209 2623 3272 ὡς
2669 3209 2808 3262 Θεοῦ
2855 3210 3233 3279 καταφρονῶν.
3284 3228 3303 3260 ι
3330 3209 3446 3279 Ἐφ’
3491 3211 3618 3263 ὅσον
3668 3209 3774 3280 γὰρ

2198 3303 2490 3373 ἐποιήσατε
2525 3302 2605 3354 ἑνὶ
2652 3301 2861 3355 τούτων
2889 3297 2996 3354 τῶν
3029 3302 3271 3370 ἀδελφῶν
3313 3320 3416 3373 μου
3442 3304 3552 3356 τῶν
3600 3304 3776 3373 ἐλαχί-

2201 3409 2360 3458 στων,
2412 3396 2536 3464 ἐμοὶ
2566 3395 2883 3464 ἐποιήσατε,
2930 3395 3026 3448 καὶ
3075 3397 3159 3464 ἐφ’
3186 3396 3309 3448 ὅσον
3336 3397 3436 3449 of»:
3483 3398 3773 3465 ἐποιήσατε

2199 3486 2280 3538 ἐνὶ
2327 3487 2554 3546 τούτων,
2593 3486 2715 3538 οὐδὲ
2746 3486 2868 3555 ἐμοὶ
2905 3487 3220 3554 ἐποιήσατε.
3255 3505 3272 3537 ι
3310 3488 3430 3539 Εἴτε
3460 3482 3557 3540 οὖν
3583 3490 3775 3556 stupeo

2198 3577 2307 3642 λῶς
2333 3596 2417 3641 τις
2447 3578 2703 3640 διακονεῖ,
2734 3579 2810 3641 είς
2841 3578 2932 3632 τὸν
2970 3578 3102 3632 Θεὸν
3131 3579 3417 3650 ἀνατρέχει
3467 3580 3501 3649 ἡ
3532 3580 3776 3634 διακονία

2202 3669 2388 3723 αὑτοῦ.
2425 3669 2664 3732 Εἰκότως
2690 3667 2992 3737 οὖνἐλεγεν
3035 3669 3304 3741 Ἱερεμίας
3333 3673 3458 3742 περὶ
3505 3673 3619 3724 τῶν
3641 3673 3775 3740 ἀμε-

2198 3761 2472 3815 λούντων·
2513 3761 2990 3832 «Ἐπικατάρατος
3042 3761 3326 3833 ἄνθρωπος
3349 3804 3363 3825 ,
3427 3763 3455 3817 ό
3503 3763 3680 3818 ποιῶν
3719 3763 3776 3818 τδ

2200 3853 2362 3923 ἔργον
2405 3853 2618 3923 Κυρίου·
2653 3852 2892 3922 ἀμελῶς,
2953 3851 3013 3906 Ὀ
3054 3853 3109 3905 δὲ
3149 3854 3567 3924 καταφρονητὴς
3615 3855 3772 3923 ἀνὴρ,

2201 3943 2417 4010 ἀλαζὼν
2455 3946 2549 3997 καὶ
2579 3945 2950 4015 ὑπερήφανος.
2991 3943 3187 4013 Ἡμεῖς
3210 3940 3304 3998 οῦν
3325 3945 3482 4007 ἐκτὸς
3511 3946 3615 4013 τῆς
3641 3947 3775 4015 ἀρᾶς

2199 4035 2372 4099 ὄντες,
2417 4035 2516 4105 τῆς
2554 4034 2612 4088 δὲ
2663 4033 2913 4103 εὐλογίας
2961 4035 3113 4098 ἐντὸς
3151 4035 3225 4098 ὡς
3258 4035 3498 4090 διάκονοι
3535 4036 3773 4106 Χριστοῦ

2200 4128 2260 4180 ὲν
2303 4126 2451 4200 πάσῃ
2477 4126 2767 4198 ἐπιμελείᾳ
2800 4127 2892 4180 καὶ
2941 4127 3143 4198 σπουδῇ
3180 4128 3278 4197 τὴν
3313 4128 3592 4182 διακονίαν
3619 4129 3775 4200 ἡμῶν

516 4215 788 4273 Jeremias
826 4231 843 4276 ;
883 4235 904 4268 ο
940 4214 1266 4270 Maledi‘etus
1320 4214 1488 4269 homo
1523 4213 1620 4284 qui
1650 4213 1782 4268 facit
1825 4228 1964 4285 opus
1997 4214 2092 4270 Dei

2203 4219 2309 4289 πλη
2318 4221 2731 4289 ροφορήσωμεν,
2775 4218 2862 4272 ἵνα
2887 4217 3138 4286 εὐλογίαν
3158 4218 3678 4291 κληρονομήσωμεν,
3701 4220 3774 4283 ὡς

519 4309 864 4380 negligenter
881 4307 954 4361 ".
993 4327 1012 4358 ι
1059 4305 1214 4361 'l'alis
1231 4315 1594 4376 contemptor
1633 4317 1897 4377 arrogans
1931 4314 2096 4361 estet

519 4400 818 4472 superbus.
839 4398 952 4454 Nos
980 4399 1151 4469 igitur
1178 4397 1272 4467 qui
1299 4397 1369 4453 ab
1399 4397 1668 4468 ejusmodi
1709 4397 2095 4455 maledictione

521 4492 722 4548 seclusi
747 4505 962 4555 sumus,
992 4498 1187 4560 utpote
1232 4488 1328 4543 ﬁlii
1363 4489 1790 4554 benedictionis,
1836 4498 2094 4560 tanquam

522 4586 762 4640 ministri
803 4583 1037 4647 Christi,
1079 4581 1232 4637 omni
1288 4597 1413 4636 cum
1446 4581 1738 4637 sedulitate
1784 4597 1848 4637 ac
1885 4583 2094 4645 studio,

523 4676 846 4734 monasterii
903 4676 1066 4730 nobis
1131 4674 1503 4730 concreditam
1553 4673 1892 4728 functionem
1936 4675 2096 4744 plena

525 4770 633 4825 fide
656 4781 1052 4837 exsequamur,
1079 4775 1337 4834 tanquam
1368 4764 1643 4819 benedicti
1666 4764 1921 4835 discipuli
1949 4764 2098 4820 illius

523 4862 616 4932 qui
651 4861 830 4916 dixit:
865 4877 885 4910 ‹
924 4857 1028 4914 Ubi
1060 4871 1181 4911 sum
1210 4872 1333 4927 ego,
1383 4855 1496 4910 illic
1523 4863 1580 4910 et
1634 4857 1886 4912 minister
1940 4872 2096 4912 meus

521 4951 710 5006 erit".
754 4969 773 5002 ι
803 4949 948 5017 Quid
977 4948 1203 5018 insuper
1240 4947 1538 5018 Apostolus
1573 4947 1740 5010 dicat,
1775 4947 2095 5002 audiamus:

529 5061 550 5094 ε
579 5042 720 5096 Ecce
750 5055 900 5095 nunc
945 5049 1165 5111 tempus
1215 5040 1575 5110 acceptabile,
1604 5055 1734 5094 ecce
1789 5054 1937 5095 nunc
1977 5040 2098 5096 dies

523 5130 755 5187 salutis:
787 5123 996 5186 nemini
1029 5130 1228 5186 dantes
1279 5131 1446 5183 ullam
1475 5129 1857 5193 offensionem,
1889 5137 1954 5184 ut
1985 5145 2096 5185 non

524 5221 876 5290 vituperetur
903 5219 1277 5275 ministerium
1305 5226 1575 5282 nostrum,
1615 5217 1710 5273 sed
1742 5219 1794 5272 in
1841 5219 2098 5274 omnibus

523 5311 976 5371 commendantes
1008 5311 1380 5380 nosmetipsos
1406 5311 1551 5366 sicut
1577 5311 1672 5366 Dei
1705 5311 2008 5374 ministros,
2039 5311 2096 5366 in

526 5407 698 5461 multa
730 5404 1026 5476 patientia,
1057 5403 1114 5457 in
1144 5402 1618 5468 tribulationibus,
1655 5403 1710 5458 in
1756 5402 2100 5458 necessitati-

524 5499 651 5565 bus,
686 5499 742 5552 in
769 5493 1060 5569 angustiis,
1090 5495 1148 5549 in
1173 5494 1481 5561 laboribus,
1533 5496 1591 5550 in
1623 5495 1846 5568 vigiliis,
1882 5495 1938 5550 in
1971 5495 2097 5550 lon—

597 5657 640 5688 "
664 5620 821 5711 Rom.
853 5673 944 5718 xu,
982 5655 1066 5711 ll.
1182 5654 1225 5687 "
1264 5655 1407 5710 Psal.
1461 5669 1603 5719 xxvr,
1639 5653 1688 5706 ι.

1797 5652 1838 5684 ¹⁹
1865 5651 2007 5706 Psal.
2041 5665 2112 5717 LI,
2168 5650 2248 5707 10.

2201 4310 2442 4382 μαθηταὶ
2487 4309 2583 4363 τοῦ
2629 4309 2997 4380 εὐλογημένοι)
3045 4309 3138 4363 τοῦ
3191 4310 3507 4381 εἰρηκότος*
3545 4329 3564 4362 ι
3602 4311 3771 4365 Ὅπου

2197 4403 2315 4472 είμὶ
2353 4400 2484 4470 ἐγὼ,
2518 4403 2613 4456 καὶ
2639 4404 2670 4455 δ
2696 4403 2946 4467 διάκονος
2970 4405 3000 4457 ό
3021 4403 3152 4473 ἐμὸς
3181 4402 3355 4456 ἔσται.
3383 4421 3402 4455 ι
3424 4403 3771 4472 ’Λκοῦσωμεν

2197 4491 2249 4545 τί
2277 4491 2373 4545 καὶ
2399 4492 2428 4544 ὀ
2455 4491 2668 4555 Παῦλος
2713 4491 2898 4560 λέγει·
2933 4511 2953 4544 ι
2975 4493 3106 4546 Ἰδοὺ
3137 4491 3232 4545 νῦν
3258 4492 3450 4563 καιρὸς
3478 4492 3773 4563 εὐπρόσδε-

2197 4599 2347 4647 κτος,
2383 4583 2491 4637 ίδοὺ
2520 4583 2616 4638 νῦν
2645 4582 2828 4655 ἡμέρα
2850 4585 3128 4655 σωτηρίας
3149 4601 3164 4616 ο
3195 4585 3466 4656 μηδεμίαν
3497 4587 3558 4638 ὲν
3589 4584 3773 4656 μηδενὶ

2196 4673 2431 4738 διδόντες
2483 4677 2820 4747 προσκοπήν,
2858 4677 2945 4731 ἴνα
2995 4678 3070 4747 μὴ
3121 4676 3355 4748 μωμηθῇ
3391 4677 3552 4748 ἡμῶν
3595 4678 3629 4748 ἡ
3660 4677 3771 4730 δια·
3847 4705 3853 4712 -

2198 4766 2353 4820 κονία
2371 4783 2386 4800 ’
2419 4767 2536 4822 ἀλλ’
2567 4771 2625 4822 ὲν
2651 4769 2815 4822 παντὶ
2843 4767 3202 4834 συνιστῶντες
3238 4769 3489 4835 ἑαυτοὺς,
3533 4768 3612 4833 ὡς
3640 4767 3770 4822 Θεοῦ

2196 4859 2436 4913 διάκονοι
2457 4859 2517 4912 ὲν
2540 4858 2783 4929 ὑπομονῇ
2811 4857 3002 4928 πολλῇ,
3029 4859 3088 4912 ὲν
3111 4858 3376 4928 θλίψεσιν,
3401 4859 3460 4911 ὲν
3486 4859 3768 4925 ἀνάγκαις,

2199 4949 2258 5002 ὲν
2289 4950 2696 5020 στενοχωρίαις,
2735 4949 2793 5002 ἑν
2831 4949 3043 5012 κόποις,
3077 4949 3137 5002 ἐν
3181 4947 3536 5019 ἀγρυπνίαις,
3578 4949 3638 5001 ὲν
3671 4965 3768 5018 μα-

2202 5039 2572 5112 μακροθυμίᾳ,
2615 5039 2674 5093 ὲν
2712 5039 2903 5112 ἀγάπῃ
2934 5039 3304 5110 ἀνυποκρίτῳ,
3349 5041 3408 5092 ἐν
3453 5040 3604 5110 λόγῳ
3641 5039 3768 5110 ἁλη-

2199 5131 2366 5194 θείας.
2383 5150 2406 5182 ι
2429 5131 2540 5184 Καὶ
2573 5131 2736 5187 πάλιν
2763 5146 2781 5164 ·
2818 5152 2838 5184 ‹
2886 5133 2979 5196 Ὧς.
2995 5131 3170 5186 δοῦλοι
3197 5131 3455 5203 Χριστοῦ,
3473 5131 3536 5185 τὸ
3559 5133 3768 5202 θέλημα

2199 5219 2364 5273 αὐτοῦ
2394 5219 2675 5285 ποιοῦντες
2701 5223 2765 5275 ὲκ
2801 5207 3002 5292 ίῑωχῆς,
3026 5223 3144 5291 μετ’
3168 5222 3382 5286 εὐνοίας
3408 5222 3764 5285 δουλεύοντες,

2199 5311 2276 5375 ὡς
2319 5311 2398 5383 τῷ
2439 5313 2650 5383 Κυρίῳ,
2695 5315 2789 5367 καὶ
2835 5315 2936 5367 οὐκ
2973 5312 3301 5383 ἀνθρώποις.
3359 5333 3392 5365 »-
3417 5313 3528 5367 Καὶ
3569 5314 3764 5366 πάλινο

2206 5421 2226 5454 ι
2285 5402 2554 5474 Ἀδελφοὶ,
2600 5405 2803 5476 ἑδραῖοι
2848 5405 3085 5473 γίνεσθε,
3135 5404 3546 5476 ἀμετακίνητοι.
3588 5416 3770 5474 περισ-

2201 5493 2449 5559 σεύοντες
2483 5498 2550 5549 ὲν
2580 5497 2658 5567 τῷ
2686 5498 2836 5568 ἔργῳ
2879 5497 2975 5550 τοῦ
3019 5497 3246 5568 Κυρίου.
3271 5499 3534 5552 «avrae:-
3575 5497 3770 5558 εἱδότες

3555 5656 3600 5685 ’³
3632 5651 3763 5707 I‘saI.

2359 5653 2405 5684 “
2430 5652 2572 5707 Psal.
2601 5669 2725 5713 xxv.
2756 5653 2809 5708 8.
2915 5657 2957 5695 ²¹
2992 5652 3135 5709 Psal.
3169 5669 3389 5716 1.xxxm,
3424 5654 3478 5706 5.

526 5743 664 5784 txrv.
696 5728 746 5782 5.
802 5728 848 5761 "
869 5727 1003 5782 Luc.
1026 5725 1184 5794 x,39.
1262 5726 1303 5758 ’³
1337 5725 1640 5789 Matth.vn,
1670 5723 1766 5788 l5;
1801 5721 1933 5777 Luc.
1961 5737 2074 5789 xm,
2105 5721 2196 5778 ει.
2273 5723 2318 5756 ’⁵
2336 5720 2524 5778 Matth.
2553 5739 2676 5786 xxv,
2705 5723 2794 5777 ω.
2871 5725 2914 5757 ’⁸
2935 5725 3137 5780 Jcrem.
3167 5741 3354 5789 xtvnl,
3387 5725 3469 5779 l0.
3549 5726 3594 5756 ⁸⁷
3616 5726 3764 5779 Joan.

521 5812 616 5860 xu,
640 5797 728 5854 26.
