4028 6516
305 340 443 405 1705

1322 349 1644 408 IIOMILIA
1691 350 2005 409 LXXXIX.
2036 376 2101 387 ··-
2133 353 2225 410 DE
2274 353 2550 411 INOPIA.

3414 356 3552 418 1706

298 458 380 511 ὄτι
415 460 444 509 6
469 458 635 519 κόπος
668 458 822 528 ὑμῶν
854 460 955 512 οὐκ
988 460 1134 513 ἔστιν
1164 462 1316 523 κενὸς
1358 465 1417 514 ὲν
1455 465 1662 533 Κυρίῳ.
1712 483 1730 514 ι
1769 466 1877 517 Καὶ

1981 465 2320 533 ganimitate,
2343 466 2399 519 in
2429 466 2703 521 charitate
2736 480 2844 521 non
2881 466 3025 529 ficta,
3058 468 3113 521 in
3148 466 3316 522 verbo
3348 471 3554 523 verita~

299 550 439 618 πρὸς
485 550 767 620 Τιμόθεον,
822 550 1034 619 λέγων⁹
1076 570 1096 604 ι
1152 553 1309 623 Νῆφε
1352 555 1413 606 ὲν
1468 556 1649 618 πᾶσιν,
1713 554 1875 626 ἔργον

299 642 525 711 ποίησον
555 643 968 710 εὐαγγελιστοῦ,
1008 644 1108 714 τὴν
1137 644 1413 700 διακονίαν
1454 661 1548 699 σου
1600 646 1874 717 πληροφό-

302 753 489 807 ρησον.
537 754 556 785 ι
603 735 772 804 Φησὶν
809 735 867 788 δὲ
904 736 1000 789 καὶ
1030 737 1160 807 περὶ
1193 736 1391 789 ἑαυτοῦ
1413 753 1426 767 ⁶
1464 756 1483 789 ι
1517 739 1652 790 Νυνὶ
1681 738 1737 790 δὲ
1775 752 1873 788 πο-

192 855 203 865 -
303 827 531 899 ρεύομαι
573 828 651 891 εἰς
684 826 1035 897 Ἰερουσαλὴμ
1066 826 1326 880 διακονῶν
1353 829 1463 887 τοῖς
1486 829 1657 897 ἁγίοις
1679 845 1691 858 ·
1741 827 1875 880 ἀλλά

303 919 739 987 συναγωνίσασθέ
776 936 867 993 μοι
907 920 965 971 ὲν
1007 922 1127 982 ταῖς
1166 922 1512 989 προσευχαῖς,
1558 920 1645 972 ἴνα
1686 919 1719 988 ή
1764 917 1876 970 δια-

302 1011 455 1065 κονία
495 1027 596 1079 μου
638 1009 1032 1080 εὐπρόσδεκτος
1061 1010 1286 1081 γένηται
1324 1012 1434 1073 τοῖς
1462 1010 1657 1078 ἁγίοις.
1708 1030 1726 1062 ι
1762 1011 1876 1063 Κα-

300 1101 658 1171 τανοήσωμεν
707 1097 824 1163 οὖν,
864 1100 1105 1170 ἀδελφοὶ,
1146 1102 1299 1155 αὐτοὶ
1340 1102 1393 1154 οἱ
1443 1100 1729 1154 ἀπόστολοι
1777 1101 1876 1165 τῆς

317 1191 659 1259 Ἐκκλησίας,
693 1190 831 1260 μετὰ
857 1192 1012 1246 ποίου
1044 1193 1253 1261 ἀγῶνος
1278 1194 1371 1245 καὶ
1400 1192 1564 1246 πόθου
1595 1192 1875 1263 διηκόνουν

301 1284 415 1343 τοῖς
446 1282 503 1335 ὲν
542 1281 934 1351 Ἰεροσολύμοις
966 1286 1224 1353 πτωχοῖς.
1259 1284 1426 1355 Φησὶν
1462 1284 1516 1336 δὲ
1550 1284 1643 1336 καί
1671 1282 1871 1346 ἄλλοις,

310 1392 329 1423 ι
384 1373 458 1425 Ού
517 1373 625 1443 γὰρ
674 1373 857 1437 ἄδικος
906 1375 934 1426 6
986 1374 1116 1437 Θεὸς
1171 1374 1522 1429 ἐπιλαθέσθαι
1571 1375 1667 1427 τοῦ
1711 1374 1874 1443 ἔργου

304 1464 480 1534 ὑμῶν,
523 1466 615 1519 καὶ
647 1467 746 1533 τῆς
777 1468 999 1535 ἀγάπης
1039 1464 1106 1540 ἧς
1146 1468 1479 1533 ἐνεδείξασθε
1514 1469 1594 1532 εἰς
1618 1468 1679 1521 τὸ
1704 1468 1876 1538 ὄνομα

304 1558 496 1624 αὑτοῦ,
518 1559 936 1629 διακονήσαντες
960 1564 1072 1623 τοῖς
1093 1561 1288 1628 ἁγίοις,
1312 1562 1405 1614 καὶ
1425 1559 1822 1623 διακονοῦντες.
1850 1580 1869 1613 ι

303 1651 466 1718 Λέγει
506 1651 563 1704 δὲ
608 1651 704 1704 καὶ
749 1653 778 1704 6
822 1653 1043 1722 Πέτρος⁹
1073 1671 1091 1702 r
1129 1652 1397 1715 Ἕκαστος
1445 1651 1629 1716 καθὼς
1686 1651 1875 1705 ἔλαϐεν

303 1744 569 1813 χάρισμα,
600 1744 681 1806 εἰς
711 1744 937 1807 ἑαυτοὺς
997 1744 1129 1797 αὐτὸ
1155 1741 1547 1806 διακονοῦντες.
1588 1763 1607 1796 ι
1642 1744 1749 1795 Καὶ
1779 1745 1876 1795 ὲπ-

303 1836 427 1903 άγει
452 1851 464 1862 °
496 1853 514 1886 ι
548 1836 615 1889 Εῖ
635 1853 715 1899 τις
742 1835 913 1899 λαλεῖ,
942 1835 1017 1897 ὡς
1053 1836 1209 1904 λόγια
1241 1835 1397 1899 Θεοῦ,
1435 1834 1487 1887 εἴ
1512 1853 1594 1898 τις
1618 1834 1873 1897 διακονεῖ,
1910 1864 1950 1918 Β

302 1924 379 1988 ὡς
406 1925 462 1991 ἐξ
496 1924 698 1995 ἰσχύος,
737 1920 801 1995 ἧς
832 1929 1055 1995 χορηγεῖ
1082 1927 1109 1979 6
1136 1926 1290 1989 Θεὸς,
1320 1926 1408 1978 ἴνα
1446 1926 1503 1977 ἐν
1537 1926 1700 1977 πᾶσιν
1726 1923 1877 1987 δοξά-

305 2014 466 2084 ζηται
494 2018 522 2069 ό
542 2016 697 2080 Θεὸς,
721 2017 808 2070 διὰ
832 2017 926 2070 τοῦ
953 2018 1155 2087 Κυρίου
1178 2019 1334 2087 ἡμῶν
1371 2015 1543 2086 Ἰησοῦ
1568 2014 1821 2085 Χριστοῦ.
1850 2033 1869 2066 ι

320 2108 378 2162 Ὀ
411 2109 467 2162 δὲ
501 2108 735 2179 Κύριος·
774 2129 791 2162 ι
816 2110 941 2164 Ἐάν
991 2128 1077 2175 τις
1114 2112 1237 2180 ἐμοὶ
1274 2109 1517 2177 διακονῆ,
1582 2108 1705 2175 ἐμοὶ
1749 2107 1878 2159 ἀκο-

303 2199 590 2262 λουθείτω.
632 2202 726 2254 καὶ
765 2203 898 2255 ὅπου
939 2203 1056 2269 εἰμί
1113 2201 1244 2270 ἐγὼ,
1285 2202 1401 2253 ἐκεῖ
1432 2200 1527 2251 καίΙ
1570 2201 1597 2251 6
1634 2198 1879 2260 διάκονος

303 2294 333 2344 6
364 2294 494 2363 ἐμδς
520 2293 673 2346 ἔσται
691 2309 705 2324 ·
738 2293 832 2346 ἐὰν
859 2294 981 2363 ἐμοί
1005 2311 1087 2357 τις
1125 2294 1381 2353 διακονεῖ,
1411 2291 1634 2361 τιμήσει
1661 2289 1823 2343 αὐτὸν
1848 2290 1878 2340 6

305 2385 497 2454 Πατήρ
527 2402 647 2455 μου.
679 2405 697 2436 ι
714 2387 826 2438 Καὶ
846 2384 1035 2438 πάλςψ
1078 2384 1224 2452 Ἐγὼ
1246 2382 1314 2437 δέ
1330 2385 1446 2452 εἰμι
1470 2381 1723 2449 ἐνμέσῳ
1741 2381 1820 2446 ὡς
1844 2382 1876 2434 ό

305 2476 623 2532 διακονῶν.
653 2497 671 2530 ι
701 2509 770 2518 --
794 2496 811 2528 ι
843 2477 953 2530 Καὶ
981 2477 1089 2548 γὰρ
1115 2478 1143 2529 6
1173 2475 1299 2538 Υἰὺς
1322 2474 1418 2527 τοῦ
1451 2472 1740 2543 ἀνθρώπου
1779 2473 1880 2523 οὑκ

302 2565 469 2639 ἦλθεν
498 2570 903 2640 διακονηθῆναι,
936 2568 1074 2621 ἀλλά
1098 2567 1417 2637 διακονῆσαι
1451 2565 1549 2618 καὶ
1574 2564 1761 2617 δοῦναι
1783 2562 1880 2633 τὴν

1984 556 2054 610 tis
2078 556 2143 608 ’³.
2200 575 2219 607 ι
2284 556 2499 628 1169
2541 558 2747 612 lterum
2784 577 2799 615 :
2864 578 2883 610 ι
2915 558 3069 614 Sicut
3125 560 3269 613 servi
3309 559 3552 624 Christi,

1982 647 2248 702 facientes
2281 649 2620 704 voluntatem
2660 650 2836 720 ipsius
2873 665 2940 704 ex
2970 649 3170 712 animo,
3206 665 3331 704 cum
3383 651 3552 706 bene~

1980 740 2223 794 volentia
2241 740 2573 805 servientes,
2606 741 2764 811 quasi
2796 741 3029 795 Domino
3061 749 3116 794 et
3167 756 3278 795 non
3312 742 3557 797 homini-

1981 831 2167 885 bus".
2193 849 2211 881 ι
2239 831 2440 886 lterum
2464 847 2477 883 :
2509 850 2527 881 ι
2558 832 2803 896 Fratres,
2826 832 3053 887 stabiles
3080 841 3260 888 estote
3286 840 3344 887 et
3366 835 3559 889 immo-

1982 922 2143 985 biles,
2171 922 2517 976 abundantes
2537 923 2592 976 in
2616 938 2785 992 opere
2809 924 3029 979 Domini
3050 940 3290 993 semper,
3317 924 3559 979 scientes

1980 1012 2128 1080 quod
2173 1012 2331 1065 labor
2364 1022 2549 1067 vester
2594 1028 2703 1066 non
2734 1020 2820 1067 est
2853 1014 3034 1069 inanis
3081 1015 3137 1068 in
3174 1016 3408 1069 Domino
3427 1016 3494 1069 ³ο.
3533 1035 3551 1067 ι

1981 1104 2050 1158 Et
2072 1104 2140 1158 ad
2179 1104 2568 1159 Timotheum:
2613 1122 2632 1155 ι
2672 1104 2869 1174 Vigila,
2930 1106 2987 1159 in
3033 1107 3291 1161 omnibus
3344 1108 3554 1173 labora,

1981 1210 2121 1264 opus
2152 1194 2238 1249 fac
2262 1196 2636 1265 evangelistre,
2669 1195 3038 1250 ministerium
3066 1205 3221 1250 tuum
3247 1197 3411 1266 imple
3431 1198 3498 1250 ³¹.
3531 1215 3550 1249 ι

1980 1285 2057 1339 Dc
2078 1286 2263 1355 seipso
2292 1301 2514 1355 quoque
2547 1284 2718 1339 dicit:
2757 1303 2775 1335 ι
2812 1285 2970 1339 Nunc
3002 1295 3184 1340 autem
3236 1287 3559 1356 proficiscor

1982 1379 2037 1432 in
2061 1381 2367 1435 Jerusalem
2393 1379 2712 1433 ministrare
2733 1379 2961 1440 sanctis,
2995 1379 3091 1432 sed
3110 1380 3366 1450 adjuvate
3390 1396 3478 1434 me
3502 1382 3557 1435 in

1980 1471 2350 1535 orationibus,
2392 1480 2455 1524 ut
2503 1470 2835 1539 obsequium
2903 1484 3085 1523 meum
3141 1481 3427 1540 acceptum
3485 1472 3559 1526 sit

1981 1558 2290 1613 sanctis”.
2349 1576 2368 1608 ι
2434 1558 2735 1611 Nobiscum
2794 1566 3136 1626 reputemus,
3186 1557 3403 1622 fratres,
3453 1559 3555 1628 ipsi

1982 1651 2215 1720 apostoli
2243 1650 2338 1720 qui
2370 1657 2428 1704 et
2447 1650 2717 1705 columnae
2742 1649 3023 1713 Ecclesiae,
3055 1656 3263 1718 quanto
3292 1665 3465 1720 agone
3490 1666 3557 1705 ac

1981 1741 2260 1796 desiderio
2287 1741 2672 1795 ministrabant
2708 1740 3149 1810 Hierosolymitis
3197 1741 3553 1809 pauperibus.

1983 1833 2120 1888 Aliis
2156 1834 2384 1901 insuper
2412 1833 2570 1895 dicit,
2611 1851 2631 1883 ι
2664 1832 2780 1885 Non
2807 1831 2955 1885 enim
2989 1831 3226 1901 iniustus
3268 1839 3354 1886 est
3389 1833 3559 1898 Deus,

1978 1935 2040 1981 ut
2068 1925 2433 1981 obliviscatur
2480 1924 2664 1994 operis
2715 1924 2885 1979 vestri
2916 1933 2973 1977 et
3021 1924 3337 1979 dilectionis
3390 1940 3556 1993 quam

1977 2017 2398 2073 demonstrastis
2421 2018 2476 2071 in
2494 2018 2719 2072 nomine
2744 2017 2938 2086 ipsius,
2972 2016 3102 2070 dum
3124 2016 3557 2072 administrastis

1976 2110 2185 2166 sanctis
2206 2108 2690 2165 ctadministratis
2708 2109 2772 2160 ³³.
2818 2127 2835 2158 ι
2878 2109 3075 2163 Petrus
3112 2108 3284 2161 item:
3325 2127 3342 2161 ι
3372 2108 3557 2164 Unus-

1978 2202 2215 2271 quisque
2245 2201 2388 2255 sicut
2420 2199 2635 2269 accepit
2668 2199 2921 2270 gratiam,
2944 2200 2999 2253 in
3022 2199 3353 2253 alterutrum
3404 2199 3555 2253 illam

1982 2292 2435 2345 administrantes
2453 2293 2536 2343 “z
2600 2310 2617 2341 ι
2655 2290 2909 2345 inducit:
2947 2310 2964 2341 ι
3006 2290 3063 2345 Si
3094 2292 3220 2360 quis
3254 2291 3555 2357 ministrat,

1985 2392 2241 2453 tanquam
2272 2398 2339 2437 ex
2375 2384 2581 2438 virtute
2611 2399 2775 2452 quam
2805 2383 3156 2438 administrat
3182 2384 3349 2447 Deus,
3403 2392 3463 2437 ut
3497 2383 3555 2439 in

1979 2476 2237 2531 omnibus
2255 2476 2658 2530 honorificetur
2686 2476 2830 2529 Deus
2861 2492 2956 2545 per
2982 2476 3274 2529 Dominum
3303 2485 3554 2531 nostrum

1977 2568 2162 2623 Jesum
2186 2567 2469 2623 Christum
2488 2567 2555 2621 ⁸⁵.
2595 2586 2613 2619 ι
2656 2566 2752 2621 llis
2784 2568 3031 2623 concinit
3053 2568 3349 2623 Dominus:
3403 2589 3421 2621 ι
3451 2569 3553 2636 Qui

302 2660 483 2731 ψυχὴν
511 2660 677 2713 αὑτοῦ
709 2659 902 2729 λύτρον
951 2659 1074 2713 ἀντὶ
1124 2657 1356 2712 πολλῶν.
1420 2674 1437 2707 ι
1480 2654 1638 2710 Αύτῶ
1675 2654 1709 2707 ᾖ
1751 2651 1878 2717 δόξα

1981 2656 2114 2722 mihi
2136 2657 2434 2721 ministrat,
2468 2672 2554 2711 me
2579 2666 2866 2726 sequatur,
2902 2667 2958 2711 et
2983 2658 3076 2711 ubi
3106 2674 3228 2712 sum
3256 2673 3380 2728 ego,
3441 2659 3559 2714 illic

305 2753 385 2814 εἰς
421 2752 545 2813 τοὺς
574 2752 800 2815 αἰῶνας.
848 2752 1044 2822 Ἀμήν.

306 2846 544 2902 rificabit
572 2862 699 2901 eum
744 2849 904 2902 Pater
952 2862 1108 2902 meus
1160 2847 1226 2901 “.
1254 2864 1272 2897 ι
1305 2846 1512 2900 lterum

1979 2757 2037 2803 ct
2059 2749 2312 2803 minister
2328 2764 2488 2803 meus
2518 2749 2649 2803 erit.
2686 2749 2743 2804 Si
2779 2750 2905 2819 quis
2929 2751 3345 2815 ministraverit,
3383 2752 3561 2806 bono-

1570 2861 1583 2898 :
1622 2862 1641 2895 ι
1676 2845 1791 2915 Ego
1814 2853 2001 2899 autem
2036 2845 2091 2898 in
2122 2845 2308 2900 medio
2340 2854 2587 2900 vestrum
2609 2860 2754 2911 sum,
2781 2847 2925 2901 sicut
2959 2846 3053 2917 qui
3093 2847 3371 2902 ministrat
3417 2849 3494 2902 ’τι
3532 2866 3555 2902 ι

306 2971 380 2982 -
412 2961 431 2993 ι
476 2943 690 2997 Etenim
722 2943 892 2997 Filius
927 2942 1169 2997 hominis
1189 2958 1299 2996 non
1332 2941 1485 2995 venit
1509 2940 1834 3003 ministrari,
1870 2940 1964 2995 scd
2008 2940 2343 3003 ministrare,
2375 2950 2431 2995 et
2461 2941 2591 2996 dare
2638 2940 2877 2995 animam
2912 2955 3068 2995 suam
3120 2940 3559 3011 redemptionem

307 3050 410 3107 pro
458 3037 725 3091 multis“.
774 3055 791 3088 ι
829 3038 937 3107 ipsi
986 3038 1159 3107 gloria
1227 3037 1283 3092 in
1335 3038 1535 3092 saecula
1589 3037 1938 3092 saeculorum.
1976 3035 2168 3090 Amen.

907 3152 1123 3205 ΛΟΓΟΣ
1160 3150 1286 3205 ιιθν.

778 3266 916 3334 Περὶ
963 3267 1353 3335 ἀκτημοσύνη
1362 3287 1410 3331 ς.

398 3379 461 3431 'ﬂ
499 3379 852 3451 ἀκτημοσύνη
882 3380 1148 3451 εἰλικρινῆ
1192 3380 1292 3450 τὴν
1335 3378 1614 3431 πολιτείαν
1652 3377 1747 3430 τοῦ
1781 3394 1868 3447 μο-

307 3472 472 3542 ναχοῦ
503 3471 905 3525 ἀποδείκνυσιν.
954 3472 1242 3542 Ἀκτήμων
1275 3469 1502 3540 μοναχὸς
1525 3468 1683 3531 ἀετὸς
1708 3469 1882 3539 ὑπάρο

307 3581 394 3634 χει
445 3563 733 3633 ὑψιπέτης.
774 3564 1060 3633 Ἀκτήμων
1129 3561 1363 3632 μοναχὸς
1425 3559 1712 3629 ἐλεύθερος
1768 3560 1877 3612 τῶν

306 3657 502 3725 ὀλίγων
533 3656 702 3721 ἐστὶν,
735 3655 823 3709 ἵνα
872 3657 930 3709 ὲν
974 3654 1277 3710 ἀπολαύσει
1310 3655 1419 3708 τῶν
1454 3655 1663 3708 πολλῶν
1718 3655 1880 3725 γένηο

305 3767 421 3803 ται.
488 3750 777 3820 ’Δκτήμων
827 3747 1107 3820 [μοναχδς]
1151 3748 1439 3802 ἐπίσταται
1484 3749 1568 3801 ὅτι
1617 3748 1881 3819 πάροικός

308 3843 458 3894 ἐστιν
512 3842 602 3893 ἐπὶ
652 3843 751 3911 τῆς
798 3840 922 3910 γῆς.
968 3840 1149 3909 Μηδὲν
1196 3840 1303 3912 γὰρ
1347 3840 1740 3911 ἐπιφερόμενος
1785 3837 1878 3891 τοῦ

307 3935 643 4005 προσκαίρου
678 3933 895 3997 αἰῶνος,
927 3931 1085 4002 δῆλός
1123 3934 1268 3985 ἐστιν
1297 3934 1377 3986 ὅτι
1410 3934 1520 3986 τῶν
1549 3933 1734 3985 ἀϊδίων
1758 3931 1881 4002 ὀρέ-

304 4044 464 4095 γεται
520 4026 763 4094 ἀγαθῶν.
815 4027 873 4077 '0
930 4026 1215 4094 ἀκτήμων,
1254 4026 1495 4097 μιμητὴς
1554 4025 1734 4078 Ἠλίου
1786 4022 1881 4078 καὶ

320 4119 569 4171 Ἰωάννου
624 4119 959 4189 εὑρίσκεται,
1014 4120 1110 4172 καὶ
1156 4119 1264 4172 τῶν
1314 4117 1620 4186 λεγόντων
1662 4135 1682 4167 ι
1747 4116 1879 4169 Ἰδοὺ

304 4210 468 4277 ἡμεῖς
506 4209 806 4278 ἀφήκαμεν
833 4209 1031 4271 πάντα,
1071 4210 1166 4261 καὶ
1197 4206 1650 4276 ἠκολουθήσαμέν
1680 4222 1761 4258 σοι
1780 4221 1795 4237 '
1826 4207 1879 4258 τί

305 4301 415 4370 ἄρα
454 4298 607 4352 ἔσται
640 4300 812 4369 ήμῖν;
854 4317 873 4350 ι
910 4298 1019 4351 Καὶ
1050 4297 1343 4350 ἀκούσουσι
1391 4294 1541 4365 παρὰ
1569 4293 1663 4346 τοῦ
1692 4294 1880 4363 Σωτῆ-

307 4382 399 4464 ρος
425 4408 440 4424 ο
479 4412 496 4443 ι
538 4393 660 4446 ’Ὁτι
696 4392 853 4462 ὑμεῖς
890 4392 939 4443 οἱ
964 4392 1189 4459 ἀφέντες
1222 4389 1419 4453 πάντα,
1453 4388 1550 4441 καί⁵
1583 4385 1879 4456 ἀκολουθή-

2464 3147 2747 3203 HOMILIA
2788 3145 3074 3201 LXXXIX.

2613 3260 2692 3314 De
2730 3260 2932 3329 inopia.

2050 3380 2395 3435 Facultatum
2430 3375 2678 3431 omnium
2702 3373 2981 3443 possessio
3029 3373 3278 3445 ablegata
3313 3375 3479 3430 semel
3531 3389 3562 3430 a

1980 3473 2240 3542 quopiam
2276 3479 2334 3526 et
2365 3484 2596 3524 excussa
2626 3467 2762 3521 nihil
2792 3467 3027 3522 obscure
3068 3467 3315 3522 declarat
3363 3483 3560 3539 synce-

1982 3581 2100 3618 ram
2148 3578 2269 3619 esse
2324 3560 2581 3617 monachi
2629 3559 3128 3615 conversationem.
3190 3560 3294 3625 Qui
3347 3562 3559 3616 nullum

1981 3656 2231 3726 possidet
2284 3653 2566 3724 peculium
2609 3652 2936 3716 monachus,
2962 3654 3144 3722 aquila
3182 3662 3268 3709 est
3313 3655 3557 3710 altivola.

1981 3749 2146 3817 inops
2168 3745 2498 3804 monachus.
2523 3745 2664 3799 liber
2690 3746 2749 3797 fit
2782 3760 3082 3813 paucorum
3115 3762 3239 3809 usu,
3274 3755 3335 3800 ut
3360 3764 3560 3817 quam-

1979 3839 2235 3908 plurimis
2268 3838 2607 3907 perfruatur.
2648 3837 2750 3902 Qui
2793 3838 3008 3906 peculio
3032 3840 3186 3892 exuit
3235 3856 3314 3903 se,
3369 3841 3561 3910 utique

1980 3929 2140 3984 novit
2168 3928 2299 3997 quia
2329 3926 2638 3995 inquilinus
2670 3935 2753 3979 est
2782 3936 2838 3981 et
2861 3925 3071 3993 advena
3098 3944 3267 3997 super
3313 3939 3556 3985 terram:

1979 4040 2047 4078 ex
2086 4037 2154 4076 eo
2187 4021 2337 4074 enim
2363 4018 2509 4089 quod
2542 4017 2683 4072 nihil
2714 4018 3036 4073 circumfert
3065 4035 3252 4073 secum
3297 4023 3379 4076 rei
3415 4032 3558 4076 tem-

1982 4118 2216 4188 porariae
2236 4130 2301 4169 ac
2331 4113 2635 4178 saecularis,
2666 4128 2765 4182 per
2796 4112 2903 4166 hoc
2919 4112 3105 4182 prodit
3133 4128 3191 4166 se
3219 4114 3556 4182 sempiterna

1982 4210 2074 4263 illa
2101 4216 2385 4277 expetere.
2422 4206 2526 4273 Qui
2558 4222 2616 4261 se
2643 4205 2797 4261 exuit
2825 4206 3176 4274 possessione
3202 4205 3552 4268 facultatum,

1981 4299 2151 4353 Heliae
2187 4298 2527 4367 comperitur
2572 4313 2697 4352 esse
2747 4297 3013 4360 imitator,
3061 4296 3288 4351 Joannis
3320 4297 3451 4351 item
3497 4307 3557 4355 et

1979 4406 2172 4445 eorum
2205 4390 2299 4459 qui
2349 4389 2585 4443 dicunt:
2614 4407 2630 4439 ι
2662 4389 2802 4443 Ecce
2833 4402 2936 4441 nos
2983 4386 3310 4455 reliquimus
3368 4387 3555 4442 omnia

308 4486 501 4547 σαντες
538 4501 648 4554 μοι,
701 4503 721 4535 ›
765 4483 1203 4536 πολλαπλασίονα
1240 4480 1476 4550 λήψεσθε
1520 4479 1578 4532 ἐν
1609 4477 1687 4548 τῷ
1720 4478 1877 4531 αἰῶνι

1981 4494 2035 4539 et
2067 4482 2242 4539 secuti
2273 4498 2466 4537 sumus
2497 4492 2548 4535 te
2576 4499 2587 4534 :
2614 4480 2748 4550 quid
2791 4495 2924 4549 ergo
2956 4479 3064 4533 erit
3093 4478 3256 4533 nobis
3276 4479 3357 4531 39?
3394 4499 3412 4529 ι
3448 4479 3553 4544 Qui

303 4577 501 4646 τούτῳ,
535 4576 628 4628 καὶ
657 4578 714 4629 ὲν
744 4575 820 4644 τῷ
859 4575 1106 4645 μέλλοντι
1137 4572 1284 4637 ζωὴν
1322 4570 1562 4625 αἰώνιον.
1608 4570 1665 4623 '0
1700 4570 1875 4640 ἀκτή-

307 4686 447 4737 μων,
484 4668 577 4723 ὲπί
610 4668 711 4736 γῆς
756 4668 853 4737 μὲν
890 4663 1259 4725 πολιτεύεται,
1285 4661 1383 4731 τὴν
1410 4661 1465 4715 δὲ
1495 4661 1777 4732 διατριϐὴν
1817 4661 1879 4712 ὲν

303 4760 555 4828 οὐρανοῖς
604 4758 889 4826 κέκτηται.
926 4756 1024 4808 Διά
1065 4753 1175 4822 γάρ
1207 4753 1305 4821 τῆς
1351 4750 1736 4821 ἀκτημοσύνης
1764 4751 1877 4811 τοῖς

303 4850 557 4917 ἀγγέλοις
582 4848 996 4917 συναμιλλᾶται,
1023 4846 1116 4899 καὶ
1140 4846 1252 4906 τοῖς
1276 4843 1507 4906 δικαίοις
1534 4843 1870 4912 συγχορεύει.

316 4942 823 5013 ’Λποστρεφόμενος
876 4941 987 5009 γὰρ
1053 4938 1113 5008 τὰ
1164 4937 1403 5005 ἐπίγεια,
1456 4935 1525 4988 τά
1574 4934 1874 5003 ἐπουράνια

305 5033 661 5102 ςαντάζεται.
710 5034 820 5103 Οὐχ
852 5035 984 5103 ὁρᾷς
1017 5034 1157 5101 πόση
1186 5029 1419 5099 διαφορά
1460 5028 1552 5079 τοῦ
1583 5028 1872 5080 ἀπολιπεῖν

304 5129 374 5179 τὰ
424 5127 783 5196 ὀλιγοχρόνια,
825 5126 919 5178 καὶ
975 5124 1124 5186 ἐντὸς
1173 5122 1429 5189 γενέσθαι
1481 5120 1587 5173 τῶν
1637 5118 1872 5172 αἰωνίων

1982 4578 2139 4641 tales,
2194 4576 2265 4631 ab
2331 4576 2453 4645 ipso
2505 4574 2700 4629 salutis
2749 4580 2954 4626 nostra:
3005 4570 3233 4626 Vindice
3276 4570 3550 4625 audiunt:

1987 4668 2172 4735 «Quia
2195 4684 2297 4724 vos
2331 4668 2425 4737 qui
2464 4665 2768 4735 reliquistis
2820 4662 3007 4719 omnia
3069 4669 3127 4716 et
3188 4663 3365 4717 secuti
3420 4663 3555 4717 estis

1980 4780 2069 4819 me
2090 4763 2158 4827 ιθ,
2206 4783 2225 4815 ι
2264 4760 2591 4831 multiplicia
2617 4757 2903 4827 accipietis
2933 4757 2988 4810 in
3020 4756 3223 4811 smculo
3256 4756 3385 4817 isto,
3415 4764 3472 4809 et
3497 4755 3555 4808 in

1976 4856 2165 4910 futuro
2192 4854 2359 4908 vitam
2384 4862 2668 4907 aeternam.
2700 4850 2803 4916 Qui
2835 4850 2994 4918 inops
3019 4858 3123 4912 est,
3156 4862 3323 4917 super
3349 4855 3554 4901 terram

1977 4947 2224 5017 quidem.
2263 4952 2548 5007 versatur,
2618 4940 3101 4997 conversationem
3154 4955 3287 4994 vero
3323 4939 3434 5010 jam
3468 4941 3557 4995 lin

1979 5039 2135 5092 caelis
2170 5036 2274 5090 sibi
2308 5034 2689 5104 comparavit:
2730 5033 2929 5101 inopiae
2958 5032 3106 5085 enim
3144 5031 3364 5094 merito,
3425 5048 3553 5086 cum

1979 5127 2188 5199 angelis
2221 5127 2579 5197 congreditur
2623 5124 2990 5186 familiariter,
3023 5124 3195 5177 choro
3227 5133 3555 5177 accensetur

307 5219 528 5286 ἀγαθῶν
548 5235 561 5248 ο
614 5218 933 5272 καταλιπεῖν
978 5216 1045 5269 τὰ
1077 5215 1312 5286 φθαρτὰ,
1347 5213 1443 5267 καὶ
1468 5212 1878 5282 κληρονομῆσαι

1981 5222 2271 5290 iustorum.
2334 5218 2548 5287 1170
2595 5218 2730 5270 Dum
2786 5215 2932 5269 enim
2976 5215 3095 5268 haec
3158 5224 3443 5268 aversatur
3498 5222 3557 5267 et

305 5316 374 5366 τὰ
425 5313 711 5383 ἄφθαρταο
766 5312 1085 5366 καταλιπεῖν
1122 5311 1188 5362 τὰ
1244 5310 1317 5379 μὴ
1358 5309 1622 5379 ἡμέτερα,
1669 5305 1765 5360 καί
1820 5309 1879 5359 ὲν

305 5406 603 5460 ἀπολαύσει
648 5405 901 5475 γενέσθαι
952 5405 1061 5457 τῶν
1112 5404 1530 5473 ἡτοιμασμένων
1580 5402 1692 5462 τοῖς
1742 5401 1880 5467 ἀγα-

307 5497 454 5551 πῶσι
480 5499 569 5551 τὸν
605 5498 736 5550 Θεόν
757 5516 769 5531 ο
802 5496 1145 5569 [καταλιπεῖν
1177 5498 1240 5549 τὸ
1262 5496 1453 5564 ὁρατὰ,
1480 5493 1781 5564 λαμϐάνειν
1808 5492 1875 5545 τὰ

378 5657 423 5688 ’⁸
446 5655 488 5708 ll
513 5653 640 5709 Cor.
676 5670 749 5715 Vl,
779 5655 892 5708 2-7.
972 5654 1015 5684 ”
1040 5652 1240 5720 Ephcs.
1264 5669 1335 5713 vr,
1366 5652 1417 5706 6.
1496 5651 1724 5705 3"lCor.
1757 5665 1846 5707 xv,
1872 5648 1956 5702 58.
2037 5647 2076 5677 ³¹
2110 5646 2151 5700 ll
2174 5646 2315 5700 Tim.
2351 5662 2426 5705 tv.
2456 5645 2507 5697 5.

378 5725 394 5772 1
432 5727 576 5772 Petr-
604 5741 675 5772 ιν-
706 5726 787 5772 l0-
865 5727 907 5756 ³⁸
949 5723 1083 5772 ibid.
1128 5724 1205 5772 Η.
1287 5724 1329 5753 ³⁸
1352 5722 1507 5772 1mm.
1533 5738 1625 5772 κισ.
1661 5721 1749 5772 26.
1828 5721 1865 5750 ³⁷
1897 5720 2027 5772 Luc.
2054 5733 2183 5772 XXII.
2220 5717 2309 5771 9.7.
2422 5717 2464 5749 ⁸⁸
2498 5719 2507 5769 i

309 5724 395 5778 Ml
432 5727 577 5779 Pctr.
604 5741 676 5785 IV,
706 5726 787 5778 10.
865 5727 907 5756 ³⁸
949 5723 1083 5777 ibid.
1128 5724 1205 5775 ll.

310 5794 355 5828 ⁸⁸
389 5795 521 5850 Luc.
555 5811 701 5858 xvm,
724 5795 812 5848 23.

628 5888 895 5948 PATltOL.
940 5889 1055 5947 Gn.
1106 5887 1440 5949 LXXXIX.

1287 5724 1329 5753 ⁸⁸
1352 5722 1507 5775 Juan.
1533 5738 1625 5784 xu,
1661 5721 1749 5773 “2‘3.

1979 5306 2232 5376 repudiat
2259 5315 2501 5370 terrena,
2543 5306 2626 5359 vel
2658 5305 2774 5374 ipsa
2801 5304 3194 5373 imaginatione
3218 5304 3555 5372 colligitjam

1978 5409 2034 5453 et
2067 5398 2475 5468 contemplatur
2499 5398 2766 5452 caelestia.
2800 5397 2920 5451 Non
2951 5396 3109 5450 vides
3154 5405 3364 5465 quanto
3408 5395 3554 5448 inter

1978 5508 2036 5545 se
2064 5491 2369 5547 dissideant
2391 5491 2735 5554 discrimine,
2761 5490 2877 5544 haec
2915 5489 3232 5545 corruutiva
3255 5486 3553 5543 dimisisse.

2586 5644 2629 5676 "
2653 5644 2812 5697 Rom.
2835 5659 2922 5705 xv,
2949 5643 3036 5697 51.
3117 5642 3161 5672 ³³
3188 5638 3350 5694 Ilcbr.
3374 5652 3447 5697 γι,
3466 5634 3552 5690 10.

2422 5717 2464 5749 ⁸⁸
2498 5715 2809 5781 Μίιιιίιέχχ,
2833 5715 2922 5767 28.
3029 5711 3268 5764 “Matth.
3303 5723 3387 5761 xu
3410 5746 3424 5769 ,
3461 5705 3551 5760 27.

3238 5874 3313 5932 5&-
