4028 6518
537 353 672 419 170⁸1

1765 330 2125 394 ANTIOCHI
2165 329 2509 390 MONACHI

3638 326 3756 396 1708

533 482 590 527 et
619 467 928 541 possedisse
986 467 1326 533 incorrupta,
1373 458 1490 512 haec
1546 453 1952 524 qualiacunque
1984 465 2105 520 qua:

2214 449 2416 519 ἀόρατα
2436 488 2451 512 ,
2488 467 2506 499 ι
2541 447 2604 541 ᾊ
2637 445 2914 518 ὀφθαλμὸς
2939 448 3039 501 οὐκ
3062 443 3192 514 οἶδε,
3211 449 3305 503 καὶ
3329 448 3424 503 οὓς
3444 448 3542 501 οὐκ
3557 449 3755 519 ἢκουσε,

533 573 723 619 nostra
768 578 878 615 non
926 569 1075 623 sunt,
1127 553 1442 624 reliquisse,
1476 558 1533 603 et
1565 546 1674 601 illis
1721 542 1934 614 perfrui
1986 555 2108 610 quae

533 663 724 725 parata
753 663 881 708 sunt
924 647 1283 721 diligentibus
1311 645 1506 703 Deum,
1543 657 1561 689 ι
1598 638 1730 704 Quae
1765 637 1962 689 oculus
1995 647 2108 685 non

534 746 698 809 vidit,
726 760 829 798 nec
860 744 1012 797 auris
1028 739 1263 802 audivit,
1297 749 1399 789 nec
1434 733 1490 786 in
1514 727 1759 785 hominis
1790 742 1886 780 cor
1911 738 2105 778 ascen-

535 837 830 893 derunt“?
865 855 884 888 ι
916 833 1176 902 Quisquis
1198 827 1392 884 mundi
1422 824 1584 879 istius
1600 837 1728 877 osor
1749 827 1835 874 est
1857 826 1913 873 et
1935 831 2110 871 mam-

537 945 737 993 monac,
759 926 1113 998 perspicuum
1156 920 1362 982 evadit,
1395 917 1525 987 quia
1577 914 1669 968 hic
1699 910 1890 966 mundi
1941 905 2112 977 Opiﬁ-

537 1037 658 1077 cem
679 1020 878 1091 diligit.
903 1015 1266 1074 inferioribus
1289 1012 1437 1067 enim
1471 1004 1829 1068 transmissis,
1857 1009 2114 1072 praestan-

538 1114 681 1168 tiora
708 1112 848 1166 nihil
882 1110 1124 1163 obscure
1159 1104 1387 1174 expetit.
1444 1093 1736 1156 Generosa:
1769 1107 2000 1164 prorsus
2048 1104 2113 1144 ac

536 1204 714 1259 Deum
737 1202 1033 1257 sinceriter
1054 1197 1292 1251 amantis
1320 1193 1518 1248 animae
1565 1193 1952 1259 argumentum
2005 1188 2110 1246 est,

537 1295 680 1350 nihil
732 1291 925 1347 mundi
976 1289 1261 1360 possidere
1291 1285 1456 1340 velle.
1510 1282 1614 1348 Qui
1665 1276 1943 1350 ejusmodi
1993 1281 2110 1328 est:

544 1406 562 1438 ι
598 1386 783 1440 Haeres
807 1381 1030 1452 quidem
1050 1378 1170 1442 Dei,
1199 1376 1446 1430 cohaercs
1465 1380 1648 1425 autem
1671 1368 1732 1421 ﬁt
1760 1363 2050 1422 Christi”.
2087 1379 2105 1413 ι

537 1479 643 1546 Qui
679 1478 848 1548 igitur
881 1470 1140 1541 indipisci
1186 1470 1305 1522 vult
1358 1462 1716 1534 margaritum
1755 1456 1892 1513 illud
1940 1454 2115 1509 multo

537 1568 1040 1643 pretiosissimum,
1100 1558 1466 1632 praesentium
1523 1555 1800 1609 honorum
1863 1547 2111 1602 omnium

536 1660 947 1734 possessionem
972 1671 1002 1709 a
1039 1669 1097 1709 se
1127 1666 1253 1706 cum
1278 1647 1479 1720 gaudio
1507 1643 1774 1704 excutiat,
1813 1646 1873 1693 ut
1918 1649 2110 1707 agrum

538 1756 645 1810 sibi
686 1755 969 1820 comparet
988 1747 1044 1800 in
1067 1759 1178 1814 quo
1200 1743 1326 1796 vita:
1352 1738 1573 1809 quidem
1605 1736 1926 1791 thesaurum
1951 1730 2110 1783 inve-

2209 544 2304 595 καὶ
2336 541 2429 593 ἐπὶ
2455 540 2684 611 καρδίαν
2705 539 3000 612 ἀνθρώπου
3026 543 3127 596 οὐκ
3157 543 3356 613 άνέόης
3395 561 3413 593 ι
3461 540 3520 594 '0
3552 541 3654 610 γὰρ
3681 561 3762 610 μι-

2211 632 2321 684 σῶν
2365 630 2457 685 τδν
2502 632 2731 701 κόσμον,
2767 631 2864 683 καὶ
2893 631 2984 685 τὸν
3037 635 3325 702 μαμωνᾶν,
3364 632 3524 703 δῆλον
3569 633 3646 684 ὅτι
3683 634 3764 685 τὸν

2211 723 2558 794 Κοσμοποιδν
2585 725 2794 794 ἀγαπᾷ.
2838 723 2920 776 Τά
2949 723 3058 794 γὰρ
3105 723 3360 777 ἐλάττονα
3413 725 3764 794 παραλογισά-

2213 833 2396 887 μενος,
2430 813 2539 866 τῶν
2575 813 2905 884 κρειττόνων
2947 815 3220 884 ὀρέγεται.
3261 814 3520 882 Μεγάλης
3557 809 3645 867 οὖν
3674 814 3766 882 ψυ-

2211 902 2312 971 χῆς
2338 902 2435 955 καὶ
2469 901 2748 970 θεοφιλοῦς
2778 902 3069 974 γνώρισμα
3113 905 3146 972 ἠ
3173 903 3554 972 ἁκτημοσύνη.
3601 903 3702 956 Καὶ
3742 903 3766 955 ό

2209 992 2475 1059 τοιοῦτος,
2512 1012 2529 1045 ι
2569 994 2920 1064 κληρονόμος
2947 995 3044 1064 μὲν
3078 995 3213 1047 Θεοῦ
3259 996 3352 1048 καὶ
3395 994 3624 1064 Πατρὺς,
3653 1011 3766 1061 συγ-

2213 1084 2544 1155 κληρονόμος
2598 1087 2656 1139 δὲ
2700 1085 2939 1155 Χριστοῦ
2994 1087 3224 1156 γίνεται.
3281 1105 3300 1138 ι
3363 1088 3429 1139 '0
3485 1082 3576 1140 οὖν
3619 1085 3768 1140 θέλων

2213 1175 2519 1245 κτήσασθαι
2559 1178 2649 1232 τὸν
2694 1181 2994 1249 πολύτιμον
3029 1179 3396 1251 μαργαρίτην,
3433 1181 3504 1233 τά
3546 1181 3768 1250 παρόντα

2214 1266 2392 1321 πάντα
2445 1269 2585 1339 μετά
2631 1272 2807 1341 χαρᾶς
2854 1270 3258 1340 ἀποκτησάσθω
3310 1271 3515 1339 ἀγαθὰ,
3563 1271 3647 1324 ἶνα
3692 1271 3769 1324 τὸν

2213 1360 2388 1429 ἀγρὸν
2417 1359 2586 1423 ὅντως
2615 1367 2914 1433 κτήσηται,
2939 1364 2997 1414 ὲν
3024 1357 3176 1432 ᾧπερ
3205 1354 3372 1432 ηὗρεν
3398 1364 3493 1414 τδν
3517 1362 3770 1433 θησαυρὸν

2213 1452 2599 1522 κεκρυμμένον
2627 1453 2727 1522 τῆς
2766 1453 2932 1522 ζωῆς.
2980 1453 3150 1506 Ὅταν
3187 1453 3297 1523 γὰρ
3331 1454 3512 1508 πάντα
3540 1469 3622 1514 τις
3649 1453 3770 1504 ἀπο-

2218 1543 2489 1612 κτήσηται
2525 1543 2616 1596 τὸν
2658 1543 2912 1612 βιωτικὸν
2960 1543 3213 1606 πλοῦτον,
3243 1544 3362 1596 τότε
3407 1544 3652 1612 εὑρίσκει
3691 1543 3771 1596 τὸν

2213 1633 2379 1686 τόπον
2412 1635 2470 1686 ὲν
2495 1626 2594 1703 ᾧὴ
2625 1635 2788 1704 χάρις
2831 1635 2926 1688 τοῦ
2956 1636 3092 1689 Θεοῦ
3127 1638 3598 1706 κατακέκρυπται.
3639 1635 3771 1688 Πάνυ

2213 1724 2322 1795 γὰρ
2352 1724 2610 1794 ἁρμόδιον
2651 1724 2732 1790 τὸ,
2776 1728 3099 1795 ὲπιγνόντας
3144 1729 3293 1796 ἡμᾶς
3336 1726 3436 1797 τὴν
3488 1727 3606 1779 όδδν
3637 1727 3773 1779 ebera-

538 1848 624 1902 nit
653 1854 884 1901 eatenus
945 1847 1231 1893 retrusum
1286 1840 1342 1886 et
1391 1829 1696 1885 conditum.
1757 1825 1915 1878 Tunc
1969 1818 2113 1874 enim

2221 1815 2393 1879 ϐείας,
2427 1816 2628 1880 εὐθέως
2659 1817 2876 1871 ἅπαντα
2911 1822 2980 1871 τὰ
3018 1820 3292 1888 προσόντα
3319 1819 3453 1888 ἡμῖν
3478 1817 3769 1870 διαπωλεῖν.

537 1939 718 1994 Ιοοιιιη
753 1933 881 2004 quis
905 1928 1268 1988 nanciscitur,
1297 1924 1349 1977 in
1392 1937 1503 1990 quo
1530 1918 1705 1990 gratia
1743 1914 1840 1970 Dei
1871 1910 2112 1974 delituit,

538 2044 665 2084 cum
689 2021 1025 2092 temporales
1048 2018 1214 2071 hasce
1235 2011 1458 2068 divitias
1489 2023 1684 2063 omnes
1723 2022 1754 2060 a
1783 2019 1843 2059 se
1891 2001 2114 2073 abjcce-

539 2119 632 2173 rit.
689 2111 910 2170 Rationi
971 2123 1201 2179 prorsus
1273 2109 1701 2158 consentaneum
1747 2103 1857 2159 est,
1908 2102 1970 2149 ut
2015 2106 2116 2146 nos

539 2210 766 2283 (quibus
788 2207 978 2262 datum
1008 2211 1095 2256 est
1119 2199 1291 2254 semel
1320 2210 1483 2250 nosse
1518 2191 1741 2263 pietatis
1787 2189 1952 2258 viam)
1985 2186 2115 2242 uni-

536 2318 698 2358 versa
728 2317 850 2370 qua:
903 2298 1124 2359 adsunt,
1171 2288 1579 2360 disperdamus,
1631 2283 1900 2340 nimirum
1943 2288 2006 2335 ut
2047 2294 2116 2334 ex

538 2395 626 2450 his
662 2407 784 2462 quae
836 2395 1160 2458 supersunt,
1190 2384 1345 2453 juxta
1390 2377 1682 2448 imperium
1718 2372 1958 2437 Domini,
1995 2371 2113 2426 dis-

537 2499 837 2558 pensemus
879 2480 1205 2535 facultates:
1258 2483 1319 2527 ut
1367 2488 1436 2526 ne
1478 2470 1612 2527 dum
1658 2467 2014 2538 praeteximus
2058 2463 2114 2518 in

538 2557 787 2650 singulos
806 2575 926 2630 dies
943 2587 1046 2626 nos
1071 2569 1216 2624 velle
1238 2565 1468 2635 implere
1498 2561 1780 2624 mandata,
1801 2557 2115 2628 deprehen-

538 2648 736 2727 damur
771 2667 912 2721 male
942 2663 1114 2717 fuisse
1136 2656 1395 2727 morigeri
1423 2664 1534 2708 tam
1567 2650 1796 2706 salutari
1830 2648 2112 2703 mandato.

537 2765 782 2821 Primum
812 2757 961 2814 enim
996 2751 1145 2824 quod
1168 2763 1236 2805 ex
1264 2744 1535 2818 ejusmodi
1565 2741 1916 2796 abdicatione
1937 2739 2112 2794 facul-

537 2865 715 2911 tatum
737 2847 1110 2922 proficiscitur
1139 2842 1377 2911 ingenua
1401 2847 1488 2892 est
1510 2846 1564 2890 et
1589 2849 1857 2906 perquam
1883 2833 2117 2887 honesta

538 2947 768 3002 libertas
787 2954 936 2995 curm
968 2935 1168 2999 omnis,
1207 2941 1401 2999 etquae
1428 2928 1557 2982 hinc
1578 2928 1881 2982 etiamnum
1915 2923 2114 2986 resilit,

538 3041 837 3108 paupertas
872 3027 1040 3083 nullis
1079 3033 1274 3095 patens
1303 3019 1541 3075 insidiis.
1567 3017 1712 3072 Dicit
1761 3015 1949 3084 itaque
1977 3013 2120 3082 Apo-

539 3130 718 3183 tolus:
753 3143 771 3176 ι
806 3123 928 3178 Non
986 3127 1071 3174 est
1105 3115 1267 3170 nobis
1318 3110 1641 3167 colluctatio
1669 3110 1938 3163 adversus
1981 3121 2110 3161 san-

537 3220 761 3292 guinem
801 3222 857 3268 et
892 3207 1197 3266 carnem“.
1237 3224 1257 3257 ι
1315 3203 1432 3257 Ηοο
1486 3202 1554 3256 de
1578 3199 1860 3255 athleticis
1898 3197 2116 3269 legibus

539 3290 984 3375 transsumptum
1029 3297 1376 3371 pronuntiat.
1398 3293 1617 3349 Etenim
1647 3290 2114 3361 quemadmodum

540 3403 619 3458 illi
656 3416 768 3455 non
790 3404 945 3452 veste
987 3394 1164 3448 solum
1199 3387 1353 3444 exuti
1389 3386 1494 3456 (est
1513 3385 1662 3440 enim
1697 3383 1750 3438 id
1795 3383 1950 3437 velut
1971 3397 2116 3452 prae-

538 3494 752 3550 ludium
783 3486 1012 3544 ineundi
1037 3481 1248 3554 agonis,
1268 3487 1330 3534 ut
1355 3477 1595 3548 spolient
1623 3491 1683 3530 se
1706 3475 2002 3544 vestibus),
2018 3471 2115 3528 sed

537 3596 596 3642 et
625 3581 843 3640 detonsi
870 3592 1105 3638 comam,
1132 3570 1346 3627 inuncti
1382 3570 1530 3631 oleo,
1565 3576 1624 3621 ut
1646 3583 1716 3621 ne
1740 3565 1957 3636 capillis
1980 3580 2114 3634 pre-

539 3676 712 3734 hendi
747 3680 973 3745 queant,
1003 3667 1176 3735 magis
1205 3672 1387 3718 autem
1413 3670 1472 3715 ut
1501 3661 1701 3715 laevore
1727 3658 1835 3714 olei
1865 3672 2113 3714 commo-

537 3771 666 3827 dius
679 3765 824 3822 elabi
842 3761 1054 3834 possint
1087 3773 1149 3812 ac
1169 3756 1344 3810 vitare
1375 3750 1755 3807 colluctatoris
1774 3749 2116 3815 manus,sic-

537 3875 649 3929 que
681 3859 758 3913 illi
785 3855 852 3910 ad
884 3849 1232 3908 subeundum
1261 3859 1490 3915 agonem
1518 3841 1828 3912 prodeunt:
1859 3840 2113 3896 eumdem

537 3955 596 4010 in
625 3950 848 4006 modum
889 3954 946 4000 et
973 3941 1135 3997 nobis
1175 3935 1579 4010 prosiliendum
1633 3944 1717 3988 est
1763 3933 1830 3987 ad
1882 3949 2113 4003 agonem

537 4036 908 4111 spiritualem,
937 4032 984 4086 si
1010 4038 1195 4083 tamen
1229 4023 1486 4094 insigniri
1518 4021 1650 4076 olim
1680 4035 1885 4076 corona
1906 4035 2112 4090 percu-

538 4110 744 4202 pimus.
796 4121 962 4180 Exuti
1026 4118 1269 4190 primum
1335 4123 1582 4169 veterem
1645 4110 1927 4166 hominem
1986 4124 2114 4164 cum

538 4199 760 4276 actibus
819 4213 983 4270 suis:
1043 4209 1180 4280 quin
1233 4214 1463 4262 externo
1516 4203 1823 4257 etiamnum
1873 4199 2112 4264 detonsi,

537 4324 755 4380 nosque
790 4305 858 4361 ad
891 4304 1274 4370 eleemosynas
1305 4303 1667 4366 exponentes,
1712 4291 1848 4346 nudi
1893 4306 2114 4362 quoque

538 4417 674 4458 cura
737 4397 890 4454 omni
957 4409 1023 4448 ac
1085 4399 1274 4454 veste,
1340 4386 1398 4440 in
1445 4383 1685 4441 stadium
1747 4382 2116 4437 ascendamus

478 4501 481 4505 ’
536 4490 856 4552 excolendae
911 4485 1156 4540 virtutis.
1222 4479 1330 4536 Sed
1373 4487 1431 4534 et
1488 4475 1732 4532 Hebraeis
1795 4473 1941 4531 idem
1996 4473 2108 4528 ait:
2145 4499 2188 4554 υ

543 4606 562 4640 ι
598 4582 811 4642 Vinctis
830 4575 1104 4648 compassi
1126 4572 1284 4634 estis,
1325 4579 1383 4625 et
1402 4569 1766 4638 direptionem
1792 4565 2113 4620 facultatum

536 4688 850 4736 vestrarum
885 4684 1010 4728 cum
1061 4665 1262 4738 gaudio
1305 4659 1652 4731 suscepistis,
1718 4665 2118 4728 cognoscentes

537 4768 911 4836 vosmetipsos
988 4759 1198 4815 habere
1283 4755 1570 4810 meliorem
1631 4750 1995 4805 substantiam
2062 4757 2119 4802 et

539 4868 857 4918 manentem
892 4855 948 4908 in
1003 4848 1252 4906 caelis“.
1289 4865 1308 4898 ι
1363 4843 1536 4900 David
1583 4858 1718 4898 vero
1760 4851 1818 4897 et
1869 4841 2114 4895 Psaltes:

547 4975 566 5007 ι
629 4952 844 5008 Divitiae
907 4947 955 5001 si
1002 4943 1248 5003 atlluant,
1291 4937 1464 4992 nolite
1520 4950 1618 4990 cor
1666 4932 2023 5003 apponere“.
2091 4947 2111 4982 ι

2216 1907 2330 1960 Καὶ
2357 1906 2427 1960 τά
2454 1908 2564 1961 ἀπὸ
2590 1909 2796 1963 τούτων
2825 1911 3085 1981 χρήματα
3115 1910 3258 1963 κατά
3295 1911 3392 1981 τὴν
3431 1908 3648 1979 ἐντολὴν
3691 1909 3772 1962 τοῦ

2215 1999 2448 2070 Κυρίου,
2488 2000 2731 2066 διοικεῖν,
2777 2006 2875 2056 καλ⁵
2911 2006 2986 2074 μὴ
3031 2004 3303 2074 προφάσει
3348 2001 3445 2054 τοῦ
3488 2002 3661 2055 θέλειν
3699 2001 3772 2053 διὰ

2215 2093 2417 2156 παντὸς
2446 2091 2666 2156 ἐντολὰς
2697 2097 2894 2159 ποιεῖν,
2943 2095 3350 2165 παρακούωμεν
3389 2093 3486 2146 τοῦ
3528 2093 3774 2162 σωτηρίου

2214 2184 2602 2256 κελεύσματος.
2652 2185 2874 2256 Πρῶτον
2910 2186 3008 2256 μὲν
3047 2188 3156 2258 γὰρ
3205 2188 3272 2239 ὲκ
3314 2187 3512 2240 τούτου
3558 2185 3701 2238 ἔσται
3745 2187 3772 2239 ᾖ

2215 2279 2356 2349 καλὴ
2407 2278 2732 2350 άμεριμνία,
2792 2278 2887 2332 καὶ
2938 2281 2971 2349 ἡ
3031 2278 3282 2332 ἐντεῦθεν
3335 2277 3772 2340 ἀνεπιϐούλευτος,

2215 2371 2408 2426 πενία·
2446 2371 2593 2440 λέγει
2624 2370 2718 2426 οῦν
2748 2373 2777 2424 ό
2819 2372 3162 2436 Ἀπόστολος,
3204 2391 3222 2424 ι
3263 2372 3376 2427 Οὐκ
3411 2371 3562 2425 ἐστιν
3593 2374 3770 2442 ἡμῖνή

2215 2463 2359 2534 πάλη
2416 2463 2553 2533 πρὸς
2601 2458 2742 2533 αἷμα
2787 2465 2882 2517 κα)⁸
2936 2465 3133 2534 σάρκα.
3199 2481 3220 2515 ι
3275 2463 3453 2517 Τοῦτο
3517 2463 3642 2534 περὶ
3682 2464 3772 2517 τῶι

2213 2557 2520 2628 ἀθλητικῶν
2553 2559 2733 2628 νόμων
2761 2559 3093 2628 διαγορεύει.
3132 2558 3344 2628 Ὥσπερ
3370 2553 3469 2610 οὖν
3505 2557 3697 2609 ἐκεῖνοι
3721 2555 3771 2608 οῖ

2221 2649 2379 2719 μόνον
2407 2649 2810 2719 ἀποδυσάμενοι
2843 2649 3006 2721 (ἀρχὴ
3032 2649 3143 2721 γάρ
3172 2649 3266 2702 τοῦ
3304 2647 3698 2717 ἀγωνίσασθαι,
3725 2647 3773 2700 τὲ

2215 2741 2634 2810 ἀποδύσασθαι),
2680 2742 2816 2795 ἀλλὰ
2859 2743 2953 2795 καὶ
2988 2741 3416 2811 ἀποκειράμενοι
3450 2740 3551 2812 τὴν
3597 2741 3774 2809 κόμην,

2214 2832 2568 2902 ἀλειψάμενοι
2599 2833 2785 2904 ἐλαίῳ,
2814 2833 2900 2886 ἵνα
2935 2834 3009 2904 μὴ
3039 2835 3266 2902 φυέντες
3295 2832 3494 2903 θριξὶν,
3526 2833 3660 2887 ἀλλά
3694 2835 3774 2886 καὶ

2213 2922 2499 2992 όλισθῆσαι
2530 2924 3030 2994 παρασκευάσωσιν
3071 2923 3160 2977 διά
3184 2923 3280 2978 τοῦ
3308 2924 3496 2977 ἐλαίου
3521 2924 3613 2977 τοῦ
3643 2924 3774 2976 ἀντι-

2215 3011 2388 3066 πάλου
2414 3013 2514 3077 τάς
2541 3017 2755 3085 χεῖρας,
2787 3014 2960 3078 οὓτως
3001 3016 3095 3069 ἐπὶ
3130 3016 3224 3069 τὸν
3252 3015 3442 3085 ἀγῶνα
3493 3015 3772 3086 χωροῦσιν·

2213 3099 2388 3164 οὕτως
2411 3102 2704 3171 καὶὴμεῖς,
2734 3103 2850 3171 εῐγε
2875 3107 3189 3171 στεφανῖται
3213 3102 3472 3173 γενέσθαι
3501 3102 3774 3173 ποθοῦμεν,

2216 3193 2618 3262 ἀποδυσάμενοι
2679 3193 2772 3246 τὸν
2839 3193 3070 3248 παλαιὸν
3144 3195 3470 3266 ἄνθρωπον,
3529 3196 3623 3249 σὺν
3669 3196 3774 3258 ταῖς

2216 3282 2482 3352 πράξεσιν
2512 3282 2699 3347 αὐτοῦ,
2735 3285 2828 3337 καὶ
2861 3285 2930 3338 τά
2962 3284 3162 3349 ἔξωθεν
3210 3287 3664 3357 ἀποκειράμενοι,
3695 3287 3777 3341 καὶ

2215 3377 2298 3438 είς
2349 3373 2719 3445 ἐλεημοσύνας
2771 3376 3293 3444 καταναλώσαντες,
3345 3379 3550 3448 γυμνοὶ
3616 3377 3776 3447 πάσης

2216 3467 2498 3538 φροντίδος
2542 3469 2638 3521 καὶ
2682 3468 2966 3538 ἀχίτωνες,
2997 3469 3183 3534 είς”τὺ
3214 3471 3430 3524 στάδιον
3463 3471 3564 3541 τῆς
3593 3470 3776 3541 ἀρετῆς

2215 3556 2528 3628 ἀναδῶμεν.
2574 3558 2712 3628 Φησὶ
2750 3559 2807 3612 δὲ
2841 3561 3076 3624 καὶτοῖς
3128 3560 3430 3629 Ἑϐραίοις,
3485 3580 3504 3613 ι
3542 3561 3664 3624 Τοῖς
3704 3561 3776 3613 δε-

2217 3649 2397 3720 σμίοις
2439 3649 2874 3720 συνεπαθήσατε,
2908 3651 3003 3704 καὶ
3031 3653 3131 3723 τὴν
3175 3652 3434 3723 ἁρπαγὴν
3466 3651 3576 3705 τῶν
3617 3652 3775 3722 ὑπαρ-

2214 3738 2418 3809 χόντων
2447 3738 2602 3809 ὐμῶν
2645 3740 2784 3808 μετά
2823 3742 2999 3812 χαρᾶς
3040 3742 3464 3813 προσεδέξασθε,
3501 3741 3778 3811 γινώσκον·

2214 3847 2301 3894 τες
2330 3830 2474 3900 ἔχειν
2500 3833 2557 3885 ἐν
2594 3830 2812 3894 ἑαυτοῖς
2846 3832 3133 3902 κρείττονα
3164 3832 3400 3904 ὓπαρξιν
3441 3836 3502 3887 ἑν
3548 3835 3776 3902 οὐρανοῖς

2215 3920 2311 3975 καὶ
2362 3921 2650 3991 μένουσαν.
2703 3940 2721 3972 ι
2775 3923 2833 3975 '0
2866 3923 2924 3976 δὲ
2972 3923 3277 3993 Ψαλμῳδός
3309 3941 3324 3956 ο
3359 3943 3378 3975 ι
3432 3924 3665 3987 Πλοῦτος
3694 3925 3774 3975 ἐὰν

2216 4012 2337 4084 ῥέῃ,
2387 4011 2461 4084 μὴ
2490 4011 2848 4083 προστίθεσθε
2889 4014 3143 4084 καρδίαν.
3185 4033 3204 4067 ι
3236 4015 3434 4078 Καλῶς
3467 4015 3596 4083 γοῦν
3639 4011 3774 4068 εἶπεν

2219 4120 2237 4154 ι
2263 4103 2388 4156 Ἐὰν
2415 4102 2546 4176 ῥέῃ·
2575 4123 2594 4156 ι
2628 4103 2819 4174 ὀχετοῦ
2845 4104 2954 4177 γὰρ
2981 4106 3184 4176 τρόπον
3213 4106 3508 4176 παροδεύει
3532 4109 3673 4178 ἡμᾶς
3694 4106 3777 4159 ὅλα

2214 4194 2282 4246 τά
2309 4195 2403 4246 τοῦ
2433 4195 2642 4263 κόσμου
2676 4196 2888 4263 τούτου,
2925 4198 3168 4268 σήμερον
3197 4198 3412 4264 τούτου,
3463 4198 3654 4269 αὔριον
3693 4199 3776 4252 ἄλο

2213 4287 2306 4341 λου
2357 4290 2642 4361 γινόμενα.
2703 4291 2892 4362 Ἡμεῖς
2921 4288 3014 4346 οὖν
3060 4293 3130 4346 τὰ
3163 4293 3259 4346 τοῦ
3306 4293 3476 4346 Δαὸὶδ
3513 4293 3653 4364 μετὰ
3693 4291 3776 4344 τοῦ

2214 4379 2379 4433 Δαὸὶδ
2423 4380 2856 4454 μελῳδήσωμεν,
2901 4385 2963 4438 τό
2989 4401 3003 4415 ·
3034 4403 3054 4437 ι
3131 4385 3510 4455 Ἐπορευόμην
3559 4387 3615 4438 ὲν
3654 4385 3775 4436 ala.—

2215 4471 2439 4543 τυσμῷ,
2489 4474 2573 4527 ὃτι
2617 4476 2716 4537 τὰς
2770 4477 2990 4540 ὲντολάς
3042 4494 3137 4530 σου
3187 4477 3515 4549 ὲξεζήτησα.
3583 4497 3603 4530 ι
3637 4477 3772 4529 Καί·

2223 4584 2240 4617 ι
2290 4565 2584 4637 Ἠγὰπησα
2615 4568 2715 4630 τὰς
2743 4568 2963 4633 ἐντολάς
2993 4587 3086 4622 σου
3132 4570 3271 4641 ὑπὲρ
3315 4571 3542 4640 χρυσίον
3589 4570 3678 4622 καὶ
3702 4585 3776 4620 το-

2214 4656 2442 4721 πάζιονο
2493 4677 2512 4710 ι
2547 4659 2681 4725 Καὶ,
2719 4677 2739 4712 ε
2777 4660 2996 4732 Πτωχὸς
3033 4663 3124 4714 καὶ
3157 4664 3324 4732 πένης
3365 4662 3672 4716 αἰνέσουσίν
3703 4677 3775 4723 σε,

2215 4748 2406 4820 Κύριε.
2432 4767 2452 4802 ι
2471 4750 2528 4803 Ὀ
2551 4750 2608 4804 δὲ
2631 4752 2831 4823 Κύριος
2858 4753 2935 4824 τῷ
2965 4754 3226 4824 πλουσίῳ,
3249 4772 3267 4805 ι
3298 4755 3357 4807 El
3400 4754 3578 4819 θέλεις
3591 4754 3775 4814 τέλειος

2215 4839 2379 4904 εἶναι,
2409 4841 2608 4910 ὕπαγε,
2655 4843 2908 4913 πώλησόν
2943 4863 3037 4898 σου
3067 4846 3137 4898 τά
3181 4847 3523 4917 ὑπάρχοντα,
3566 4847 3659 4900 καὶ
3699 4845 3775 4908 δὸς

2223 4932 2366 4985 αὐτὰ
2414 4934 2671 5002 πτωχοῖς,
2709 4934 2804 4987 καὶ
2846 4933 2988 4998 ἕξεις
3029 4936 3300 5006 θησαυρὸν
3345 4939 3402 4988 ὲν
3446 4938 3710 5007 οὐρανοῖς.
3755 4953 3770 4984 i

537 5047 743 5114 Utique
773 5040 912 5096 dixit
935 5037 1250 5106 eleganter:
1287 5048 1306 5081 ι
1343 5027 1402 5084 Si
1432 5026 1692 5083 ailluant:
1735 5045 1753 5077 ι
1792 5025 1941 5080 More
1964 5023 2113 5079 enim

2223 5024 2331 5076 Καί
2361 5039 2374 5054 ⁸
2413 5043 2432 5076 ι
2470 5025 2661 5095 Δεῦρο,
2699 5026 2980 5081 ἀκολούθει
3022 5045 3136 5098 μοι,
3168 5046 3188 5079 ι
3230 5029 3369 5099 ἄρας
3406 5030 3499 5082 τὸν
3542 5027 3774 5094 σταυρόν.

542 5152 701 5208 aqua:
732 5150 831 5204 per
849 5131 1022 5186 elices
1050 5122 1373 5185 dillluentis,
1402 5120 1664 5174 universa
1705 5117 1898 5172 mundi
1951 5117 2113 5171 istius

2221 5113 2379 5186 Αὐτῷ
2407 5117 2439 5185 ή
2473 5116 2606 5193 ,δόξα
2643 5118 2726 5181 εἰς
2761 5119 2887 5182 τοὺς
2912 5118 3135 5182 αίῶνας.
3179 5121 3370 5190 Ἀμήν.

517 5207 647 5297 ‘nos
675 5226 1033 5296 praatereunt.
1059 5215 1233 5271 Hodie
1249 5212 1319 5267 ad
1337 5213 1502 5282 hujus
1548 5209 1791 5281 pendent
1819 5207 2149 5272 arbitrium;
2189 5208 2451 5272 crastino,
2511 5208 2694 5262 futura
2738 5225 2911 5279 penes
2951 5211 3208 5271 alterum,
3280 5211 3390 5264 Nos
3456 5210 3624 5280 igitur
3663 5222 3774 5261 cum

539 5321 739 5375 beatus
759 5311 930 5369 David
955 5307 1152 5362 melico
1188 5313 1461 5360 concentu
1496 5301 1846 5357 cantillemus
1871 5298 2096 5353 verbum
2135 5295 2329 5365 ipsius,
2357 5298 2564 5366 1171
2607 5317 2625 5349 ι
2656 5299 3017 5353 Ambulabam
3055 5300 3110 5353 in
3148 5300 3463 5362 latitudine,
3487 5299 3618 5368 quia
3640 5311 3766 5350 man-

542 5412 667 5465 data
699 5417 793 5462 tua
837 5398 1108 5470 exquisivi
1132 5399 1196 5452 δθ,
1225 5415 1243 5448 ι
1280 5397 1368 5462 Ει,
1409 5413 1428 5447 ι
1466 5393 1640 5449 Dilexi
1700 5391 1957 5446 mandata
2012 5402 2104 5445 tua
2146 5404 2312 5458 super
2369 5405 2565 5443 aurum
2593 5399 2649 5446 et
2689 5393 2940 5461 topazion
2985 5391 3054 5446 ⁸⁷.
3090 5411 3108 5443 ι
3141 5393 3228 5457 Et,
3263 5411 3281 5444 ι
3318 5393 3532 5462 Pauper
3554 5403 3608 5445 et
3635 5391 3776 5458 inops

542 5497 851 5556 laudabunt
900 5499 991 5557 te,
1020 5489 1252 5544 Domine
1284 5487 1352 5539 ⁵⁸.
1391 5505 1409 5538 ›
1481 5484 1588 5539 Sed
1645 5493 1701 5538 et
1748 5483 1866 5554 ipse
1941 5484 2210 5538 Dominus
2246 5482 2440 5538 diviti:
2480 5501 2498 5536 ι
2541 5483 2598 5539 Si
2629 5484 2713 5538 vis
2747 5484 3029 5554 perfectus
3067 5499 3209 5550 esse,
3250 5484 3412 5550 vade,
3444 5482 3618 5537 vende
3667 5491 3776 5534 tuas

613 5699 656 5729 “
703 5695 885 5752 lCor.
921 5711 977 5755 ιι.
1027 5694 1079 5748 9.
1195 5688 1238 5718 ⁶’
1283 5685 1583 5747 Rom.vm,
1615 5682 1698 5736 l7.
1791 5681 1858 5755 :3
1904 5679 2104 5751 Ephcs.

2214 5723 2216 5736 .
2255 5682 2337 5735 l2.
2443 5679 2489 5714 “
2530 5679 2695 5736 llcbr.
2721 5696 2774 5745 x,
2817 5681 2904 5736 5-5.
3003 5681 3048 5713 “
3078 5680 3351 5747 Psal.LxI,
3380 5679 3465 5733 ll.
3568 5678 3610 5709 “
3641 5673 3774 5731 Psal.

541 5750 831 5834 ωηιζιιδ.
908 5769 950 5798 δ’
968 5750 1108 5823 ibid.
1142 5762 1264 5822 127,.
1339 5758 1382 5788 ιε
1413 5755 1554 5811 l’sal.
1581 5769 1764 5818 um",
1786 5750 1876 5813 at.
