4028 6566
254 381 388 445 1709
1364 370 1692 435 HOMILIA
1734 369 1850 429 XC.
1886 392 1957 405 -
1995 367 2091 427 DE
2131 368 2402 429 LUCTU.
3361 360 3491 423 1710

253 498 563 557 facultates.
589 503 646 549 et
678 493 743 549 da
781 490 1137 562 pauperibus,
1168 498 1225 544 et
1250 487 1483 545 habebis
1511 486 1831 541 thesaurum
1874 483 1927 535 in
1988 481 2224 535 caelis".
2260 501 2277 531 ι
2332 481 2397 535 Et
2427 497 2438 533 :
2471 499 2488 531 ι
2526 479 2684 545 Veni,
2728 493 2961 550 sequere
2994 493 3080 534 me
3131 478 3177 512 ⁸⁸
3214 497 3232 530 ι
3280 477 3490 532 sublata

244 609 437 652 cruce.
464 593 573 665 lpsi
605 591 780 666 gloria
803 592 859 645 in
892 588 1089 645 saecula
1113 585 1459 642 saeculorum.
1484 585 1678 637 Amen.

2485 680 2767 745 llOMllJA
2822 688 2931 743 XC.

872 702 1090 759 ΛΟΓΟΣ
1130 705 1202 767 η’.
1851 687 1895 739 Δ

797 818 936 887 Περὶ
986 818 1266 881 πένθους.
1284 875 1291 881 ,

321 934 395 989 Τὸ
431 932 628 995 πένθος
668 927 1010 1001 συμμέτοχόν
1040 928 1155 979 ἐστι
1185 925 1285 992 τῆς
1324 922 1709 993 άκτημοσύνης
1731 919 1825 972 καὶ

252 1031 418 1083 πᾶσιν
447 1028 580 1097 ἡμῖν
607 1022 863 1095 ἁρμόδιόν
904 1024 1052 1074 ἐστιν
1090 1020 1183 1074 καὶ
1216 1016 1515 1086 ὲπωφελές.
1553 1014 1630 1068 Οὐ
1666 1012 1825 1083 μόνον

2569 806 2641 857 De
2694 805 2856 859 luctu.

1996 922 2203 977 Luctus
2252 922 2453 991 inopia:
2487 936 2718 975 consors
2750 929 2855 985 est,
2908 920 2963 973 ui
3012 929 3069 975 et
3104 922 3362 977 omnibus
3395 940 3479 978 no-

1926 1016 2012 1070 bis
2050 1014 2341 1084 congruit,
2383 1021 2578 1082 estque
2609 1029 2872 1082 perquam
2904 1014 3076 1068 utilis.
3124 1015 3314 1084 Neque
3349 1019 3496 1071 enim

250 1121 359 1191 γὰρ
386 1117 675 1189 ἐργάζεται
718 1112 815 1174 τὰς
854 1109 1078 1181 ἀρετὰς,
1110 1107 1248 1164 ἀλλὰ
1274 1106 1370 1160 καὶ
1402 1104 1683 1173 φυλάσσει.
1715 1099 1828 1153 Καὶ

1947 1108 2164 1162 rirtutes
2214 1106 2380 1161 modo
2428 1115 2726 1175 operatur,
2783 1105 2878 1161 sed
2924 1115 2983 1161 et
3026 1108 3252 1162 easdem
3309 1110 3497 1164 solerti

258 1212 396 1282 μετὰ
429 1209 527 1270 τὴν
560 1204 811 1260 ἐντεῦθεν
846 1201 1177 1273 μετάστασιν
1206 1200 1378 1252 αῐτιον
1405 1197 1579 1267 χαρᾶς
1607 1192 1827 1247 αἰωνίου

259 1304 371 1364 τοῖς
400 1300 561 1370 μέχρι
593 1295 776 1358 τέλους
807 1293 1130 1363 κατέχουσιν
1166 1289 1300 1345 αὐτὸ
1338 1286 1565 1355 γίνεται,
1599 1285 1693 1338 καὶ
1723 1301 1826 1336 πα·-

261 1391 582 1473 ρακλήσεως
632 1386 889 1459 πρόξενον
940 1382 1081 1437 κατὰ
1125 1384 1215 1435 τὸν
1265 1382 1419 1473 λόγον
1456 1377 1825 1473 τοῦ-Κυρίου.

271 1465 446 1552 Ὕπὲρ
474 1478 638 1533 αὐτοῦ
671 1473 765 1531 οὖν
800 1474 906 1546 πρὸ
937 1473 1156 1526 πάντων
1185 1471 1499 1541 αἰτήσωμεν
1539 1467 1631 1519 τὸν
1673 1465 1827 1526 Θεὸν,

260 1573 348 1629 ῐνα
374 1571 665 1643 χαρίσηται
694 1571 825 1639 ἡμῖν
855 1566 989 1619 αὐτὸ
1016 1564 1336 1618 ἀδιάστατον
1366 1561 1543 1613 πάντα
1571 1558 1665 1611 τὸν
1700 1557 1828 1627 χρό-

264 1683 348 1720 νον
383 1664 480 1733 τῆς
514 1662 657 1733 ζωῆς
687 1659 864 1730 ήμῶν.
903 1659 966 1711 Οί
1016 1657 1125 1726 γὰρ
1175 1653 1268 1707 τοῦ
1328 1652 1555 1715 πένθους
1601 1648 1830 1721 ἐρασταὶ

263 1762 475 1831 ἔχοντες
512 1757 642 1810 αὐτὸ
670 1755 985 1825 παράμονον
1014 1750 1108 1804 καὶ
1135 1751 1201 1819 τῇ
1248 1748 1523 1816 προσευχῇ
1555 1758 1833 1814 προσκαρ⁴

267 1851 514 1923 τεροῦσιο
564 1849 658 1902 καὶ
703 1848 751 1899 oi
802 1845 1034 1898 τοιοῦτοι
1080 1840 1357 1895 ἐνδύονται
1431 1837 1500 1889 τά
1545 1835 1685 1889 ὅπλα
1734 1833 1829 1886 τοῦ

264 1944 461 2012 φωτός.
500 1942 611 1995 Καὶ
640 1937 947 1997 ἀκούουσιν.
984 1951 1003 1987 ι
1040 1932 1141 1987 Σοῦ
1171 1931 1229 1985 δὲ
1279 1931 1306 2001 ή
1358 1927 1516 1999 στολὴ
1565 1926 1763 1998 θερμὴ.
1807 1943 1826 1975 ι

1927 1209 2115 1256 tuetur
2143 1199 2418 1262 custodia,
2446 1198 2717 1267 nobisque
2734 1198 2866 1253 hinc
2886 1199 3286 1269 emigrantibus
3328 1203 3498 1272 (juxta

1929 1292 2147 1346 Domini
2193 1290 2530 1361 sermonem)
2592 1300 2789 1344 auctor
2839 1291 3034 1346 aeterni
3089 1293 3146 1345 tit
3190 1295 3396 1363 gaudii,
3446 1303 3500 1349 et

1928 1385 2327 1439 consolationis
2362 1384 2636 1454 pararius,
2687 1383 2732 1437 si
2762 1383 2927 1437 modo
2973 1384 3153 1453 ipsum
3196 1402 3365 1456 penes
3402 1404 3501 1442 nos

1930 1478 2237 1531 retinemus
2267 1491 2441 1545 usque
2473 1476 2526 1529 in
2566 1474 2749 1529 ﬁnem.
2779 1475 2885 1528 Pro
2933 1474 3280 1545 impetrando
3334 1479 3501 1548 igitur

1929 1568 2083 1623 luctu
2109 1577 2237 1622 ante
2258 1568 2442 1622 omnia
2461 1565 2880 1635 interpellemus
2904 1566 3273 1629 Deum,nobis
3298 1577 3356 1621 ut
3376 1584 3501 1623 eum

1930 1659 2171 1730 gratuito
2218 1659 2487 1722 conferat,
2546 1658 2794 1712 futurum
2846 1657 3194 1712 individuum
3245 1661 3503 1715 comitem

1931 1753 2081 1806 omni
2102 1762 2350 1822 tempore
2376 1752 2503 1806 vitae
2524 1750 2686 1805 istius
2712 1758 2934 1805 nostrae.
2952 1750 3111 1806 Hunc
3136 1767 3280 1806 enim
3306 1768 3505 1822 perpe-

1933 1856 2044 1901 tem
2073 1843 2355 1915 possident
2393 1842 2487 1912 qui
2543 1842 2718 1911 ipsius
2763 1852 2892 1896 sunt
2948 1851 3243 1908 amatores,
3301 1844 3398 1900 sed
3450 1851 3508 1898 et

1934 1938 2171 1993 orationi
2228 1935 2517 2006 invigilant
2572 1942 2913 1989 constanter.
2970 1934 3075 2000 Qui
3141 1936 3277 1990 tales
3334 1948 3504 2001 sunt,

265 2033 329 2087 Οἱ
357 2033 414 2086 δὲ
454 2029 638 2101 ἐχθροὶ
669 2026 848 2082 αὐτῶν
874 2024 1126 2093 καθάπερ
1156 2019 1402 2075 διπλοΐδα
1445 2015 1706 2087 αἰσχύνην
1735 2031 1835 2066 πε-

1947 2029 2248 2083 induuntur
2270 2042 2419 2081 arma
2442 2025 2607 2089 lucis,
2628 2033 2685 2079 et
2713 2025 2949 2079 audiunt
2977 2025 3146 2080 illud:
3179 2046 3197 2078 ι
3230 2027 3379 2081 Stola
3414 2036 3507 2082 tua

268 2122 640 2195 ριὸαλοῡνται,
690 2117 788 2171 καλ⁸
838 2116 895 2170 αἱ
945 2112 1185 2183 διαδοχαὶ
1241 2108 1336 2164 τοῦ
1391 2106 1621 2170 πένθους
1665 2106 1830 2172 εἰσὶν,

265 2214 448 2277 καθὼς
489 2213 723 2283 εἴρηται,
766 2206 1088 2279 ἐπουράνιος
1120 2203 1295 2274 χαρὰ,
1324 2203 1418 2255 καὶ
1454 2199 1633 2270 τρυφὴ
1676 2198 1831 2266 ἀνερ-

267 2308 554 2375 μήνευτος,
609 2302 704 2355 καὶ
748 2299 873 2365 δόξα
921 2296 1308 2367 άνεκλάλητος.
1365 2292 1537 2345 Τοῦτο
1581 2290 1691 2360 γὰρ
1738 2290 1833 2341 καὶ

265 2397 371 2451 ὑπὸ
440 2395 533 2449 τοῦ
599 2388 1027 2461 Ἐκκλησιαστοῦ
1086 2384 1484 2455 διδασκόμεθα,
1549 2382 1829 2450 λέγοντος·

272 2503 292 2537 ι
345 2483 574 2553 Ἀγαθὸν
616 2478 949 2551 πορευθῆναι
979 2478 1057 2541 εἰς
1092 2471 1238 2529 οἷκον
1269 2473 1523 2537 πένθους,
1566 2470 1601 2541 ἦ
1634 2486 1833 2541 πορευο

268 2577 427 2646 θῆναι
461 2575 539 2637 είς
579 2567 727 2625 οἷκον
773 2570 962 2622 πότου.
1005 2585 1022 2617 ι
1052 2567 1159 2619 Καὶ
1194 2564 1354 2617 πάλιν
1381 2578 1396 2594 ο
1434 2580 1453 2613 ι
1493 2559 1703 2632 Καρδία
1750 2576 1836 2612 σο-

268 2666 383 2736 φῶν
412 2666 471 2718 ὲν
502 2664 636 2733 οἴκῳ
669 2660 931 2723 πένθους·
968 2656 1165 2729 καρδία
1208 2656 1266 2710 δὲ
1297 2653 1547 2725 ἀφρόνων
1576 2656 1656 2716 εἰς
1688 2648 1835 2705 οἷκον

267 2757 625 2829 εὐφροσύνης.
696 2773 715 2807 ι
779 2753 889 2806 Καὶ
933 2752 1129 2819 ἐπάγει
1159 2766 1171 2778 '
1208 2767 1225 2800 ι
1277 2748 1368 2818 Μὴ
1418 2745 1636 2817 ὑστέρει
1698 2746 1837 2815 μετὰ

269 2851 581 2912 κλαιόντων,
608 2848 703 2902 καὶ
743 2846 881 2915 μετὰ
921 2841 1261 2896 πενθούντων
1291 2839 1581 2907 πένθησον.
1622 2855 1639 2887 ι
1675 2835 1837 2903 Λέγει

267 2943 326 2996 δὲ
358 2942 453 2996 καὶ
481 2944 509 2994 6
536 2940 820 3011 προφήτης
861 2936 1062 3005 Ἀμώς·
1109 2952 1126 2985 ι
1172 2932 1301 2987 ’ἰδοὺ
1330 2931 1536 3002 ἡμέραι
1562 2929 1834 2999 ἔρχονται,

268 3035 416 3105 λέγει
467 3033 693 3104 Κύριος,
737 3032 834 3084 καὶ
867 3024 1211 3093 ἐξαποστελῶ
1244 3024 1402 3095 λιμὸν
1449 3024 1542 3076 ἐπὶ
1571 3022 1668 3093 τὴν
1710 3023 1836 3091 γῆν,

269 3129 331 3182 ού
367 3126 521 3195 λιμὸν
563 3125 752 3194 άρτου,
782 3121 902 3175 οὐδὲ
934 3118 1090 3189 δίψαν
1136 3116 1349 3180 ὓδατος,
1391 3114 1529 3168 ἀλλὰ
1556 3112 1713 3182 λιμὸν
1743 3109 1836 3163 τοῦ

272 3219 500 3273 ἀκοῦσαι
531 3216 687 3283 λόγον
726 3210 932 3280 Κυρίου
955 3225 971 3239 ·
1002 3208 1099 3262 καὶ
1140 3206 1457 3275 πενθήσειή
1499 3202 1594 3271 γῆ,
1632 3200 1728 3254 καὶ
1770 3197 1841 3251 τά

1940 2119 2150 2174 fervida
2178 2126 2285 2174 est.
2321 2136 2340 2171 ι
2375 2118 2611 2172 Istorum
2647 2131 2780 2170 vero
2806 2116 3015 2171 inimici
3059 2117 3215 2186 quasi
3263 2118 3508 2187 djploide

1940 2210 2264 2265 confusione
2291 2206 2861 2263 circumamiciuntur.
2897 2207 3106 2261 Luctus
3157 2223 3289 2262 sane
3350 2209 3512 2263 istius

1940 2304 2283 2360 succedanca
2305 2302 2599 2359 hereditas
2626 2302 2764 2365 haec,
2805 2301 3029 2356 caeleste
3056 2301 3342 2372 gaudium,
3374 2302 3512 2356 deli-

1941 2394 2042 2449 cia:
2072 2409 2183 2448 non
2211 2392 2678 2463 interpretabiles,
2715 2391 3097 2460 ineloquibilis
3125 2392 3322 2463 gloria,
3370 2410 3513 2448 nun-

1940 2498 2106 2552 quam
2135 2482 2381 2537 desitura
2408 2482 2723 2537 exsultatio.
2761 2481 2876 2537 Hoc
2906 2482 3085 2552 ipsum
3135 2499 3234 2538 nos
3287 2483 3512 2541 instruit

1943 2574 2345 2628 Ecclesiastes:
2380 2591 2399 2625 ι
2438 2572 2636 2628 Melius
2685 2582 2770 2629 est
2809 2575 2890 2629 ire
2923 2574 2993 2629 ad
3024 2575 3247 2630 domum
3305 2576 3509 2642 luctus,

1942 2680 2107 2734 quam
2163 2678 2393 2735 pergere
2446 2663 2515 2718 ad
2574 2664 2797 2719 domum
2839 2665 3165 2719 convivii“.
3212 2686 3229 2717 ι
3267 2667 3509 2723 lterum:
3604 2664 3606 2666 ’

1950 2776 1965 2806 ι
1997 2756 2107 2810 Cor
2133 2755 2467 2824 sapientium
2496 2756 2550 2810 in
2582 2754 2748 2810 domo
2786 2756 2990 2822 luctus,
3023 2772 3122 2812 cor
3149 2768 3333 2813 autem
3372 2760 3512 2813 stul-

1943 2855 2125 2899 torum
2152 2843 2208 2898 in
2237 2843 2403 2899 domo
2432 2844 2720 2900 laetitiae".
2758 2864 2776 2895 ι
2803 2845 3048 2900 lnducit:
3086 2865 3104 2897 ι
3144 2848 3223 2901 Ne
3260 2849 3514 2920 pigrieris

1943 2952 2067 2990 cum
2091 2936 2352 2993 ﬂentibus
2376 2937 2529 3001 ﬂere,
2563 2945 2620 2992 et
2679 2952 2797 2993 sum
2828 2938 3148 3009 lugentibus
3183 2941 3448 3011 lugere".
3490 2962 3510 2996 ι

1945 3029 2090 3082 Dicit
2111 3038 2294 3083 autem
2320 3040 2376 3083 et
2393 3030 2661 3099 propheta
2684 3030 2876 3085 Amos:
2911 3050 2929 3083 ι
2960 3033 3101 3087 Ecce
3124 3032 3244 3089 dies
3263 3036 3512 3103 veniunt,

1945 3121 2081 3175 dicit
2115 3121 2399 3188 Dominus,
2447 3129 2503 3176 et
2542 3122 2788 3177 emittam
2825 3122 3022 3177 famem
3055 3140 3221 3195 super
3284 3136 3514 3194 terram,

1944 3228 2054 3267 non
2082 3212 2282 3268 famem
2313 3214 2491 3283 panis,
2546 3228 2727 3284 neque
2771 3215 2917 3269 sitim
2954 3231 3131 3285 aquae,
3167 3218 3261 3273 sed
3318 3220 3516 3275 famem

272 3314 330 3366 ὲν
369 3311 529 3380 αὐτῇ.
589 3326 609 3361 ι
655 3305 790 3359 Νυνὶ
817 3302 874 3356 δὲ
906 3300 1260 3370 πεπλήρωται
1292 3299 1325 3367 ὴ
1361 3295 1672 3366 προφητεία
1699 3292 1836 3361 αὕτη

1947 3304 2209 3359 audiendi
2236 3306 2470 3359 verbum
2516 3306 2755 3371 Domini,
2809 3315 2866 3361 et
2889 3307 3099 3378 lugebit
3128 3318 3294 3374 terra,
3356 3321 3413 3368 et
3454 3331 3520 3370 ea

274 3409 333 3461 ὲν
384 3368 507 3467 τοῖς.
542 3404 753 3473 καιροῖς
793 3396 971 3470 ήμῶν.
1012 3414 1030 3448 ι
1073 3368 1289 3455 νΠάντες
1317 3395 1425 3461 γὰρ
1466 3390 1842 3458 ὲξεκλίναμεν,

1947 3412 2070 3465 qua:
2088 3397 2143 3449 in
2168 3395 2284 3465 ipsa
2306 3406 2471 3451 erunt
2485 3398 2551 3451 ⁸⁸⁵.
2566 3416 2584 3449 ι
2617 3399 2712 3453 His
2730 3414 2879 3454 nunc
2898 3402 3103 3455 nostris
3124 3402 3465 3471 temporibus
3481 3419 3519 3442 =-

278 3500 396 3567 ἅμα
425 3493 828 3566 ήχρειώθημεν.
867 3509 886 3543 ι
921 3488 1061 3558 Φησὶ
1107 3486 1163 3540 δὲ
1196 3485 1290 3538 καὶ
1330 3484 1359 3536 ὁ
1402 3481 1649 3549 Ἡσαΐας,
1689 3499 1708 3533 ι
1749 3479 1842 3533 Διά

1952 3486 2238 3557 impletum
2279 3496 2364 3544 est
2388 3488 2547 3544 istius
2576 3492 2860 3561 propheta:
2899 3493 3183 3546 oraculum
3221 3510 3235 3546 :
3269 3512 3287 3543 ι
3318 3492 3524 3549 Omnes

278 3590 436 3643 τοῦτο
482 3583 632 3649 εἶπα,
661 3582 861 3652 ’Δφετέ
912 3598 999 3650 με,
1035 3578 1247 3650 πικρῶς
1290 3574 1596 3644 κλαύσομαι
1637 3573 1730 3627 ἐπὶ
1770 3573 1842 3643 τῷ

1949 3582 2099 3637 οιιίιιι
2128 3582 2549 3647 declinavimus,
2579 3584 2743 3637 simul
2770 3583 2996 3639 inutiles
3032 3583 3158 3639 lacti
3191 3587 3459 3640 sumus”.
3499 3606 3516 3638 ι

282 3679 650 3751 συντρίμματι
667 3675 761 3728 τοῦ
790 3673 984 3742 γένους
1016 3688 1140 3741 μου,
1174 3667 1249 3739 μὴ
1284 3665 1647 3737 κατισχύσατε
1676 3680 1852 3736 παρα-

282 3772 467 3827 καλεῖν
492 3786 577 3839 με.
603 3787 621 3818 ι
649 3767 763 3840 ,Καὶ
790 3768 817 3819 ὁ
847 3763 1137 3834 Ἱερεμίας,
1177 3780 1196 3814 ι
1226 3761 1322 3825 Τίς
1344 3758 1504 3813 δώσει
1532 3760 1600 3828 τῇ
1634 3757 1842 3827 κεφαλῇ

1954 3778 2140 3817 amare
2168 3762 2314 3818 ﬂebo
2343 3778 2512 3833 super
2538 3764 2875 3820 contritione
2914 3766 3093 3836 gentis
3128 3782 3295 3821 meae:
3351 3777 3405 3823 et
3456 3786 3526 3824 ne

1953 3669 2061 3725 Sed
2084 3678 2141 3726 et
2160 3670 2365 3727 Isaias:
2404 3688 2424 3722 ι
2459 3672 2690 3742 Pr0pter
2717 3672 2821 3728 hoc
2874 3673 3025 3727 dixi:
3070 3674 3329 3730 ltecedite
3352 3692 3381 3729 a
3415 3693 3524 3740 me,
3604 3722 3611 3725 .

287 3881 392 3936 μου
423 3862 586 3932 ὕδωρ,
618 3860 711 3913 καὶ
734 3861 847 3922 τοῖς
876 3856 1175 3926 ὀφθαλμοῖς
1209 3871 1309 3925 μου
1356 3852 1539 3922 πηγάς
1576 3850 1851 3919 δακρύων,

286 3958 384 4011 καὶ
430 3954 738 4025 κλαύσομαι
783 3950 995 4022 ἡμέρας
1045 3949 1140 4003 καὶ
1188 3946 1411 4012 νυκτός;
1469 3962 1487 3997 ι
1545 3945 1742 4011 Ἔλεγε
1796 3943 1853 3996 δὲ

287 4049 383 4099 καί⁵
419 4045 496 4115 τῷ
522 4045 675 4112 lat}?
714 4061 733 4095 ι
775 4040 1255 4108 Καταγαγέτωσαν
1286 4038 1333 4089 οί
1366 4033 1636 4104 ὀφθαλμοὶ
1677 4033 1854 4103 ὑμῶν,

287 4139 498 4208 δάκρυα
520 4136 732 4206 ἡμέρας
752 4135 847 4186 καὶ
870 4132 1084 4193 νυκτός.
1106 4149 1126 4183 ι
1155 4127 1297 4181 Ἀλλ’
1324 4129 1381 4179 ὲν
1401 4128 1531 4197 ἡμῖν
1553 4126 1651 4178 ούκ
1669 4124 1857 4179 ἔστινδ

291 4230 507 4283 συνιών⁸
527 4230 594 4281 τὰ
612 4228 716 4296 γὰρ
733 4223 1142 4296 προγραφέντα,
1161 4223 1238 4284 εἰς
1255 4222 1401 4290 ἡμᾶς
1419 4220 1778 4289 κατήντησεν.
1798 4216 1857 4268 '0

289 4323 345 4375 δὲ
380 4320 600 4389 Δανιήλ’
617 4338 635 4370 ι
653 4318 761 4371 Καὶ
783 4317 959 4370 ἔδωκα
987 4314 1048 4367 τὸ
1072 4311 1366 4384 πρόσωπόν
1387 4328 1488 4381 μου
1507 4309 1640 4381 πρὸς
1656 4307 1858 4378 Κύριον

290 4415 381 4466 τὸν
407 4411 539 4464 Θεόν
567 4427 667 4480 μου
699 4410 757 4462 ἐν
779 4405 1003 4476 νηστείᾳ
1048 4406 1141 4458 καὶ
1162 4404 1373 4474 σάκκῳ.
1411 4422 1429 4455 ι
1466 4403 1575 4455 Καὶ
1613 4404 1641 4453 ὁ
1673 4399 1855 4462 Δαυῖδ,

297 4524 315 4556 ι
366 4506 452 4566 Ὠς
486 4501 697 4556 πενθῶν
746 4500 840 4552 καὶ
880 4496 1290 4568 σκυθρωπάζων
1328 4494 1501 4556 οὕτως
1547 4490 1860 4545 ὲταπεινού-

296 4616 422 4667 μην.
485 4613 504 4647 ι
573 4594 703 4657 Καὶ,
762 4610 781 4643 ι
835 4588 1288 4658 Ἐταλαιπώρησα
1334 4586 1430 4639 καὶ
1466 4581 1860 4654 κατεκάμφθην

1955 3855 2100 3910 detis
2141 3870 2388 3925 operam,
2452 3864 2513 3909 ut
2565 3858 2930 3912 eonsolemini
2984 3860 3148 3913 me".
3183 3878 3202 3910 ι
3257 3860 3529 3916 Jeremias

1958 3949 2213 4017 insuper:
2248 3965 2267 3999 ι
2314 3946 2450 4013 Quis
2488 3947 2641 4002 dabit
2666 3949 2830 4018 capiti
2864 3965 2987 4004 meo
3012 3965 3233 4020 aquam,
3265 3960 3321 4006 et
3353 3954 3530 4007 oculis

1959 4040 2098 4095 meis
2158 4040 2368 4095 fontem
2430 4040 2843 4112 Iacrymarum;
2912 4051 2969 4096 et
3033 4043 3268 4112 plorabo
3323 4043 3410 4097 die
3468 4060 3532 4098 ac

1959 4131 2228 4187 nocte“?
2258 4150 2277 4183 ι
2314 4131 2547 4188 Dicebat
2596 4132 2726 4187 item
2773 4142 2828 4187 et
2882 4134 3121 4205 populo:
3176 4153 3193 4185 ι
3246 4134 3533 4190 Deducent

1959 4226 2106 4280 oculi
2136 4224 2245 4297 mei
2275 4225 2543 4297 lacrymas
2599 4225 2690 4279 die
2721 4240 2786 4281 ac
2832 4235 2994 4281 nocte
3012 4226 3076 4278 ⁸⁸.
3116 4244 3134 4277 ι
3177 4225 3340 4296 Atqui
3388 4227 3533 4281 inter

1961 4331 2064 4370 nos
2091 4330 2200 4368 non
2227 4324 2312 4369 est
2351 4315 2445 4383 qui
2485 4315 2774 4386 intelligat.
2814 4315 2946 4383 Quae
2983 4316 3132 4371 enim
3192 4317 3533 4387 propheticis

1961 4406 2207 4461 oraculis
2285 4406 2613 4476 praesignata
2683 4416 2841 4470 sunt.
2918 4417 3283 4463 occurrerunt
3345 4409 3529 4462 nobis.

1963 4493 2151 4548 Daniel
2180 4509 2434 4563 quoque:
2469 4513 2487 4543 ι
2522 4495 2655 4549 Dedi
2680 4495 2876 4552 faciem
2909 4513 3087 4552 meam
3131 4498 3200 4551 ad
3240 4498 3532 4552 Dominum

1964 4585 2137 4639 Deum
2167 4599 2351 4638 meum
2381 4583 2433 4637 in
2456 4584 2665 4654 jejunio
2684 4594 2738 4639 et
2763 4587 3004 4640 sacco”.
3030 4606 3048 4637 ι
3078 4587 3282 4641 David:
3344 4608 3360 4638 ι
3392 4588 3536 4641 Tan—

292 4692 398 4753 ἓως
432 4688 642 4755 τέλους,
693 4685 823 4756 ὃλην
866 4683 966 4755 τὴν
1013 4684 1226 4754 ἡμέραν
1268 4679 1682 4752 σκυθρωπάζων
1732 4678 1842 4729 tm

1964 4691 2128 4746 quam
2146 4677 2341 4745 lugens
2360 4685 2416 4730 et
2440 4677 2798 4733 contristatus
2830 4679 2911 4733 sic
2941 4679 3387 4734 liutniliabar‘°.i
3422 4682 3488 4735 Et
3516 4700 3529 4734 :

297 4781 553 4852 ρευόμην,
586 4780 668 4831 ὅτι
711 4778 766 4829 αἱ
794 4774 928 4844 ψύαι
979 4791 1078 4844 μου
1114 4771 1504 4843 ὲμπλήσθησαν
1535 4767 1856 4838 ὲμπαιγμὰο

292 4890 422 4925 των.
464 4890 482 4923 ι
512 4870 619 4923 Kal.
649 4870 677 4923 ὁ
710 4866 850 4932 Ἰὼϐ,
884 4884 902 4918 ι
941 4865 1076 4934 Βέλη
1105 4862 1378 4933 πειρατῶν
1406 4859 1572 4914 αὑτοῦ
1604 4860 1689 4911 ἐπ’
1723 4859 1855 4927 ἐμέ·

294 4964 327 5031 ἡ
367 4961 580 5031 γαστήρ
625 4976 726 5029 μου
758 4955 1125 5023 συγκέκαυται
1149 4955 1257 5008 ἀπὸ
1284 4951 1562 5021 κλαυθμοῦ
1582 4967 1596 4982 ’
1628 4951 1720 5002 ἐπὶ
1742 4949 1861 5019 βλεο

296 5055 489 5122 φάροις
543 5068 647 5121 μου
695 5049 823 5101 σκιὰ
870 5047 1122 5100 θανάτου.
1181 5064 1199 5097 ι
1245 5044 1576 5113 Πρόσχωμεν
1621 5040 1714 5093 οὖν
1770 5042 1861 5093 καὶ

296 5144 477 5213 ἡμεῖς,
507 5141 801 5209 ἀγαπητοὶ,
824 5139 918 5192 καὶ
947 5135 1214 5205 συνιῶμεν
1240 5138 1363 5197 τοὺς
1391 5134 1535 5203 βίους
1556 5133 1668 5185 τῶν
1691 5134 1862 5200 ἁγίων

296 5234 529 5303 ἀνδρῶν,
564 5233 683 5294 πῶς
733 5232 824 5283 τὸν
871 5229 1061 5300 χρόνον
1092 5226 1269 5280 αὐτῶν
1311 5227 1569 5296 διήνυσαν
1604 5226 1660 5277 ὲν
1701 5224 1863 5278 κλαυ-

297 5323 420 5393 θμῷ
461 5324 550 5375 καὶ
586 5324 772 5391 σάκκῳ
802 5322 895 5373 καὶ
928 5318 1165 5389 κοπετῷ,
1201 5318 1295 5371 καὶ
1325 5318 1611 5385 γεγόνασιν
1646 5315 1733 5369 διὰ
1763 5318 1862 5386 τῆς

367 5464 413 5496 ⁸³
444 5462 635 5518 Matth.
669 5478 779 5526 χιχ,
802 5460 891 5514 2‘2.
968 5460 1012 5492 '°
1045 5457 1179 5512 ibid.
1255 5460 1295 5491 ³¹
1324 5457 1507 5511 Eccle.
1546 5473 1613 5510 vn
1634 5498 1646 5517 ,
1670 5457 1722 5509 '5.

296 5551 417 5599 xm,
442 5535 495 5587 5.
570 5534 615 5565 ⁸⁸
654 5534 755 5587 lsa.
785 5548 915 5596 χχιι,
942 5530 994 5585 ι.
1071 5529 1341 5583 ".Jerem.
1376 5543 1447 5592 Ix,
1475 5528 1527 5579 l.

296 5606 354 5661 7.
428 5605 473 5637 θ’
506 5603 607 5661 Job
635 5620 710 5667 νι,
740 5603 792 5666 4,
818 5603 870 5657 6.

1798 5456 1841 5488 8|
1868 5455 1938 5488 Ek;

1603 5473 1646 5517 I,
1670 5457 1722 5509 '5.
1798 5456 1841 5488 ⁸¹
1868 5455 2000 5509 ibid.
2053 5455 2106 5508 5.
2184 5456 2228 5488 ³³
2255 5456 2412 5511 Rom.
2436 5474 2530 5520 xu,
2560 5459 2645 5513 l5.
2722 5461 2768 5493 "
2788 5462 2973 5517 Amos.
3003 5480 3122 5529 vm,
3148 5465 3234 5520 Η.
3313 5468 3356 5499 ⁸⁸
3385 5468 3527 5522 Psal.

1603 5528 1647 5557 ⁵⁸
1670 5526 1803 5579 ibid.
1831 5527 1918 5578 18.
1995 5527 2040 5558 ⁵³
2071 5527 2205 5580 Dan.
2233 5542 2305 5593 ix,
2336 5527 2391 5581 3.
2468 5529 2513 5561 ‘°
2533 5529 2676 5585 Psal.
2709 5534 2987 5599 xxxtvdd.
3066 5537 3107 5567 ⁶¹
3138 5536 3281 5591 Psal.
3330 5552 3529 5599 xxxvn,

1968 4788 1984 4817 ι
2027 4760 2192 4823 Miser
2220 4767 2398 4823 factus
2440 4782 2584 4830 sum,
2617 4777 2673 4823 et
2719 4779 2981 4825 curvatus
3013 4788 3186 4841 usque
3218 4774 3272 4825 in
3312 4770 3527 4838 tinem;

1962 4869 2075 4915 tota
2105 4860 2196 4914 die
2241 4860 2602 4915 contristatus
2638 4861 3011 4932 ingrediebar,
3047 4864 3310 4933 quoniam
3355 4866 3529 4921 lumbi

1964 4950 2072 5004 mei
2100 4950 2307 5020 impleti
2330 4961 2457 5005 sunt
2484 4952 2919 5009 illusionibus“.
2962 4973 2980 5005 ι
3030 4956 3135 5010 Job
3170 4957 3301 5010 item
3325 4998 3337 5010 .
3373 4977 3390 5008 ι
3430 4958 3530 5012 Sa-

1962 5043 2113 5112 gittae
2143 5043 2505 5097 tentationum
2550 5046 2689 5115 ejus,
2736 5061 2904 5115 super
2951 5063 3036 5101 me
3075 5065 3088 5100 :
3122 5059 3316 5103 venter
3375 5064 3533 5103 meus

1966 5133 2289 5186 exmstuavit
2318 5148 2349 5187 a
2392 5133 2548 5199 ﬂetu,
2594 5150 2759 5192 super
2809 5137 3103 5205 palpebras
3158 5152 3343 5193 autent
3383 5156 3533 5195 meas

1970 5224 2165 5278 umbra
2198 5225 2393 5279 mortis
2409 5226 2476 5281 θ’.
2506 5245 2524 5276 ι
2566 5227 2777 5296 1172
2802 5229 3013 5283 Attenti
3044 5230 3212 5300 igitur
3252 5232 3426 5288 simus
3476 5246 3533 5287 et

1969 5332 2090 5383 nos,
2126 5317 2459 5386 charissimi,
2510 5330 2566 5375 et
2620 5322 2987 5394 intelligamus
3038 5338 3354 5382 sanctorum
3385 5329 3533 5383 viro-

2184 5456 2228 5488 ”
2255 5456 2412 5529 Rom.
2436 5474 2530 5520 xu,
2560 5459 2645 5513 l5.
2722 5461 2768 5493 “
2788 5462 2973 5517 Amos.
3003 5480 3122 5529 vm,
3148 5465 3234 5520 ll.
3313 5468 3356 5499 ⁸⁸
3385 5468 3527 5522 Psal.

1595 5705 1824 5763 VARl/E
1864 5704 2266 5765 LECTIONES.

372 5823 412 5851 ιιι
447 5808 790 5866 Sub'Cosroa
825 5809 1113 5864 Persarum
1145 5814 1395 5879 tyranno.
