4028 6518
525 348 659 411 1711

1764 346 2131 407 ANTIOCHI
2174 347 2410 409 ΜΟΝΑ(
2412 351 2480 410 211
2496 352 2516 409 1

3653 342 3780 406 171?.

522 482 643 519 rum
664 462 788 534 quis
812 460 1003 525 fuerit,
1030 460 1161 515 dum
1196 459 1469 524 viverent,
1502 469 1660 515 tenor
1708 474 1770 514 ac
1824 459 2101 515 formula:

2216 461 2509 530 κακουχίας
2542 464 2635 515 καὶ
2680 461 2775 515 τοῦ
2813 462 3041 524 πένθους
3072 458 3262 523 παῖδες
3313 458 3408 511 καὶ
3459 455 3782 526 θεράποντες

521 558 640 610 acie
696 553 899 609 mentis
948 551 1338 605 condiscamus
1388 565 1498 619 quo
1546 557 1707 618 pacto
1753 549 1845 604 isti
1886 560 2104 619 tempus

476 672 482 691 η
521 660 683 700 suum
711 652 995 715 exegerint
1029 643 1085 696 in
1120 640 1276 706 ﬂetu,
1315 654 1475 695 sacco
1508 649 1566 696 et
1616 640 1873 709 planctu,
1934 650 2106 710 utque

523 752 623 807 per
689 736 1044 791 atllictionem
1099 742 1156 788 et
1211 733 1420 786 luctum
1488 732 1905 801 promeruerint
1960 732 2105 788 eflici

533 831 715 899 pueri,
741 830 933 884 famuli
958 836 1013 881 et
1052 825 1214 881 amici
1236 823 1368 880 Jesu
1391 824 1618 879 Christi.
1648 826 1715 880 Et
1741 825 1859 879 haec
1888 841 1956 880 eo
1979 834 2109 880 sunt

526 922 745 992 prodita
793 919 1093 981 memoriae,
1152 926 1214 972 ut
1282 933 1386 972 nos
1439 916 1509 970 ad
1566 916 1817 971 studium
1860 917 2105 972 invitent

524 1010 959 1082 concupiscendi
1017 1010 1253 1076 luctum,
1311 1028 1329 1061 ι
1378 1008 1447 1064 Ut
1493 1010 1605 1065 sint
1653 1009 1815 1063 nobis
1852 1009 2109 1080 lacrymae

526 1103 685 1174 panis
740 1101 831 1157 die
858 1116 922 1155 ac
962 1100 1209 1166 nocte“,
1243 1118 1260 1151 ι
1316 1108 1379 1155 ιιι
1434 1113 1535 1169 per
1582 1098 1823 1168 singulas
1861 1112 2109 1167 quasque

527 1204 720 1249 noctes
750 1202 983 1249 stratum
1011 1200 1265 1248 nostrum
1290 1191 1532 1262 rigemus
1576 1191 1938 1260 lacrymarum
1974 1205 2107 1259 pro-

529 1285 718 1349 fluvio,
750 1293 812 1338 ut
859 1283 1148 1338 decolores
1200 1289 1349 1336 notae
1396 1288 1751 1351 peccatorum
1794 1280 2107 1349 expientur,

527 1379 732 1448 quibus
778 1376 1287 1432 circumfundimur
1333 1375 1469 1439 toti,
1534 1382 1595 1428 ut
1652 1373 1738 1427 vel
1800 1373 1879 1427 sic
1956 1372 2109 1441 digni

529 1469 830 1523 habeantur
860 1482 1000 1536 quos
1028 1465 1261 1535 nuptiali
1296 1466 1434 1520 stola
1468 1463 1779 1518 convestiat
1799 1471 1856 1516 et
1875 1461 2112 1516 adornet

528 1559 892 1615 Dominus“:
924 1557 1020 1627 qui
1048 1557 1198 1611 enim
1241 1571 1305 1610 ea
1350 1555 1672 1624 nuptiarum
1722 1560 1875 1606 veste
1915 1551 2113 1619 depre-

530 1651 805 1705 hendetur
828 1666 939 1704 non
962 1664 1085 1704 esse
1111 1648 1361 1711 indutus,
1385 1647 1715 1701 excludetur
1746 1644 1900 1715 regni
1932 1643 2106 1697 aditu.

529 1744 667 1797 Cum
698 1742 866 1813 igitur
892 1741 1198 1798 habeamus
1222 1740 1300 1795 sic
1327 1741 1627 1809 benignum
1674 1753 1739 1792 ac
1781 1738 2108 1792 clementem

2211 555 2305 606 καὶ
2355 554 2497 621 φίλοι
2544 553 2699 608 Θεοῦ.
2736 552 2923 607 Ταῦτα
2952 554 3009 607 δὲ
3044 552 3384 622 ἐγράφησαν,
3415 550 3505 603 ἵνα
3535 549 3680 617 ἡμᾶς
3708 550 3786 610 είς

2210 642 2370 713 ζῆλον
2391 644 2596 712 ἄγωσιν
2623 644 2720 714 τῆς
2760 644 3056 714 ἐπιθυμίας
3084 642 3180 696 τοῦ
3212 640 3445 703 πένθους
3475 639 3573 693 τοῦ
3594 656 3609 670 ·
3646 656 3665 690 ι
3693 639 3786 691 Γε-

2210 736 2397 788 νέσθαι
2431 736 2562 807 ἡμῖν
2594 738 2661 791 τὰ
2686 737 2898 807 δάκρυα
2924 735 3086 807 ἀρτον
3118 736 3332 807 ἡμέρας
3374 736 3471 789 καὶ
3501 733 3694 795 νυκτός
3715 749 3729 763 ·
3763 751 3782 784 ι

2211 827 2426 882 καὶτοῦ
2463 828 2647 900 βρέξαι
2682 828 2807 882 καθ’
2838 829 3074 897 ἑκάστην
3122 828 3294 881 νύκτα
3341 830 3441 898 τὴν
3495 825 3787 897 στρωμνὴν

2212 921 2368 991 ἡμῶν
2413 924 2471 975 ὲν
2504 922 2788 992 δάκρυσιν,
2830 921 2926 975 καὶ
2975 921 3376 993 καθαρισθῆναι
3417 922 3519 991 τῆς
3576 918 3790 989 κηλίδος

2210 1007 2277 1085 ἦς
2308 1014 2691 1085 περικείμεθα,
2720 1014 2869 1077 ὅπως
2898 1013 3039 1078 ἄξιοι
3070 1012 3358 1083 γενώμεθα
3387 1010 3673 1081 ὲνδυθῆναι
3694 1012 3789 1080 τὴν

2214 1106 2404 1177 στολὴν
2444 1107 2536 1160 τοῦ
2576 1107 2755 1176 γάμου
2778 1125 2791 1138 ·
2829 1108 2857 1160 ὁ
2894 1107 3002 1178 γάρ
3038 1106 3113 1177 μὴ
3150 1105 3497 1175 ἐνδεδυμένος
3536 1102 3638 1175 τὴν
3670 1120 3789 1157 στο-

2212 1198 2310 1269 λὴν
2344 1198 2437 1250 τοῦ
2483 1200 2686 1269 γάμου,
2726 1199 2830 1266 ἔξω
2864 1198 3145 1271 βλήσεται.
3195 1199 3455 1267 Ἔχοντες
3492 1191 3587 1249 οὖν
3618 1193 3789 1247 τοιοῦ-

2212 1304 2303 1339 τον
2332 1286 2532 1354 ἀγαθὸν
2561 1288 2861 1358 Δεσπότην,
2896 1290 2991 1341 καὶ
3025 1287 3421 1358 άμνησίκακον,
3457 1286 3794 1353 δυσωπήσωο

2219 1396 2317 1449 μεν
2347 1378 2510 1432 αὑτὸν
2539 1378 2629 1432 διά
2662 1381 2984 1452 στεναγμῶν
3021 1381 3117 1435 καὶ
3160 1380 3435 1451 δακρύων,
3471 1379 3623 1440 ὅπως
3655 1376 3793 1446 λαμ-

2215 1467 2503 1537 προστόλοι
2529 1467 2843 1539 εύρεθῶμεν
2874 1472 2930 1523 ὲν
2954 1473 3020 1541 τῇ
3045 1469 3320 1541 παρουσίᾳ
3350 1467 3538 1522 αὑτοῦ.
3581 1467 3795 1535 Ἀγαπᾷ

2210 1559 2322 1631 γὰρ
2349 1560 2446 1631 τὴν
2478 1561 2754 1632 σωτηρίαν
2789 1562 2967 1633 ἡμῶν.
2997 1562 3097 1616 Διά
3124 1560 3284 1614 τοῦτο
3311 1560 3421 1631 γάρ
3454 1559 3549 1613 καὶ
3578 1556 3794 1611 κελεύει

2213 1649 2431 1715 ἀφελεῖν
2461 1650 2527 1703 τὰ
2561 1650 2782 1724 ῥυπαρά
2814 1651 3005 1721 ἱμάτια
3032 1649 3240 1720 Ἰησοῦν
3272 1649 3362 1702 τὸν
3405 1647 3680 1711 Ἰωσεδὲκ,
3700 1644 3797 1699 καὶ

2211 1740 2492 1811 ὲνδυθῆναι
2518 1741 2727 1812 ποδήρη
2750 1758 2764 1772 ·
2787 1742 2935 1810 λέγει
2959 1740 3068 1812 γάρ
3093 1741 3159 1794 αὑ
3172 1740 3243 1812 τῷ
3276 1758 3323 1791 ⁵(
3367 1740 3500 1795 Ἰδοὺ
3533 1738 3798 1809 ἀφῄρηκα

531 1834 845 1898 Dominum,
881 1832 1172 1901 omnisque
1206 1831 1586 1885 immemorem
1632 1830 1869 1901 injuriae,
1921 1828 2103 1899 ipsum

2216 1830 2305 1893 τάς
2333 1831 2561 1902 ἀνομίας
2582 1848 2697 1888 σου.
2728 1850 2745 1882 ι
2783 1832 2891 1885 Καὶ
2913 1834 3044 1904 ἡμῖν
3072 1848 3085 1863 ο
3120 1849 3138 1882 ι
3171 1832 3443 1901 Μακάριοι
3470 1830 3521 1882 ot
3544 1827 3800 1882 πενθοῦν-

531 1940 823 1979 exoremus
844 1940 909 1980 ac
931 1922 1363 1993 repropitiemus
1385 1937 1484 1991 per
1512 1922 1847 1991 suspiriosos
1875 1921 2108 1993 gemitus

2216 1939 2324 1985 τες,
2342 1923 2423 1975 ὅτι
2450 1923 2603 1977 αὐτοὶ⁸
2630 1924 3144 1995 παρακληθήσονται
3167 1939 3179 1952 ·
3211 1924 3475 1994 μακάριοι
3506 1923 3555 1975 οί
3582 1921 3799 1974 κλαίονο

532 2026 589 2071 et
613 2018 901 2087 lacrymas,
928 2025 989 2069 ut
1016 2014 1070 2069 in
1090 2016 1211 2085 ejus
1233 2015 1474 2068 adventu
1495 2013 1783 2083 splendida
1808 2013 1899 2067 illa
1920 2012 2107 2067 amicti

2216 2031 2303 2077 τες
2334 2014 2447 2080 νῦν,
2484 2015 2565 2067 ὅτι
2594 2015 2745 2068 αὐτοὶ
2789 2016 3130 2083 γελάσονται.
3176 2033 3195 2069 ι
3244 2015 3335 2086 Τῷ
3363 2014 3485 2085 θεῷ
3516 2013 3716 2085 πρέπει
3762 2013 3797 2083 ἡ

534 2110 671 2170 stola
720 2107 1086 2183 ipveniamur.
1137 2106 1465 2176 Magnopere
1519 2105 1565 2159 is
1631 2105 1814 2175 diligit
1869 2106 2103 2160 salutem

2216 2104 2339 2168 δόξα
2371 2107 2453 2167 είς
2498 2104 2623 2168 τοὺς
2656 2104 2881 2166 αἰῶνας.
2929 2104 3125 2174 Ἀμήν.

534 2206 807 2255 nostram:
843 2201 898 2254 in
948 2199 1055 2252 hoc
1088 2199 1237 2253 enim
1276 2197 1456 2269 jubet,
1490 2213 1520 2251 a
1547 2212 1606 2251 se
1640 2208 1699 2251 ut
1744 2195 1962 2250 auferat
1998 2196 2159 2250 Jesus
2203 2194 2472 2250 Josedech
2530 2196 2859 2251 vestimenta
2909 2198 3155 2252 sordium
3179 2196 3360 2251 eluvie
3406 2194 3702 2257 defaedata,
3741 2202 3797 2245 et

534 2291 825 2345 amiciatur
872 2290 1103 2359 pedere,
1152 2289 1218 2344 ad
1266 2288 1406 2343 talos
1446 2287 1588 2343 imos
1643 2304 1815 2358 usque
1860 2286 2239 2358 propendente
2275 2288 2355 2353 ⁶⁵;
2386 2288 2525 2343 dicit
2563 2289 2712 2344 enim
2735 2289 2840 2360 ipsi
2885 2288 3039 2353 Jesu,
3083 2308 3099 2339 ι
3138 2288 3279 2343 Ecce
3328 2289 3532 2345 abstuli
3587 2290 3794 2360 iniqui-

543 2388 683 2439 tates
714 2394 836 2438 tuas
883 2385 951 2436 “.
1006 2401 1025 2435 ι
1074 2382 1247 2437 Nobis
1278 2382 1471 2437 itidem
1512 2399 1525 2435 :
1567 2400 1585 2432 ι
1613 2382 1766 2437 Beati
1818 2380 1914 2451 qui
1967 2380 2178 2449 lugent,
2219 2382 2480 2450 quoniam
2510 2382 2613 2452 ipsi
2645 2382 3110 2437 consolabuntur:
3142 2380 3291 2437 Beati
3323 2380 3417 2451 qui
3451 2380 3587 2435 ﬂent
3626 2397 3793 2447 nunc,

535 2475 665 2545 quia
697 2473 959 2528 ridebunt
1002 2473 1066 2525 ⁵⁷.
1114 2491 1131 2523 ι
1166 2472 1339 2525 Deum
1387 2479 1644 2526 nostrum
1678 2470 1910 2526 addecet
1953 2466 2129 2540 gloria
2156 2467 2209 2522 in
2240 2470 2459 2525 saecula.
2489 2470 2684 2525 Amen.

1101 2581 1385 2637 HOMILIA
1423 2581 1558 2637 XCI.

575 2697 726 2763 Quod
755 2711 959 2767 semper
985 2694 1254 2765 captanda
1295 2695 1363 2748 sit
1400 2694 1649 2764 temporis
1680 2694 2071 2764 Opportunitas.

609 2812 770 2867 Nulla
802 2827 915 2867 non
955 2809 1010 2863 in
1042 2824 1102 2865 re
1144 2807 1441 2879 spectanda
1487 2808 1642 2864 venit
1693 2807 2113 2878 tempestivitas,

540 2915 911 2977 praeterquam
945 2904 1002 2957 in
1046 2903 1316 2957 oratione.
1378 2901 1666 2971 Nunquam
1726 2900 1877 2956 enim
1911 2900 2114 2955 intem-

540 2998 753 3068 pestiva
778 3004 961 3065 potest
985 3009 1107 3047 esse
1134 2993 1439 3048 oratio.Ait
1467 2994 1617 3047 enim
1642 2993 1811 3047 David
1836 3010 1848 3045 :
1885 3010 1902 3043 ι
1939 2991 2116 3045 Bene—

540 3091 720 3144 dicam
768 3086 1061 3145 Dominum
1097 3084 1151 3138 in
1206 3085 1355 3139 omni
1415 3094 1682 3154 tempore,
1738 3099 1958 3153 semper
1994 3083 2116 3137 laus

2849 2582 3071 2636 ΛΟΓΟΣ
3112 2581 3229 2649 ιμιν.

2498 2696 2640 2767 Περὶ
2673 2696 2801 2764 τοῦ,
2837 2698 3057 2767 Καιρὸς
3099 2697 3204 2752 τοῦ
3236 2697 3484 2764 παντός.

2290 2811 2494 2880 Καιρδς
2527 2810 2625 2881 μὲν
2647 2810 2724 2881 τῷ
2754 2812 2919 2865 παντὶ
2951 2812 3237 2883 πράγματι
3269 2813 3443 2882 χωρὶς
3467 2810 3573 2880 τῆς
3600 2811 3797 2883 εὐχῆςο

2217 2903 2250 2971 ὴ
2282 2901 2391 2972 γὰρ
2419 2901 2573 2972 εὐχὴ,
2611 2902 2841 2957 πάντοτε
2878 2902 3070 2973 καιρὸν
3102 2903 3234 2972 ἔχει.
3272 2922 3291 2954 ι
3332 2903 3631 2973 Εὑλογήσω
3666 2904 3796 2973 γάρ,

2216 2995 2404 3063 φησὶν,
2436 2994 2524 3047 τὸν
2557 2994 2762 3065 Κύριον
2803 2996 2861 3048 ἐν
2889 2996 3054 3048 παντὶ
3088 2996 3263 3067 καιρῷ
3283 3014 3295 3027 ·
3330 2997 3417 3049 διὰ
3453 2996 3658 3059 παντὸς
3686 2996 3797 3065 γὰρ

2214 3086 2246 3153 ὴ
2285 3085 2487 3148 αίνεσις
2513 3086 2676 3139 αὑτοῦ
2709 3090 2765 3139 ὲν
2793 3086 2871 3157 τῷ
2904 3086 3132 3158 στόματί
3164 3105 3291 3159 μου.
3331 3107 3350 3140 ι
3388 3088 3519 3142 Καίο
3559 3108 3580 3141 ι
3624 3090 3796 3144 ’Δδιαο

541 3181 661 3248 ejus
726 3176 782 3231 in
839 3192 936 3231 ore
986 3190 1110 3229 meo
1131 3175 1195 3229 ⁸⁸.
1239 3194 1258 3227 ι
1328 3176 1395 3229 Ει
1450 3176 1619 3231 illud:
1664 3194 1681 3226 ι
1735 3175 2115 3232 lndesinenter

2217 3177 2451 3242 λείπτως
2486 3178 2875 3249 προσεύχεσθε,
2908 3179 3001 3232 καῖ⁵
3041 3181 3099 3233 ὲν
3140 3181 3302 3233 παντὶ
3332 3182 3729 3251 εὐχαριστεῖτε.
3768 3202 3788 3231 ι

542 3281 717 3335 orate,
749 3271 803 3323 in
851 3267 1111 3322 omnibus
1142 3267 1345 3337 gratias
1379 3266 1523 3337 agite
1541 3269 1606 3320 °°.
1636 3287 1655 3320 ι
1718 3267 1874 3334 Quod
1930 3276 2114 3324 autem

543 3364 757 3420 castoris
790 3363 845 3417 in
876 3361 1047 3415 rebus
1073 3361 1312 3430 spectari
1343 3360 1540 3414 debeat
1561 3369 1618 3414 et
1657 3360 1942 3414 observari
1977 3372 2116 3415 tem-

545 3458 695 3528 poris
728 3454 1113 3517 commoditas,
1139 3468 1238 3522 per
1274 3452 1661 3507 Ecclesiastem
1684 3453 2010 3519 erudimur;
2041 3454 2119 3508 ait

543 3550 723 3603 enim:
760 3567 777 3597 ι
799 3545 1072 3602 Omnibus
1095 3560 1255 3599 suum
1279 3552 1365 3599 est
1389 3552 1628 3614 tempus,
1645 3554 1701 3601 et
1728 3554 1940 3615 tempus
1967 3548 2117 3600 omini

547 3641 646 3704 rei,
683 3650 901 3709 tempus
953 3637 1168 3693 tacendi
1209 3645 1266 3691 et
1302 3644 1518 3707 tempus
1562 3637 1823 3707 loquendi
1844 3640 1910 3693 ⁷ο.
1960 3657 1979 3691 ι
2016 3639 2115 3693 Et:

552 3752 569 3783 ι
600 3732 658 3786 Si
693 3739 777 3785 est
811 3730 910 3784 tibi
963 3728 1300 3795 intellectus,
1350 3729 1622 3798 responde
1672 3729 1829 3783 fratri
1877 3740 1993 3794 tuo,
2032 3732 2120 3787 sin

546 3834 753 3887 autem,
780 3837 1003 3875 manum
1031 3834 1345 3889 superpone
1368 3820 1453 3874 ori
1486 3821 1633 3874 tuo“
1659 3838 1670 3873 :
1697 3820 1844 3889 quod
1884 3822 1931 3877 si
1980 3830 2119 3877 tem-

546 3931 652 3985 pus
686 3914 898 3985 appetit
931 3910 1219 3981 loquendi,
1246 3910 1452 3965 bonum
1478 3910 1646 3964 fuerit
1680 3920 1744 3965 ut
1785 3912 1842 3966 in
1876 3920 2122 3982 tempore

548 4006 705 4060 dicas
737 4004 1059 4058 verbum".
1100 4021 1117 4053 ι
1156 4002 1249 4056 Ait
1275 4004 1448 4067 enim,
1486 4021 1504 4053 ι
1546 4002 1740 4057 Sermo
1771 4013 1951 4059 vester
1972 4020 2117 4059 sem-

548 4112 647 4165 per
677 4095 747 4149 sit
771 4094 884 4149 sale
926 4090 1262 4156 conditus”,
1300 4110 1320 4143 ι
1362 4091 1419 4145 in
1455 4091 1562 4146 hoc
1590 4101 1650 4146 ut
1672 4093 1958 4159 noveritis,
2012 4110 2123 4164 quo

550 4198 708 4257 pacto
732 4193 983 4254 oporteat
1003 4182 1301 4251 unicuique
1328 4183 1687 4252 respondere.
1732 4184 1926 4241 Omnis
1973 4186 2121 4240 enim

549 4293 733 4333 sermo
770 4278 1132 4344 interruptus.
1158 4274 1225 4327 Et
1248 4291 1261 4326 :
1290 4292 1308 4323 ι
1335 4274 1438 4340 Qui
1465 4274 1617 4329 addit
1643 4276 2126 4340 scientiam,addit

548 4381 605 4426 et
627 4368 958 4430 laborem",
996 4385 1013 4417 ι
1051 4365 1165 4419 sive
1195 4365 1461 4419 dolorem.
1504 4385 1521 4416 ι
1546 4366 1648 4433 Qui
1676 4377 1859 4424 autem
1893 4378 2125 4425 temera-

550 4464 668 4517 rius
695 4470 781 4516 est
809 4459 991 4522 labiis,
1027 4458 1237 4513 incidet
1270 4458 1327 4511 in
1368 4459 1530 4523 mala,
1557 4469 1784 4529 propter
1834 4463 1981 4518 enim
2028 4464 2113 4518 in-

548 4553 917 4609 eruditionem
947 4551 1147 4620 lingua:
1191 4550 1593 4618 superveniunt
1633 4551 1761 4606 ira}:
1796 4572 1813 4603 ι
1853 4554 2117 4609 innocens

550 4655 740 4699 servat
765 4657 919 4697 suam
956 4642 1223 4711 linguam,
1264 4642 1433 4711 utqui
1461 4641 1642 4712 diligit
1667 4658 1821 4698 suam
1855 4645 2116 4705 animam.

549 4736 653 4801 Qui
684 4732 999 4789 adulatione
1036 4740 1289 4796 utuntur,
1324 4732 1596 4787 seducunt
1639 4734 1805 4788 corda
1854 4735 2119 4792 innocen-

553 4842 690 4891 tum,
721 4836 778 4883 et
804 4828 898 4898 qui
939 4824 1274 4888 beatiﬁcant,
1314 4825 1369 4879 in
1393 4840 1639 4881 errorem
1679 4828 1923 4881 mittunt.
1956 4829 2115 4894 Illud,

560 4942 575 4970 ι
615 4922 857 4990 Tempus
915 4916 1204 4972 flendi”:
1250 4936 1267 4967 ι
1318 4931 1419 4986 pro
1445 4931 1512 4971 eo
1544 4917 1781 4972 sumitur
1837 4920 1984 4988 quod
2011 4931 2117 4984 est,

553 5012 831 5079 atlligitote
860 5010 1071 5065 animas
1092 5016 1321 5063 vestras.
1342 5008 1409 5061 Et
1441 5008 1575 5063 hoc:
1612 5027 1631 5062 ι
1664 5010 1907 5081 Tempus
1938 5012 2126 5067 riden-

553 5104 608 5156 di
634 5104 717 5155 "z
760 5122 778 5153 ι
816 5103 1026 5173 1173
1072 5119 1172 5172 pro
1214 5120 1303 5171 eo,
1352 5105 1628 5162 celebrate
1664 5108 1801 5163 mihi
1853 5109 1997 5163 diem
2042 5110 2124 5165 fe-

556 5204 724 5247 stum.
772 5194 997 5261 γελάσαι
1050 5196 1235 5259 enim,
1296 5205 1514 5267 tempus
1569 5200 1831 5254 nimirum
1885 5202 2123 5267 ridendi,

558 5286 759 5341 laetitia:
779 5296 835 5340 et
867 5287 1050 5356 gaudii
1073 5297 1157 5343 est
1187 5288 1369 5343 index.
1405 5309 1421 5337 ι
1453 5291 1692 5361 Tempus
1718 5293 1883 5348 belli:
1916 5315 1934 5345 ι
1966 5296 2126 5350 lucta:

556 5379 790 5442 scilicet,
818 5393 941 5431 cum
974 5378 1239 5435 adversus
1267 5381 1543 5436 hominem
1572 5385 1825 5439 coruinus
1849 5386 2116 5457 conﬂigit,

556 5484 612 5531 et
642 5473 889 5530 cooritur
922 5470 1177 5525 diabolus
1201 5471 1254 5524 in
1297 5471 1479 5537 illum,
1505 5474 1888 5551 multiplicium
1946 5484 2120 5531 tenta-

624 5635 671 5665 “
695 5614 837 5686 Psal.
858 5644 965 5693 xu,
988 5629 1039 5682 4.

558 5707 598 5737 ι’
633 5705 650 5759 Ι
683 5702 875 5755 Thess.
902 5717 954 5763 ν,
984 5700 1068 5762 17,
1104 5699 1189 5752 18.
1300 5700 1343 5729 ⁷ο
1370 5699 1551 5752 Eccle.
1589 5716 1652 5766 v,
1698 5701 1749 5756 7.

562 5790 595 5840 ι,
631 5775 715 5829 18.
790 5771 1055 5825 7*‘Eccle.
1085 5785 1167 5836 ιιι,
1199 5770 1251 5824 4.
1326 5770 1371 5802 ⁷⁸
1396 5769 1530 5825 ibid.

2220 3270 2356 3340 Περὶ
2386 3270 2492 3342 γὰρ
2523 3270 2629 3323 τῶν
2668 3270 2841 3323 ἄλλων
2888 3271 3253 3341 πραγμάτων,
3302 3271 3384 3323 ὅτι
3414 3271 3521 3341 χρὴ
3572 3273 3795 3323 σκοπεῖν

2219 3361 2430 3431 καιρὸν,
2461 3361 2556 3415 καὶ
2578 3362 2883 3431 ἐπιτηρεῖν,
2911 3361 3080 3415 ταῦτα
3102 3360 3208 3413 ὑπὸ
3234 3362 3329 3414 τοῦ
3364 3360 3793 3431 Ἐκκλησιαστοῦ

2216 3452 2597 3522 διδασκόμεθα.
2638 3453 2806 3523 Φησὶν
2856 3455 2964 3522 γάρ
2997 3470 3011 3484 ο
3047 3469 3065 3502 ι
3124 3452 3248 3515 Τοῖς
3301 3454 3467 3504 πᾶσιν
3510 3453 3539 3504 ὁ
3583 3451 3791 3521 χρόνος,

2218 3545 2314 3598 καὶ
2360 3545 2551 3614 καιρὸς
2582 3546 2660 3615 τῷ
2694 3546 2856 3598 παντὶ
2894 3545 3214 3616 πράγματι·
3256 3544 3447 3613 καιρὸς
3475 3542 3574 3596 τοῦ
3608 3545 3787 3611 σιγᾷν.

2220 3642 2313 3692 καὶ⁵
2346 3641 2539 3711 καιρὸς
2562 3640 2657 3694 τοῦ
2686 3640 2887 3695 λαλεῖν.
2921 3659 2942 3692 ι
2981 3641 3111 3693 Καί·
3147 3657 3165 3691 ι
3198 3641 3258 3693 Et
3290 3639 3404 3693 ἔστι
3441 3656 3522 3693 σοι
3558 3639 3789 3698 σύνεσις,

2219 3732 2548 3803 ἀποκρίθητι
2593 3730 2672 3803 τῷ
2703 3732 2917 3803 ἀδελφῷ
2948 3750 3043 3786 σου
3064 3745 3081 3764 ⁶
3116 3734 3165 3786 εί
3193 3732 3248 3785 δὲ
3284 3733 3447 3802 μήγε,
3490 3734 3647 3802 χεῖρα
3677 3734 3793 3784 ὲπίε

2220 3821 2311 3883 θες
2360 3823 2454 3875 ἐπὶ
2494 3823 2573 3894 τῷ
2612 3823 2841 3893 στόματί
2870 3839 2999 3877 σου·
3042 3823 3091 3876 εί
3121 3823 3177 3876 δὲ
3227 3823 3418 3892 καιρὸς
3456 3823 3553 3876 τοῦ
3591 3823 3789 3891 λαλεῖν,

2222 3914 2384 3967 καλὸν
2410 3916 2585 3967 εἰπεῖν
2609 3915 2766 3984 λόγον
2799 3917 2857 3968 ὲν
2883 3914 3081 3986 καιρῷ.
3118 3932 3137 3968 ι
3174 3915 3342 3985 Φησὶν
3381 3915 3524 3987 γάρ’
3550 3935 3572 3968 ι
3624 3917 3680 3971 ’0
3712 3919 3792 3970 λό-

2222 4020 2315 4071 γος
2343 4003 2494 4073 ὑμῶν
2537 4004 2622 4074 είη
2652 4004 2881 4058 πάντοτε
2903 4004 3083 4065 ξάλατι
3130 4004 3456 4073 ἠρτυμένος·
3521 4025 3539 4057 ι
3598 4007 3791 4061 εἰδέναι

2222 4094 2336 4157 πῶς
2364 4095 2445 4148 δεῖ
2475 4096 2556 4148 ἑνὶ
2589 4095 2802 4165 ἑκάστῳ
2830 4094 3249 4165 ἀποκρίνασθαι.
3281 4096 3396 4159 Πᾶς
3426 4095 3537 4166 γάρ
3562 4100 3591 4151 ὁ
3615 4098 3788 4165 λόγος.

2223 4184 2473 4253 ἔγκοπος,
2527 4185 2680 4238 Καί·
2710 4204 2727 4235 ι
2779 4185 2839 4238 '0
2888 4185 3139 4255 προσθεὶς
3162 4185 3386 4253 γνῶσιν,
3433 4186 3791 4256 προστίθησιν

2224 4278 2465 4347 ἄλγημα.
2524 4297 2542 4329 ι
2586 4306 2655 4315 -
2708 4276 2764 4329 '0
2813 4275 2870 4329 δὲ
2923 4276 3203 4347 προπετὴς
3248 4278 3507 4347 χείλεσιν,
3548 4280 3788 4329 πεσεῖται

2223 4371 2305 4433 είς
2335 4370 2497 4434 κακά,
2523 4369 2590 4423 δι’
2631 4368 2987 4422 ἀπαιδευσίαν
3036 4370 3145 4439 γὰρ
3176 4368 3426 4438 γλώσσης
3470 4369 3784 4437 ἐπέρχονται

2150 4515 2193 4569 D
2224 4460 2402 4531 ὀργαί.
2443 4479 2462 4511 ι
2510 4460 2568 4512 '0
2607 4459 2663 4513 δὲ
2706 4459 2912 4522 ἄκακος
2952 4461 3108 4529 τηρεῖ
3135 4459 3231 4527 τὴν
3280 4458 3471 4511 ἑαυτοῦ
3522 4459 3786 4523 γλῶσσαν,

2225 4552 2300 4615 ὡς
2346 4551 2573 4619 ἀγαπῶν
2619 4550 2716 4622 τὴν
2744 4550 2938 4604 ἑαυτοῦ
2983 4550 3179 4621 ψυχήν.
3213 4550 3275 4602 Ol
3305 4548 3413 4621 γὰρ
3440 4552 3506 4619 τῇ
3538 4549 3787 4619 κολακείᾳ

2224 4643 2523 4715 χρώμενοι,
2572 4641 2915 4708 ἐξαπατῶσιν
2964 4643 3061 4705 τὰς
3110 4641 3337 4711 καρδίας
3384 4641 3496 4693 τῶν
3548 4642 3787 4703 ἀκάκων,

2225 4738 2319 4790 καὶ
2350 4736 2743 4807 μακαρίζοντες
2775 4733 3073 4787 πλανῶσιν.
3101 4751 3120 4784 ι
3150 4733 3355 4803 Καιρὸς
3374 4733 3468 4785 τοῦ
3497 4732 3745 4793 κλαῦσαι,
3766 4754 3783 4782 ι

2222 4829 2339 4883 ἀντὶ
2366 4828 2484 4893 τοῦ,
2511 4826 2809 4881 Κακώσατε
2836 4828 2933 4889 τὰς
2955 4826 3132 4896 ψυχὰς
3157 4824 3329 4895 ὑμῶν.
3374 4824 3504 4877 Καί·
3542 4843 3560 4874 ι
3591 4824 3783 4893 Καιρδς

2222 4924 2316 4978 τοῦ
2350 4924 2598 4991 γελᾶσαι·
2640 4939 2659 4973 ι
2710 4923 2802 4975 καὶ
2832 4920 2992 4973 τοῦτο
3021 4921 3142 4973 ἀντὶ
3170 4921 3289 4979 τοῦ,
3328 4918 3659 4989 Ἐορτάσατέ
3702 4934 3781 4986 μοι

2222 5017 2322 5086 τὴν
2372 5015 2585 5085 ἑορτήν.
2644 5014 2718 5065 Τὸ
2765 5013 2871 5083 γὰρ
2919 5013 3184 5079 γελᾶσαι,
3241 5009 3565 5080 χαρμοσύνη
3626 5009 3781 5060 ἐστίν.

2228 5127 2246 5159 ι
2289 5107 2493 5177 Καιρὸς
2538 5106 2800 5176 πολέμου·
2846 5123 2865 5156 ι
2894 5103 3054 5157 τοῦτο
3100 5103 3231 5173 περὶ
3279 5102 3455 5171 πάλης
3507 5102 3679 5168 λέγει,
3711 5100 3779 5151 ὅτ’

2222 5201 2251 5252 ὁ
2281 5199 2526 5261 διάϐολος
2553 5196 2850 5268 συμϐάλλει
2872 5195 2962 5249 τὸν
2989 5193 3297 5265 ἄνθρωπον,
3323 5193 3620 5263 ἐπιχειρῶν
3647 5190 3775 5259 αύτιξ

2223 5293 2311 5345 διά
2344 5290 2553 5345 πολλῶν
2582 5291 2676 5344 καὶ
2704 5288 2967 5342 ποικίλων
3008 5287 3353 5357 πειρασμῶν,
3396 5306 3413 5336 ι
3465 5288 3575 5339 Καὶ
3608 5284 3777 5353 καιρὸς

2226 5386 2466 5455 εἰρήνης·
2512 5404 2530 5437 ι
2572 5385 2653 5436 ὃτι
2692 5382 2830 5453 μετά
2865 5381 2960 5433 τοῦ
2992 5380 3357 5449 πειρασθῆναι
3391 5378 3574 5441 αὑτὸν,
3616 5393 3773 5447 παρα-

2226 5480 2435 5547 γίνεται
2467 5479 2501 5547 η
2538 5477 2720 5546 χάρις,
2766 5472 3133 5544 χαροποιοῦσα
3169 5471 3266 5542 τὴν
3297 5471 3493 5541 ψυχήν.
3538 5489 3557 5521 ι
3593 5467 3775 5538 Καιρὸι

1119 5628 1161 5658 ⁸⁵
1191 5626 1379 5681 Matth.
1414 5630 1654 5694 “11,11.
1732 5632 1777 5664 ⁸⁸
1808 5630 2059 5695 Zach.m,
2089 5634 2115 5686 '5

2282 5633 2327 5665 “
2354 5632 2542 5687 Matth.
2570 5648 2644 5695 Ix,
2666 5632 2720 5686 2.
2798 5630 2841 5661 ⁸⁷
2872 5630 3061 5685 Matth.
3086 5646 3141 5689 ν,
3166 5629 3219 5683 5.
3295 5629 3339 5661 ⁸⁸
3373 5628 3512 5683 Psal.
3544 5626 3769 5681 xxxiii}!

1842 5703 1882 5733 ⁷¹
1918 5703 2088 5758 Eccli.

2218 5703 2301 5760 14.
2379 5706 2423 5735 ⁷²
2467 5704 2637 5758 Eccli.
2678 5718 2754 5766 χι,
2790 5702 2843 5766 7,
2867 5700 2918 5754 8.
2996 5702 3039 5732 ⁷³
3072 5700 3279 5756 Coloss.
3306 5716 3378 5764 Iv,
3409 5700 3459 5752 6.
3537 5699 3580 5730 ⁷⁸
3610 5698 3770 5751 Ενοιε.
