4028 6514
284 406 417 473 ῙἸ13

832 415 1162 475 ΗΟΜΙΙΑΙᾹ
1201 418 1382 477 XCll.
1412 444 1479 453 --
1514 421 1870 480 CALAMl'l‘l1

2021 422 2318 485 ALlEN/E
2353 424 2974 485 COMPATIENDUM.

3405 418 3542 483 1714

280 529 516 598 κρίσεως
554 548 571 579 ι
607 528 868 597 γινώσκει
916 534 1115 602 καρδία
1168 534 1357 604 σοφοῦ,
1391 540 1485 589 καὶ
1534 538 1694 592 τοῦτο
1737 540 1864 593 ὅταν

1976 544 2177 597 Liouum
2208 552 2454 598 armatus
2488 543 2628 597 telis.
2682 561 2698 593 ι
2738 543 2980 611 Tempus
3004 540 3187 610 pacis;
3223 558 3240 590 ι
3276 538 3370 593 ubi
3422 540 3539 593 dis-

280 619 659 688 ὲλευθεροῦται
688 622 787 692 τῆς
837 623 1040 694 πλάνης
1074 626 1168 679 καὶ
1196 628 1306 680 τῶν
1342 628 1531 682 παθῶν
1551 645 1565 659 ο
1596 630 1862 702 χαίρουσα

281 712 313 778 ἡ
346 710 491 779 ψυχή
524 710 673 779 λέγει
700 728 712 741 ·
754 732 771 764 ι
810 714 1064 785 Ἔκρινέν
1097 734 1187 784 μοι
1211 720 1239 771 6
1267 718 1420 783 Θεὸς,
1451 720 1560 773 ἀπὸ
1589 722 1683 773 τοῦ
1714 724 1865 777 ἀντι-

280 803 431 855 δίκου
482 821 609 872 μου,
642 806 725 858 ὃτι
777 811 942 859 παντί⁵
990 809 1281 879 πράγματι
1335 810 1483 865 ἐστιν
1516 812 1724 883 ’καιρὸς
1770 816 1865 868 καὶ

283 894 484 963 κρίσις,
532 895 625 948 καὶ
654 882 978 967 ἀπάντημαί
1006 900 1064 950 ἒν
1113 902 1506 971 συναντήσεται
1552 882 1666 967 τοῖς
1700 907 1864 960 πᾶσιν

283 984 489 1047 αὑτοῖς.
528 1005 541 1037 ι
579 987 690 1041 Καὶ
728 988 887 1042 τοῦτο
931 992 1061 1061 περὶ
1092 993 1191 1061 τῆς
1220 992 1485 1065 τελευτῆς
1518 996 1612 1049 τοῦ
1647 998 1861 1070 ἀνθρώ-

284 1093 388 1128 που
430 1076 603 1144 λέγει,
645 1077 731 1129 διὰ
774 1077 835 1130 τὸ
883 1078 1081 1150 ἄδηλον
1125 1079 1219 1133 τοῦ
1266 1082 1404 1152 βίου.
1460 1085 1687 1152 Ἐπάγει
1733 1087 1861 1157 γὰρ,

290 1185 308 1217 ι
345 1167 470 1219 Ὂτι
502 1167 601 1219 οὐκ
635 1167 779 1235 ἐγνω
808 1168 1097 1240 ἄνθρωπος
1126 1175 1217 1225 τὸν
1261 1175 1455 1245 καιρὸν
1487 1176 1673 1239 αὑτοῦ,
1704 1177 1778 1240 ὡς
1815 1178 1863 1230 οἱ

286 1258 471 1329 ίχθύες
500 1261 549 1312 οἱ
581 1260 939 1332 θηρευόμενοι
967 1265 1024 1317 ἐν
1044 1264 1497 1338 ἀμφιϐλήστρῳ.»
1524 1270 1632 1321 Καὶ
1665 1265 1821 1333 αὖθις
1846 1288 1857 1300 ο

293 1371 311 1404 ι
364 1348 515 1406 Εἶδον
546 1354 723 1408 πάντα
757 1355 852 1410 τὸν
904 1360 1287 1429 περισσασμὺν
1320 1360 1377 1414 ὃν
1413 1362 1614 1415 ἔδωκεν
1660 1364 1689 1415 6
1732 1364 1865 1427 Θεὸς

283 1448 396 1507 τοῖς
428 1446 564 1508 υἱοῖς
596 1447 702 1501 τῶν
732 1447 1056 1519 ἀνθρώπων,
1079 1453 1139 1505 τὸ
1163 1452 1529 1521 περισσᾶσθαι
1558 1455 1616 1506 ἐν
1638 1455 1807 1525 αύτῷ.
1841 1477 1859 1509 ι

286 1536 359 1589 Τὸ
388 1537 446 1591 δὲ
477 1539 721 1602 ἔδωκεν,
762 1542 883 1594 ἀντὶ
912 1541 1027 1604 τοῦ,
1064 1543 1511 1613 συνεχώρησεν,
1545 1547 1862 1618 ἐκληπτέον.

288 1627 468 1680 Καλὸν
497 1625 610 1693 οὖν,
643 1631 735 1682 καὶ
763 1632 1124 1685 εύαπόδεκτόν
1168 1636 1317 1688 ἐστιν
1345 1639 1519 1689 ποιεῖν
1544 1638 1605 1691 τὸ
1634 1641 1861 1711 εἰρημέ-

286 1736 395 1772 νον.
431 1720 717 1775 Ἔστωσαν
746 1724 875 1794 γὰρ,
906 1724 1062 1792 φησὶ,
1090 1728 1147 1779 ἐν
1178 1727 1343 1780 παντὶ
1372 1730 1548 1801 καιρῷ
1578 1731 1645 1783 τά
1677 1732 1867 1799 ἱμάτιά

289 1827 381 1863 σου
413 1811 601 1874 λευκὰ,
631 1815 724 1868 καὶ
755 1815 933 1870 ἔλαιον
957 1817 1050 1869 ἐπὶ
1079 1820 1177 1889 τῆς
1211 1819 1452 1889 κεφαλῆς
1480 1838 1573 1874 σου
1606 1820 1682 1892 μὴ
1711 1822 1867 1875 ύστε-

1964 651 2121 691 cussa
2155 634 2522 690 tentationum
2564 635 2731 698 nube,
2765 634 3037 688 serenitas
3086 646 3302 687 amwna
3342 630 3542 683 divina:

1964 726 2153 796 gratia:
2183 726 2483 796 all'ulgetet
2538 725 2874 788 inclarescit,
2906 723 3233 778 incredibile
3278 721 3540 792 gaudium

1965 818 2216 872 inserens
2277 817 2494 871 animae.
2560 836 2578 867 ι
2635 817 2878 885 Tempus
2926 814 3120 885 judicii
3165 833 3183 864 ι
3242 813 3399 867 novit
3448 825 3543 864 cor

1964 910 2251 979 sapientis,
2283 908 2449 978 idque
2481 924 2607 963 cum
2641 924 2671 961 a
2696 908 2841 961 lucta
2865 922 2929 961 ac
2964 904 3250 974 multiiuga
3303 903 3536 971 impres-

1966 996 2121 1051 sione
2153 997 2461 1065 passionem
2486 996 2866 1064 emancipatur
2894 995 3076 1048 anima
3098 1002 3153 1047 et
3179 993 3447 1047 asseritur
3483 992 3538 1045 in

1964 1085 2307 1140 libertatem:
2343 1085 2546 1155 gaudio
2565 1085 2713 1138 enim
2754 1085 2980 1153 perfusa
3003 1085 3175 1139 dicit:
3210 1103 3227 1135 ι
3263 1083 3541 1138 Judicavit

1968 1178 2023 1232 in
2055 1193 2140 1232 me
2172 1179 2317 1232 Deus
2343 1177 2412 1231 de
2454 1176 2773 1230 adversario
2819 1191 2961 1229 meo.
3014 1175 3224 1244 Cuique
3255 1174 3399 1229 enim
3461 1172 3541 1225 rei

1966 1270 2272 1339 praestituta
2305 1278 2435 1323 sunt
2464 1278 2517 1323 et
2564 1277 2781 1335 tempus
2801 1274 2857 1321 et
2881 1266 3150 1337 judicium
3172 1266 3218 1296 ⁷⁸
3250 1284 3264 1319 :
3292 1274 3348 1319 ct
3400 1280 3543 1318 unus

1967 1361 2222 1430 idemque
2252 1376 2515 1415 occursus
2548 1367 2808 1414 occurret
2840 1359 3105 1413 omnibus
3133 1357 3221 1411 his
3244 1358 3289 1389 ⁷⁷
3316 1374 3327 1409 :
3368 1376 3384 1407 ι
3439 1355 3543 1408 hoc

1966 1451 2188 1506 dicitde
2228 1452 2471 1505 hominis
2515 1458 2715 1511 morte,
2767 1458 2993 1519 propter
3032 1449 3157 1505 vitae
3200 1446 3544 1501 incertitudi-

1966 1559 2117 1597 nem.
2181 1543 2399 1597 lnducit
2450 1542 2635 1597 enim:
2693 1561 2710 1593 ι
2769 1542 2908 1608 Quia
2962 1543 3138 1595 nescit
3182 1541 3347 1594 homo
3410 1549 3545 1593 tem-

1967 1635 2129 1705 pus"
2159 1653 2176 1686 ι
2208 1650 2403 1698 suum;
2422 1634 2565 1690 sicut
2588 1635 2769 1705 pisces
2795 1635 2937 1705 capti
2962 1634 3257 1687 verriculo.
3292 1633 3540 1685 Rursus:

1976 1744 1993 1776 ι
2030 1724 2181 1780 Vidit
2231 1740 2452 1779 omnem
2519 1725 2941 1793 occupationem
2983 1738 3147 1792 quam
3201 1721 3355 1775 dedit
3404 1721 3548 1773 Deus

1968 1816 2097 1871 ﬁliis
2140 1818 2449 1881 hominum,
2478 1825 2539 1870 ut
2569 1823 2978 1885 occuparentur
3031 1815 3087 1867 in
3133 1813 3283 1867 ea".
3313 1831 3329 1862 ι
3382 1810 3544 1872 lllud,

291 1905 529 1974 ρησάτω.
552 1926 569 1957 ι
602 1907 916 1971 Τουτέστιν,
939 1912 1004 1964 Δί
1034 1911 1134 1979 μὲν
1166 1914 1393 1983 πράξεις
1421 1914 1517 1983 τῆς
1539 1914 1721 1985 ψυχῆς
1744 1932 1861 1980 σου,

1976 1906 2185 1973 ἔδωκεν,
2221 1908 2418 1971 dedit,
2480 1908 2635 1961 venit
2691 1906 3079 1977 exponendum
3151 1920 3251 1974 pro
3313 1901 3547 1971 συνεχώ-

287 1998 381 2048 καὶ
413 1997 507 2050 τοῦ
540 1998 794 2069 σώματος
839 2001 927 2056 διὰ
974 2003 1177 2067 παντὸς
1208 2003 1451 2058 ἔστωσαν
1499 2005 1735 2075 καθαραὶ
1770 2008 1865 2059 καὶ

287 2086 526 2157 ἄμωμοι.
555 2090 705 2161 Πάση
744 2090 798 2144 δὲ
818 2094 884 2163 τῇ
909 2092 1135 2163 δυνάμει
1164 2112 1279 2160 σου,
1302 2094 1363 2147 τὸ
1388 2094 1564 2148 ἔλαιον
1596 2096 1696 2165 τῆς
1715 2097 1868 2166 ἐλεη-

291 2179 530 2250 μοσύνης
555 2180 642 2234 διὰ
673 2182 783 2234 τῶν
835 2185 1081 2254 πενήτων
1116 2183 1305 2255 ἐπίχεε
1350 2186 1444 2238 ἐπὶ
1477 2186 1576 2257 τὴν
1625 2188 1866 2259 κεφαλήν

289 2288 384 2323 σου
398 2273 647 2343 Χριστόν.
664 2275 834 2337 Αὐτὸς
855 2277 963 2347 γὰρ
981 2278 1013 2348 ἡ
1022 2277 1136 2347 μῶν
1152 2280 1184 2349 ἡ
1203 2278 1434 2347 κεφαλὴ,
1455 2278 1648 2347 λέγων·
1662 2298 1678 2331 ι
1716 2280 1869 2350 Ἐμοὶ

289 2363 577 2433 ἐποιήσατε
588 2366 688 2419 ὅσα
703 2369 816 2431 τοῖς
828 2368 1133 2437 ἐλαχίστοις
1150 2372 1263 2433 τοῖς
1285 2370 1533 2437 ἀδελφοῖς
1559 2389 1658 2439 μου
1683 2372 1869 2441 ἐποιή-

292 2470 441 2507 σατε.
465 2473 483 2506 ι
506 2456 616 2508 Καὶ
648 2456 734 2511 διά
767 2459 860 2512 τοῦ
876 2459 1119 2525 Ἡσαΐου,
1143 2480 1162 2513 ι
1185 2460 1376 2531 Καιρῷ
1399 2461 1572 2532 δεκτῷ
1592 2462 1873 2532 ἐπήκουσά

292 2560 421 2611 σου,
466 2547 559 2599 καὶ
604 2548 863 2620 ἐνήμέρᾳ
904 2550 1177 2621 σωτηρίας
1215 2551 1489 2622 ἐϐοήθησά
1538 2568 1641 2606 σοι.
1684 2570 1705 2605 ι
1740 2553 1869 2606 Ὅτε

289 2631 383 2688 οὖν
408 2632 570 2707 ἦλθεν
615 2642 642 2693 6
668 2639 853 2704 δεκτὸς
896 2642 1106 2713 καιρὸς,
1137 2643 1235 2696 καὶ⁹
1262 2645 1295 2715 ή
1342 2645 1525 2714 ἡμέρα
1556 2643 1657 2715 τῆς
1698 2662 1872 2716 σωτη-

296 2729 414 2797 ρίας
457 2729 615 2799 ἡμῶν
659 2732 692 2801 ὴ
744 2732 925 2803 χάρις,
973 2732 1161 2787 τοῦτον
1206 2736 1234 2787 6
1289 2736 1611 2801 ’Δπόστολος
1643 2754 1871 2807 φανερο-

295 2823 467 2873 ποιῶν
496 2822 587 2875 τὸν
620 2825 829 2894 καιρὸν,
860 2825 1010 2895 λέγει
1030 2842 1043 2855 ·
1076 2845 1095 2878 ι
1144 2827 1275 2881 Ἰδοὺ
1306 2827 1399 2881 νῦν
1422 2830 1612 2903 καιρὸς
1638 2831 1869 2901 εὐπρόσ-

292 2911 503 2978 δεκτος,
536 2915 645 2969 ἰδοὺ
672 2916 768 2971 νῦν
800 2918 981 2989 ἡμέρα
1014 2919 1309 2990 σωτηρίας,
1364 2922 1634 2992 μηδεμίαν
1679 2924 1738 2975 ἐν
1772 2941 1871 2994 μη-

292 3004 407 3057 δενὶ
431 3006 663 3071 διδόντες
693 3011 999 3082 προκοπὴν,
1033 3012 1121 3065 ἵνα
1148 3013 1223 3083 μὴ
1254 3014 1492 3085 μωμηθῇ
1531 3017 1563 3085 ἠ
1592 3014 1834 3071 διακονία
1854 3033 1868 3048 ’

294 3094 431 3147 ἁλλά
461 3096 638 3151 πάντα
668 3098 1018 3170 εὐσχημόνως
1057 3102 1152 3157 καὶ
1196 3104 1337 3159 κατά
1370 3104 1524 3169 τάξιν
1553 3107 1803 3173 γινέσθω.
1848 3127 1865 3159 ι

298 3186 462 3239 Ὅθεν
497 3190 592 3241 καλ⁵
638 3192 666 3242 6
709 3191 910 3261 Κύριος
939 3193 1128 3248 τοῦτον
1156 3195 1438 3261 δεικνύων,
1474 3198 1871 3268 ἐγκαλούμενος

1975 2017 2129 2069 ρησε,
2162 2000 2434 2069 permisit.
2482 1999 2764 2055 Profuerit
2804 1999 2971 2070 igitur
3002 1998 3120 2067 (sed
3166 2005 3222 2051 ct
3271 2012 3359 2051 res
3401 2011 3548 2051 com-

1973 2092 2325 2146 mendatione
2362 2108 2487 2147 cum
2518 2092 2712 2161 primis
2737 2091 2923 2161 digna)
2958 2098 3015 2144 ut
3041 2090 3183 2159 quod
3204 2090 3414 2143 dictum
3440 2098 3546 2152 est,

1972 2182 2310 2253 implendum
2335 2198 2630 2248 curemus;
2666 2198 2863 2251 nempe
2892 2182 3025 2236 illud
3061 2199 3073 2234 :
3109 2201 3125 2232 ι
3164 2180 3377 2234 δῑιιιίιι
3400 2180 3549 2234 omni

1976 2284 2223 2345 tempore
2292 2275 2618 2330 vestimenta
2683 2284 2775 2329 tua
2830 2274 3102 2337 candida,
3156 2282 3211 2327 et
3253 2273 3435 2327 oleum
3494 2271 3550 2325 in

1975 2370 2153 2439 capite
2190 2376 2285 2423 tuo
2318 2383 2385 2422 ne
2413 2368 2744 2422 deiiciat'".
2796 2386 2812 2417 ι
2836 2367 2971 2421 -lloc
2999 2376 3106 2429 est,
3143 2366 3392 2420 actiones
3424 2365 3548 2435 qui—

1976 2461 2098 2515 dem
2129 2460 2324 2514 anima:
2356 2468 2412 2514 ct
2441 2460 2696 2529 corporis
2745 2459 2822 2514 tui
2854 2476 3007 2528 purze
3056 2459 3298 2514 sordimn
3334 2474 3552 2527 semper

1976 2549 2089 2603 sint
2134 2557 2190 2603 et
2247 2550 2561 2620 inculpata»
2623 2550 2785 2604 Omni
2837 2548 3071 2620 proinde
3122 2549 3309 2603 studio
3367 2549 3550 2603 oleum

1974 2641 2343 2711 eleemosynze
2406 2650 2513 2696 tua:
2563 2657 2661 2711 per
2718 2657 3021 2711 pauperum
3080 2634 3274 2694 manus
3329 2640 3552 2695 ell‘umle

1978 2749 2144 2801 super
2188 2742 2354 2804 caput
2400 2742 2578 2798 tuum,
2614 2734 2896 2789 Christum
2929 2734 3212 2789 videlicet.
3254 2735 3373 2803 Ipse
3402 2735 3550 2788 enim

1979 2836 2142 2895 caput
2180 2834 2431 2880 nostrum
2471 2835 2557 2880 est
2598 2826 2694 2895 qui
2727 2826 2896 2880 dicit:
2940 2846 2957 2878 ι
2993 2826 3123 2879 Mihi
3155 2826 3362 2881 fecistis
3401 2842 3553 2896 quze-

1978 2932 2197 2986 cunque
2218 2917 2484 2971 fratribus
2520 2918 2658 2972 meis
2692 2918 2935 2972 minimis
2972 2917 3260 2971 fecistis“.
3304 2937 3321 2969 ι
3360 2918 3427 2971 Ει
3455 2933 3554 2987 per

1978 3006 2199 3061 Isaiam:
2235 3007 2542 3077 «Tempore
2568 3016 2794 3077 accepto
2821 3008 3074 3062 cxaudivi
3102 3019 3176 3073 te,
3199 3017 3254 3063 et
3275 3009 3329 3062 in
3356 3008 3444 3063 die
3470 3024 3555 3062 sa-

1978 3098 2111 3152 lutis
2131 3099 2321 3153 audivi
2342 3108 2394 3153 te
2418 3100 2485 3153 3‘.
2520 3118 2538 3151 ι
2571 3100 2715 3155 Sane
2744 3108 2962 3170 tempus
2987 3101 3123 3154 illud
3153 3100 3233 3155 sic
3258 3108 3554 3170 acceptum

1981 3189 2074 3244 ubi
2098 3189 2322 3245 advenit
2353 3199 2410 3245 et
2452 3191 2573 3246 dies
2605 3192 2801 3247 salutis
2855 3202 3074 3255 nostrae,
3113 3208 3309 3262 nempe
3342 3192 3552 3262 gratia:

295 3278 399 3331 ὑπὸ
446 3279 556 3331 τῶν
596 3281 1000 3352 Γραμματέων,
1048 3287 1145 3340 καὶ
1189 3288 1520 3358 Φαρισαίων,
1555 3290 1642 3344 διὰ
1689 3290 1743 3343 τί
1796 3291 1870 3361 μὴ

1976 3291 2109 3337 tunc
2129 3283 2489 3353 etApostolus
2511 3285 2647 3339 illud
2665 3286 2813 3340 velut
2838 3286 3020 3341 indice
3044 3285 3393 3340 manifestius
3426 3300 3556 3355 pro-

296 3370 649 3441 νηστεύουσιν
677 3373 727 3425 οἱ
764 3375 1005 3447 μαθητώ⁸
1038 3377 1225 3443 αὐτοῦ,
1260 3380 1620 3451 ἐπεστόμισεν
1650 3382 1868 3447 αὐτοὺς,

296 3461 500 3530 λέγων’
540 3481 558 3516 ι
612 3463 703 3535 Μὴ
745 3464 998 3520 δύνανται
1045 3468 1094 3522 οἱ
1145 3471 1249 3522 υἱοὶ
1295 3468 1390 3522 τοῦ
1437 3471 1747 3540 νυμφῶνος,
1787 3472 1872 3541 ἐφ’

295 3553 418 3606 ὅσον
446 3554 639 3624 χρόνον
671 3556 789 3624 μετ’
819 3558 999 3611 αὐτῶν
1028 3560 1056 3612 6
1081 3560 1314 3630 νυμφίος
1341 3561 1519 3625 ἐστὶν,
1553 3562 1837 3633 νηστεύειν
1857 3580 1870 3595 ·

294 3646 609 3702 ἐλεύσονται
652 3648 709 3702 δὲ
763 3650 987 3721 ἡμέραι,
1047 3652 1176 3705 ὅταν
1220 3654 1441 3725 ἀπαρθῇ
1492 3655 1587 3707 ἀπ’
1620 3654 1801 3709 αὐτῶν
1846 3655 1874 3708 6

296 3740 558 3809 νυμφίος,
609 3742 705 3794 καὶ
749 3743 872 3795 τότε
929 3746 1316 3814 νηστεύσουσιν
1364 3750 1420 3801 ἐν
1470 3748 1709 3812 ἐκείναις
1759 3750 1878 3811 ταῖς

296 3830 552 3900 ἡμέραις.
606 3852 624 3885 ι
667 3834 827 3904 Αὐτῷ
870 3837 902 3905 ὴ
933 3836 1059 3902 δόξα
1086 3838 1165 3907 τῷ
1195 3837 1449 3910 ἀθανάτῳ
1475 3840 1695 3910 νυμφίῳ
1736 3842 1874 3911 Χρι-

300 3918 411 3988 στῷ
441 3920 521 3990 τῷ
570 3921 689 3992 Θεῷ
738 3925 898 3993 ἡμῶν
935 3928 1014 3990 εἰς
1059 3928 1186 3992 τοὺς
1236 3930 1440 3993 αἰῶνας
1486 3930 1597 3982 τῶν
1641 3928 1871 3983 αἰώνων.

318 4006 512 4081 Ἀμήν.

1975 3373 2133 3439 deus,
2162 3375 2239 3429 ait
2259 3391 2271 3427 :
2288 3374 2457 3431 «Ecce
2482 3393 2631 3433 nunc
2656 3385 2875 3447 tempus
2892 3378 3251 3448 acceptabile,
3273 3378 3394 3434 dies
3413 3380 3557 3434 salu-

1982 3468 2083 3531 tis,
2117 3468 2331 3522 nemini
2352 3468 2549 3523 dantes
2576 3470 2745 3524 ullam
2773 3471 3243 3536 oﬂ‘ensionem,ut
3272 3487 3383 3526 non
3408 3472 3556 3525 vitu-

1982 3567 2209 3627 peretur
2232 3558 2599 3612 ministerium
2626 3569 2898 3624 nostrum,
2922 3560 3014 3613 sed
3037 3560 3267 3615 honeste
3286 3570 3341 3615 et
3357 3575 3555 3614 secun-

1982 3648 2113 3703 dum
2158 3649 2413 3703 ordinem
2466 3650 2655 3705 omnia
2698 3651 2930 3706 fiant“:
2963 3670 2981 3702 ι
3021 3651 3174 3707 Unde
3201 3662 3256 3706 et
3289 3652 3558 3707 Dominus

1984 3743 2091 3797 hoc
2139 3742 2319 3812 ipsum
2373 3751 2594 3812 tempus
2649 3742 2940 3809 indicans,
3008 3759 3133 3799 cum
3201 3753 3559 3799 accusaretur

1983 3850 2013 3889 a
2047 3833 2257 3889 Scribis
2290 3843 2346 3887 et
2372 3834 2665 3889 Phariszeis
2707 3845 3001 3905 propterea
3033 3836 3182 3906 quod
3212 3836 3360 3891 illius
3394 3836 3561 3891 disci-

1983 3925 2099 3996 puli
2158 3924 2480 3995 neutiquam
2534 3926 2847 3996 jejunarent
2892 3943 2907 3981 :
2951 3944 3051 3983 ora
3092 3928 3310 3982 illorum
3351 3936 3558 3984 temere

1979 4028 2035 4072 et
2062 4015 2410 4085 impudenter
2429 4016 2760 4071 oblatrantia
2777 4019 3370 4086 compescuit,dicens:
3399 4040 3415 4070 ι
3442 4021 3557 4073 Non

303 4111 533 4168 possunt
556 4102 649 4157 lilii
685 4107 893 4175 sponsi,
926 4119 1133 4178 quanto
1157 4120 1404 4181 tempore
1431 4128 1669 4183 sponsus
1698 4122 1782 4168 est
1811 4126 1934 4166 cum
1960 4110 2063 4173 eis,
2081 4109 2358 4179 jejunare:
2383 4108 2611 4162 venient
2636 4116 2818 4163 autem
2843 4109 2980 4172 dies,
3005 4125 3129 4163 cum
3156 4111 3372 4165 ablatus
3392 4112 3559 4165 fuerit

300 4194 372 4245 ab
418 4196 501 4249 eis
543 4210 778 4265 sponsus
802 4239 816 4262 ,
869 4208 1001 4256 tunc
1050 4204 1376 4274 jejunabunt
1414 4206 1469 4261 in
1502 4208 1612 4263 illis
1641 4207 1838 4262 diebus
1854 4206 1921 4259 ⁸³.
1965 4222 1983 4256 ι
2035 4201 2140 4272 Ipsi
2174 4216 2375 4271 sponso
2411 4200 2707 4256 immortali
2757 4202 2979 4257 Christo
3007 4203 3122 4257 Deo
3154 4213 3341 4260 nostro
3376 4206 3548 4275 gloria

304 4284 360 4338 in
396 4288 594 4341 saecula
619 4292 974 4347 saeculorum.
1016 4294 1217 4350 Amen.

917 4405 1134 4459 ΛΟΓΟΣ
1166 4408 1278 4475 rex

733 4514 867 4582 Περὶ
899 4515 1005 4569 τοῦ
1037 4518 1449 4588 συμπάσχειν.

374 4602 445 4653 Τὸ
478 4605 825 4673 συμπάσχειν
856 4606 1135 4677 ἀλλήλοις,
1167 4612 1261 4661 καὶ
1292 4612 1598 4681 συναλγεῖν,
1651 4616 1877 4686 συντρέ-

302 4710 419 4762 χειν
467 4696 673 4758 tanta).
724 4702 1053 4770 συγκοπιᾷν,
1112 4702 1407 4773 εὐάρεστόν
1434 4706 1581 4760 ἐστιν
1628 4706 1707 4777 τῷ
1735 4708 1873 4779 Θεῷ.

2428 4398 2643 4471 ιιιη,
2665 4398 2947 4455 llOMlLlA
2981 4400 3143 4455 XCII.

1979 4511 2180 4567 Aliena:
2195 4511 2497 4568 calamitati
2512 4514 2938 4569 indolescendum
2958 4518 3336 4588 compassionis
3355 4520 3557 4589 affectu.

2055 4603 2136 4659 Ob
2163 4604 2396 4658 alienam
2424 4606 2789 4659 calamitatem
2840 4609 2963 4677 angi
3006 4608 3211 4674 animo,
3260 4611 3563 4664 incommo-

1984 4696 2176 4766 disque
2201 4697 2579 4766 proximorum
2617 4698 2883 4752 mutuiter
2912 4700 3326 4764 condolescere,
3360 4701 3559 4755 suffra—

303 4784 414 4836 Καὶ
444 4785 553 4855 γὰρ
604 4766 989 4859 χρεωστοῦμεν
1040 4766 1509 4865 τοῦτο’πράττειν
1557 4796 1633 4861 ὡς
1678 4766 1870 4863 δοῦλοι,

1985 4788 2099 4859 gari
2128 4774 2285 4843 item.
2315 4800 2371 4843 et
2406 4788 2765 4853 collaborare,
2801 4806 2964 4859 quam
3008 4791 3079 4844 sit
3117 4793 3228 4847 Deo
3262 4794 3561 4863 gratiosum

304 4874 401 4926 καὶ
457 4875 740 4947 πάρεδροι,
780 4880 873 4930 καὶ
917 4881 1185 4952 ὑπηρέται
1223 4886 1316 4938 τοῦ
1366 4886 1500 4939 Θεοῦ
1532 4889 1726 4956 Λόγου.
1759 4890 1880 4943 ’Ἰνα

305 4966 679 5038 εύαρέσωμεν,
704 4962 748 5036 ᾧ
774 4971 1240 5045 ἐστρατεύθημεν.
1282 4978 1399 5045 Ἀφ’
1432 4972 1493 5032 οὗ
1522 4981 1614 5033 καὶ
1640 4982 1710 5034 τὰ
1737 4982 1881 5052 ὀψώ-

305 5075 392 5109 νια
427 5054 790 5129 κομισόμεθα.
810 5062 1003 5133 Ψυχὴν
1042 5065 1595 5139 ἐλεήμοναξκέκτηται
1615 5071 1643 5122 6
1662 5087 1881 5140 συμπα-

306 5145 422 5215 θής.
473 5147 530 5199 Ὀ
557 5148 665 5219 γάρ
689 5148 788 5219 τὴν
819 5151 998 5221 ψυχὴν
1041 5154 1296 5224 τοιαύτην
1329 5154 1491 5224 ἔχων,
1528 5155 1705 5209 πάντα
1746 5160 1877 5210 ἁνα-

306 5235 497 5289 6).ύσει
530 5238 597 5291 τὰ
631 5240 789 5295 καλά.
820 5242 937 5295 Κᾶν
956 5243 1065 5313 γάρ
1091 5246 1349 5315 χρήματα
1379 5246 1513 5316 ἔχει,
1544 5248 1843 5318 προήσεται
1869 5264 1880 5277 °

310 5327 411 5379 κᾶν
474 5328 532 5382 ἐν
570 5335 874 5403 συμφοραῖς
930 5334 1014 5404 ἴδῃ
1048 5336 1190 5399 τινά,
1258 5337 1573 5403 κλαύσεται,
1612 5339 1717 5392 κᾶν
1744 5341 1883 5407 ἐπη-

312 5418 625 5490 ρεαζομένῳ
646 5422 942 5495 περιτύχῃ,
976 5427 1129 5495 χεῖρα
1150 5426 1347 5495 ὀρέξει,
1376 5430 1470 5482 καὶ
1500 5430 1675 5482 οὐδενὶ
1708 5447 1887 5500 παρα-

312 5508 486 5579 λείψει
516 5511 626 5564 τῶν
662 5514 743 5577 είς
783 5515 944 5568 αὐτὸν
973 5516 1305 5585 φθανόντων.
1326 5520 1745 5591 ’Δγωνισώμεθα
1771 5518 1885 5585 οὖν,

312 5601 402 5654 ἵνα
427 5604 459 5671 ή
490 5603 671 5669 πίστις
703 5606 880 5676 ἡμῶν,
915 5607 1009 5661 καὶ
1036 5611 1069 5679 ἡ
1094 5610 1306 5681 ἀγάπη,
1330 5612 1423 5664 καὶ
1451 5613 1483 5681 ἡ
1515 5612 1780 5681 ὑπομονὴ,
1813 5612 1888 5674 ὡς

385 5781 444 5859 '_‘_
471 5782 603 5859 Luc.
632 5802 784 5845 XVIII,
819 5789 870 5849 5,
907 5790 956 5847 7,
987 5788 1037 5859 8,
1150 5790 1190 5818 ⁷⁷
1227 5791 1373 5842 Eccl.
1410 5809 1489 5851 l'l,
1526 5793 1542 5843 l
1575 5808 1727 5859 seqq.

312 5848 358 5883 ⁸¹¹
400 5853 590 5909 Matth.
625 5873 745 5920 xxv,
777 5859 864 5913 40.
941 5859 983 5889 θ’
1018 5858 1116 5911 lsa.
1147 5876 1287 5924 XLIX,
1317 5862 1365 5914 8.

416 6052 440 6079 ν

1832 5792 1874 5821 ⁷⁸
1908 5792 2086 5844 ΙσίιιιἸῡ.
2119 5808 2190 5852 ιτ,
2230 5792 2306 5845 l“2.

1443 5863 1484 5893 ’δν
1511 5864 1631 5917 Cor.
1663 5878 1731 5927 vl,
1764 5861 1818 5923 2,
1846 5862 1897 5915 ὃ.
1977 5862 2019 5892 ⁸³
2053 5863 2238 5917 Matth.
2262 5880 2332 5931 lx,
2374 5863 2459 5918 l5.

1985 4886 2041 4931 et
2077 4888 2385 4947 acceptum,
2413 4880 2537 4947 quis
2574 4880 2847 4949 explicet?
2894 4881 3007 4937 Hoc
3032 4883 3236 4937 ctenim
3301 4885 3479 4953 reipsa
3504 4894 3563 4939 ut

1989 4977 2331 5037 pnestemus,
2352 4971 2433 5024 vel
2462 4970 2649 5025 debito
2699 4972 3118 5042 obstringimur,
3163 4984 3223 5029 ut
3280 4976 3373 5044 qui
3418 4977 3561 5030 servi

1987 5075 2208 5123 sumus,
2253 5076 2559 5116 assessores
2588 5070 2643 5116 et
2673 5064 3015 5118 subminislri
3052 5066 3147 5120 Dei
3177 5068 3360 5127 Verbi.
3395 5079 3454 5122 ut
3484 5069 3562 5121 illi

1988 5165 2090 5204 nos
2113 5152 2410 5220 probemus
2450 5152 2503 5205 in
2534 5153 2692 5222 cujus
2714 5154 3071 5208 accenturiati
3095 5172 3286 5211 sumus
3310 5168 3365 5212 et
3388 5159 3559 5211 ascri-

1990 5242 2069 5312 pti
2092 5243 2367 5307 militiam,
2399 5258 2564 5313 aquo
2600 5244 2871 5298 relaturos
2912 5260 3013 5299 nos
3051 5247 3321 5315 stipendia
3354 5258 3563 5301 na\at:e

1990 5332 2277 5403 insigniter
2306 5349 2487 5403 operae
2516 5343 2669 5388 certo
2695 5334 2919 5389 scimus.
2966 5337 3215 5390 Animam
3268 5340 3455 5407 utique
3494 5338 3559 5390 ad

1991 5422 2166 5478 oliicia
2199 5426 2519 5481 exercenda:
2556 5427 2777 5496 pietatis
2806 5442 2935 5498 erga
2964 5429 3244 5497 proximos
3278 5430 3415 5481 mire
3460 5428 3557 5480 ha-

1992 5517 2084 5570 bet
2119 5518 2440 5586 proclivem,
2467 5519 2720 5589 quisquis
2749 5519 2829 5574 sic
2862 5520 3205 5575 condolescit
3234 5520 3426 5574 alicnre
3472 5518 3560 5572 in-

1992 5611 2262 5666 felicitati.
2298 5611 2401 5678 Qui
2451 5613 2612 5667 talem
2668 5614 2913 5683 possidet
2957 5613 3217 5677 animam,
3276 5611 3411 5665 nihil
3453 5626 3561 5663 non

2414 5793 2457 5824 "
2487 5793 2663 5848 Ecclc.
2688 5811 2722 5857 ι,
2766 5794 2846 5847 15.
2964 5793 3027 5823 τ’·
3060 5790 3227 5845 Eccli.
3259 5806 3436 5854 χχχιχ,
3472 5788 3561 5843 3|.
