4028 6522
548 414 686 480 1715

1806 419 2181 480 ANTIOCHI
2210 420 2548 480 MONACHI

3643 414 3765 478 1716

545 540 816 593 bonorum
862 553 929 591 ex
979 552 1058 601 se,
1094 543 1350 606 tanquam
1375 551 1443 591 ex
1468 536 1626 591 illimi
1677 538 1934 607 quapiam
1967 536 2116 590 fonte

2223 554 2289 589 πε
2298 536 2625 606 ρικεφαλαία
2660 524 2753 588 καί
2772 532 2848 596 ὼς
2869 532 3016 603 δόρυ,
3047 531 3137 584 καὶ
3165 529 3438 584 πανοπλία
3462 529 3593 599 ἡμῖν
3615 529 3766 584 εστω-

546 632 696 693 edet,
731 641 787 685 et
822 630 876 684 in
906 631 1106 685 cwlum
1141 630 1491 685 transcribet.
1539 629 1695 695 Quod
1753 633 1799 685 si
1829 630 2119 684 facultates

548 723 879 778 habneritet
911 722 1209 792 peculium.
1235 721 1376 775 nihil
1416 721 1693 776 dubitabit
1721 722 1776 775 in
1820 722 1967 775 hunc
2001 721 2119 790 pie-

550 817 679 870 tatis
702 830 860 869 usum
894 815 1221 883 depromere
1247 822 1412 883 atque
1432 813 1728 868 insumere.
1762 812 1821 867 Si
1851 827 2014 882 quem
2040 812 2121 866 vi-

549 907 695 961 derit
725 906 1034 960 calamitate
1078 904 1274 974 premi,
1312 914 1634 975 prorumpct
1688 905 1743 958 in
1794 903 2021 969 ﬂetum;
2072 902 2119 958 si

550 1012 715 1065 quem
767 996 1097 1064 compererit
1169 996 1472 1067 oppugnari
1534 996 1842 1061 calumnia,
1898 1012 2119 1049 manum

552 1087 629 1140 illi
658 1087 975 1158 exporriget
1008 1088 1355 1151 auxiliarem,
1386 1102 1491 1143 nec
1521 1088 1619 1141 ulli
1644 1087 1737 1140 alii
1771 1088 1933 1141 talem
1957 1086 2119 1141 dese-

554 1190 655 1242 ret,
713 1187 986 1248 quotquot
1030 1180 1094 1232 ad
1131 1195 1190 1233 se
1237 1179 1611 1249 pervenerint.
1644 1177 1907 1233 Certatim
1955 1178 2123 1248 igitur

553 1268 975 1334 contendamus,
1012 1278 1073 1322 ut
1103 1268 1239 1323 ﬁdes
1274 1278 1485 1332 nostra,
1522 1268 1789 1331 charitas,
1833 1268 2120 1336 patientia,

557 1371 811 1428 tanquam
856 1359 1031 1429 galea,
1073 1368 1129 1413 ct
1168 1358 1324 1429 quasi
1380 1358 1554 1422 hasta,
1588 1358 1875 1428 omnisque
1912 1358 2124 1427 species

556 1461 854 1509 armorum,
885 1462 986 1500 nos
1013 1446 1068 1499 in
1098 1447 1386 1516 procinctu
1438 1446 1714 1515 spirituali
1745 1457 2121 1511 conserentes,

556 1538 986 1592 circutnsistant.
1042 1537 1537 1608 Longanimitatem
1588 1548 1831 1593 mutuam
1888 1538 2124 1592 invicem

556 1635 899 1692 praestemus,
934 1626 1098 1682 vitam
1126 1628 1266 1681 hanc
1290 1627 1573 1697 exigamus
1595 1626 1650 1679 in
1700 1626 2126 1681 mansuetudine

555 1728 611 1771 et
640 1717 1029 1785 placabilitate,
1065 1726 1127 1772 ut
1156 1727 1213 1773 et
1240 1717 1528 1772 nobiscum
1554 1718 1719 1772 Deus.
1751 1717 2037 1788 Abjectum
2072 1727 2128 1773 et

556 1808 819 1863 humilem
857 1808 1286 1878 illacrymantem
1340 1823 1408 1862 ne
1447 1807 1801 1876 contemptim
1836 1818 2129 1877 praeterea-

557 1915 701 1964 mus,
741 1908 801 1953 ut
831 1915 899 1953 ne
928 1899 1179 1970 lacrymaa
1207 1908 1455 1969 tempore
1484 1899 1751 1953 orationis
1770 1898 1925 1963 fusae,
1952 1914 1983 1953 a
2008 1899 2121 1953 Deo

556 1991 856 2060 despectim
897 1990 1207 2045 videantur.
1241 1990 1296 2045 Si
1326 2006 1433 2059 qua
1469 1990 1689 2045 interim
1720 1991 1956 2061 gratuita
1979 1992 2121 2045 dona

555 2081 921 2150 possidemus,
941 2079 1145 2150 nequid
1171 2080 1299 2134 hinc
1320 2080 1480 2135 nobis
1502 2096 1839 2151 arrogemus,
1866 2081 2000 2151 quin
2028 2097 2121 2151 po-

556 2172 666 2226 tius
693 2172 782 2241 pio
804 2171 1006 2226 affectu
1049 2171 1480 2241 compartiamur
1506 2186 1617 2226 non
1645 2171 1891 2236 habenti,
1944 2186 2121 2242 eoque

552 2260 839 2315 nobiscqu
872 2260 924 2315 id
954 2260 1083 2315 doni
1109 2260 1164 2314 in
1200 2260 1364 2315 finem
1409 2275 1582 2329 usque
1610 2261 1975 2330 permanebit.
2034 2260 2122 2315 Di-

552 2353 629 2407 cit
670 2353 835 2422 igitur
881 2353 973 2422 qui
1026 2352 1171 2407 inter
1203 2352 1411 2421 primos
1450 2352 1506 2406 in
1539 2350 1857 2420 proximum
1914 2351 2119 2406 affectu

551 2446 899 2515 pientissimo
920 2446 1119 2515 legitur
1170 2445 1342 2500 fuisse
1379 2445 1523 2501 Job:
1564 2462 1582 2496 ι
1628 2445 1742 2514 Ego
1782 2454 1966 2498 autem
2022 2461 2118 2499 su-

551 2554 652 2609 per
680 2539 828 2594 omni
872 2538 1171 2607 impotente
1202 2537 1350 2603 flevi,
1384 2538 1624 2608 ingemui
1664 2554 1819 2603 vero,
1869 2539 1916 2592 si
1956 2554 2120 2607 quem

550 2631 662 2686 vidi
686 2632 864 2684 virum
884 2630 1148 2684 afﬂictum
1171 2630 1523 2695 necessitate,
1556 2640 1612 2685 et
1640 2630 1788 2700 quod
1815 2630 1862 2685 si
1893 2628 2121 2700 despexi

551 2718 785 2783 nudum,
827 2732 930 2771 nec
964 2718 1159 2772 vestivi
1186 2734 1313 2771 eum
1344 2719 1389 2750 3‘
1424 2736 1437 2772 :
1478 2738 1497 2770 ι
1541 2720 1608 2776 Ει
1644 2738 1662 2771 ι
1721 2719 1897 2775 Ianua
1938 2730 2123 2776 autem

551 2827 672 2864 mea
707 2810 964 2865 omnibus
992 2819 1179 2880 aperta
1203 2811 1309 2867 fuit
1339 2812 1405 2867 ⁸⁸.
1439 2832 1457 2864 ι
1485 2813 1691 2868 Eodem
1724 2815 1952 2885 respicit
1989 2815 2119 2871 illud

551 2899 737 2955 Tobiae
772 2919 784 2952 :
816 2920 833 2952 ι
873 2902 1263 2973 Eleemosynas
1288 2903 1487 2958 multas
1507 2903 1816 2960 faciebam:
1843 2905 2123 2976 siquando

550 2993 809 3047 videbam
840 3002 1086 3049 mortuos
1114 2994 1169 3048 in
1195 2995 1421 3049 humum
1450 2996 1751 3066 projectos,
1796 2998 2121 3068 colligebam

550 3094 609 3138 et
646 3084 978 3152 sepeliebam
1001 3100 1096 3139 eos
1116 3082 1185 3140 ⁸⁸.
1219 3105 1235 3136 ι
1265 3086 1535 3156 Propheta
1554 3086 1730 3143 Osee:
1769 3107 1787 3141 ι
1818 3090 2120 3160 Persequa-

2222 644 2341 692 σαν,
2371 624 2854 697 μακροθυμοῦντες
2884 624 3002 693 μετ’
3037 622 3309 692 ἀλλήλων,
3331 621 3421 681 καὶ
3442 622 3502 674 ἐν
3520 622 3766 690 πραότητι

2219 720 2520 788 διάγοντες,
2554 718 2631 781 ὡς
2654 717 2749 771 καὶ
2802 718 2829 770 ὁ
2858 715 2991 777 Θεὸς
3033 714 3152 785 μεθ’
3186 712 3364 782 ἡμῶν.
3396 710 3658 765 Tan-retva
3685 712 3769 764 δα-

2221 810 2457 881 κρύοντα
2480 811 2554 880 μὴ
2582 808 2920 878 παρίδωμεν,
2940 806 3025 858 ἵνα
3048 806 3123 874 μὴ
3150 801 3402 873 παροφθῇ
3425 801 3491 854 τά
3506 804 3602 865 τῆς
3622 804 3770 870 εὐχῆς

2221 884 2378 974 ἡμῶν
2408 904 2636 973 δάκρυα.
2663 901 2771 954 Kal
2806 900 2901 953 ἐάν
2927 917 2979 951 τι
3000 899 3248 968 χάρισμα
3274 894 3507 965 ἔχωμεν,
3540 897 3614 965 μὴ
3648 896 3767 955 ἀλα-

2222 991 2754 1063 ζονευώμεθα,’ἀλλά
2795 988 3243 1059 συμπαθήσωμεν
3288 988 3401 1049 τοῖς
3435 987 3509 1056 μὴ
3544 986 3769 1055 ἔχουσιν,

2223 1089 2314 1142 καὶ
2354 1086 2670 1156 παραμείνῃ
2701 1086 2832 1155 ἡμῖν
2856 1084 2916 1135 τὸ
2943 1081 3177 1152 δώρημα
3213 1080 3318 1143 ἕως
3372 1078 3579 1139 τέλους.
3627 1079 3771 1145 Λέγει

2221 1180 2318 1233 οὖν
2348 1179 2565 1249 πρῶτος
2592 1179 2621 1230 ό
2666 1174 3116 1245 συμπαθέστατος
3156 1171 3305 1224 Ἰώσ·
3346 1189 3364 1222 ι
3420 1167 3566 1237 Ἐγὼ
3619 1168 3671 1220 δὲ
3695 1172 3773 1222 ἐπὶ

2224 1271 2387 1326 παντὶ
2408 1270 2653 1338 ἀδυνάτῳ
2680 1267 2917 1320 ἔκλαυσα
2938 1281 2951 1296 ·
2984 1261 3246 1327 ἐστέναξα
3267 1263 3344 1325 δὲ,
3380 1261 3505 1314 ίδὼν
3534 1259 3698 1329 ἄνδρα
3724 1262 3773 1312 ἐν

2225 1363 2507 1429 ἀνάγκαις·
2524 1380 2540 1411 ι
2563 1359 2677 1414 καὶ.
2711 1377 2729 1410 ι
2750 1358 2813 1410 EI
2835 1357 2891 1409 δέ
2914 1356 3008 1410 καὶ
3024 1354 3309 1425 ὑπερεῖδον
3328 1352 3559 1422 γυμνὸν,
3586 1352 3675 1403 καὶ
3690 1352 3774 1403 οὐκ

2224 1453 2497 1522 ἡμφίασα.
2536 1469 2554 1502 ι
2612 1448 2742 1511 Kal,
2785 1447 2889 1500 «Ἦ
2940 1446 2999 1499 δὲ
3031 1446 3171 1515 θύρα
3209 1462 3310 1515 μου
3375 1443 3541 1496 παντὶ
3589 1440 3776 1493 ἐλθόντι

2225 1544 2485 1615 ὴνέῳκτο.
2536 1562 2555 1596 ι
2610 1542 2882 1604 Ὡσαύτως
2915 1539 3012 1593 xal
3050 1537 3353 1601 ότωείας·
3402 1556 3421 1588 ι
3468 1534 3777 1603 Ἔλεημοσύ-

2227 1652 2320 1699 νας
2340 1635 2506 1704 φησὶν
2527 1633 2727 1697 πολλὰς
2746 1617 2980 1685 ἐποίουν.
3006 1632 3115 1684 Kal
3130 1633 3260 1684 ὅταν
3273 1627 3543 1698 ἐθεώρουν
3566 1626 3777 1678 τεθνεῶ-

2226 1744 2324 1788 τας
2345 1724 2729 1797 ἐρῤιμμένους,
2750 1721 3116 1788 συνέστελλον,
3146 1720 3241 1775 καὶ
3266 1719 3501 1773 ἔθαπτον
3527 1717 3733 1779 αὐτούς.
3756 1736 3773 1768 ι

2157 1868 2199 1922 Β
2239 1817 2297 1870 '0
2320 1816 2376 1870 δὲ
2407 1816 2695 1886 προφήτης
2733 1812 2892 1883 Ὤσηέ
2924 1828 3120 1881 φησιν·
3152 1830 3171 1863 ι
3200 1808 3495 1880 Διώξωμεν
3521 1807 3615 1861 τοῦ
3653 1808 3778 1875 γνῶ-

2226 1925 2315 1959 ναι
2339 1907 2432 1961 τὸν
2461 1906 2687 1977 Κύριον,
2724 1904 2857 1957 διότι
2909 1902 3058 1956 ἔλεον
3103 1901 3269 1967 θέλει,
3304 1902 3402 1954 καὶ
3438 1899 3664 1952 θυσίαν·
3699 1897 3779 1951 καὶ

2223 1996 2516 2064 ἐπίγνωσιν
2544 1992 2704 2059 Θεοῦ,
2731 1993 2763 2064 ἢ
2797 1990 3255 2059 ὁλοκαυτώματα.
3293 2009 3310 2041 ι
3346 1990 3459 2042 Kal
3479 1990 3509 2041 ό
3534 1987 3776 2056 Μιχαίας,

2228 2106 2246 2138 ι
2267 2086 2612 2158 Είάνηγγέλη
2631 2102 2733 2150 σοι,
2751 2084 3027 2155 ἄνθρωπε.
3055 2082 3109 2136 τί
3129 2082 3317 2147 καλὸν,
3341 2081 3375 2153 ἢ
3396 2079 3451 2133 τί
3472 2078 3675 2149 Κύριος
3696 2082 3777 2131 ἐκ·

2223 2182 2379 2252 ζητεῖ
2400 2181 2552 2252 παρά
2575 2179 2689 2243 σοῦ,
2722 2178 2837 2233 ἀλλ’
2856 2177 2889 2245 ἢ
2918 2176 3013 2230 τοῦ
3038 2176 3211 2229 ποιεῖν
3232 2176 3427 2243 κρῖμα,
3455 2172 3555 2226 καὶ
3580 2172 3778 2239 ἀγαπᾷν

2224 2274 2440 2338 Eleo“.
2473 2271 2625 2341 Ἔχει
2650 2269 2706 2322 δὲ
2736 2268 2829 2322 καὶ
2852 2268 2910 2320 ἐν
2930 2268 2997 2337 τῇ
3029 2264 3221 2335 Σοφίᾳ,
3251 2282 3269 2315 ι
3292 2261 3487 2315 Ῥῦσαι
3510 2259 3777 2327 ἀπαγομέ-

2222 2384 2346 2430 νους
2391 2368 2475 2430 είς
2520 2364 2782 2417 θάνατον·
2841 2360 2939 2414 καὶ
2987 2358 3216 2428 ἐκπρίου
3267 2352 3680 2424 κτεινομένους,
3716 2351 3776 2421 μὴ

2225 2459 2405 2529 φείση.
2444 2477 2461 2510 ι
2505 2457 2565 2510 '0
2590 2456 2648 2509 δὲ
2693 2452 2979 2515 Ἰάκωϐος·
3019 2469 3037 2503 ι
3104 2448 3228 2502 Ἑάν
3256 2446 3491 2515 ἀδελφὸς
3530 2446 3562 2514 ἢ
3594 2442 3776 2515 ἀδελθῆ

2222 2550 2422 2622 γυμνοὶ
2468 2547 2827 2618 ὑπάρχουσιν,
2874 2545 2970 2598 καὶ
2998 2540 3313 2611 λειπόμενοι
3361 2542 3465 2609 τῆς
3514 2536 3776 2605 ἐφημέρου

2222 2643 2447 2715 τροφῆς,
2473 2641 2615 2694 εῐποι
2637 2638 2695 2692 δέ
2716 2656 2800 2701 τις
2820 2637 3025 2699 αὐτοῖς,
3045 2632 3339 2700 Ὑπάγετε,
3366 2631 3424 2683 ἐν
3457 2630 3651 2700 εἰρήνῃ
3673 2627 3779 2695 θερ-

2227 2734 2504 2807 μαίνεσθε,
2553 2731 2648 2785 καὶ
2692 2726 3044 2801 χορτάζεσθε,
3100 2726 3173 2795 μὴ
3223 2723 3359 2778 δῶτε
3415 2721 3477 2774 δὲ
3512 2720 3777 2780 αὐτοῖςτά

2223 2827 2504 2896 ἐπιτήδεια
2550 2822 2648 2878 τοῦ
2686 2821 2956 2892 σώματος,
2999 2818 3052 2872 τί
3077 2816 3136 2870 τδ
3167 2815 3396 2884 δφελος;
3462 2831 3481 2865 ι
3534 2810 3778 2880 Παραινεί

2221 2920 2279 2973 δὲ
2306 2920 2402 2973 καὶ
2427 2921 2453 2972 ὁ
2482 2915 2693 2979 Παῦλος
2712 2929 2728 2946 ·
2766 2932 2785 2965 ι
2807 2909 3130 2965 Ἐνδύσασθε
3156 2905 3269 2973 οῦν,
3302 2906 3379 2969 ὡς
3400 2902 3655 2959 ἐκλεκτοὶ
3695 2903 3778 2954 τοῦ

2223 3010 2379 3075 Θεοῦ,
2404 3009 2571 3077 άγιοι,
2600 3007 2692 3060 καὶ
2722 3003 3095 3074 ἠγαπημένοι,
3144 2999 3432 3067 σπλάγχνα
3482 2992 3777 3064 οἰκτιρμοῦ,

2222 3101 2586 3173 χρηστότητα,
2620 3090 3144 3164 ταπεινοφροσύνην,
3206 3089 3523 3160 πραότητα,
3588 3100 3776 3154 μακρο-

552 3190 698 3237 mur,
730 3184 790 3227 ut
813 3189 1208 3241 cognoscamus
1235 3175 1547 3239 Dominum,
1584 3186 1809 3246 propter
1836 3179 1983 3248 quod
2022 3180 2121 3234 mi-

2226 3192 2447 3263 θυμίαν,
2501 3190 2821 3259 ἀνεχόμενοι
2884 3184 3151 3255 ἀλλήλων.
3190 3201 3209 3234 ι
3242 3181 3383 3250 Φησὶ
3420 3178 3481 3231 δὲ
3514 3178 3611 3230 καὶ
3667 3174 3781 3243 περὶ

554 3265 911 3319 sericordiam
937 3266 1056 3320 vult
1103 3274 1159 3320 et
1206 3282 1315 3320 non
1343 3266 1699 3330 sacrificium,
1730 3278 1786 3324 et
1830 3271 2119 3328 scientiam

554 3356 649 3411 Dei
680 3356 804 3426 plus
837 3371 999 3427 quam
1024 3355 1345 3412 holocausta
1371 3357 1468 3412 ⁸⁷.»
1507 3359 1796 3416 Μὶοίιαξιιεε
1841 3380 1857 3413 ι
1893 3361 2123 3418 Annuu-

557 3451 747 3503 tiatum
771 3457 854 3504 est
895 3448 1016 3512 tibi,
1046 3464 1079 3503 ο
1112 3449 1297 3516 homo,
1321 3451 1454 3521 quid
1476 3452 1680 3506 bonum
1707 3464 1804 3508 aut
1836 3455 1970 3525 quid
2010 3457 2118 3511 Do-

476 3552 480 3557 ‘
554 3540 737 3595 minus
756 3542 953 3610 qnazrit
968 3556 996 3594 a
1017 3548 1088 3606 te,
1106 3541 1212 3596 nisi
1228 3541 1688 3614 facerejudicium
1713 3545 2008 3617 etdiligere
2028 3549 2124 3601 mi-

553 3633 909 3687 sericordiam
927 3631 1014 3687 ⁸⁸2
1044 3653 1061 3685 ι
1091 3633 1197 3689 Sed
1230 3642 1286 3689 et
1310 3634 1363 3688 in
1387 3634 1666 3705 Sapientia
1690 3636 1861 3692 habes
1887 3655 1901 3691 :
1927 3657 1945 3691 ι
1979 3639 2121 3696 Erue

553 3740 649 3779 eos
689 3725 784 3795 qui
826 3725 1103 3780 ducuntur
1129 3726 1196 3780 ad
1228 3734 1482 3793 mortem,
1511 3737 1567 3783 ct
1593 3730 1866 3786 redimere
1909 3733 2123 3788 occisos

553 3833 623 3871 ne
662 3831 856 3885 parcas
887 3818 952 3871 ⁸³.
998 3837 1016 3869 ι
1043 3817 1281 3873 Iacobus
1307 3818 1479 3874 item:
1522 3838 1540 3871 ι
1575 3820 1633 3876 Si
1662 3821 1830 3877 frater
1854 3834 1948 3880 aut
1966 3842 2124 3883 soror

552 3905 687 3959 nudi
722 3904 931 3960 fuerint
961 3915 1019 3961 et
1042 3916 1239 3977 egeant
1259 3908 1408 3963 victu
1441 3909 1791 3978 quotidiano,
1820 3912 1970 3970 dicat
2017 3932 2118 3970 au-

553 4008 662 4053 tem
690 3998 816 4068 quis
850 3999 955 4054 illis
989 4016 1001 4053 :
1030 4000 1108 4055 Ite
1142 4000 1197 4054 in
1225 4016 1378 4070 pace,
1410 4003 1771 4059 calefacimini
1816 4013 1868 4060 et
1905 4015 2119 4062 satura-

552 4090 709 4151 mini,
732 4107 842 4145 non
867 4092 1131 4148 dederitis
1158 4104 1343 4149 autem
1389 4095 1471 4149 eis
1505 4111 1627 4165 quae
1654 4097 1963 4151 necessaria
1993 4107 2123 4153 sunt

552 4184 822 4253 corporis,
884 4184 1017 4254 quid
1060 4186 1306 4256 proderit
1352 4187 1436 4240 9°?
1474 4205 1491 4238 ι
1532 4187 1807 4243 Admonet
1858 4200 2042 4245 autem
2067 4200 2123 4246 et

551 4275 754 4330 Paulus
789 4275 978 4331 dicens
1011 4295 1025 4330 :
1062 4296 1079 4328 ι
1108 4278 1408 4335 lnduimini
1449 4279 1617 4350 igitur
1644 4289 1903 4352 tanquam
1957 4281 2119 4338 electi

550 4365 672 4431 Dei,
708 4367 904 4434 sancti,
931 4368 1141 4436 dilecti,
1166 4371 1378 4426 viscera
1412 4371 1830 4436 misericordiae.
1864 4375 2119 4445 benigni-

551 4466 743 4523 tatem,
770 4458 1262 4529 longanimitatem,
1302 4470 1689 4533 supportantes
1733 4463 1969 4519 invicem
1993 4465 2059 4519 ".
2095 4482 2115 4516 ι

2228 3283 2446 3348 ἑαυτοῦ,
2471 3302 2489 3334 ι
2514 3280 2798 3352 Ἀλήθειαν
2825 3278 2970 3346 λέγω
2988 3280 3046 3331 ἐν
3071 3272 3381 3343 Χριστῷ.οὐ
3403 3270 3693 3340 ψεύδομαι.
3711 3268 3780 3320 ὅτι

2226 3376 2369 3443 λύπη
2406 3391 2495 3445 μοι
2546 3372 2693 3426 ἐστὶν
2730 3369 2962 3441 μεγάλη.
3004 3368 3098 3420 καὶ
3130 3363 3475 3424 ἀδιάλειπτος
3531 3359 3685 3445 ὀδύνη

2228 3443 2426 3531 καρδία
2448 3476 2463 3491 ·
2492 3459 2740 3529 ηὐχόμην
2766 3456 2874 3526 γάρ
2914 3455 3077 3517 αὐτὸς
3105 3450 3216 3521 ἐγὼ
3240 3450 3491 3520 ἀνάθεμα
3527 3444 3663 3502 εἶναι
3690 3443 3781 3499 ἀπὸ

2228 3550 2465 3622 Χριστοῦ
2488 3551 2628 3621 ὐπὲρ
2646 3550 2755 3603 τῶν
2785 3546 3034 3617 ἀδελφῶν
3067 3561 3188 3615 μου,
3221 3543 3329 3596 τῶν
3376 3539 3661 3610 συγγενῶν
3695 3554 3780 3606 μου

2226 3645 2335 3699 τῶν
2371 3644 2510 3697 κατά
2528 3643 2728 3712 σάρκα.
2750 3660 2768 3693 ι
2800 3642 2930 3704 Kal,
2959 3657 2978 3690 ι
3016 3638 3140 3691 Ὀτι
3163 3637 3273 3690 εἴτε
3299 3635 3500 3701 πάσχει
3525 3631 3583 3683 ἓν
3620 3627 3779 3699 μέλος,

2229 3734 2510 3805 συμπάχει
2547 3733 2723 3786 πάντα
2752 3731 2819 3786 τὰ
2851 3730 3010 3801 μέλη.
3046 3747 3064 3781 ι
3092 3728 3202 3781 Kal
3225 3729 3253 3781 ό
3288 3725 3497 3795 Πέτρος
3518 3740 3535 3755 ο
3577 3740 3592 3771 ι
3624 3719 3693 3771 To
3730 3716 3780 3769 δὲ

2228 3826 2405 3888 τέλος,
2460 3825 2660 3888 πάντες
2712 3822 3036 3893 ὁμόφρονες,
3084 3817 3413 3888 συμπαθεῖς,
3457 3812 3779 3882 φιλάδελφοι,

2229 3916 2615 3986 εὔσπλαγχνοι,
2655 3912 3097 3983 ταπεινόφρονες,
3132 3911 3208 3979 μὴ
3236 3905 3585 3967 ἀποδιδόντες
3633 3900 3782 3954 κακὸν

2228 4010 2349 4063 ἀντὶ
2383 4007 2576 4075 κακοῦ,
2606 4007 2638 4079 ἢ
2686 4006 2954 4074 λοιδορίαν
2983 4004 3104 4057 ἀντὶ
3130 4001 3419 4072 λοιδορίας·
3473 3998 3574 4051 τού
3586 3992 3778 4049 ναντίον

2226 4100 2283 4154 δὲ
2307 4099 2653 4167 εὐλογοῦντες
2681 4098 2762 4151 ὅτι
2806 4097 2886 4160 είς
2911 4095 3069 4149 τοῦτο
3102 4094 3392 4164 ἐκλήθητε,
3421 4091 3513 4143 ἵνα
3552 4085 3782 4153 εὐλογίαν
3846 4084 3849 4089 ⁷

2229 4192 2693 4261 κληρονομήσητε.
2732 4207 2751 4241 ι
2798 4187 2857 4242 '0
2896 4188 2953 4242 δὲ
3012 4185 3388 4254 εὐσπλαγχνος
3433 4180 3643 4251 Κύριος
3673 4176 3780 4245 βηυ·

2227 4283 2455 4354 λόμενος
2504 4283 2651 4347 υἱοὺς
2698 4283 2844 4352 ἡμᾶς
2899 4280 3174 4346 ἀναδεῖξαι
3205 4278 3301 4331 τοῦ
3324 4275 3534 4329 οἰκείου
3565 4268 3778 4338 Πατρός.

2228 4375 2392 4446 φησίν
2420 4389 2434 4404 ·
2486 4394 2505 4426 ι
2564 4372 2781 4429 Γίνεσθε
2827 4373 3191 4444 οἰκτίρμονες,
3221 4371 3297 4433 ὡς
3348 4370 3376 4421 ό
3408 4367 3603 4437 Πατὴρ
3647 4361 3781 4431 ὑμῶν

2227 4469 2255 4521 ὁ
2282 4466 2551 4538 οὐράνιος,
2578 4465 2877 4538 οἰκτίρμων
2900 4464 3068 4519 ἐστίν.
3102 4483 3120 4517 ι
3152 4461 3309 4533 Αὐτῷ
3338 4462 3372 4534 ἡ
3403 4458 3537 4524 δόξα
3570 4458 3649 4518 είς
3671 4451 3781 4513 τοὺς

554 4548 767 4618 1175
800 4548 907 4604 Sed
961 4561 1019 4606 et
1051 4551 1118 4607 de
1148 4553 1331 4622 seipso
1364 4570 1378 4607 :
1413 4572 1432 4606 ι
1481 4554 1783 4610 Veritatem
1832 4554 1978 4619 dico,
2008 4570 2119 4611 non

2223 4558 2445 4621 αἰῶνας.
2498 4559 2555 4610 Ἀ
2565 4560 2692 4629 μὴν.

549 4644 808 4709 mentior,
840 4644 969 4714 quia
998 4644 1217 4699 tristitia
1238 4646 1371 4699 mihi
1397 4654 1481 4701 est
1533 4662 1728 4718 magna
1773 4657 1829 4702 et
1860 4646 2160 4702 continuus
2196 4648 2356 4704 dolor
2377 4649 2530 4705 cordi
2580 4664 2703 4704 meo
2728 4666 2741 4703 :
2762 4647 3019 4718 optabam
3048 4646 3195 4701 enim
3214 4645 3331 4714 ipse
3358 4642 3654 4697 anathema
3673 4650 3779 4691 esse

550 4749 582 4787 a
638 4734 858 4791 Christo
908 4753 1007 4808 pro
1038 4737 1300 4792 fratribus
1330 4738 1465 4793 meis
1500 4739 1745 4810 cognatis
1767 4740 1903 4795 meis
1962 4742 2268 4796 secundum
2315 4756 2535 4797 carnem
2562 4742 2629 4795 θ’.
2673 4759 2691 4791 ι
2748 4740 2818 4796 Ει
2859 4756 2872 4793 :
2913 4757 2931 4790 ι
2970 4738 3109 4804 Quia
3167 4737 3283 4791 sive
3338 4735 3549 4803 patitur
3623 4740 3776 4783 unum

549 4826 878 4891 membrum,
927 4829 1338 4899 compatiuntur
1363 4831 1545 4886 omnia
1577 4832 1822 4887 membra
1848 4833 1914 4888 ".
1952 4852 1969 4884 ι
2003 4834 2237 4890 Petrus:
2265 4854 2281 4886 ι
2312 4835 2368 4889 In
2433 4834 2539 4887 fine
2597 4840 2802 4896 autem,
2853 4846 3047 4885 omnes
3097 4827 3420 4890 unanimes,
3455 4822 3780 4892 compatien-

550 4928 653 4981 tes,
680 4917 1038 4975 fraternitatis
1096 4929 1391 4985 amatores,
1459 4920 1868 4989 misericordes,
1922 4925 2179 4989 humiles,
2212 4943 2322 4981 non
2375 4926 2669 4981 reddentes
2704 4925 2906 4979 malum
2950 4938 3051 4993 pro
3097 4921 3265 4985 malo,
3304 4934 3407 4974 nec
3432 4916 3775 4972 maledictum

550 5025 651 5079 pro
677 5011 987 5076 maledicto,
1011 5012 1106 5067 sed
1129 5029 1158 5068 c
1181 5014 1457 5070 contrario
1478 5015 1886 5080 benedicentcs,
1910 5019 2040 5089 quia
2063 5019 2116 5073 in
2156 5019 2263 5074 hoc
2300 5018 2479 5073 vocati
2511 5018 2667 5083 estis,
2701 5026 2761 5072 ut
2789 5013 3233 5072 benedictionem
3294 5010 3617 5066 haereditate
3664 5020 3777 5079 pos-

550 5102 774 5158 sidentis
808 5104 875 5161 ⁸⁸.
927 5124 946 5156 ›
998 5106 1119 5176 Ipse
1193 5108 1493 5163 etiamnum
1535 5110 1801 5168 Dominus
1852 5113 2146 5169 ineffabilis
2182 5114 2489 5170 clementice
2545 5129 2648 5168 nos
2693 5128 2818 5168 cum
2879 5111 3046 5165 vellet
3086 5109 3367 5165 declarare
3397 5105 3601 5176 insigni
3651 5115 3777 5171 quo-

548 5195 693 5264 piam
741 5205 1064 5266 argumento
1122 5199 1387 5269 suiipsius
1430 5200 1607 5255 Patris
1687 5218 1978 5272 germanos
2020 5220 2142 5260 esse
2204 5205 2368 5271 filios,
2408 5205 2527 5259 ait.
2580 5222 2599 5255 ι
2637 5204 2825 5259 Estote
2868 5199 3281 5264 misericordes,
3336 5198 3481 5254 sicut
3535 5206 3594 5252 et
3632 5194 3777 5249 Pater

550 5300 734 5347 vester
787 5293 1030 5349 ccclesiis
1074 5296 1388 5352 misericors
1417 5305 1500 5353 est
1527 5297 1594 5351 ".
1642 5318 1659 5349 ι
1693 5298 1799 5369 Ipsi
1851 5300 2025 5370 gloria
2052 5301 2106 5355 in
2149 5302 2366 5358 saecula.
2401 5301 2598 5355 Amen.

1078 5403 1366 5461 HOMILIA
1396 5406 1585 5463 XCIII.

728 5497 800 5551 De
836 5514 940 5551 non
963 5496 1202 5552 habenda
1239 5516 1584 5569 personarum
1626 5503 1943 5572 acceptione.

620 5588 870 5643 Persome
907 5589 1154 5658 acceptio
1201 5605 1455 5659 germana
1497 5592 1779 5647 vicinitate
1806 5593 2121 5647 annectitur

618 5705 665 5735 ⁸·
696 5706 798 5761 Job
855 5721 978 5767 xxx,
1016 5704 1105 5759 ‘23.
1180 5704 1227 5736 ⁸⁵
1257 5705 1392 5759 Ibid.
1424 5708 1507 5759 II-
1609 5708 1655 5737 ⁸⁵
1682 5707 1817 5763 Tob.
1848 5725 1903 5768 tt,
1936 5710 2018 5763 16.

550 5778 597 5809 ⁸ο
626 5777 819 5839 1ιιο.ιι,
856 5776 939 5841 15,
972 5776 1049 5831 l6.

551 5863 624 5910 γι,
651 5846 739 5901 36.

1180 5706 1227 5736 ⁸⁵
1257 5706 1392 5759 Ibid.
1424 5708 1507 5759 Η-
1609 5708 1655 5737 ⁸⁸
1682 5707 1817 5763 Tob.
1848 5725 1903 5768 ιι,
1936 5710 2018 5763 16.
2128 5708 2172 5739 ⁸⁷
2202 5706 2338 5763 Osee
2368 5725 2440 5765 vr.
2490 5710 2542 5770 ἦ,
2579 5708 2631 5762 6.
2742 5706 2788 5735 ⁸⁸
2838 5706 2997 5759 Mich.
3020 5721 3091 5763 vr.
3127 5706 3181 5757 8.
3258 5706 3302 5732 δ’
3328 5706 3485 5754 Prov.
3520 5714 3657 5755 XXIV.
3700 5706 3773 5746 ll-

1164 5776 1205 5808 ⁹¹
1241 5777 1449 5833 Coloss.
1486 5794 1565 5843 tn,
1609 5777 1691 5833 I5.
1794 5780 1837 5811 θ’
1861 5779 2020 5833 Rom.
2059 5795 2130 5843 ιχ,
2168 5778 2281 5832 1-5.
2357 5778 2440 5833 ’³1
2466 5778 2595 5835 Cor.
2638 5793 2731 5843 xu,
2766 5777 2857 5831 26.
2932 5775 2978 5807 "
3016 5774 3208 5828 chtr.
3244 5787 3322 5836 ιιι,
3346 5769 3400 5835 8,
3429 5771 3481 5825 9.
3585 5767 3629 5797 ’³
3651 5764 3773 5819 Luc.

2830 5407 3046 5461 ΛΟΓΟΣ
3075 5405 3188 5473 ιιιη.

2507 5500 2644 5566 Περὶ
2678 5498 2781 5552 τοῦ
2807 5497 2892 5567 μὴ
2930 5493 3497 5565 προσωποληπτεῖν.

2312 5594 2372 5647 Ἡ
2398 5590 2826 5664 προσωποληψία
2858 5589 3155 5659 γειτνιάζει
3184 5590 3248 5658 τῇ
3282 5577 3775 5655 ἀνθρωπαρεσκεέᾳο

2742 5703 2788 5735 ⁸⁸
2838 5704 2997 5759 Mich.
3020 5721 3091 5763 vr.
3127 5705 3181 5757 8.
3258 5702 3302 5732 δ’
3327 5701 3485 5754 Prov.
3520 5714 3657 5755 xxiv,
3700 5694 3773 5746 II.
