4028 6516
379 377 512 447 1717

893 388 1223 450 HOMILIA
1259 388 1478 453 XCIII.
1502 410 1572 424 ·-
1598 387 1959 449 ACCEPTIO
1997 390 2519 454 PEBSONARUM
2558 392 2711 454 NON
2744 392 3126 453 HABENDA.

3486 386 3623 453 1718

372 502 741 573 άμφότεραδὲ
772 505 1033 589 μεμπτέα
1074 506 1172 559 καὶ
1222 505 1653 576 ἀπηγορευμένα
1684 506 1836 575 παρὰ
1880 506 1947 576 τῇ

2067 506 2366 571 Imbitioni,
2388 522 2494 577 qua
2512 508 2741 577 gratiam
2762 516 2952 576 captas
2968 505 3254 559 hominum
3278 512 3333 558 et
3354 503 3623 560 favorem.

376 592 498 665 θείᾳ
529 595 719 666 Γραφῇ
748 595 1096 667 εὑρίσκομεν.
1115 597 1226 649 Ἀεὶ
1254 596 1363 668 γὰρ
1388 597 1439 649 oi
1482 596 1951 668 προσωπλῆπται

375 684 569 751 λόγους
592 684 1038 750 κολακευτικοὺς,
1066 690 1162 740 καὶ
1192 684 1576 757 μακαρισμοὺς
1602 684 1820 755 ψευδεῖς
1839 688 1953 749 τοῖς

376 779 436 829 ὲν
463 778 702 847 ὑπεροχῇ
736 779 827 830 καὶ
854 777 1141 849 δυναστείᾳ
1170 778 1536 850 ὑπάρχουσιν,
1554 776 1688 843 ξύλα
1706 780 1802 831 καὶ
1828 777 1955 847 χόρ-

376 885 486 930 τον,
502 867 637 938 ὓλην
658 867 960 937 εὔφθαρτον
976 870 1517 942 προσαναφλέγοντες
1530 869 1609 940 τῷ
1624 870 1723 940 τῆς
1738 870 1953 938 φύσεως

378 961 558 1014 αὐτῶν
574 960 724 1032 πυρί.
740 962 871 1032 Περὶ
885 954 960 1015 ὧν
980 964 1528 1033 φησινὸπροφήτης,ι
1548 963 1610 1016 Οἱ
1625 961 1955 1032 μακαρίζον-

377 1068 469 1115 τες
514 1052 683 1121 ὑμᾶς,
709 1052 985 1108 πλανῶσιν
1017 1054 1162 1125 ὑμᾶς
1185 1094 1199 1119 ,
1232 1072 1252 1107 ι
1286 1053 1659 1125 θαυμάζοντες
1686 1054 1955 1126 πρόσωπα

379 1141 650 1208 ὠφελείας
706 1143 889 1213 χάριν.
941 1143 1202 1207 Πλούσιος
1235 1143 1344 1215 γάρ
1371 1141 1727 1214 προστίθησιν
1767 1141 1954 1210 φίλους

379 1220 632 1298 πολλοὺς,
667 1235 697 1285 6
729 1236 786 1288 δὲ
817 1235 1032 1304 πτωχὸς
1063 1236 1156 1289 καὶ
1180 1236 1287 1289 άπὸ
1315 1234 1410 1288 τοῦ
1437 1234 1773 1306 ὑπάρχοντος
1801 1232 1952 1303 φίλου

379 1325 790 1397 διαχωρίζεται.
830 1326 939 1379 Kal
977 1328 1009 1395 ή
1047 1325 1210 1395 σοφία
1238 1325 1332 1379 τοῦ
1368 1323 1607 1395 πένητος
1661 1321 1954 1388 ὲξουδενω-

385 1416 542 1485 μένη.
560 1416 635 1468 Οὐ
666 1414 825 1483 θέμις
850 1414 1139 1486 τοιγαροῦν
1167 1413 1336 1478 οὕτως
1358 1414 1506 1484 ἡμᾶς
1528 1411 1812 1481 πράττειν,
1840 1409 1955 1463 ἀλλ’

380 1507 670 1579 ὀφείλομεν
702 1509 902 1571 πάντες
936 1505 1263 1578 ὁμοπιστίαν
1290 1502 1426 1557 Θεοῦ
1454 1501 1737 1566 λαϐόντες,
1763 1498 1953 1567 ἐντρέ-

382 1599 585 1653 πεσθαι
625 1599 907 1671 ἀλλήλους,
929 1598 1022 1652 καὶ⁵
1049 1598 1122 1668 μὴ
1153 1596 1294 1651 κατὰ
1327 1595 1507 1665 σάρκα
1533 1594 1664 1664 ὁρᾷν
1686 1592 1778 1646 τὸν
1818 1590 1957 1661 πλη-

385 1692 519 1759 σίον,
545 1691 661 1745 ἀλλ’
680 1693 738 1745 ὲν
782 1690 1003 1761 Χριστῷ
1036 1687 1303 1759 ἀλλήλους
1345 1685 1433 1739 διὰ
1465 1684 1662 1746 παντὸς
1708 1683 1950 1753 ἀγαπᾷν.

384 1784 493 1838 Kal
525 1784 690 1855 μηδὲν
720 1784 861 1837 ἔστω
889 1785 947 1837 ἐν
980 1784 1111 1853 ὑμῖν
1139 1781 1167 1834 ὃ
1193 1779 1481 1849 δυνήσεται
1521 1776 1667 1847 ὑμᾶς
1695 1774 1951 1846 μερίσαιο

2053 597 2248 653 Edicto
2288 598 2487 653 divina:
2528 599 2827 669 Scriptura:
2872 596 3244 666 comperimus
3274 594 3438 651 nobis
3467 604 3625 649 utro-

2053 707 2161 762 que
2194 706 2316 746 esse
2348 691 2720 756 interdictum,
2760 699 2819 745 ut
2854 688 3279 761 reprehensibili
3311 703 3375 743 ac
3402 687 3622 742 vitioso.

2053 782 2157 849 Qui
2187 781 2335 837 enim
2372 781 2509 835 vitio
2559 781 2651 836 isti
2706 781 3043 852 accipiendae
3087 796 3338 850 persona:
3397 777 3625 832 obnoxii

2054 882 2204 938 sunt,
2235 872 2392 928 nullo
2428 888 2539 927 non
2574 882 2823 942 tempore
2852 889 3134 927 sermones
3169 879 3432 942 promunt
3447 886 3629 925 assen-

2055 962 2307 1029 tatorios,
2338 978 2402 1017 ac
2430 963 2618 1017 nescio
2648 964 2807 1033 cuius
2834 963 3226 1017 commentitite
3266 961 3629 1017 beatitudinis

2054 1062 2366 1124 praetexunt
2413 1052 2670 1106 umbram
2720 1053 2791 1108 iis
2824 1055 2918 1123 qui
2962 1054 3322 1124 praerogativa
3366 1053 3627 1123 quapiam

2054 1142 2298 1197 eminent
2314 1141 2596 1212 dignitatis
2623 1149 2679 1196 et
2702 1142 2959 1211 potentiae
2990 1160 3003 1197 :
3032 1142 3289 1196 videlicet
3333 1141 3629 1211 proferunt

2055 1234 2198 1305 ligna
2253 1242 2310 1290 et
2348 1234 2533 1289 fenum
2568 1250 2581 1287 :
2614 1233 2806 1303 utique
2842 1235 3128 1290 materiam
3182 1244 3379 1304 suapte
3429 1244 3628 1289 natura

2054 1326 2315 1379 acclivem
2337 1323 2701 1394 corruptioni,
2734 1324 3098 1380 incendentes
3136 1326 3283 1395 igne,
3316 1325 3385 1379 de
3419 1325 3629 1395 quibus

2054 1416 2131 1471 ait
2182 1425 2239 1471 et
2262 1415 2531 1486 propheta
2569 1433 2581 1469 :
2621 1433 2639 1466 ι
2678 1414 2782 1482 Qui
2836 1431 2935 1469 vos
2961 1416 3301 1479 beatiﬁcant,
3350 1417 3628 1476 seducunt

2054 1524 2153 1563 vos
2173 1508 2259 1560 ’σε
2294 1526 2310 1559 ι
2345 1508 2682 1562 admirantes
2708 1522 2974 1578 personas
3007 1517 3255 1577 quaestus
3284 1524 3471 1563 causa.
3530 1508 3626 1562 Di-

2054 1616 2150 1656 ves
2176 1600 2323 1654 enim
2356 1599 2510 1653 addit
2539 1601 2745 1654 amicos
2771 1599 2994 1665 multos,
3030 1614 3241 1668 pauper
3286 1614 3441 1664 vero,
3473 1607 3530 1654 et
3559 1599 3629 1653 ab

2054 1707 2123 1749 eo
2170 1692 2266 1762 qui
2299 1701 2420 1747 erat
2466 1692 2709 1752 amicus,
2770 1690 3123 1761 disparatur,
3162 1690 3437 1759 sapientia
3488 1706 3626 1760 pau-

2057 1782 2205 1853 peris
2268 1783 2429 1837 nihili
2489 1782 2675 1836 habita
2726 1797 2791 1836 ac
2838 1782 3096 1851 despecta
3128 1781 3198 1835 9'.
3239 1798 3257 1831 ι
3307 1780 3485 1848 Atque
3520 1795 3629 1833 non

383 1851 885 1941 ἀλλά-τούναντίον,
928 1851 1070 1929 κατὰ
1121 1873 1213 1926 τὸν
1260 1868 1560 1941 ⁸Υμνῳδὸν,
1590 1887 1610 1920 ι
1676 1864 1953 1931 Ἐξέλεσθε

2067 1851 2264 1942 iustum
2296 1873 2369 1928 sit
2402 1872 2529 1927 talia
2556 1880 2617 1925 ut
2644 1888 2965 1941 operemur,
2989 1871 3257 1926 debemus
3276 1871 3449 1941 magis
3464 1870 3627 1924 [idem

385 1967 593 2039 πένητα
626 1970 725 2021 καὶ
752 1967 991 2036 πτωχὸν,
1027 1966 1091 2018 ὲκ
1121 1961 1300 2035 χειρὸς
1353 1958 1680 2032 άμαρτωλοῦ
1712 1956 1955 2030 ῥύσασθε

383 2057 568 2110 αὐτόν·
585 2058 613 2109 6
627 2055 735 2127 γὰρ
754 2055 887 2119 Θεὸς
908 2051 1285 2123 διεσκόρπισεν
1306 2048 1441 2102 ὀστᾶ.
1455 2045 1554 2101 άνθ
1563 2043 1954 2118 ρωπαρέσκων,

384 2147 839 2223 κατῃσχύνθησαν
869 2146 953 2200 ὅτι
1007 2145 1036 2194 6
1064 2143 1195 2207 Θεὸς
1251 2139 1612 2202 ὲΕουδένωσεν
1662 2135 1885 2198 αὐτούς.
1930 2151 1948 2186 ι

387 2239 462 2293 Οὐ
482 2239 591 2310 γὰρ
609 2238 772 2293 καλὸν
788 2236 1058 2292 αἰδεῖσθαι
1083 2233 1398 2307 πρόσωπον,
1424 2230 1562 2286 κατὰ
1592 2229 1691 2301 τὴν
1706 2226 1956 2299 Γραφὴν,

386 2335 445 2388 ιν
462 2333 661 2404 κρίσει.
693 2353 711 2384 ι
748 2333 857 2387 Kal
886 2331 963 2402 μὴ
1007 2329 1181 2402 λάϐῃς
1215 2328 1508 2398 πρόσωπον
1538 2323 1683 2379 κατὰ
1717 2322 1817 2392 τῆς
1853 2320 1951 2392 ψυ-

387 2427 485 2496 χῆς
511 2441 626 2488 σου.
663 2423 798 2494 μηδὲ
820 2424 1098 2493 ἑντραπῇς
1130 2421 1211 2483 είς
1238 2417 1448 2472 πτῶσίν
1505 2432 1623 2469 σου.
1661 2432 1680 2467 ι
1728 2412 1868 2483 Φησὶ
1897 2410 1957 2464 δὲ

387 2517 483 2570 καὶ
512 2519 540 2570 6
562 2515 766 2577 δίκαιος
800 2512 920 2568 ἰώϐ
949 2530 996 2566 ἰ
1026 2512 1142 2566 Νῦν
1163 2512 1221 2565 δὲ
1244 2509 1535 2579 είσϐλέψας
1566 2509 1647 2570 είς
1670 2506 1958 2578 πρόσωπον

387 2608 542 2680 ὑμῶν
590 2608 649 2662 οῦ
688 2606 983 2678 ψεύσομαι.
1014 2624 1032 2659 ι
1068 2604 1179 2658 Kal
1211 2606 1239 2657 6
1280 2600 1560 2664 Ἰάκωϐος,
1618 2616 1638 2651 ι
1686 2595 1955 2665 Ἀδελφοὶ,

391 2702 465 2772 μὴ
484 2702 541 2754 ὲν
567 2698 1057 2770 προσωποληψίαις
1082 2697 1233 2766 ἔχετε
1275 2695 1373 2767 τὴν
1397 2693 1582 2747 πίστιν
1620 2690 1717 2746 τοῦ
1748 2688 1958 2760 Κυρίου

388 2791 543 2863 ήμῶν
584 2790 760 2862 Ἰησοῦ
784 2790 1048 2863 Χριστοῦ.
1092 2789 1220 2842 Ἐὰν
1247 2787 1378 2856 γὰρ,
1407 2784 1598 2855 φησὶν,
1624 2781 1845 2853 εἰσέλθῃ
1879 2781 1960 2843 είς

387 2881 485 2951 τήν
501 2881 830 2950 Συναγωγὴν
847 2879 1003 2949 ὑμῶν
1019 2877 1157 2948 ἀνὴρ
1180 2874 1663 2948 χρυσοδακτύλιος,
1685 2873 1742 2925 ὲν
1768 2870 1959 2940 ἐσθῆτι

388 2970 640 3042 λαμπρᾷ,
674 2970 894 3042 εἰσέλθῃ
916 2970 975 3023 δὲ
1006 2971 1100 3023 καὶ
1142 2968 1357 3040 πτωχὸς
1382 2968 1441 3021 ὲν
1473 2965 1694 3037 ῥυπαρᾷ
1745 2963 1957 3032 ἐσθῆτι.

390 3066 486 3117 καὶ
544 3063 875 3134 ἐπιϐλέψητε
911 3064 1005 3116 ἐπὶ
1054 3062 1145 3115 τὸν
1192 3061 1463 3133 φοροῦντα
1490 3058 1589 3129 τὴν
1617 3055 1822 3127 ἐσθῆτα
1864 3054 1965 3126 τὴν

391 3154 673 3226 λαμπράν,
709 3156 806 3209 καὶ
835 3154 1031 3226 εἴπητε
1078 3153 1250 3224 αὐτῷ,
1282 3154 1355 3206 Σὺ
1402 3150 1573 3206 κάθου
1613 3143 1714 3203 ὦδε
1746 3145 1957 3210 καλῶς·

390 3244 487 3295 καὶ
513 3243 591 3315 τῷ
618 3243 839 3314 πτωχῷ,
862 3244 935 3297 Σὺ
963 3243 1123 3314 στῆθι
1147 3243 1284 3308 ἐκεῖ,
1316 3242 1377 3296 οὐ
1401 3239 1607 3309 διεκρίθ
1623 3254 1721 3309 ητε
1746 3239 1803 3291 ὲν
1831 3238 1959 3289 ἑαυ-
1991 3238 2032 3264 “

392 3334 524 3397 τοῖς,
578 3335 673 3388 καὶ
703 3334 953 3403 ἐγένεσθε
988 3332 1174 3404 κριταὶ
1206 3330 1573 3400 διαλογισμῶν
1612 3328 1895 3399 πονηρῶνς
1941 3345 1959 3377 ι

393 3424 502 3478 Kal
534 3424 729 3493 ἐπάγει
744 3443 758 3457 ·
785 3445 801 3477 ι
824 3426 886 3479 ΕΞ
917 3427 1101 3496 μέντοι
1120 3423 1283 3495 νόμον
1306 3421 1582 3493 βασιλικὸν
1600 3419 1804 3473 τελεῖτε
1824 3417 1967 3472 κατὰ

392 3516 491 3588 τὴν
519 3518 765 3588 Γραφὴν,
792 3518 1103 3589 ἀγαπήσεις
1129 3516 1221 3569 τὸν
1251 3515 1499 3586 πλησίον,
1521 3511 1702 3576 καλῶς
1728 3514 1932 3565 ποιεῖτε
1951 3525 1965 3538 ⁸

394 3610 445 3662 εί
482 3609 536 3663 δὲ
570 3609 1111 3680 προσωποληπτεῖτε,
1136 3607 1415 3678 ἁμαρτίαν
1440 3604 1723 3677 ὲργάζεθε,
1752 3602 1970 3672 ἔλεγχός

399 3716 552 3769 μενοι
574 3700 680 3752 ὑπὸ
707 3699 800 3752 τοῦ
839 3699 1007 3768 νόμου
1030 3698 1105 3762 ὡς
1133 3697 1477 3768 παραϐάται.
1521 3714 1540 3748 ι
1600 3694 1828 3765 Ὁμοίως
1872 3692 1972 3746 καὶ

394 3793 425 3843 6
449 3791 881 3862 Παροιμιαστὴς.
928 3809 947 3843 ι
993 3789 1285 3859 Θαυμάσαι
1324 3789 1615 3858 πρόσωπον
1642 3785 1876 3848 ἀσεϐοῦς
1900 3784 1961 3836 οὐ

398 3881 583 3941 καλὸν,
608 3880 729 3933 οὐδὲ
756 3881 902 3933 ὅσιον
938 3878 1211 3932 ἐκκλίνειν
1249 3879 1313 3933 τὸ
1358 3877 1568 3931 δίκαιον
1601 3878 1657 3929 ὲν
1697 3875 1900 3946 κρίσει.
1948 3892 1966 3924 ι

402 3971 516 4025 Kal
552 3972 710 4036 ἄλλος
737 3987 752 4002 ο
803 3991 821 4024 ι
859 3968 1221 4041 Δίσχὺνεσθαι
1251 3970 1543 4040 πρόσωπον
1575 3968 1633 4020 ὲν
1665 3966 1863 4039 κρίσει,
1910 3964 1973 4018 οὐ

400 4063 582 4117 καλόν.
618 4064 676 4117 'U
700 4060 868 4116 εἰπὼν
893 4063 984 4115 τὸν
1015 4061 1210 4132 ἀσεϐῆ,
1257 4060 1473 4121 Δίκαιός
1501 4061 1671 4123 ἐστιν,
1702 4057 1975 4112 ἐπικατά-

403 4170 562 4223 ρατος
594 4153 740 4223 λαοῖς
767 4152 942 4219 ἔσται,
972 4153 1066 4207 καὶ
1101 4152 1329 4223 μισητὸς
1355 4152 1436 4214 είς
1469 4149 1618 4221 ἔθνη.
1653 4150 1718 4203 OI
1744 4149 1800 4203 δὲ
1824 4147 1977 4217 ἐλέγ-

401 4260 608 4314 χοντες,
645 4243 889 4313 βελτίους
912 4242 1230 4312 φανοῦνται.
1272 4241 1394 4294 Ἐπ’
1420 4241 1617 4303 αὐτοὺς
1654 4239 1711 4293 δὲ
1732 4238 1853 4307 ἥξει
1887 4237 1973 4290 εὑ-

399 4334 557 4405 λογία
582 4338 811 4409 ἀγαθή.»
837 4338 991 4392 Καὶὸ
1018 4335 1257 4401 Παῦλος·
1287 4356 1305 4388 ι
1343 4337 1417 4389 Οὐ
1465 4337 1576 4406 γάρ
1604 4336 1753 4388 ἐστιν
1807 4348 1977 4402 προσ-

401 4426 691 4497 ωποληψία
726 4429 875 4500 παρὰ
899 4428 977 4499 τῷ
1002 4427 1142 4499 Θεῷ.
1169 4447 1188 4479 ι
1217 4428 1327 4481 Kal
1354 4426 1545 4481 πάλιν
1574 4446 1592 4478 ι
1628 4425 1760 4478 Ἀπὸ
1785 4424 1842 4477 δὲ
1868 4422 1978 4476 τῶν

2060 1964 2237 2020 nihilo
2271 1964 2543 2034 disparem
2574 1963 2847 2032 complexi
2880 1968 3072 2015 mutuo
3102 1976 3205 2015 nos
3248 1959 3491 2015 revereri
3524 1958 3597 2013 ho

2060 2072 2197 2113 nore
2235 2074 2249 2111 :
2280 2071 2392 2111 non
2416 2054 2640 2127 quidem
2665 2054 2959 2110 metientes
2999 2054 3310 2123 proximum
3346 2050 3629 2122 germani-

2063 2157 2172 2204 tate
2201 2149 2403 2213 carnis,
2429 2147 2524 2203 sed
2552 2147 2608 2202 in
2630 2146 2851 2202 Christo
2866 2145 3106 2223 invicem
3136 2145 3341 2199 amoris
3360 2141 3632 2197 individui

2060 2240 2274 2312 glutino
2300 2236 2683 2304 conicederati,
2714 2236 2850 2292 adeo
2877 2245 2937 2291 ut
2964 2236 3105 2290 nihil
3153 2234 3406 2290 alicunde
3431 2248 3630 2288 occur-

2062 2342 2167 2397 rat,
2200 2332 2347 2403 quod
2374 2347 2476 2386 nos
2492 2330 2665 2402 possit
2690 2346 2719 2384 a
2747 2328 3068 2399 compagine
3096 2334 3301 2381 mutum
3320 2325 3635 2380 dilectionis

2063 2426 2329 2481 dirimere
2365 2442 2379 2479 ε
2408 2423 2503 2478 sed
2534 2423 2801 2478 ediverso
2825 2422 2979 2492 juxta
3004 2420 3335 2475 sententiam
3367 2419 3487 2489 ejus
3540 2417 3634 2486 qui

2064 2518 2295 2589 hymnos
2335 2515 2683 2569 emodulatus
2735 2520 2820 2567 est
2858 2529 2871 2566 :
2907 2530 2924 2562 ι
2972 2510 3182 2580 Eripite
3222 2524 3545 2580 pauperem,
3577 2518 3637 2562 et

2063 2623 2333 2679 egenum;
2362 2605 2428 2661 de
2455 2620 2622 2659 manu
2654 2601 2962 2674 peccatoris
2984 2601 3213 2654 liberate
3234 2598 3422 2654 eum"
3452 2616 3464 2651 :
3489 2599 3636 2655 Deus

2063 2698 2210 2753 enim
2237 2696 2525 2767 dissipavit
2549 2711 2675 2750 ossa
2706 2709 2897 2749 eorum
2925 2692 3021 2763 qui
3040 2690 3360 2745 hominibus
3375 2689 3630 2760 placent;

2064 2790 2279 2846 confusi
2305 2796 2457 2853 sunt,
2486 2786 2751 2858 quoniam
2787 2786 2932 2840 Deus
2987 2782 3195 2854 sprevit
3224 2796 3320 2839 eos
3339 2782 3408 2834 ".
3458 2798 3476 2832 ι
3516 2780 3637 2835 Non

2064 2883 2213 2940 enim
2258 2881 2463 2935 bonum
2513 2878 2757 2935 revereri
2790 2889 3079 2946 personam
3120 2873 3175 2927 in
3201 2872 3432 2944 judicio,
3482 2871 3638 2941 juxta

2066 2975 2429 3045 Scripturam.
2454 2974 2563 3027 Et:
2606 2990 2625 3023 ι
2681 2970 2760 3025 Ne
2790 2967 3071 3038 acceperis
3112 2981 3401 3036 personam
3443 2972 3641 3019 contra

2066 3066 2303 3120 animam
2350 3072 2520 3125 tuam,
2573 3076 2642 3116 ne
2696 3067 2893 3115 autem
2931 3057 3291 3113 confundaris
3344 3059 3401 3111 in
3448 3069 3639 3110 casum

2069 3167 2224 3211 tuum
2248 3157 2289 3210 ί.
2317 3174 2336 3207 ι
2362 3153 2551 3210 Justus
2576 3152 2707 3206 item
2736 3150 2840 3205 Job
2876 3168 2889 3202 :
2927 3167 2945 3200 ι
2984 3148 3146 3203 Nunc
3167 3156 3351 3201 autem
3387 3146 3637 3214 inspecta

2065 3263 2301 3319 persona
2342 3254 2523 3300 vestra
2564 3259 2676 3298 non
2704 3241 2943 3296 mentiar
2968 3242 3011 3294 ’.
3053 3257 3071 3291 ι
3109 3239 3347 3294 Iacobus
3377 3250 3640 3307 quoque:

2074 3358 2092 3390 ι
2117 3338 2355 3397 Fratres,
2392 3336 2563 3390 nolite
2608 3335 2663 3388 in
2698 3347 3064 3403 personarum
3090 3330 3409 3400 acceptione
3436 3328 3640 3383 habere

2068 3430 2231 3485 ﬁdem
2262 3428 2478 3483 Domini
2506 3426 2675 3481 nostri
2691 3426 2822 3481 Jesu
2844 3424 3084 3491 Christi;
3125 3423 3172 3478 si
3196 3422 3343 3477 enim
3367 3419 3645 3475 introierit

2069 3522 2126 3576 in
2151 3530 2483 3576 conventum
2509 3527 2753 3574 vestrum
2780 3517 2863 3571 vir
2890 3515 3100 3570 habens
3119 3529 3349 3591 aureum
3378 3511 3642 3567 annulum

2072 3612 2129 3666 in
2161 3620 2311 3665 veste
2342 3609 2649 3680 splendida,
2688 3608 2968 3663 introierit
3002 3614 3185 3661 autem
3229 3614 3286 3660 et
3342 3619 3552 3674 pauper
3586 3602 3643 3656 in

2071 3701 2298 3758 sordido
2352 3700 2569 3761 habitu.
2612 3710 2669 3756 et
2718 3698 3016 3754 intendatis
3058 3697 3114 3751 in
3143 3711 3270 3751 eum
3293 3695 3387 3765 qui
3418 3694 3646 3749 indutus

2071 3803 2157 3850 eSt
2178 3804 2327 3850 veste
2357 3794 2639 3864 praeclara,
2671 3801 2728 3847 et
2760 3790 3011 3846 dixeritis
3033 3789 3084 3845 ei
3113 3808 3126 3845 :
3156 3789 3238 3843 Tu
3275 3786 3405 3843 sede
3425 3787 3518 3841 hic
3550 3786 3647 3841 be-

2073 3900 2164 3949 ne;
2196 3882 2424 3954 pauperi
2462 3893 2647 3938 autem
2693 3882 2890 3936 dicatis
2919 3899 2933 3935 :
2965 3881 3047 3935 Tu
3099 3888 3183 3935 sta
3216 3880 3349 3942 illic,
3386 3887 3483 3934 aut
3513 3877 3646 3933 sede

2075 3976 2178 4032 sub
2200 3974 2437 4030 scabello
2462 3973 2664 4043 pedum
2694 3988 2940 4027 meorum
2972 3991 2985 4026 :
3013 3987 3196 4026 nonne
3222 3970 3482 4041 jndicatis
3503 3969 3647 4039 apud

2075 4066 2459 4136 vosmetipsos,
2489 4074 2545 4120 et
2578 4064 2704 4118 facti
2727 4062 3096 4133 estisjudices
3120 4062 3517 4131 cogitationum
3546 4060 3651 4113 ini-

2077 4168 2312 4224 quarum
2347 4152 2403 4206 ’ἵ
2466 4171 2484 4204 ι
2530 4151 2746 4222 1176
2788 4150 3007 4206 lnducit
3058 4168 3072 4205 :
3128 4169 3147 4202 ι
3180 4150 3235 4205 Si
3263 4160 3442 4204 tamen
3473 4150 3650 4219 legem

2078 4241 2347 4313 perﬁcitis
2386 4241 2623 4312 regalem
2678 4240 2983 4296 secundum
3023 4240 3367 4310 Scripturam
3424 4238 3651 4308 (Diliges

2079 4330 2390 4400 proximum
2419 4338 2572 4384 tuum
2596 4331 2743 4385 sicut
2769 4338 2821 4384 te
2850 4330 3074 4399 ipsum),
3104 4328 3450 4394 benefacitis;
3476 4328 3523 4383 si
3553 4342 3653 4381 au-

2082 4431 2190 4477 tem
2220 4436 2512 4492 personam
2535 4420 2805 4490 accipitis,
2852 4429 3139 4491 peccatum
3178 4418 3508 4490 Operamini,
3561 4432 3652 4473 re-

401 4519 700 4573 ὂοκοῦντων
731 4516 871 4573 εἷναί
901 4537 971 4584 τι,
998 4520 1170 4573 ὁποῖοί
1198 4535 1329 4572 ποτε
1354 4513 1519 4589 ἦσαν,
1546 4516 1702 4570 οὐδέν
1742 4532 1833 4585 μοι
1862 4514 1964 4567 δια-

2085 4514 2305 4585 darguti
2325 4530 2355 4567 a
2390 4514 2508 4584 lege
2536 4512 2689 4582 quasi
2732 4521 3170 4582 transgressores
3195 4512 3257 4569 ⁸.,
3277 4528 3297 4562 ι
3327 4509 3440 4564 Nec
3490 4507 3651 4561 ablu-

404 4612 593 4681 φέρεν
651 4612 942 4684 πρόσωπον
992 4611 1123 4676 Θεὸς
1153 4610 1440 4680 ἀνθρώπου
1508 4609 1568 4662 οῦ
1618 4606 1909 4677 λαμϐάνει.
1955 4623 1974 4656 ι

415 4703 475 4755 '0
494 4702 550 4755 δὲ
576 4702 707 4764 Θεὸς
730 4702 866 4771 πρὸς
888 4701 981 4755 τὸν
998 4701 1269 4773 Σαμουὴλ,
1290 4703 1417 4771 περὶ
1443 4700 1550 4753 τῶν
1574 4699 1703 4752 υίῶν
1743 4696 1942 4751 Ἰεσσαί
1962 4712 1977 4728 ’

410 4813 431 4847 ι
470 4793 560 4863 Μὴ
592 4793 911 4867 ὲπιϐλέψῃς,
958 4794 1146 4863 φησὶν,
1180 4795 1259 4858 είς
1307 4795 1407 4863 τήν
1437 4791 1559 4861 ὄψιν
1596 4790 1693 4844 καὶ
1719 4789 1780 4843 τὸ
1808 4787 1976 4859 μέγε-

405 4884 496 4947 θος
517 4884 719 4946 αὐτῶν,
746 4886 829 4937 ὃτι
870 4884 1155 4955 ἄνθρωπος
1183 4885 1261 4949 είς
1300 4883 1592 4953 πρόσωπον
1639 4880 1916 4952 βλέψεται,
1951 4879 1980 4931 6

403 4977 460 5029 δὲ
498 4976 629 5039 Θεὸς
666 4977 747 5041 είς
774 4976 1003 5048 καρδίαν
1028 4978 1151 5048 ὁρᾷ.
1183 4995 1202 5029 ι
1235 4975 1408 5039 Αὐτὸς
1430 4975 1488 5028 δὲ
1509 4977 1537 5028 6
1569 4973 1771 5045 Κύριος
1805 4969 1974 5025 ἁκού-

407 5086 508 5132 σας
528 5068 681 5137 παρά
708 5085 851 5131 τινος
876 5085 888 5099 ο
925 5088 942 5121 ι
983 5069 1115 5122 Ἰδοὺ
1141 5069 1175 5138 ή
1208 5068 1391 5137 μήτηρ
1418 5082 1533 5130 σου,
1565 5065 1660 5118 καὶ
1686 5064 1738 5116 oi
1763 5060 1981 5128 ἁδλεφοί

410 5177 504 5213 σου
562 5160 668 5226 ἔξω
722 5161 1014 5231 ἑστηκότες
1061 5159 1285 5229 ζητοῦσι
1317 5174 1396 5222 σε,
1445 5176 1464 5209 ι
1507 5156 1780 5227 ἀπεκρίθη
1807 5152 1979 5222 αὐτῷ,

414 5270 435 5305 ι
472 5253 568 5316 Τίς
600 5254 747 5305 ὲστιν
778 5255 810 5321 ή
840 5253 1025 5322 μήτηρ
1058 5269 1182 5322 μου,
1217 5250 1313 5305 καὶ
1344 5249 1488 5312 τίνες
1519 5248 1657 5301 είσὶν
1685 5248 1734 5299 οἱ
1763 5244 1983 5313 ἀδελφοί

411 5360 550 5412 μου;
593 5362 611 5395 ι
650 5344 744 5396 καὶ⁸
775 5344 1021 5407 ἐκτείνας
1044 5341 1142 5413 τὴν
1172 5346 1328 5413 χεῖρα
1348 5338 1515 5393 αὑτοῦ
1545 5338 1639 5391 ἐπὶ
1660 5338 1785 5399 τοὺς
1811 5335 1990 5405 μαθη-

2085 4606 2168 4662 dit
2193 4606 2615 4661 Partemiastes:
2660 4621 2679 4655 ι
2712 4602 2991 4657 Admirari
3024 4615 3315 4671 personam
3372 4598 3526 4669 impii
3542 4612 3655 4652 non

2084 4705 2169 4752 est
2202 4695 2429 4757 bonum,
2465 4709 2645 4763 neque
2677 4700 2926 4747 sanctum
2953 4690 3457 4759 declinarejustum
3487 4688 3543 4742 in
3562 4688 3655 4757 ju-

2084 4786 2231 4842 dicio
2259 4786 2302 4839 '.
2332 4805 2352 4837 ι
2402 4784 2557 4839 Alius
2590 4802 2605 4838 :
2644 4802 2663 4835 ι
2700 4782 2898 4838 Vereri
2956 4795 3252 4851 personam
3309 4780 3367 4835 in
3419 4778 3653 4851 judicio,

2082 4893 2194 4931 non
2211 4884 2296 4931 est
2323 4876 2565 4939 bonum;
2601 4872 2699 4943 qui
2756 4871 2894 4927 dicit
2926 4870 3097 4940 impio
3133 4888 3146 4924 :
3179 4870 3374 4926 Justus
3399 4884 3480 4933 es,
3538 4884 3656 4924 ma-

2084 4967 2354 5022 ledicetur
2382 4966 2436 5019 in
2460 4963 2680 5034 p0pulis
2700 5004 2714 5028 ,
2762 4973 2819 5017 et
2851 4960 3072 5016 odibilis
3094 4961 3200 5016 erit
3230 4962 3374 5016 inter
3426 4970 3652 5031 gentes;

2086 5059 2183 5127 qui
2249 5065 2433 5111 autem
2480 5053 2924 5124 reprehendunt,
2975 5052 3233 5107 meliores
3289 5051 3655 5121 apparebunt,

2087 5162 2254 5218 super
2288 5162 2385 5202 eos
2414 5155 2598 5200 autem
2628 5144 2813 5199 veniet
2841 5143 3155 5201 benedictio
3206 5142 3349 5197 bona
3382 5141 3424 5196 ⁸.
3457 5160 3475 5193 ι
3518 5143 3658 5197 Pau-

2083 5242 2173 5295 lus
2202 5240 2334 5294 item
2379 5253 2393 5292 :
2446 5256 2465 5289 ι
2502 5236 2624 5293 Νοη
2657 5236 2807 5291 enim
2858 5244 2945 5290 est
3002 5248 3367 5304 personarum
3406 5234 3658 5303 acceptio

2091 5328 2238 5400 apud
2272 5329 2441 5381 Deum
2466 5326 2506 5382 ".
2548 5344 2567 5377 ι
2600 5325 2807 5380 lterum
2847 5342 2860 5378 :
2905 5343 2923 5374 ι
2953 5323 3036 5378 Ab
3066 5323 3152 5378 his
3179 5324 3275 5393 qui
3327 5322 3661 5378 videbantur

408 5436 507 5498 τάς
530 5435 717 5498 αὐτοῦ,
741 5431 891 5489 εἶπεν
910 5452 924 5466 ·
966 5454 984 5487 ι
1029 5412 1159 5487 Ἰδοὺ
1176 5412 1213 5503 γὴ
1240 5435 1421 5503 μήτηρ
1454 5447 1554 5501 μου
1576 5429 1668 5483 καὶ
1697 5428 1744 5480 οἱ
1774 5426 1964 5493 ἀδελφο

2093 5435 2240 5486 esse,
2279 5418 2472 5488 quales
2502 5414 2796 5485 aliquando
2818 5414 3046 5479 fuerint,
3073 5414 3211 5471 nihil
3235 5428 3353 5469 mea
3382 5412 3613 5466 interest
3640 5428 3656 5465 :

411 5544 538 5596 μου.
569 5527 759 5592 Ὅστις
810 5528 919 5598 γάρ
952 5528 1018 5581 ἂν
1048 5501 1263 5597 ποιήσει
1281 5501 1341 5577 τὸ
1374 5501 1589 5592 θέλημα
1630 5520 1725 5574 τοῦ
1769 5517 1964 5588 Πατρός

2097 5525 2387 5584 personam
2412 5508 2558 5563 Deus
2590 5521 2703 5561 non
2741 5505 2946 5577 accipit
2969 5506 3011 5560 ’⁸.
3050 5524 3069 5557 ι
3102 5505 3246 5561 Deus
3269 5502 3503 5574 proinde
3556 5501 3660 5557 Sa-

481 5666 527 5697 “
557 5667 661 5721 lsa.
691 5684 763 5730 Ix,
822 5668 906 5724 16.
980 5669 1027 5700 ³⁷
1080 5668 1260 5722 Eccle.
1296 5683 1370 5731 ix,
1400 5664 1482 5720 16.
1559 5666 1605 5713 ⁸-⁸
1637 5663 1783 5718 Psal.
1821 5678 1964 5716 um

2073 5700 2085 5712 .
2151 5659 2197 5690 ν’
2234 5655 2377 5731 Psal.
2410 5653 2587 5731 ιιι.έῖἶ
2613 5722 2625 5731 _
2660 5654 2675 5685 ¹
2700 5653 2891 5731 Prov.“
2912 5667 3075 5731 xvii]1
3128 5651 3188 5716 5;
3220 5650 3389 5731 Deut.-
3423 5662 3531 5731 xw“,
3553 5646 3655 5731 λθ.

414 5715 845 5862 ῖδξ⁰¹)ξ“νεξ’“ἒ8ῖ
859 5715 906 5724 ⁷⁷
932 5739 952 5771 ³
984 5715 1370 5803 ιιιρῗῖἷξί-ὶῗ
1403 5715 1604 5789 τίνω.
1635 5715 1782 5799 ἐπὶ,
1824 5715 1878 5763 ί.
1909 5732 1964 5786 ρ,

2067 5774 2068 5778 η
2127 5744 2270 5792 xxw,
2295 5726 2386 5781 ‘23.
2463 5726 2483 5757 ⁵
2511 5722 2649 5781 Ibid.
2696 5724 2787 5788 24,
2824 5722 2913 5777 25.
2989 5724 3007 5755 ⁷
3042 5723 3197 5777 Rom.
3233 5735 3289 5785 ιι,
3333 5717 3419 5776 Il.
3502 5719 3521 5748 ⁸
3551 5715 3660 5772 Ga-
