4040 6512
459 345 591 412 1719

1694 340 2063 401 ANTIOCHI
2111 339 2456 399 MUNACHI

3571 330 3689 391 1720

455 468 621 523 mueli
663 468 731 523 de
770 466 897 522 filiis
932 466 1084 523 Jesse
1112 466 1187 519 ait
1218 481 1229 516 :
1273 482 1288 513 ι
1316 461 1395 516 Ne
1428 459 1692 530 respicias
1725 458 1781 511 in
1814 458 2028 511 vultum

2159 474 2238 509 ιου
2272 455 2364 509 τοῦ
2391 459 2449 508 ὲν
2476 455 2744 524 οὐρανοῖς,
2770 445 2924 513 οὗτός
2959 468 3061 520 μου
3085 448 3335 519 ἀδελφὸς,
3365 447 3459 499 καὶ
3484 446 3689 516 ἀδελφὴ,

452 572 509 616 et
536 560 602 615 ad
625 561 1055 632 magnitudinem
1072 560 1213 629 ejus,
1256 555 1386 626 quia
1417 554 1581 608 homo
1628 552 1680 606 in
1722 551 1917 605 faciem
1947 550 2031 603 vi-

455 653 629 717 debit,
675 654 820 707 Deus
848 664 1031 709 autem
1059 652 1307 705 intuetur
1337 663 1433 704 cor
1462 647 1503 699 θ.
1544 666 1561 695 ι
1586 646 1705 713 Ipse
1730 658 1891 710 porro
1920 642 2033 695 Do-

2143 550 2238 603 καὶ
2271 550 2453 618 μήτηρ
2491 549 2592 619 μού
2615 550 2781 600 ἐστιν.
2807 564 2825 596 ι
2845 544 3051 615 Αὑτῷὴ
3083 543 3211 609 δόξα
3230 544 3312 605 είς
3344 542 3469 603 τοὺς
3494 541 3685 603 αἰῶνας

2139 641 2246 693 τῶν
2275 640 2505 693 αἰώνων.
2556 640 2749 708 Ἀμήν.

457 747 786 801 minuscum
818 763 846 800 a
868 744 1104 815 quodam
1135 741 1475 796 audivisset:
1516 758 1533 788 ι
1576 738 1714 791 Ecce
1742 743 1917 789 mater
1941 743 2033 788 tua
2068 741 2125 787 et
2179 733 2376 787 fratres
2403 732 2479 786 tui
2516 731 2652 786 foris
2684 736 2836 785 stant
2886 736 3196 798 quaerentes
3223 734 3276 779 te
3302 724 3368 786 '°,
3418 739 3436 772 I
3489 735 3700 789 respon-

458 838 539 891 dit
568 838 643 891 illi
690 856 703 891 :
737 857 749 891 :

790 858 807 888 ι
834 837 967 903 Quae
999 847 1081 891 est
1114 845 1288 890 mater
1318 850 1461 897 mea,
1486 842 1542 887 ct
1595 831 1687 901 qui
1730 838 1859 884 sunt
1904 829 2104 885 fratres
2132 830 2241 883 mei
2281 830 2360 882 ”?
2399 848 2417 880 ι
2458 828 2710 897 Cumque
2766 826 3107 882 extendisset
3162 839 3389 879 manum
3444 836 3597 876 suam
3652 820 3699 873 in

459 929 784 998 discipulos,
816 929 982 983 dicit:
1018 948 1034 978 ι
1066 928 1205 982 Ecce
1234 935 1409 980 mater
1433 941 1551 978 mea
1573 934 1629 978 et
1652 923 1850 977 fratres
1906 922 2011 977 mei
2046 942 2060 974 -.
2101 922 2421 991 quicunque
2476 921 2623 976 enim
2656 919 2852 975 fecerit
2885 918 3226 972 voluntatem
3250 915 3430 971 Patris
3471 914 3576 968 mei
3617 913 3701 983 qui

461 1021 625 1076 estin
653 1021 828 1086 caelis,
864 1021 954 1075 bic
986 1037 1141 1074 meus
1170 1020 1339 1073 frater
1374 1027 1429 1072 et
1467 1027 1644 1072 mater
1672 1026 1757 1071 est
1788 1019 1851 1070 ”.
1881 1035 1898 1067 ι
1936 1014 2044 1085 Ipsi
2079 1014 2249 1084 gloria
2283 1014 2338 1068 in
2375 1015 2573 1069 saecula
2623 1014 2970 1071 saeculorum.
2995 1011 3192 1065 Amen.

991 1155 1276 1211 llOMlLlA
1296 1155 1479 1210 XCIV.

654 1272 1073 1329 Cohabitandum
1099 1270 1281 1340 paucis
1306 1268 1538 1340 quidem,
1573 1266 1663 1320 sed
1679 1266 1844 1321 bonis.

538 1384 832 1449 Profuerit,
862 1380 1199 1445 cltarissimi,
1228 1395 1351 1435 eum
1383 1379 1573 1449 paucis
1608 1377 1831 1447 quidem
1878 1375 2041 1429 habi-

2752 1145 2964 1198 ΛΟΓΟΣ
2993 1147 3105 1211 ιιΑο.

2352 1260 2490 1329 Περὶ
2517 1258 2624 1314 τοῦ
2647 1256 2835 1312 οἰκεῖν
2860 1258 3010 1327 μετὰ
3038 1256 3260 1325 ὀλίγων
3287 1252 3519 1307 καλῶν.

2215 1374 2396 1427 Καλόν
2426 1374 2595 1433 ἐστιν,
2629 1369 2925 1443 ἀγαπητοὶ,
2968 1371 3140 1423 οἰκεῖν
3193 1367 3335 1438 μετὰ
3393 1366 3601 1433 ὀλίγων
3628 1366 3710 1418 εὐ-

467 1488 602 1541 tare,
628 1476 725 1530 sed
757 1474 917 1529 bonis
946 1491 958 1527 :
990 1474 1042 1527 id
1082 1472 1231 1541 quod
1266 1472 1377 1525 Deo
1410 1470 1570 1540 longe
1609 1469 1838 1540 gratius,
1877 1483 2041 1537 quam

2159 1464 2519 1535 ιρεστοὺντων
2570 1462 2649 1533 τῷ
2681 1462 2820 1533 Θεῷ,
2854 1463 3003 1532 ἥπερ
3030 1461 3168 1530 μετά
3204 1459 3415 1513 πολλῶν
3442 1474 3713 1527 καταφρο-

468 1580 528 1622 ιιι
556 1568 744 1622 multis
773 1566 1056 1620 cohabites
1084 1564 1177 1634 qui
1218 1564 1328 1618 sint
1358 1570 1768 1630 contemptores
1818 1559 2044 1614 manda-

469 1672 649 1715 torum
676 1656 1043 1713 Domini.Ubi
1069 1657 1216 1711 enim
1255 1656 1422 1710 timor
1461 1654 1701 1719 Domini,
1751 1654 1862 1707 illic
1908 1652 2040 1705 cha-

2144 1558 2320 1627 νητῶν
2346 1558 2455 1610 τῶν
2488 1556 2719 1609 ἐντολῶν
2775 1556 3008 1626 Κυρίου.
3045 1555 3221 1607 Ὅπου
3256 1553 3369 1623 γὰρ
3414 1550 3582 1621 φόϐος
3612 1552 3712 1603 Ku-

2149 1651 2286 1721 ρίου,
2318 1652 2435 1703 ὲκεῖ
2464 1650 2557 1702 καὶ
2582 1649 2794 1717 ἀγάπη,
2834 1649 2929 1701 καὶ
2956 1648 3181 1717 ὁμόνοια
3200 1645 3447 1714 ἀδελφῶν
3468 1662 3482 1676 υ
3515 1645 3645 1697 ὅπου
3667 1642 3715 1695 δὲ

468 1752 604 1804 ritas
636 1758 693 1803 et
719 1749 947 1802 fratrum
974 1747 1269 1801 concordia
1300 1764 1312 1799 :
1352 1745 1446 1799 ubi
1479 1744 1666 1798 nullus
1710 1742 2041 1811 relinquitur

2159 1742 2365 1811 ὶφοϐία.
2403 1743 2520 1794 ἐκεῖ
2550 1740 2665 1810 ἔρις
2695 1739 2791 1793 καὶ
2835 1740 2995 1807 ζῆλος
3017 1755 3029 1769 °
3061 1741 3196 1793 ὅπου
3250 1736 3517 1791 εὐλάϐεια
3567 1733 3715 1797 Θεοῦ,

472 1844 657 1899 timori
690 1843 785 1898 Dei
823 1844 998 1906 locus,
1035 1842 1109 1896 ibi
1146 1840 1430 1896 contentio
1482 1855 1548 1894 ac
1593 1838 1743 1893 zelus
1779 1857 1791 1891 :
1828 1837 1922 1891 ubi
1960 1852 2045 1891 re-

468 1939 720 1991 verentia
754 1952 817 1989 ac
868 1936 1047 2004 pietas
1100 1949 1227 2003 erga
1279 1934 1474 1994 Deum,
1510 1940 1566 1984 et
1614 1930 1868 1984 amabilis
1916 1944 2046 1998 erga

469 2031 778 2099 proximum
811 2026 1063 2088 allectus,
1108 2026 1221 2079 illic
1261 2023 1629 2079 intermedius
1654 2022 1851 2076 borum
1884 2020 2045 2075 habi-

471 2131 543 2176 tat
572 2122 753 2174 Deus:
781 2119 876 2173 ubi
917 2126 1100 2172 autem
1149 2117 1355 2171 invidia
1416 2131 1480 2170 ac
1520 2116 1661 2170 male
1691 2115 1961 2184 morigera
1991 2121 2047 2166 et

472 2214 848 2282 inobsequens
875 2210 1164 2280 subjectio,
1193 2209 1307 2263 illic
1336 2224 1367 2263 e
1414 2209 1639 2279 regione
1674 2207 1907 2262 ambitio
1956 2220 2046 2259 re-

471 2310 600 2371 gnat
643 2301 828 2371 gloria:
852 2299 1051 2354 inanis.
1084 2298 1445 2354 Commodum
1468 2298 1635 2353 fuerit
1663 2314 1725 2353 ac
1755 2297 1897 2366 frugi
1948 2312 2050 2351 nos

472 2394 754 2447 mordicus
784 2392 926 2445 tueri
965 2406 1028 2445 ac
1054 2392 1293 2445 retinere
1343 2390 1757 2460 simplicitatem
1799 2398 1853 2443 et
1884 2386 2046 2439 inno-

473 2485 731 2549 centiam,
758 2492 921 2553 atque
946 2483 1012 2537 ad
1049 2482 1317 2538 infantilis
1372 2483 1497 2537 vita:
1535 2482 1827 2537 formulam
1865 2494 2050 2534 mores

475 2577 790 2633 instituere.
817 2575 1020 2645 quibus
1046 2576 1384 2646 incomperta
1418 2584 1503 2629 est
1526 2590 1751 2644 prorsus
1802 2573 2049 2643 improba

475 2669 807 2740 malignitas,
856 2669 1110 2724 humanae
1144 2668 1270 2723 vitae
1312 2668 1587 2737 expultrix
1621 2686 1633 2721 :
1666 2683 1847 2737 neque
1879 2667 2051 2721 simus

475 2762 768 2817 adversum
831 2777 934 2815 nos
994 2762 1222 2815 invecta:
1276 2761 1444 2815 ullius
1495 2760 1708 2831 injuria:
1758 2775 2049 2823 memores,

475 2868 586 2907 neu
647 2868 746 2922 per
801 2852 1067 2907 malitiam
1126 2852 1273 2921 leges
1311 2852 1738 2922 praevaricemur
1796 2868 1811 2905 :
1880 2853 2053 2921 magis

475 2953 657 2998 autem
685 2959 903 2998 omnem
931 2943 1269 3012 deponamus
1306 2943 1601 3006 malitiam,
1656 2958 1874 2997 omnem
1906 2958 2051 2997 ama-

477 3036 780 3091 ritudinem
843 3036 1043 3090 divinae
1098 3035 1233 3105 legis
1287 3034 1816 3103 praavaricatricem.
1885 3035 2051 3105 inque

2149 1836 2244 1889 xui.
2275 1836 2476 1904 στοργή
2499 1833 2591 1887 τοῦ
2642 1832 2891 1903 πλησίον,
2926 1834 3044 1886 ἐκεῖ
3070 1834 3099 1885 6
3148 1832 3279 1893 Θεὸς
3299 1831 3443 1883 οίκεῖ
3464 1830 3525 1881 ὲν

2151 1927 2331 1981 αὐτῶν
2352 1944 2365 1959 ·
2418 1927 2553 1980 ὅπου
2583 1925 2641 1979 δὲ
2694 1925 2889 1995 φθόνος
2924 1924 3020 1979 καὶ
3057 1924 3421 1987 ἀνυποταξία,
3452 1922 3576 1973 ἐκεῖ
3613 1921 3639 1971 6
3669 1919 3719 1983 ἐξ

2151 2021 2398 2083 ἐναντίας
2417 2018 2792 2090 ἐναϐρύνεται.
2815 2018 2993 2071 Καλόν
3015 2021 3161 2071 ἐστιν
3184 2018 3407 2089 κρατεῖν
3440 2014 3545 2085 τὴν
3567 2012 3723 2065 ἀπλά-

2149 2125 2288 2183 τήτα
2313 2113 2409 2164 καὶ
2434 2112 2533 2182 τὴν
2561 2110 2817 2174 ἀκακίαν,
2850 2112 2943 2164 καὶ
2974 2106 3112 2163 εἶναι
3137 2110 3212 2170 ὡς
3238 2111 3306 2162 τά
3340 2110 3518 2177 νήπια
3556 2106 3623 2157 τά
3655 2103 3721 2175 μὴ

2150 2206 2490 2275 γινώσκοντα
2514 2207 2612 2275 τὴν
2628 2206 2916 2275 πονηρίαν,
2942 2206 3043 2273 τὴν
3066 2203 3448 2258 ἀπολλύουσαν
3465 2202 3569 2272 τὴν
3588 2201 3722 2268 ζωὴν

2149 2301 2259 2353 τῶν
2315 2300 2649 2371 ἀνθρώπωνο
2692 2301 2785 2353 καὶ
2833 2300 2906 2371 μὴ
2950 2297 3090 2352 εἶναι
3136 2298 3538 2368 μνησικάκους,
3596 2295 3723 2363 μήτε

2152 2393 2503 2466 παρανόμους
2546 2396 2612 2464 τῇ
2662 2393 2848 2465 κακίᾳ,
2899 2390 3010 2445 ἀλλ’
3037 2388 3334 2444 ἀποθέσθαι
3377 2388 3480 2450 τὰς
3510 2385 3723 2448 κακίας,

2152 2487 2245 2541 καὶ
2282 2486 2380 2550 τὰς
2405 2486 2690 2556 πονηρίας,
2717 2486 2935 2540 καὶτὰς
2964 2484 3189 2552 πικρίας
3222 2483 3321 2544 τάς
3353 2479 3725 2550 παρανόμους.

2152 2580 2244 2634 καὶ
2272 2578 2526 2648 γενέσθαι
2559 2579 2618 2631 ἓν
2647 2578 2886 2647 πνεῦμα,
2919 2579 3014 2632 καὶ
3046 2576 3117 2630 τά
3145 2577 3398 2646 σχήματα
3428 2573 3496 2625 τὰ
3526 2568 3727 2638 πονηρὰ

2152 2671 2472 2742 ἀνατρέψαι,
2501 2672 2649 2733 ὅπως
2681 2674 2709 2725 6
2760 2670 2965 2741 Κύριος
3016 2670 3119 2738 τῆς
3160 2670 3383 2738 εἰρήνης
3426 2664 3730 2733 κατοικήσῃ

2154 2766 2211 2818 ὲν
2246 2767 2437 2826 πᾶσιν,
2466 2764 2553 2817 ἵνα
2574 2766 2668 2817 καὶ
2701 2763 2763 2817 τὸ
2819 2764 3036 2832 πνεῦμα
3086 2762 3236 2829 ὑγιὲς
3262 2761 3515 2829 γένηται,
3547 2756 3730 2822 ὥσπερ

2154 2857 2285 2910 αὐτὸ
2307 2856 2500 2910 ἐλαϐεν
2533 2858 2562 2909 6
2590 2856 2897 2924 ἄνθρωπος.
2938 2855 3064 2908 Ἐἀν
3103 2854 3212 2923 γάρ
3244 2871 3329 2915 τις
3361 2851 3568 2919 κναφεῖ
3592 2845 3729 2915 δὼς-ῃ

2157 2946 2373 3014 ἱμάτιον
2402 2945 2589 3001 καινὸν
2629 2948 2722 3000 καὶ
2748 2945 2922 3013 ὑγιὲς,
2956 2945 3051 2996 καὶ
3106 2942 3265 2996 τοῦτο
3294 2942 3439 2995 ϐέλει
3498 2938 3730 3006 κομίσα-

2156 3039 2298 3093 σθαι·
2323 3042 2351 3093 6
2380 3041 2436 3093 δὲ
2458 3040 2697 3108 κναφεὺς
2720 3040 2912 3110 σχίσας
2932 3038 2993 3090 τὸ
3018 3037 3254 3108 ἱμάτιον,
3289 3033 3597 3094 ἀποδώσει,
3627 3024 3731 3100 ἆρα

480 3143 652 3182 unum
702 3127 1072 3182 coalescamus
1112 3126 1394 3195 spiritum.
1442 3125 1590 3179 omni
1633 3140 1861 3195 prorsus
1890 3141 1919 3178 a
1946 3142 2049 3180 no-

2160 3130 2392 3201 λήψεται
2422 3131 2552 3184 αὐτό
2572 3147 2589 3197 ;

3898 268 3899 305 1

3900 346 3901 383 1

3902 424 3903 467 1

3904 654 3909 717 1

3910 736 3911 781 1

3912 814 3913 847 1

3922 1204 3923 1271 1

3924 1282 3925 1355 1

3922 1360 3937 1817 1

3938 1906 3943 2037 1

477 3219 565 3275 bis
639 3218 867 3288 depulsa
916 3219 1288 3282 simulatione,
1357 3227 1630 3288 quatenus
1685 3218 1740 3271 in
1794 3218 1955 3272 nobis
2027 3221 2056 3274 d

2159 3235 2284 3279 etur
2364 3224 2612 3281 habitare
2674 3224 2945 3280 Dominus
2996 3223 3166 3293 pacis,
3212 3230 3274 3275 ut
3324 3218 3559 3289 spiritus
3622 3214 3733 3284 ipse

481 3308 802 3373 revalescat,
870 3309 1113 3378 pristinae
1155 3309 1375 3363 sanitati
1426 3324 1588 3378 quam
1628 3308 1868 3379 gratuito
1917 3323 2233 3381 acceperat,
2296 3316 2351 3370 in
2392 3317 2663 3388 integrum
2719 3318 3029 3371 restitutus.
3086 3315 3142 3369 Si
3182 3312 3451 3383 quispiam
3486 3318 3733 3363 nostrum

478 3407 690 3453 vestem
744 3396 958 3451 dederit
997 3396 1214 3460 fulloni,
1276 3413 1472 3451 novam
1540 3398 1763 3468 quidem
1826 3398 1972 3453 illam
2031 3410 2195 3472 atque
2259 3406 2630 3475 incolumem;
2682 3417 2737 3463 et
2791 3408 2934 3462 hanc
2979 3423 3009 3461 a
3046 3406 3253 3460 fullone
3293 3405 3546 3474 recipere
3570 3402 3732 3463 velit,

486 3488 700 3559 1177
770 3485 901 3541 fullo
959 3494 1143 3541 autem
1197 3486 1243 3541 si
1293 3488 1630 3544 frustillatim
1694 3490 1970 3545 concisam
2027 3503 2082 3549 et
2138 3497 2431 3553 dissectam
2481 3499 2824 3566 reddiderit,
2882 3500 3030 3553 itane
3069 3498 3297 3569 (quaeso)
3354 3497 3593 3567 accipiet
3620 3509 3735 3551 eam

486 3582 747 3637 dominus
798 3578 1000 3634 vestis?

562 3671 827 3742 Nunquid
860 3686 967 3725 non
1004 3685 1128 3723 eum
1170 3670 1265 3725 illo
1304 3670 1625 3726 velitaribus
1657 3672 1843 3727 verbis
1874 3672 2061 3728 deliti-

484 3765 668 3835 gabit,
702 3763 950 3832 vitioque
1004 3762 1082 3816 illi
1138 3772 1354 3827 vertet,
1393 3763 1625 3818 dicens:
1656 3765 2058 3821 Vestimentum

486 3857 614 3912 dedi
662 3857 717 3910 in
759 3872 953 3911 manus
983 3864 1103 3910 tuas
1146 3871 1339 3909 sanum
1389 3866 1446 3911 et
1485 3857 1784 3921 incolume,
1820 3860 1952 3929 quid
1983 3860 2058 3914 ita

484 3950 665 4004 lacere
698 3947 1017 4009 concidisti,
1059 3954 1118 4001 ut
1160 3947 1294 4001 nulli
1325 3949 1435 4016 jam
1477 3950 1600 4003 usui
1641 3951 2058 4005 accommodum

484 4041 790 4097 redderes?
834 4040 989 4107 Quod
1039 4041 1083 4094 si
1127 4056 1271 4095 unus
1306 4041 1508 4110 aliquis
1540 4057 1641 4111 pro
1686 4043 2062 4113 qualicunque

482 4134 840 4195 vestimento,
889 4131 955 4185 ad
998 4147 1123 4186 eum
1174 4132 1397 4185 modum
1458 4148 1697 4188 mmrore
1738 4133 2055 4201 conﬁcitur,

484 4240 777 4297 pugnaque
820 4224 1033 4278 velitari
1078 4224 1390 4285 contendit.
1442 4225 1572 4292 quia
1611 4240 1723 4279 non
1782 4224 2057 4296 integrum

485 4318 730 4388 recipit:
764 4325 1030 4386 quantum
1086 4332 1187 4371 nos
1230 4316 1482 4371 adituros
1524 4318 1783 4386 supplicii
1836 4334 1935 4388 par
1972 4326 2058 4373 est

486 4407 739 4474 credere,
774 4407 955 4461 ultore
989 4406 1246 4469 Domino,
1279 4406 1375 4475 qui
1423 4420 1549 4459 eum
1589 4407 1847 4476 spiritum
1900 4422 2061 4462 acce-

433 4539 436 4544 -
485 4500 733 4570 perimus
749 4498 895 4553 nulla
924 4506 1153 4567 contage
1168 4496 1481 4552 decolorem
1512 4498 1608 4552 sed
1642 4514 1857 4563 sanum,
1883 4500 2062 4569 ipsum

488 4607 729 4647 tumrere
776 4590 1033 4651 fecimus.
1081 4589 1344 4659 quodque
1391 4589 1562 4643 vitam
1621 4590 1765 4646 hanc
1816 4599 2065 4645 nostram

488 4689 674 4742 minus
722 4688 1141 4757 composuimus
1191 4688 1468 4759 religiose,
1510 4688 1858 4744 reddidimus
1895 4688 2066 4742 inuti-

490 4780 596 4839 lem
619 4781 760 4837 adeo
781 4782 998 4837 utnulli
1025 4782 1137 4852 jam
1174 4782 1441 4837 usuiesse
1480 4783 1653 4851 possit
1674 4782 1900 4837 domino
1931 4782 2067 4836 suo?

490 4871 635 4926 Usus
686 4873 833 4927 enim
886 4874 1004 4943 ipse
1063 4874 1295 4943 spiritus
1347 4876 1546 4936 nostri,
1593 4884 1784 4929 nostra
1818 4890 2067 4943 ipsorum

494 4965 655 5033 culpa
699 4966 956 5035 deperiit.
1013 4969 1149 5021 Dum
1183 4967 1332 5021 enim
1364 4968 1444 5022 sic
1486 4982 1584 5037 per
1632 4968 2067 5028 contentionem,

496 5057 699 5119 zelum,
746 5067 802 5111 et
839 5059 1189 5113 omnifariam
1231 5059 1581 5129 iniquitatem
1624 5060 1791 5113 vitam
1829 5058 2071 5113 traduci-

496 5162 641 5205 mus.
669 5148 857 5216 utique
881 5149 1016 5203 nulli
1044 5150 1341 5205 obscurum
1370 5160 1477 5214 est,
1509 5150 1642 5219 quin
1669 5150 1770 5218 ipsi
1795 5150 2071 5203 nobismet

496 5236 643 5306 apud
676 5238 970 5292 Dominum
993 5241 1356 5296 conciliemus
1388 5242 1549 5303 iram,
1572 5242 1813 5310 denique
1844 5250 1898 5294 et
1925 5258 2075 5294 mor-

498 5340 631 5385 tem.
668 5330 836 5384 Multo
867 5331 1035 5402 igitur
1060 5334 1132 5387 sit
1166 5334 1534 5402 praestabilius
1560 5332 1759 5403 degere
1783 5346 1907 5386 cum
1934 5349 2073 5402 pau-

498 5424 583 5478 cis
611 5426 707 5493 qui
758 5425 889 5480 boni
930 5426 1063 5487 sint,
1102 5442 1265 5494 quam
1310 5440 1433 5479 cum
1468 5425 1663 5479 crebra
1714 5424 2073 5479 multitudine

500 5520 804 5585 inutilium,
838 5526 977 5572 utet
1009 5517 1209 5571 divinze
1238 5517 1586 5571 tradiderunt
1632 5515 1952 5586 Scriptum.
1985 5516 2075 5570 Ait

500 5613 648 5666 enim
681 5610 1069 5665 Parmmiastes
1102 5628 1114 5661 :
1149 5628 1164 5659 ι
1188 5608 1263 5663 Ne
1302 5608 1589 5663 desideres
1620 5623 1740 5663 esse
1774 5623 1898 5661 cum
1934 5607 2072 5659 mul-

2236 3675 2369 3744 Οὐχὶ
2405 3676 2729 3745 μαχήσεται,
2764 3677 2858 3729 καὶ
2894 3677 3340 3749 ὑϐρίσει,().ἐγων
3373 3678 3544 3747 αὐτῷ·
3588 3679 3735 3747 ’1μὲ-

2161 3765 2274 3817 τιόν
2306 3782 2388 3819 σοι
2424 3767 2577 3834 ὑγιὲς
2615 3767 2810 3831 ἔδωκα,
2849 3768 2939 3820 διά
2978 3770 3029 3820 τί
3075 3770 3205 3821 αὐτὸ
3249 3769 3491 3837 ἕσχισας,
3525 3768 3624 3822 καὶ
3652 3786 3735 3821 πε·

2164 3858 2396 3929 ποίηκας
2428 3860 2739 3928 ἄχρηστον;
2768 3862 2830 3913 Εἰ
2868 3857 2962 3913 οὖν
2996 3861 3170 3924 οὕτως
3216 3862 3347 3931 περὶ
3394 3862 3615 3928 ἱματίου
3652 3863 3733 3914 λυο

2164 3950 2345 4004 πεῖταί
2370 3969 2451 4015 τις
2488 3953 2580 4004 καὶ
2622 3952 2876 4023 μάχεται,
2902 3953 2984 4006 ὅτι
3020 3954 3119 4005 οὐκ
3165 3953 3466 4022 ἀπείληφεν
3498 3955 3654 4021 ὑγιὲς
3686 3955 3737 4007 τὺ

2166 4044 2401 4113 ἱμάτιον,
2447 4044 2488 4096 ..ί
2520 4044 2785 4115 δοκοῦμεν
2814 4046 2978 4115 ἡμεῖς
3010 4045 3204 4099 παθεῖν
3244 4047 3349 4100 ὑπὸ
3376 4047 3471 4100 τοῦ
3506 4048 3738 4117 Κυρίου,

2164 4139 2225 4191 τὸ
2259 4135 2477 4194 πνεῦμα
2508 4136 2764 4201 λαϐόντες
2810 4138 2980 4206 ὑγιὲς,
3042 4141 3140 4191 καὶ
3181 4139 3338 4193 τοῦτο
3372 4138 3739 4208 λυπῆσαντες,

2162 4230 2258 4282 καὶ
2308 4228 2731 4299 ἀχρειώσαντες,
2771 4230 2844 4300 μὴ
2898 4232 2957 4283 ὲν
3006 4230 3296 4300 σεμνότητι
3345 4231 3737 4301 πολιτευσάμε-

2162 4338 2273 4384 νοι;
2307 4322 2401 4373 καὶ
2431 4323 2506 4383 είς
2528 4321 2785 4391 οὐδεμίαν
2815 4321 3011 4393 χρῆσιν
3042 4322 3266 4374 δύναται
3295 4318 3532 4392 εἶναιτῷ
3553 4323 3741 4392 Κυρίῳ

2168 4412 2397 4479 ἑαυτοῦς
2440 4414 2505 4466 Ἠ
2554 4414 2661 4485 γὰρ
2713 4416 2909 4485 χρῆσις
2956 4413 3048 4467 τοῦ
3098 4414 3409 4485 πνεύματος
3458 4416 3550 4483 ὑφ’
3583 4416 3740 4485 ἡμῶν

2171 4506 2511 4576 κατεφθάρη.
2547 4506 2639 4576 Τῷ
2674 4505 2783 4578 γάρ
2825 4507 2882 4557 ὲν
2926 4504 3085 4575 ἔριδι,
3115 4506 3211 4559 καὶ
3252 4506 3420 4576 ζήλῳ,
3462 4506 3555 4561 καὶ
3592 4508 3741 4577 πάσῃ

2100 4599 2374 4689 ῡάνομίᾳ
2420 4599 2650 4665 διάγειν,
2710 4599 2945 4669 φανερὸν
2989 4601 3072 4653 ὅτι
3126 4599 3296 4671 ὀργὴν
3358 4601 3454 4654 καὶ¹
3514 4602 3741 4655 θάνατον

2173 4691 2325 4760 παρά
2352 4691 2558 4761 Κυρίου
2589 4692 2803 4753 ἑαυτοῖς
2825 4690 3180 4762 ἐπιφέρομεν.
3219 4710 3237 4743 ι
3258 4691 3527 4762 Αίρετώτε
3537 4710 3632 4763 ρον
3655 4689 3748 4745 οὖν

2166 4782 2281 4834 ἐστι
2333 4781 2473 4851 μετὰ
2517 4780 2716 4849 ὀλίγων
2759 4780 2945 4833 καλῶν
2990 4781 3217 4848 διάγειν,
3251 4782 3283 4853 ἢ
3323 4783 3464 4853 μετά
3509 4784 3748 4853 πλήθους

2167 4874 2480 4941 ἀχρήστων,
2520 4874 2569 4925 εί
2628 4874 2701 4943 μή
2759 4873 2875 4925 ἐστι
2916 4872 3079 4940 φόϐος
3119 4874 3330 4943 Κυρίου
3386 4876 3507 4944 μετ’
3543 4874 3745 4927 αὐτῶν.

2168 4966 2457 5033 Κρείσσων
2498 4965 2605 5032 γὰρ
2636 4960 2717 5027 εἷς
2750 4965 2980 5030 δίκαιος,
3016 4964 3049 5033 ἢ
3078 4964 3239 5035 χίλιοι
3271 4966 3610 5037 ἁμαρτωλοί.
3660 4966 3748 5017 Ἐν

2171 5057 2468 5126 Συναγωγῇ
2504 5057 2611 5125 γὰρ
2641 5056 2981 5127 ἁμαρτωλῶν
3006 5056 3414 5128 ἐκκαυθήσεται
3443 5057 3576 5127 πῦρ.
3612 5056 3747 5117 Καὶ,

2177 5148 2225 5199 εί
2315 5147 2813 5219 σκληροτράχηλος,
2847 5147 3163 5218 θαυμαστὸν
3195 5149 3373 5213 τοῦτο,
3406 5150 3455 5202 εί
3486 5148 3749 5215 ἀθωωοή-

2178 5255 2363 5291 σεται·
2395 5238 2542 5301 ἔλεος
2566 5239 2674 5308 γὰρ
2707 5239 2805 5292 καὶ
2833 5238 2969 5309 ὀργὴ
3010 5238 3163 5310 παρά
3194 5240 3422 5312 Κυρίου.
3455 5259 3472 5292 ι
3512 5241 3620 5293 Καὶ
3654 5240 3749 5292 ἄλ-

2174 5328 2284 5391 λος’
2321 5347 2339 5379 ι
2369 5330 2461 5398 Μὴ
2490 5330 2746 5400 ὲπιθύμει
2776 5329 2977 5400 πλῆθος
3016 5331 3308 5401 ἀχρήστων
3330 5347 3344 5361 ο
3383 5332 3478 5384 ὲάν
3514 5330 3749 5401 πληθυνο

2177 5420 2364 5484 θῶσιν,
2416 5421 2489 5491 μὴ
2529 5421 2822 5491 εὐφραίνου
2861 5422 2946 5473 ἐπ’
2995 5422 3199 5485 αὐτοῖς,
3234 5424 3281 5474 εί
3315 5424 3388 5492 μή
3440 5423 3555 5474 ἔστι
3588 5421 3747 5489 φόϐος

2179 5514 2382 5583 Κυρίου
2415 5514 2532 5584 μετ’
2569 5512 2769 5566 αὐτῶν.
2797 5513 2890 5581 Μὴ
2921 5512 3293 5586 ὲμπιστεόσῃς
3311 5516 3375 5584 τῇ
3410 5514 3521 5583 ζωῇ
3546 5513 3745 5565 αὐτῶν·

2180 5606 2455 5673 στενάξεις
2489 5608 2597 5675 γὰρ
2628 5606 2815 5661 πένθει
2848 5606 3033 5679 ἀώρῳ.
3079 5608 3366 5679 Κρείσσων
3411 5606 3519 5676 γὰρ
3558 5598 3636 5667 εἷς
3667 5604 3741 5661 δίο

562 5792 584 5821 ⁹
621 5792 751 5861 Reg.
787 5808 892 5856 ιιι,
928 5791 1008 5845 l7.
1091 5792 1132 5821 ”
1177 5791 1366 5845 Matth.
1402 5807 1493 5854 xu,
1531 5791 1617 5843 iii.
1700 5791 1735 5818 “
1764 5788 1925 5842 Marc.
1956 5804 2031 5852 ιιι,

2231 5789 2271 5818 ¹¹
2302 5787 2436 5842 Luc.
2459 5805 2570 5850 \‘lll,
2600 5788 2690 5845 21.
