4040 6510
299 393 437 458 ,1721

1447 387 1773 446 IlOMlLIA
1814 388 2076 450 XCV.--
2120 391 2216 450 DE
2257 392 2462 452 RISU.

3430 385 3564 448 1727.2

306 516 457 564 καιος
502 499 673 553 ποιῶν
705 500 765 554 τὸ
792 500 1006 571 θέλημα
1047 502 1141 556 τοῦ
1171 503 1328 569 Θεοῦ,
1361 505 1392 574 ἦ
1429 502 1612 578 μύριοι
1639 506 1878 577 παράνο-

1987 508 2226 563 titudine
2272 510 2573 573 inutilium,
2622 508 2726 563 nisi
2779 506 2924 561 adsit
2969 504 3135 559 timor
3175 504 3393 559 Domini
3436 521 3561 557 cum

308 607 422 660 μοι.
472 592 645 653 »Καὶ,
686 593 942 645 «Δίκαιον
995 594 1285 647 ἀποθανεῖν
1339 595 1585 661 ἄτεκνον,
1644 597 1675 666 ἢ
1736 597 1880 667 ἔχειν

304 680 469 733 τέκνα
499 681 695 752 ἀσεϐῆ.
739 684 870 737 Ἀπὸ
899 684 1006 754 γὰρ
1036 685 1157 750 ἑνὸς
1207 686 1430 739 συνετοῦ
1467 688 1882 758 συνοικισθήσει

306 788 395 825 ται
443 773 619 836 πόλις.
648 792 665 824 ι
717 774 775 828 '0
801 775 857 828 δὲ
898 777 1218 840 Ἀπόστολός
1265 795 1431 849 φησιν
1456 795 1469 809 ο
1514 799 1532 831 ι
1556 782 1739 848 Ἔγνω
1771 779 1882 833 Κύ-

310 879 424 932 ριος
474 864 601 927 τοὺς
657 865 816 929 ὄντας
876 867 1061 922 αὐτοῦ.
1098 887 1116 921 ι
1182 871 1313 935 Καὶ,
1351 890 1369 922 ι
1410 872 1728 941 Ἀποστήτω
1773 873 1881 926 ἀπὸ

306 954 523 1015 ἀδικίας
574 958 681 1020 πᾶς
729 960 758 1011 6
800 959 1085 1029 ὀνομάζων
1133 961 1198 1014 τὸ
1241 961 1412 1033 ὄνομα
1459 962 1554 1016 τοῦ
1591 965 1822 1036 Κυρίου.
1858 986 1875 1018 ι

307 1047 417 1101 Καὶ
452 1050 702 1119 ἐπιφέρει
733 1066 748 1080 °
778 1070 796 1101 ι
842 1051 928 1103 Ἑν
964 1053 1173 1124 μεγάλῃ
1207 1055 1263 1107 δὲ
1293 1054 1438 1125 οίκίᾳ
1462 1057 1560 1109 οὐκ
1591 1056 1739 1109 ἐστιν
1783 1058 1882 1127 μό-

306 1156 395 1191 νον
433 1139 604 1209 σκεύη
636 1144 815 1213 χρυσᾶ
852 1144 944 1195 καὶ
989 1145 1227 1216 ἀργυρᾶ,
1262 1145 1397 1200 ἀλλὰ
1445 1149 1541 1200 καὶ
1572 1148 1759 1212 ξύλινα
1790 1150 1883 1204 καὶ

304 1229 625 1300 ὀστράκινα,
655 1233 747 1286 καὶ
785 1232 821 1287 ἀ
856 1234 953 1304 μὲν
986 1236 1065 1298 είς
1094 1237 1284 1306 τιμὴν,
1320 1237 1355 1291 ἀ
1385 1238 1440 1290 δὲ
1470 1239 1549 1302 είς
1585 1240 1830 1309 ἀτιμίαν.
1858 1261 1876 1293 ι

308 1320 463 1373 Ὅσοι
493 1318 587 1375 οὖν
624 1324 792 1393 ἐσμεν
823 1324 1008 1389 ξύλινα
1045 1328 1140 1380 καὶ
1160 1326 1457 1396 ὀστράκινα
1485 1328 1677 1397 σκεύη,
1710 1330 1883 1382 ἐκκα-

308 1413 564 1483 θάρωμεν
610 1417 859 1483 ἑαυτοὺς,
898 1419 988 1472 ἴνα
1034 1418 1326 1489 γενώμεθα
1366 1420 1536 1489 σκεύη
1566 1422 1780 1491 χρηστὰ
1805 1422 1884 1493 τῷ

306 1508 571 1577 Δεσπότῃ,
607 1510 744 1574 πρὸς
779 1512 889 1565 πᾶν
916 1511 1075 1582 ἔργον
1104 1511 1306 1580 ἀγαθὸν
1337 1513 1715 1583 ἡτοιμασμένοι
1742 1529 1756 1543 ο
1789 1513 1884 1565 καὶ

309 1599 383 1668 μὴ
416 1600 739 1671 ἀκούσωμεν
770 1604 919 1674 παρὰ
942 1604 1037 1657 τοῦ
1064 1605 1333 1657 Δεσπότου
1358 1622 1373 1636 ·
1403 1623 1422 1655 ι
1452 1604 1756 1675 Πορεύεσθε
1787 1606 1882 1657 ἀπ’

305 1692 462 1761 ἐμοῦ,
499 1696 549 1747 οί
581 1697 979 1768 κατηραμένοι,
1009 1700 1090 1762 είς
1128 1699 1190 1752 τὸ
1223 1697 1336 1768 πῦρ
1356 1699 1418 1751 τὸ
1446 1698 1696 1753 αίώνιονο
1736 1699 1882 1768 ἀμὴν

305 1785 449 1852 λέγω
480 1787 632 1855 ὑμῖν,
666 1788 767 1841 οὐκ
789 1784 906 1841 οἶδα
935 1789 1099 1859 ὑμᾶς.
1128 1808 1146 1841 ι
1169 1819 1239 1829 -—
1263 1808 1282 1841 ι
1323 1788 1515 1859 Ὀμοία
1551 1790 1681 1859 γὰρ,
1717 1793 1881 1861 φησὶν

303 1876 332 1928 ὀ
382 1876 607 1947 Κύριος,
636 1879 785 1932 ἐστὶν
838 1881 871 1951 ἠ
922 1879 1167 1949 βασιλεία
1219 1880 1329 1933 τῶν
1376 1881 1622 1951 οὐρανῶν
1670 1883 1878 1953 σαγήνῃ

305 1968 564 2042 βληθείσῃ
612 1971 693 2033 είς
744 1971 845 2043 τὴν
893 1971 1185 2038 θάλασσαν,
1218 1973 1312 2025 καὶ
1356 1973 1419 2026 ἐκ
1458 1973 1660 2034 παντὸς
1690 1975 1880 2041 γένους

306 2062 715 2135 συναγαγούσῃ·
747 2065 813 2134 ἣν
856 2065 944 2117 ὅτε
972 2064 1289 2135 ἐπληρώθη,
1322 2066 1753 2129 ἀναϐιϐάσαντες
1788 2069 1882 2120 ἐπὶ

302 2152 393 2207 τὸν
431 2155 698 2222 αἰγιαλὸν,
736 2157 1023 2223 συνέλεξαν
1070 2158 1153 2221 είς
1206 2160 1425 2225 ἀγγεῖα,
1474 2158 1540 2212 τὰ
1589 2159 1645 2212 δὲ
1692 2161 1880 2231 σαπρά

302 2244 408 2309 ἔξω
443 2245 653 2299 ἔϐαλον.
688 2266 705 2298 ι
751 2248 1134 2319 Καὶὲπιφέρει
1164 2264 1177 2278 ’
1216 2268 1233 2301 ι
1259 2249 1449 2313 Οὕτως
1502 2251 1655 2305 ἔσται
1702 2253 1759 2305 ὲν
1811 2255 1877 2323 τῇ

304 2338 609 2409 συντελείᾳ,
640 2339 1019 2404 ἐξελεύσονται
1047 2342 1097 2394 οἱ
1142 2341 1387 2409 ἄγγελοι,
1430 2342 1525 2395 καὶ
1555 2341 1879 2412 ἀφοριοῦσιν

302 2430 429 2493 τοὺς
465 2432 738 2501 πονηροὺς
777 2435 842 2485 ἐκ
874 2433 1039 2502 μέσου
1071 2434 1181 2486 τῶν
1216 2433 1463 2495 δικαίων.
1492 2434 1589 2489 καὶ
1625 2432 1880 2504 βαλοῦσιν

302 2523 502 2586 αὐτοὺς
535 2526 616 2586 εἰς
648 2524 747 2596 τὴν
780 2524 1013 2593 κάμινον
1052 2525 1147 2578 τοῦ
1196 2528 1369 2598 πυρὸς
1407 2526 1507 2598 τὴν
1558 2527 1875 2597 καιομένην.

316 2613 462 2666 Ἐκεῖ
501 2614 656 2667 ἔσται
696 2616 724 2667 6
770 2615 1070 2686 κλαυθμὸς,
1114 2619 1209 2670 καὶ
1242 2620 1270 2671 6
1311 2618 1556 2690 βρυγμὸς
1588 2618 1699 2673 τῶν
1726 2619 1874 2673 ὀδόν-

300 2717 429 2754 των.
460 2701 653 2755 Πολλοὶ
682 2704 791 2774 γάρ
829 2706 966 2757 είσιν
1014 2705 1225 2776 κλητοὶ,
1254 2707 1425 2775 ὀλίγοι
1463 2709 1520 2762 δὲ
1548 2709 1819 2765 ἐκλεκτοί.
1854 2729 1873 2763 ι

302 2823 372 2832 -
398 2811 418 2843 ι
450 2794 690 2848 Πλατεῖα
732 2795 841 2866 γὰρ
876 2795 1098 2867 ήπύλη,
1124 2798 1220 2851 καὶ
1259 2799 1571 2871 εὐρύχωρος
1611 2803 1643 2872 ἡ
1686 2803 1803 2865 ὀδὸς
1843 2804 1877 2872 ἡ

301 2886 591 2955 ἀπάγουσα
613 2889 693 2951 είς
721 2889 819 2958 τὴν
850 2887 1149 2951 ἀπώλειαν,
1175 2892 1269 2944 καὶ
1299 2893 1484 2945 πολλοί
1512 2896 1653 2947 είσιν
1682 2897 1729 2947 οἱ
1769 2896 1881 2947 εἰσ-

302 2979 589 3049 ερχόμενοι
651 2980 719 3033 δι’
793 2981 1025 3051 αὐτῆς.»
1058 2983 1196 3053 Περὶ
1240 2984 1297 3036 δὲ
1340 2984 1448 3038 τῶν
1479 2985 1675 3053 ὀλίγων
1717 2988 1874 3039 εὐλα-

302 3070 412 3123 ϐὦν
452 3070 547 3125 καὶ
602 3072 785 3126 καλῶν
830 3072 993 3143 φησίν
1020 3091 1033 3106 ·
1089 3075 1243 3128 «Ὅτι
1289 3076 1523 3146 στενηή
1565 3077 1741 3147 πύλη,
1783 3079 1877 3131 καὶ

1980 600 2067 655 eis
2100 616 2113 651 :
2148 601 2346 655 melior
2401 601 2551 654 enim
2593 609 2677 654 est
2726 615 2872 653 unus
2914 600 3134 669 justus,
3189 612 3354 665 quam
3415 596 3562 648 mille

1980 700 2337 763 peccatores;
2396 694 2449 746 in
2499 693 2781 763 Synagoga
2808 691 2955 745 enim
2999 699 3561 758 peccatorum.exar-

1982 783 2175 837 descet
2210 783 2349 853 ignis
2379 800 2390 835 :
2419 793 2475 837 et
2505 783 2547 837 si
2587 783 2756 837 fuerit
2804 797 2949 835 unus
2980 780 3131 833 durze
3175 778 3431 841 cervicis,
3460 776 3563 829 mi-

1982 875 2158 930 rabile
2207 876 2311 929 hoc
2362 875 2406 928 si
2456 875 2727 928 innocens
2778 874 2887 927 erit
2928 890 2940 925 :
2979 870 3357 925 misericordia
3412 868 3559 923 enim

1982 976 2040 1023 et
2091 968 2174 1022 ira
2220 985 2250 1022 a
2281 967 2601 1021 Domino".
2634 984 2651 1015 ›
2702 965 2860 1019 Alius
2904 965 3035 1019 item
3070 982 3083 1017 :
3122 963 3241 1016 «Ne
3298 961 3563 1029 concupi-

1982 1073 2104 1112 scas
2146 1057 2562 1111 multitudinem
2603 1056 2907 1117 inutilium,
2952 1054 2996 1109 si
3048 1052 3399 1122 multiplicati
3442 1051 3563 1104 lue-

1984 1149 2129 1203 rint:
2156 1164 2225 1203 ne
2265 1149 2467 1204 laeteris
2505 1162 2672 1216 super
2703 1148 2807 1211 eis,
2851 1148 2958 1203 nisi
2992 1148 3063 1202 sit
3107 1149 3273 1201 timor
3311 1148 3406 1200 Dei
3437 1162 3561 1199 cum

1984 1242 2118 1311 ipsis
2149 1258 2163 1295 :
2201 1258 2271 1296 ne
2298 1249 2351 1295 te
2372 1241 2567 1295 credas
2587 1241 2713 1294 vita:
2748 1240 2970 1293 illorum
2998 1255 3014 1304 ;
3043 1239 3375 1308 ingemisres
3412 1238 3562 1291 enim

1983 1335 2135 1389 luctu
2165 1334 2578 1403 intempestivo.
2616 1332 2811 1386 Melior
2852 1331 3000 1383 enim
3051 1347 3195 1385 unus
3225 1324 3432 1383 faciens
3462 1345 3562 1382 vo—

1982 1426 2250 1479 luntatem
2280 1424 2519 1486 Domini,
2546 1425 2751 1494 justus,
2784 1437 2951 1491 quam
2981 1421 3171 1475 decem
3222 1421 3391 1473 millia
3426 1436 3565 1488 pra:-

1980 1514 2351 1569 varicantium
2396 1514 2571 1585 legem
2597 1518 2660 1568 ".
2687 1533 2704 1565 ι
2760 1514 2828 1567 Et
2864 1530 2876 1565 :
2915 1533 2932 1563 ι
2961 1514 3175 1567 Justius
3234 1520 3320 1565 est
3385 1510 3563 1565 emori

1983 1605 2104 1660 sine
2155 1605 2369 1665 liberis.
2424 1622 2588 1676 quam
2639 1606 2844 1659 habere
2895 1604 3037 1657 ﬁlios
3083 1603 3312 1672 impios:
3346 1604 3415 1655 ab
3451 1618 3563 1655 uno

1983 1697 2131 1751 enim
2204 1706 2427 1750 sensato
2482 1695 2888 1751 inliahitabitur
2952 1695 3213 1749 civitas.»
3269 1692 3565 1760 Apostolus

1985 1789 2218 1857 proinde
2255 1807 2267 1842 :
2310 1810 2327 1840 ι
2359 1789 2521 1843 Novit
2552 1789 2821 1843 Dominus
2857 1788 2950 1857 qui
2997 1794 3127 1841 sunt
3160 1785 3363 1855 ejus”.
3394 1803 3410 1835 ι
3450 1783 3560 1837 Et:

1990 1900 2006 1930 ι
2031 1882 2285 1935 Discedat
2328 1882 2396 1935 ah
2435 1882 2725 1950 iniquitate
2764 1880 2945 1933 omnis
2976 1878 3067 1947 qui
3106 1878 3325 1930 invocat
3361 1888 3564 1927 nomen

1981 1974 2259 2028 Domini.»
2316 1973 2524 2027 Infert:
2565 1992 2582 2023 ι
2612 1973 2671 2026 ln
2715 1987 2907 2041 magna
2965 1976 3151 2023 autem
3214 1966 3380 2021 domo
3448 1978 3564 2017 non

1981 2063 2160 2118 solum
2208 2072 2339 2118 sunt
2376 2078 2503 2117 vasa
2544 2078 2711 2117 aurea
2750 2070 2806 2115 et
2848 2068 3134 2130 argentea,
3171 2057 3265 2112 sed
3296 2057 3475 2125 lignea
3507 2062 3563 2108 et

1983 2168 2259 2214 testacea:
2292 2157 2541 2226 qmedam
2581 2156 2805 2227 quidem
2865 2155 2920 2208 in
2968 2153 3261 2213 honorem,
3309 2148 3562 2218 quaedam

1980 2267 2115 2307 vero
2156 2253 2211 2305 in
2247 2250 2729 2305 contumeliam“.
2766 2267 2783 2299 ι
2822 2248 3108 2316 Quotquot
3166 2244 3335 2313 igitur
3370 2254 3564 2295 sumus

1979 2344 2160 2414 lignea
2212 2357 2339 2397 vasa
2377 2351 2434 2397 et
2487 2350 2748 2404 testacea,
2781 2351 3155 2408 cxpurgemus
3192 2331 3565 2400 nosmetipsos

1980 2447 2042 2491 ut
2081 2436 2390 2491 elliciamur
2440 2450 2571 2488 vasa
2607 2434 2673 2487 ad
2710 2448 2873 2487 usum
2927 2429 3142 2485 Domini
3182 2423 3561 2485 accommoda,

1979 2529 2047 2585 ad
2090 2544 2253 2584 omne
2305 2529 2509 2582 bonum
2559 2536 2844 2596 apparata,
2876 2532 2938 2577 ut
2984 2538 3052 2576 ne
3092 2520 3311 2576 tandem
3346 2517 3415 2571 ab
3445 2516 3564 2584 ipso

1980 2624 2263 2693 contingat
2295 2637 2397 2677 nos
2423 2620 2618 2675 audire
2646 2638 2658 2673 :
2700 2638 2718 2669 ι
2743 2616 3021 2673 Discedite
3062 2631 3092 2669 a
3116 2631 3225 2675 me,
3258 2610 3563 2670 maledicti,

1978 2731 2137 2770 amen
2165 2715 2291 2769 dico
2320 2714 2499 2777 vobis,
2537 2727 2648 2765 non
2679 2709 2807 2765 novi
2834 2724 2933 2762 vos
2950 2706 3097 2761 unde
3118 2706 3240 2760 sitis
3264 2705 3330 2756 ".
3358 2722 3376 2753 ι
3412 2699 3563 2755 Idem

1978 2806 2247 2862 Dominus
2283 2823 2295 2859 :
2335 2824 2352 2857 ι
2382 2804 2574 2860 Simile
2620 2812 2703 2858 est
2762 2814 2989 2871 regnum
3045 2798 3311 2853 caelorum
3350 2807 3566 2863 sageme

1979 2901 2160 2955 missa:
2192 2900 2248 2953 in
2284 2914 2455 2960 mare,
2491 2907 2549 2951 ct
2577 2912 2640 2950 ex
2666 2895 2813 2949 omni
2840 2906 3040 2964 genere
3066 2891 3300 2961 piscium
3339 2900 3567 2954 congre-

1978 2992 2127 3062 ganti
2164 3008 2325 3061 :quaa
2380 3005 2504 3044 cum
2560 2989 2788 3058 impleta
2853 2995 3022 3048 esset,
3075 2982 3448 3038 ascenderunt
3495 2976 3563 3031 ad

1978 3080 2157 3141 littus,
2186 3087 2243 3133 et
2270 3080 2556 3147 elegerunt
2587 3078 2763 3131 bonos
2791 3076 2845 3129 in
2870 3090 2999 3128 vasa
3029 3088 3149 3135 sua,
3176 3069 3402 3142 putidos
3432 3080 3564 3120 vero

300 3159 635 3247 τεθλιμμένη
676 3162 708 3230 ὴ
758 3161 875 3223 ὁδὸς
914 3163 1267 3232 ήάπάγουσα
1304 3166 1384 3227 είς
1429 3166 1529 3234 τὴν
1575 3165 1741 3235 ζωὴν,
1783 3170 1875 3221 καὶ

1982 3171 2127 3226 l‘oras
2180 3168 2533 3225 miserunt".
2559 3188 2576 3219 ι
2624 3168 2800 3222 lnl‘ert
2834 3184 2846 3220 :
2875 3185 2892 3217 ι
2924 3165 3017 3220 Sic
3053 3165 3163 3218 erit
3207 3162 3262 3215 in
3305 3174 3567 3213 consum-

300 3246 470 3316 ὀλίγοι
505 3250 645 3302 εἰσὶν
689 3252 735 3303 οί
777 3252 1154 3323 εἰσερχόμενοι
1195 3254 1261 3307 δι’
1285 3255 1473 3325 αὐτῆς.
1508 3276 1526 3307 ι
1562 3258 1671 3309 Καὶ
1692 3258 1873 3320 πάλιν,

1982 3262 2227 3319 matione
2259 3281 2271 3316 :
2301 3262 2535 3317 exibunt
2569 3260 2744 3331 angeli
2801 3268 2858 3313 et
2889 3257 3228 3328 separabunt
3275 3254 3451 3307 malos
3494 3249 3563 3304 de

311 3362 325 3389 ι
361 3341 450 3410 Μὴ
497 3340 667 3411 φοϐοῦ
723 3342 785 3394 τὸ
821 3344 1017 3413 μικρὸν
1074 3343 1347 3415 ποίμνιον,
1394 3347 1477 3398 ὅτι
1515 3347 1807 3418 εὐδόκησεν
1850 3351 1879 3402 6

1983 3354 2166 3408 medio
2192 3354 2470 3424 justorum
2503 3370 2515 3406 :
2551 3359 2604 3406 et
2642 3352 2863 3405 mittent
2891 3365 2987 3403 eos
3018 3349 3072 3402 in
3106 3347 3383 3402 caminum
3424 3340 3567 3412 ignis

302 3432 490 3503 Πατὴρ
521 3432 675 3503 ὑμῶν
732 3434 917 3488 δοῦναι
960 3436 1090 3505 ὑμῖν
1136 3436 1235 3508 τὴν
1285 3436 1582 3506 βασιλείαν.
1609 3456 1627 3489 ι
1662 3439 1877 3512 Αὑτῷή

1982 3444 2305 3509 ardentem;
2341 3445 2415 3498 ibi
2461 3443 2571 3499 erit
2626 3442 2791 3497 ﬂetus
2848 3449 2905 3495 et
2968 3440 3178 3495 stridor
3222 3434 3560 3491 dentium".

297 3526 430 3592 δόξα
458 3528 537 3589 είς
564 3528 691 3591 τοὺς
720 3530 943 3592 αἰῶνας.
986 3528 1180 3599 Ἀμήν.

1984 3537 2139 3591 Μιιὶιὶ
2184 3538 2332 3591 enim
2378 3544 2508 3591 sunt
2549 3535 2751 3598 vocati,
2791 3534 2949 3604 pauci
2980 3548 3113 3587 vero
3157 3529 3319 3585 electi
3349 3530 3413 3581 ὀ.
3443 3547 3460 3578 ι
3498 3554 3567 3565 --

305 3618 523 3688 1178
565 3637 583 3669 ι
607 3618 737 3673 Lata
771 3618 919 3675 enim
962 3628 1047 3672 cst
1081 3630 1236 3688 porta
1266 3627 1321 3673 et
1351 3619 1590 3689 spatiosa
1624 3620 1709 3675 via
1754 3638 1877 3691 qua:
1914 3624 2070 3680 ducit
2128 3627 2196 3681 ad
2247 3628 2639 3697 perditionem,
2668 3636 2723 3680 et
2757 3625 2916 3679 multi
2948 3634 3076 3679 sunt
3106 3622 3198 3692 qui
3235 3622 3567 3692 gradiuntur

298 3726 400 3780 per
429 3710 627 3765 eam“.
650 3729 668 3762 ι
706 3711 781 3765 De
813 3712 1002 3779 paucis
1033 3711 1263 3779 proinde
1324 3712 1431 3781 piis
1495 3728 1559 3768 ac
1594 3714 1773 3779 bonis,
1819 3716 1933 3771 ait:
1984 3719 2161 3785 «Quia
2190 3728 2419 3790 angusta
2459 3729 2544 3774 est
2568 3721 2813 3789 porta",
2843 3738 2859 3770 ι
2897 3728 2953 3772 et
2985 3716 3403 3772 tribulationum
3451 3717 3565 3788 spi-

302 3806 390 3858 nis
417 3814 571 3873 septa
596 3802 841 3872 undique
866 3804 954 3857 via
978 3819 1100 3873 quae
1134 3803 1287 3858 ducit
1341 3804 1407 3859 ad
1441 3806 1632 3870 vitam,
1660 3816 1717 3861 et
1740 3811 1900 3878 pauci
1936 3821 2068 3866 sunt
2114 3811 2209 3881 qui
2258 3811 2648 3882 ingrediuntur
2713 3827 2813 3883 per
2874 3825 3017 3864 cam.
3081 3808 3285 3861 lterum
3315 3822 3329 3858 :
3378 3824 3395 3855 ι
3442 3806 3565 3861 Noli

302 3896 499 3950 timere
532 3894 769 3964 pusillus
814 3910 967 3965 grex,
996 3894 1126 3964 quia
1152 3896 1485 3965 complacuit
1519 3897 1667 3953 Patri
1726 3908 1915 3957 vestro
1953 3901 2084 3957 dare
2138 3901 2299 3957 vobis
2360 3918 2592 3973 regnum
2640 3903 2705 3956 ".
2738 3920 2755 3953 ι
2813 3899 2921 3971 Ipsi
2989 3899 3159 3969 gloria
3217 3902 3275 3951 in
3341 3897 3563 3955 swcula.

300 3990 494 4045 Amen.

905 4103 1121 4156 ΛΟΓΟΣ
1159 4104 1272 4170 t,E'.

759 4217 901 4285 Περὶ
934 4217 1040 4271 τοῦ
1075 4218 1160 4287 μὴ
1198 4216 1402 4288 γελᾷν.

377 4333 450 4387 Τὸ
478 4333 647 4404 γελᾷν
688 4333 823 4397 ὅλως
857 4334 1206 4405 Χριστιανοῖς
1232 4333 1331 4387 οὐκ
1365 4334 1746 4405 ἐπιτρέπεται,
1777 4336 1880 4406 μά-

2544 4104 2828 4161 IIOMILIA
2864 4105 3021 4161 XCV.

2078 4220 2499 4293 Temperandum
2535 4240 2567 4276 a
2598 4220 2851 4275 solutiore
2875 4228 2922 4275 et
2953 4220 3301 4274 immoderato
3339 4220 3446 4273 risu

2056 4333 2257 4389 Ridere
2278 4335 2514 4389 solutius
2541 4334 2860 4402 neutiquam
2890 4332 2959 4385 iis
2979 4331 3310 4401 permissum
3336 4330 3428 4399 qui
3455 4329 3567 4385 sint

302 4421 459 4475 λιστα
499 4421 557 4476 δὲ
608 4424 884 4493 μοναχοῖς,
939 4426 1052 4486 τοῖς
1099 4422 1477 4489 σταυρώσασιν
1526 4426 1754 4491 ἑαυτοὺς
1800 4426 1878 4499 τῷ

1982 4442 2243 4498 germane
2280 4425 2579 4481 Christiani
2614 4424 2752 4480 :sed
2800 4424 3048 4479 omnium
3098 4423 3324 4476 minime
3365 4437 3567 4475 conve-

305 4513 518 4582 κόσμῳ.
566 4531 584 4564 ι
609 4514 675 4567 El’
701 4531 784 4577 τις
809 4516 917 4585 γὰρ
948 4514 1096 4586 θέλῃ,
1127 4516 1311 4586 φησὶν,
1343 4516 1519 4571 ὀπίσω
1552 4534 1653 4588 μου
1686 4517 1880 4582 ἐλθεῖν,

1988 4521 2071 4574 nit
2126 4518 2434 4585 monachis,
2495 4518 2590 4588 qui
2652 4533 2711 4573 se
2765 4518 2876 4588 jam
2928 4516 3324 4571 cruciﬁxerunt
3374 4513 3565 4568 mundi

307 4605 718 4676 ἀπαρνησάσθω
753 4607 965 4673 ἑαυτὸν,
1007 4608 1103 4660 καὶ
1148 4609 1335 4679 ἀράτω
1377 4608 1470 4663 τὸν
1511 4610 1747 4681 σταυρὸν
1784 4611 1883 4664 αὑ-

305 4695 424 4760 τοῦ,
454 4698 548 4750 καὶ
576 4698 945 4753 ἀκολουθείτω
987 4718 1099 4769 μοι.
1130 4719 1147 4751 ι
1183 4702 1292 4755 Καὶ
1323 4702 1442 4765 πῶς
1478 4702 1757 4772 ἐνδέχεται
1792 4703 1884 4757 τὸν

310 4790 739 4861 ἐμπεπαρμένον
770 4793 883 4854 τοῖς
911 4792 1137 4859 γλυκέσι
1166 4792 1317 4862 ἥλοις
1356 4794 1450 4848 τοῦ
1484 4796 1740 4864 σταυροῦ,
1763 4795 1887 4848 δια-

307 4880 519 4949 χεῖσθαι
545 4882 636 4934 καὶ
666 4882 830 4952 γελᾷν
851 4899 879 4960 ;.
896 4884 969 4935 Οὐ
998 4883 1109 4954 γὰρ
1139 4885 1219 4947 είς
1245 4884 1619 4955 μετεωρισμὺν
1654 4886 1886 4957 ἐκλήθη-

312 4988 434 5040 μεν,
462 4972 554 5024 καὶ
580 4973 821 5041 γέλωτα,
852 4974 941 5025 ἶνα
982 4973 1481 5045 κληρονομήσωμεν
1513 4976 1595 5037 τὸ,
1634 4976 1776 5039 οὐαὶ,
1811 4976 1887 5039 ὡς

308 5064 361 5116 οἱ
390 5062 615 5129 ἐθνικοὶ,
646 5064 781 5118 ἀλλά
824 5065 911 5119 διά
952 5064 1046 5117 τοῦ
1099 5065 1326 5129 πένθους
1354 5066 1455 5133 τῆς
1484 5065 1887 5136 παρακλήσεως

309 5154 387 5217 ὡς
418 5156 570 5216 ἐντὸς
612 5155 922 5227 γενώμεθα.
970 5157 1109 5227 Περὶ
1130 5156 1239 5227 γὰρ
1285 5157 1465 5227 ψυχῆς
1512 5156 1658 5220 ἄπας
1685 5160 1712 5210 ὀ
1739 5156 1887 5226 ἀγὼν

309 5246 468 5315 ἡμῶν
496 5247 728 5315 γίνεται,
759 5249 887 5319 περὶ
912 5242 980 5321 ἦς
1009 5250 1175 5313 πολὺς
1197 5250 1461 5317 κίνδυνος,
1492 5251 1588 5303 καὶ
1623 5251 1650 5301 6
1670 5250 1887 5313 αἰώνιος

314 5338 546 5408 βάσανος
570 5357 584 5371 ο
621 5341 723 5395 οὐκ
756 5342 903 5396 ἐστιν
932 5343 1042 5412 γὰρ
1075 5345 1134 5397 ὲν
1164 5342 1292 5414 ᾇδου
1333 5344 1747 5414 ἐξομολόγησις,
1785 5343 1888 5395 οὐκ

312 5432 462 5486 ἔστιν
489 5433 698 5505 δάκρυα
722 5436 812 5488 καὶ
838 5437 1154 5506 στεναγμοὶ,
1180 5438 1249 5488 τὰ
1266 5434 1623 5488 δυσωποῦντα
1652 5434 1742 5487 τὸν
1764 5451 1887 5505 κρι-

314 5523 442 5595 τήνο
477 5526 581 5579 οὐκ
624 5526 771 5580 ἔστιν
816 5527 1190 5599 προσθεσμίας
1227 5530 1352 5599 ὄρος
1398 5529 1533 5590 ἐκεῖ,
1564 5526 1687 5581 οὐδὲ
1724 5527 1887 5597 μετά·

386 5683 619 5755 '_'_Eccli.
678 5700 826 5747 xxiv,
858 5685 879 5739 l
917 5700 1068 5755 seqq.
1200 5686 1241 5715 “
1270 5685 1438 5740 Εοειίο
1474 5701 1579 5741 κνῑι
1632 5686 1745 5740 L3-

320 5752 361 5822 ?“
403 5753 588 5806 Matth.
644 5769 756 5817 xm,
789 5755 892 5817 47,
928 5752 1046 5808 48Ϊ
1152 5755 1193 5787 ¹⁹
1242 5756 1399 5821 ibid,
1433 5758 1517 5822 49,
1549 5756 1637 5810 50,

318 5821 365 5854 ’³
391 5822 523 5878 Luc.
551 5840 643 5887 xu,
669 5824 758 5878 3‘2.
837 5824 1036 5881 1“Luc.
1065 5842 1120 5891 tt,
1147 5825 1266 5879 2-5.

1851 5686 1893 5717 ¹³
1926 5685 1969 5738 ll
2011 5683 2152 5739 Tim.
2186 5702 2245 5747 ιι,
2306 5681 2389 5737 19.

1755 5756 1799 5787 ⁸⁸
1841 5756 2031 5811 Matth.
2074 5771 2200 5819 χχιι,
2246 5756 2326 5808 Μ.

1985 4612 2151 4668 istius
2197 4612 2367 4667 vitiis.
2421 4611 2511 4665 Ait
2566 4612 2716 4666 enim
2786 4611 3055 4665 Dominus
3094 4627 3107 4663 :
3150 4629 3167 4660 ι
3194 4608 3249 4663 Si
3284 4609 3411 4678 quis
3444 4610 3567 4660 vult

1984 4715 2109 4775 post
2166 4720 2254 4759 mc
2304 4704 2520 4767 venire,
2574 4704 2811 4774 abneget
2868 4703 3254 4771 semetipsum,
3308 4711 3364 4756 et
3414 4700 3567 4754 tollat

1985 4813 2205 4853 crucem
2263 4812 2418 4850 suam
2470 4804 2527 4850 et
2583 4806 2849 4865 sequatur
2912 4795 3129 4849 me“.p
3172 4794 3275 4859 Qui
3331 4792 3566 4863 (quasso)

1986 4888 2269 4958 probabile
2307 4887 2399 4945 sit.
2431 4887 2580 4940 hunc
2622 4888 2806 4941 crucis
2848 4885 3053 4940 Christi
3086 4884 3349 4939 dulcibus
3398 4882 3570 4937 clavis

1986 4993 2108 5032 esse
2157 4976 2500 5041 transfixum,
2538 4976 2633 5045 qui
2681 4976 2759 5030 sic
2810 4976 2984 5030 soleat
3031 4973 3346 5044 profusiore
3378 4973 3569 5027 laetitia

1989 5068 2222 5123 dill'undi
2251 5077 2307 5123 et
2334 5068 2515 5123 ridere
2546 5067 3026 5136 solutius?Neque
3054 5067 3202 5120 enim
3223 5066 3291 5119 ad
3319 5066 3565 5135 ejusmo-

1990 5161 2043 5213 di
2079 5161 2247 5214 animi
2300 5161 2596 5214 elationem
2643 5169 2739 5213 aut
2787 5159 2962 5212 risum
3009 5158 3333 5213 solutiorem
3383 5154 3567 5209 vocati

1984 5268 2197 5316 sumus,
2232 5269 2300 5307 ne
2339 5268 2438 5321 per
2470 5253 2587 5306 hzec
2629 5252 2851 5306 demum
2889 5251 3173 5320 contingat
3206 5265 3307 5303 nos
3346 5248 3566 5316 assequi

1984 5360 2095 5399 una
2125 5359 2249 5399 cum
2288 5343 2529 5399 ethnicis
2564 5343 2721 5407 illud,
2761 5358 2864 5409 vae,
2925 5342 3095 5413 magis
3144 5356 3275 5396 vero
3329 5356 3428 5410 per
3485 5340 3567 5392 lu—

1983 5443 2158 5499 ctum,
2188 5442 2407 5505 gustum
2443 5434 2887 5503 qualemcunque
2939 5433 3298 5502 przelibemus
3328 5431 3567 5483 internae

1987 5527 2402 5583 consolationis.
2465 5528 2572 5582 Pro
2630 5527 2827 5581 animae
2887 5527 3035 5580 enim
3096 5522 3341 5595 paranda
3389 5521 3566 5575 salute

3017 5681 3057 5711 "
3084 5677 3271 5732 Matth.
3310 5693 3412 5730 xxv
3437 5716 3450 5737 .
3479 5676 3567 5729 ll-

2524 5682 2566 5713 “
2598 5682 2730 5736 ibid.
2765 5725 2777 5746 ,
2800 5681 2890 5736 9.0.
3017 5681 3057 5711 "
3084 5681 3271 5732 Matth.
3310 5693 3412 5730 xxv
3437 5716 3450 5737 ,
3479 5681 3565 5729 41.

2531 5753 2719 5808 !llatth.
2758 5767 2849 5811 vti.
2880 5753 2962 5808 l5.
3084 5750 3127 5781 "
3158 5748 3289 5802 Luc.
3333 5763 3443 5811 xm,
3478 5744 3565 5799 2L

2457 5755 2494 5784 "
2531 5753 2719 5808 Matth.
2758 5767 2849 5817 vn,
2880 5753 2962 5808 l3.
