4040 6504
523 361 659 428 1723

1788 363 2149 426 ANTIOCHI
2191 363 2539 425 MONACIII

3643 363 3772 430 1724

521 487 819 538 universus
839 482 927 536 hic
952 483 1115 538 nobis
1133 493 1423 554 susceptus
1439 492 1524 539 est
1540 498 1701 553 agon,
1715 483 1804 536 cui
1830 483 1962 536 alias
1977 496 2088 535 non

2196 503 2337 547 νοια,
2368 485 2470 537 οῦκ
2504 484 2652 538 ἔστιν
2682 484 2941 550 ἐπάνοδος
2983 486 3121 555 μετά
3146 486 3245 557 τὴν
3275 484 3529 539 ιντεῦθεν
3565 484 3770 550 ἐξοδόν

520 576 800 630 mediocre
835 576 1117 645 impendet
1166 577 1494 646 periculum,
1519 590 1628 629 non
1661 575 1780 629 leve
1825 590 1946 629 eam
1980 583 2097 628 tor-

520 681 766 726 mentum
793 678 998 733 manet,
1028 668 1124 723 sed
1148 680 1439 723 aeternum.
1460 668 1594 733 Quis
1615 668 1762 722 enim
1790 669 1843 721 in
1878 668 2097 722 inferno

522 762 856 831 relinquitur
879 760 1216 815 confessioni
1243 759 1523 813 locus“‘?.
1557 759 1736 813 Nullis
1774 759 1890 814 illic
1920 760 2099 830 lacry-

520 856 627 908 mis
654 864 749 908 aut
787 853 1109 922 suspiriosis
1151 853 1449 923 gemitibus
1478 853 1558 906 ira
1606 852 1851 906 ﬂectitur
1887 852 2097 923 judicis

520 943 841 1013 aequissimi.
872 944 931 996 In
964 944 1171 997 nullius
1214 942 1347 996 item
1375 941 1933 1013 gratiam,przelinitte
1961 942 2096 1012 legis

522 1037 793 1090 terminus
826 1036 1111 1105 prorogari
1156 1035 1268 1090 illic
1307 1044 1510 1105 potest,
1550 1035 1647 1089 sed
1696 1050 1875 1104 neque
1913 1034 2096 1105 paeni-

523 1118 694 1181 tentia
743 1129 854 1181 ulla
885 1129 994 1197 jam
1034 1127 1259 1182 residet.
1303 1127 1386 1181 Ab
1420 1128 1575 1181 exitu
1615 1126 1773 1181 istius
1799 1127 1923 1181 vitae
1958 1126 2093 1181 nulli

523 1218 851 1271 conceditur
895 1218 1108 1273 reditus
1144 1236 1156 1270 :
1196 1219 1332 1287 quin
1368 1218 1437 1271 ad
1482 1228 1683 1272 metam
1725 1219 1819 1271 ubi
1862 1234 2097 1287 perven-

524 1318 639 1363 tum
668 1318 753 1363 est
796 1310 961 1379 hujus
993 1309 1485 1379 peregrinationis,
1516 1308 1653 1362 nihil
1685 1310 1799 1378 jam
1838 1316 2097 1363 occurret

522 1403 817 1471 peccatrici
848 1402 1046 1457 animae
1094 1418 1202 1456 non
1248 1403 1470 1471 plenum
1516 1401 1922 1463 amaritudinis,
1956 1401 2094 1455 nihil

522 1508 632 1548 non
667 1495 887 1563 plenum
919 1493 1284 1549 intolerabilis
1308 1494 1570 1548 molestia:
1598 1502 1654 1548 et
1680 1492 2002 1547 acerbitatis
2028 1490 2096 1545 iis

523 1586 619 1655 qui
659 1585 933 1640 indultum
968 1586 1035 1639 ad
1065 1586 1447 1656 pmnitentiam
1471 1595 1690 1655 tempus
1716 1583 2011 1655 neglectim
2038 1592 2096 1638 et

522 1679 643 1732 sine
678 1678 860 1731 fructu
899 1677 1330 1731 transmiserint.
1376 1677 1472 1731 llis
1514 1678 1662 1731 enim
1692 1676 1935 1746 primum
1968 1675 2096 1729 hor-

2200 576 2337 630 ἀλλά
2362 575 2501 645 μετά
2524 576 2622 647 τήν
2648 576 2897 629 ἐντεῦθεν
2936 578 3248 647 ἀποδημίαν
3277 578 3456 630 πάντα
3482 577 3579 630 ὅλα
3609 580 3771 646 πικρά

2200 668 2629 737 συναντήσουσιν
2650 670 2763 731 τοῖς
2785 668 3119 722 ἀπολέσασιν
3148 670 3239 722 τὸν
3272 670 3468 740 καιρδν
3493 669 3591 736 τῆς
3616 686 3774 737 μετα-

2198 758 2368 820 νοίας.
2392 759 2792 829 Συναντήσεται
2821 760 2930 828 γάρ
2963 761 3145 823 αὐτοῖς
3186 761 3219 831 ἡ
3255 760 3535 831 φρικώδης
3558 759 3652 812 καὶ
3682 776 3772 827 φοι

2198 850 2334 922 ϐερά
2358 850 2483 920 ὄψις
2521 852 2702 922 ἐκείνη
2736 851 2846 903 τῶν
2893 852 3114 905 οἰκείων
3147 852 3566 923 ἁμαρτημάτων
3598 852 3773 921 πάσης

2196 942 2471 1005 κολάσεως
2494 942 2817 1013 πικροτέρα,
2857 943 2953 997 καὶ
2987 944 3224 1008 συνειδὸς
3250 944 3554 1015 μαστιγοῦν
3583 944 3773 1006 αὐτοὺς

2198 1034 2407 1087 ἔνδοθεν
2439 1035 2681 1105 συνεχῶς
2709 1034 3045 1104 φθέγγεσθαι
3069 1035 3137 1089 τά
3160 1036 3369 1089 ἐλεεινὰ
3392 1039 3613 1107 ῥήματα
3638 1037 3774 1088 ἐκεῖ·

2174 1145 2264 1181 κνα
2289 1144 2304 1159 ο
2361 1127 2523 1197 Οίμοι
2571 1127 2703 1195 ἐγὼ,
2738 1128 2820 1181 ὅτι
2870 1127 2979 1181 ῐδον
3016 1127 3114 1199 τὴν
3141 1129 3355 1199 ἡμέραν
3381 1129 3612 1197 ταύτην
3645 1130 3771 1181 ὅπου
3846 1118 3851 1119 ν

2195 1219 2304 1288 γάρ
2333 1220 2429 1272 ἐὰν
2457 1218 2769 1289 περιαγάγῃ
2798 1218 2889 1272 τὸν
2913 1219 3215 1290 ὀφθαλμὸν,
3246 1222 3366 1273 ἐκεῖ
3389 1220 3582 1285 ὄψεται
3605 1220 3771 1286 ἀγγέ-

2194 1305 2316 1368 λους
2350 1304 2739 1377 ἀνελεήμονας,
2769 1307 3210 1377 φρικωδέστατον
3230 1308 3457 1379 ἔχοντας
3488 1306 3654 1371 εἶδος.
3690 1309 3773 1361 Ἐν

2195 1396 2379 1467 ἐκείνῃ
2411 1396 2520 1466 γὰρ
2569 1399 2635 1467 τῇ
2681 1394 2802 1467 ῶρα
2841 1397 2940 1467 τῆς
2991 1398 3261 1468 ἀνάγκης,
3300 1399 3659 1464 στενάξουσιν
3686 1414 3771 1451 πι-

2196 1487 2363 1556 κρῶς,
2394 1488 2522 1541 ὅταν
2550 1490 2766 1559 Θανάτῳ
2804 1490 2900 1543 καὶ
2929 1492 3133 1560 αίωνίῳ
3162 1491 3564 1563 παραδίδωνται
3598 1491 3772 1544 σκότει

2199 1579 2474 1652 ἐξωτέρω,
2514 1586 2610 1637 καὶ
2637 1584 2924 1659 κλαυθμῷ,
2970 1586 3066 1638 καὶ
3108 1584 3341 1655 βρυγμῷ
3396 1584 3657 1647 ὀδόντων,
3686 1585 3775 1637 καὶ

2198 1673 2443 1744 σκώληκι
2489 1677 2857 1751 ἀτελευτήτῳ,
2899 1680 2996 1734 καὶ
3046 1678 3284 1748 πυθμένι
3326 1678 3481 1749 ᾅδου,
3518 1678 3618 1729 καὶ
3644 1692 3774 1747 ταρ-

522 1770 690 1825 renda
742 1785 969 1839 prorsus
1018 1770 1270 1839 nullique
1336 1786 1448 1823 non
1503 1768 1878 1823 formidabilis
1924 1768 2093 1823 facies

2196 1768 2368 1838 τάρῳ,
2403 1769 2494 1823 καὶ
2512 1770 2708 1842 γεέννῃ
2743 1771 3131 1842 χαλεπωτάτῃ.
3169 1771 3393 1843 Ταύτης
3422 1769 3535 1841 γάρ
3562 1770 3653 1823 δεῖ
3685 1786 3775 1821 περ

520 1869 873 1931 peecatorum
916 1877 1037 1929 qua:
1083 1870 1316 1916 eatenus
1364 1860 1711 1926 admiserint,
1752 1862 1899 1915 ultro
1922 1878 1981 1917 se
2011 1861 2093 1915 in-

2199 1832 2552 1924 ριϐλέπεσθανι
2570 1861 2640 1913 τά
2666 1832 3177 1933 βασανιστήρια,ητά
3206 1832 3628 1929 ἀπεκδεγόμενα
3655 1859 3774 1919 τοὺς

519 1962 676 2019 geret
705 1950 1016 2015 visendam,
1042 1950 1223 2005 dirum
1260 1953 1419 2020 plane
1451 1953 1825 2021 spectaculum
1855 1963 1913 2008 et
1941 1953 2091 2007 omni

519 2042 793 2111 supplicio
822 2036 1082 2097 amarius.
1110 2042 1216 2097 Sed
1244 2050 1301 2095 et
1332 2043 1433 2096 hos
1460 2044 1802 2098 conscientia
1828 2044 2092 2100 interiore

518 2134 692 2203 llagro
729 2133 1118 2196 eonscindens,
1155 2149 1223 2189 eo
1268 2134 1455 2204 adiget
1505 2143 1566 2189 ut
1626 2137 1983 2191 continenter
2036 2146 2092 2191 et

516 2225 896 2279 vociferentur
930 2234 987 2279 et
1018 2226 1227 2295 ejulent
1262 2226 1447 2281 verbis
1500 2226 1609 2281 illis
1653 2227 2091 2297 comploratione

516 2319 668 2373 omni
716 2318 1100 2388 dignissimis:
1132 2318 1222 2373 Va:
1269 2318 1447 2383 mihi;
1500 2318 1695 2388 quidni
1756 2320 1902 2374 hunc
1951 2335 2095 2389 prae-

516 2411 629 2465 vidi
672 2410 841 2471 diem,
871 2409 1040 2463 miser
1078 2410 1221 2480 ego?
1251 2410 1303 2465 ls
1364 2426 1811 2480 quaquaversum
1855 2410 2093 2465 circum-

514 2509 640 2571 aget
673 2501 886 2564 oculos,
913 2501 1138 2569 angelos
1161 2500 1274 2555 illic
1307 2500 1821 2555 circumvolitantes
1855 2501 2093 2555 intuebi-

516 2599 630 2653 tur,
655 2606 686 2645 a
720 2589 1200 2646 commiseratione
1250 2605 1423 2658 usque
1451 2589 1588 2643 adeo
1620 2589 2005 2655 abhorrentes,
2031 2597 2093 2643 ut

514 2682 603 2735 vel
651 2682 767 2735 sola
822 2679 1005 2750 specie
1045 2678 1427 2733 incredibilem
1472 2690 1638 2748 atque
1684 2680 2089 2734 intolerandum

516 2772 793 2827 incutiant
832 2772 1133 2842 speetatori
1184 2780 1475 2825 terrorem.
1517 2770 1631 2824 Sub
1682 2771 1872 2826 horam
1927 2781 2093 2827 tanta:

517 2864 679 2919 istius
727 2864 992 2919 adeunda:
1029 2862 1384 2919 necessitatis
1423 2863 1784 2933 suspirabunt
1828 2865 2089 2933 amarius,

2194 1950 2578 2022 ἁμαρτωλούς
2606 1953 2703 2007 καὶ
2730 1953 2805 2023 μὴ
2828 1953 3133 2023 διαχεῖσθαι
3164 1954 3223 2006 tv
3251 1952 3473 2022 γέλωτι,
3498 1950 3533 2021 ἡ
3567 1966 3773 2020 μετεω-

2197 2047 2433 2113 ρισμοῖς.
2474 2043 2637 2098 Ἀλλὰ
2705 2045 2908 2116 μᾶλλον
2968 2044 3237 2109 ἀτενίζειν
3277 2044 3652 2106 ἀδιαλείπτως
3698 2045 3772 2105 είς

2193 2136 2294 2206 τὴν
2323 2136 2482 2208 χάριν
2508 2136 2603 2191 τοῦ
2641 2137 2800 2203 Θεοῦ,
2829 2137 3015 2201 καθὼς
3047 2140 3075 2191 6
3118 2139 3389 2209 μακάριος
3416 2136 3612 2201 Δαυῖδ,
3644 2138 3774 2189 ἀπο·

2194 2225 2408 2280 ϐλέπων
2432 2229 2511 2291 είς
2527 2227 2626 2298 τήν
2652 2229 2811 2300 χάριν
2835 2228 2931 2282 τοῦ
2954 2228 3113 2292 Θεοῦ,
3138 2228 3322 2297 ἔλεγεν
3343 2244 3359 2258 ·
3395 2245 3415 2280 ι
3455 2228 3545 2292 Ὠς
3566 2227 3773 2295 ὀφθαλ-

2198 2319 2288 2388 μοὶ
2331 2317 2532 2372 δούλων
2572 2322 2652 2384 εἰς
2690 2324 2881 2392 χεῖρας
2908 2322 3016 2375 τῶν
3062 2321 3271 2393 κυρίων
3312 2321 3497 2375 αὐτῶν
3523 2320 3704 2383 οῦτως
3727 2320 3771 2372 οί

2193 2407 2468 2479 ὀφθαλμοὶ
2501 2409 2659 2479 ἡμῶν
2694 2410 2831 2480 πρὸς
2866 2411 3073 2481 Κύριον
3098 2409 3362 2477 τδννΘεδν
3394 2409 3576 2480 ἡμῶν.
3605 2426 3626 2458 ο
3671 2408 3772 2461 Καὶ

2192 2499 2385 2554 πάλιν*
2427 2501 2603 2554 «Οὐδὲ
2656 2500 3138 2573 ἐμετεωρίσθησαν
3186 2502 3233 2554 οί
3275 2498 3552 2568 ὀφθαλμοί
3600 2515 3767 2568 μου.»

2193 2591 2383 2654 Οὕτως
2412 2593 2505 2646 καὶ
2541 2594 2707 2663 ἡμεῖς
2744 2592 3035 2662 ὀφείλομεν
3066 2593 3280 2662 νήφειν,
3320 2590 3415 2644 καὶ
3447 2591 3659 2660 ὲφορᾷν
3699 2590 3773 2650 είς

2191 2684 2291 2753 τὴν
2322 2684 2480 2755 χάριν
2511 2683 2606 2737 τοῦ
2655 2683 2813 2750 Θεοῦ,
2849 2685 2939 2738 ῐνα
2981 2684 3057 2755 μὴ
3111 2683 3475 2751 ἀποθάνωμεν
3523 2679 3636 2733 ὑπὸ
3670 2678 3772 2733 τῶν

2193 2775 2586 2845 θανατηφόρων
2650 2776 2829 2843 δφεων
2855 2791 2871 2807 ν
2941 2774 3261 2838 τουτέστιν,
3309 2773 3420 2826 τῶν
3483 2769 3774 2841 ἁμαρτιῶν

2191 2866 2368 2937 ἡμῶν.
2399 2867 2463 2919 Ol
2485 2868 2593 2938 γὰρ
2619 2866 2724 2920 ὐπδ
2758 2866 2922 2937 χάριν
2950 2867 3125 2931 δντες,
3156 2865 3244 2919 ἀεὶ
3271 2864 3415 2919 κατά
3452 2862 3584 2918 νοῦν
3628 2862 3775 2930 ἐχου-

515 2971 643 3011 cum
693 2971 972 3025 nunquam
1020 2952 1300 3019 finiendis,
1348 2955 1445 3009 sed
1488 2966 1755 3012 internum
1812 2957 2093 3013 duraturis

2196 2975 2278 3011 σιν
2302 2959 2369 3011 τὰ
2402 2957 2611 3011 ἑαυτῶν
2638 2956 3109 3027 πλημμελήματα,
3134 2957 3229 3008 καὶ
3258 2952 3646 3023 θαυμάζοντες
3676 2951 3770 3019 τήν

514 3048 807 3103 tradentur
840 3048 1087 3103 tenebris
1130 3048 1240 3102 illis
1290 3049 1665 3104 exterioribus
1711 3066 1836 3105 cum
1872 3050 2003 3105 ﬂetu
2035 3060 2093 3106 et

2196 3048 2503 3119 ἀγαθότητα
2550 3048 2646 3102 τοῦ
2695 3046 2855 3112 Θεοῦ,
2883 3047 2977 3101 καὶ⁵
3001 3046 3253 3115 λέγοντες
3284 3045 3341 3097 ὲν
3377 3044 3601 3106 ἑαυτοῖς
3624 3057 3639 3071 ο
3684 3042 3771 3094 Ἐκ

515 3142 757 3196 stridore
792 3141 1062 3204 dentium,
1094 3140 1317 3210 quando
1353 3156 1632 3210 nunquam
1677 3142 2093 3196 intermorituro

2199 3142 2375 3194 πόσων
2403 3140 2589 3195 κακῶν
2622 3140 2893 3212 ἐρρύσατο
2924 3140 3070 3210 ἡμᾶς
3099 3140 3128 3191 6
3156 3137 3329 3200 Θεόςί
3366 3135 3462 3189 καὶ
3503 3135 3563 3186 τί
3615 3136 3771 3203 ἡμεῖς

516 3229 691 3283 vermi
742 3230 1037 3284 arrodendi
1082 3230 1568 3300 mancipabuntur,
1607 3247 1731 3287 cum
1767 3232 1821 3286 in
1861 3232 2091 3303 profun-

515 3319 644 3375 dam
676 3320 874 3375 inferni
902 3322 1218 3391 voraginem
1251 3332 1483 3393 agentur
1511 3322 1841 3393 praecipites,
1878 3322 2092 3393 1179

516 3425 716 3481 nempe
751 3411 809 3465 in
838 3410 1129 3467 Tartarum
1160 3428 1223 3467 ac
1260 3414 1569 3483 gehennam
1606 3414 1757 3469 omni
1784 3415 2090 3470 acerbitate

516 3500 885 3570 superiorem.
932 3500 1055 3556 Haac
1108 3501 1270 3571 plane
1315 3511 1467 3564 sunt,
1504 3512 1656 3566 sunt,
1700 3503 2089 3573 inquam,loea

517 3593 636 3648 haec
674 3592 1006 3648 atrocissimi
1056 3595 1348 3659 examinis,
1399 3595 1549 3649 omni
1598 3596 1952 3666 recogitanda
1980 3596 2090 3651 eir-

515 3686 953 3756 cumspectione,
984 3702 1105 3756 qua:
1149 3687 1486 3755 peecatriecs
1532 3688 1743 3742 animas
1782 3688 1968 3743 hiulco
1996 3704 2091 3744 ore

515 3778 797 3846 excipiunt
826 3794 840 3830 ε
869 3793 976 3831 non
1014 3780 1145 3833 item
1172 3777 1251 3833 sic
1274 3779 1490 3833 animus
1516 3778 1752 3833 dili‘undi
1780 3781 1946 3836 debet
1977 3783 2088 3837 risu

516 3871 805 3935 solutiore,
846 3880 941 3924 aut
966 3871 1298 3926 insolescere
1332 3886 1432 3941 per
1456 3872 1774 3928 elationem.
1804 3875 1921 3929 Prae
1943 3875 2093 3946 ejus-

516 3962 665 4016 modi
724 3973 906 4015 tamen
947 3977 1045 4030 par
1081 3970 1185 4027 est,
1238 3962 1431 4016 oculos
1472 3964 1676 4017 mentis
1716 3964 1990 4019 indivulse
2033 3974 2091 4020 et

516 4054 764 4124 pressius
798 4054 1036 4125 deﬁgere
1079 4054 1133 4108 in
1177 4054 1523 4125 propositum
1551 4057 1810 4111 omnibus
1841 4072 1942 4112 ceu
1970 4073 2090 4112 sco-

517 4163 670 4217 pum,
704 4148 933 4217 gratiam
980 4147 1117 4211 Dei;
1152 4146 1615 4216 quemadmodum
1659 4156 1715 4201 et
1756 4147 1951 4203 beatus
1982 4149 2087 4203 Da-

517 4239 632 4305 vid,
665 4239 755 4308 qui
787 4254 910 4292 cum
952 4239 1125 4308 ipsius
1171 4239 1401 4309 gratiam
1436 4239 1864 4295 venerabundus
1904 4241 2088 4311 suspi-

517 4342 690 4397 ceret,
722 4346 849 4386 cum
870 4331 1236 4386 admiratione
1268 4331 1522 4387 dicebat:
1561 4352 1578 4383 ι
1612 4331 1769 4387 Sicut
1799 4333 1944 4387 oculi
1976 4348 2093 4389 ser-

517 4440 716 4479 vorum
755 4424 808 4478 in
839 4424 1096 4478 manibus
1128 4422 1502 4488 dominorum,
1537 4425 1613 4479 ita
1639 4426 1785 4480 oeuli
1814 4427 1994 4481 nostri
2020 4426 2089 4482 ad

2197 3235 2247 3288 οἱ
2279 3232 2488 3299 ἀνάξιοι
2516 3232 2712 3304 ἔχομεν
2744 3231 3035 3285 ἀποδοῦναι
3063 3229 3247 3301 αὐτῷ;
3279 3227 3373 3282 καὶ
3406 3225 3483 3297 μὴ
3507 3226 3571 3278 ὲν
3604 3224 3771 3292 γέλω-

2196 3342 2249 3377 τι
2298 3327 2391 3379 καὶ
2422 3324 2787 3396 μετεωρισμῷ
2814 3322 3195 3391 ἀναλίσκωμεν
3225 3321 3322 3383 τὰς
3346 3319 3447 3388 τῆς
3478 3316 3772 3387 παροικίας

2198 3417 2430 3489 ἡμέρας.
2462 3418 2619 3489 Πάσῃ
2641 3411 2735 3470 οῦν
2763 3414 2978 3485 φυλακῇ
3000 3414 3330 3483 τηρήσωμεν
3359 3410 3615 3475 ἑαυτοὺς,
3638 3409 3772 3476 ἁγα-

2199 3508 2383 3580 πητοὶ,
2407 3507 2500 3562 τοῦ
2549 3508 2624 3577 μή
2675 3506 2881 3561 ἁλῶναι
2910 3504 3015 3557 ὑπὸ
3047 3503 3142 3557 τοῦ
3190 3501 3436 3573 Ἐχθροῦ,
3468 3501 3528 3553 tv
3556 3503 3673 3563 τοῖς
3697 3499 3772 3552 δι-

2198 3599 2383 3663 κτύοις
2409 3598 2501 3653 τοῦ
2543 3598 2807 3667 γέλωτοςο
2847 3596 3021 3651 πολλά
3069 3595 3175 3665 γάρ
3208 3597 3349 3648 εἰσιν
3374 3594 3445 3647 τὰ
3497 3592 3563 3656 ἐξ
3610 3589 3771 3646 αὑτοῦ

2195 3691 2490 3761 τικτόμενα
2540 3690 2718 3745 ἄτοπα
2770 3690 2868 3742 καὶ
2936 3685 3221 3742 διαϐολικά
3279 3684 3458 3754 πάθη·
3508 3684 3625 3737 τῶν
3671 3682 3773 3752 γὰρ

2196 3780 2448 3851 ἀφρόνων
2480 3780 2629 3833 ἐστὶν
2670 3781 2699 3833 6
2748 3779 2945 3848 γέλως,
2981 3778 3179 3849 μᾶλλον
3206 3776 3263 3829 δὲ
3302 3775 3411 3829 τῶν
3441 3776 3536 3828 ἐπὶ
3570 3776 3773 3843 σκηνῆς

2198 3870 2620 3941 ἑταιριζομένων
2654 3869 2951 3923 ἀσυνέτων.
2982 3868 3081 3922 Διά
3104 3866 3263 3921 τοῦτο
3288 3861 3381 3920 οὖν
3410 3866 3472 3918 οὐ
3504 3864 3772 3935 συμφέρει

2196 3963 2393 4031 ἄφρονι
2427 3962 2627 4032 τρυφὴ,
2678 3962 2766 4015 ἵνα
2817 3960 2892 4032 μή
2931 3959 3227 4031 ὲπαίρηται
3251 3976 3265 3990 ·
3312 3958 3504 4028 ῶσπερ
3529 3958 3560 4009 6
3595 3954 3661 4020 ἐξ
3684 3956 3772 4007 ΔΞ-

2197 4050 2409 4120 γύπτου
2436 4050 2566 4114 λαὸς
2598 4049 2853 4117 ἐξελθών.
2893 4048 3125 4103 Ἐκεῖνοι
3154 4050 3263 4120 γὰρ
3309 4049 3398 4101 ὅτε
3441 4046 3771 4117 ἀπηλλάγη-

2200 4157 2300 4195 σαν
2332 4139 2442 4194 τῶν
2481 4139 2822 4208 Αἰγυπτίων,
2857 4139 2954 4193 καὶ
3002 4138 3110 4191 ίδον
3139 4138 3231 4191 τὸν
3271 4137 3433 4208 βυθὸν
3466 4136 3653 4190 αὐτῶν
3679 4135 3771 4188 τά·

2198 4248 2297 4303 φον
2345 4231 2734 4301 γεγενημένον,
2778 4230 2900 4284 τότε
2958 4232 3039 4293 είς
3107 4228 3553 4301 είδωλολατρείαν
3615 4228 3772 4294 ἐτρά-

2197 4339 2412 4394 πησαν·
2450 4320 2735 4385 διαϐάντες
2782 4322 2892 4392 γὰρ
2938 4320 3040 4391 τὴν
3093 4319 3393 4383 θάλασσαν,
3446 4319 3547 4371 καὶ
3605 4316 3771 4388 μηδὲν

2198 4414 2520 4476 κινδυνῶδες
2544 4413 2960 4483 ὑπομείναντες,
2988 4410 3435 4480 ὲλθόντεςείςτὴν
3455 4410 3562 4478 γῆν
3585 4408 3773 4463 twn!-

402 4506 406 4511 ’
518 4514 815 4570 Dominum
879 4514 1049 4567 Deum
1121 4523 1372 4568 nostrum
1397 4516 1463 4568 ".
1495 4534 1513 4566 ι
1567 4516 1815 4571 lterum:
1858 4536 1875 4568 ι
1902 4517 2090 4587 Neque

2196 4522 2406 4579 γησανο
2435 4508 2525 4560 ὅτε
2577 4505 2679 4587 τῆς
2723 4506 2925 4575 πικρᾶς
2975 4504 3241 4568 δουλείας,
3271 4503 3366 4557 καὶ
3412 4502 3508 4555 τοῦ
3546 4502 3772 4563 πένθους

517 4606 646 4661 elati
677 4616 806 4659 sunt
835 4604 983 4659 oculi
1018 4604 1124 4659 mei
1143 4606 1208 4659 ".
1236 4624 1253 4655 ι
1284 4605 1363 4659 Ad
1391 4621 1517 4660 eum
1556 4606 1778 4661 modum
1821 4586 2091 4664 debemus

2196 4586 2659 4667 ἐλευθερώθησαν,
2712 4593 2836 4647 τότε
2885 4591 3200 4658 ἐξώκειλαν.
3261 4591 3458 4653 Καλῶς
3515 4590 3698 4643 τοίνυν
3744 4590 3773 4642 6

518 4705 575 4747 et
603 4712 703 4749 nos
742 4693 937 4749 attenti
980 4708 1103 4748 esse
1153 4702 1208 4747 et
1252 4695 1568 4764 pervigiles,
1618 4696 1785 4765 inque
1822 4713 1941 4751 eam
1992 4697 2091 4752 Dei

2196 4687 2629 4759 Παροιμιαστήςο
2656 4686 2789 4757 φησι
2808 4685 2947 4757 γάρ’
2984 4704 3002 4736 ι
3034 4685 3213 4746 Γέλως
3238 4684 3513 4737 ἀσυνέτων
3548 4684 3606 4735 ὲν
3634 4698 3772 4733 σπα-

517 4788 751 4857 gratiam
798 4787 990 4840 oculos
1034 4786 1236 4839 mentis
1287 4786 1449 4840 lixius
1492 4788 1818 4852 intendere,
1883 4804 1950 4843 ne
1986 4789 2093 4859 ipsi

2196 4779 2329 4851 τάλῃ
2357 4775 2650 4848 ἁμαρτίας.
2679 4793 2698 4826 ι
2735 4775 2845 4829 Καὶ
2898 4773 3092 4827 πάλιν·
3138 4792 3156 4824 ι
3189 4773 3414 4841 ’Ἄφρων
3470 4772 3530 4822 tv
3573 4768 3772 4859 γέλωτι

517 4870 909 4929 oceumbamus
954 4875 1009 4929 in
1068 4884 1323 4939 mortem,
1368 4876 1558 4931 lethali
1609 4877 1741 4931 dum
1782 4858 2093 4947 abripiniur

2196 4869 2392 4937 ἁνυψοῖ
2441 4866 2625 4937 φωνὴν
2680 4864 2845 4919 αὐτοῦ
2870 4880 2883 4894 °
2924 4865 3064 4935 ἀνὴρ
3125 4863 3183 4915 δὲ
3240 4860 3570 4932 πανοῦργος,
3625 4858 3773 4929 μόλις

519 4981 706 5021 morsu
750 4968 1117 5036 serpentium,
1154 4967 1259 5021 hoe
1304 4977 1408 5032 est,
1433 4985 1556 5038 quae
1598 4970 1703 5040 ipsi
1736 4971 2088 5037 admisimus,

2197 4962 2372 5031 ἡσυχῆ
2424 4958 2752 5030 μειδιάσει.»
2796 4958 2907 5011 Καὶ
2952 4956 3151 5010 πάλιν
3188 4973 3207 5006 ι
3236 4956 3334 5017 Ὃς
3379 4949 3773 5017 κατασπαταλᾷ

517 5069 890 5127 peccatorum.
939 5058 1043 5125 Qui
1083 5060 1231 5114 enim
1286 5076 1346 5115 se
1373 5071 1679 5131 agnoscunt
1715 5063 1944 5119 subesse
1987 5065 2091 5135 legi

2196 5054 2256 5105 ὲκ
2291 5050 2567 5115 παιδόθεν,
2592 5050 2778 5120 ἱκέτης
2815 5049 2988 5101 ἔσται’
3027 5048 3259 5117 ἔσχατον
3292 5045 3347 5099 δὲ
3377 5043 3770 5115 ὀδυνηθήσεται

519 5150 726 5221 gratiae.
762 5167 858 5204 sua
890 5152 1136 5221 ipsorum
1167 5152 1368 5208 delicta
1401 5154 1555 5208 nullo
1577 5171 1685 5209 non
1725 5165 1973 5225 tempore
1999 5131 2093 5212 ha-

2196 5143 2279 5213 ἑφ’
2312 5144 2525 5196 ἑαυτόν.
2561 5160 2579 5193 ι
2618 5141 2728 5195 Καὶ
2756 5140 2985 5207 έπάγεν
3026 5158 3044 5190 ι
3084 5137 3175 5199 Ὧς
3200 5136 3351 5206 φωνὴ
3380 5134 3488 5187 τῶν
3522 5131 3772 5225 ἀκανθῶν

519 5241 653 5294 bent
681 5255 791 5307 pra:
821 5240 995 5294 oculis
1022 5241 1225 5307 cordis,
1264 5258 1584 5313 secumque,
1613 5243 1742 5298 dum
1782 5224 2093 5317 benignita-

2196 5236 2300 5289 ὑπὸ
2341 5234 2433 5287 τὸν
2470 5233 2694 5303 λέϐητα,
2715 5231 2887 5292 οὕτως
2916 5232 2944 5283 6
2971 5229 3146 5297 γέλως
3169 5227 3276 5282 τῶν
3306 5225 3581 5317 ἀφρόνων.
3606 5242 3653 5317 ι-
3679 5224 3770 5277 Ἦ-

520 5344 628 5387 tem
681 5347 809 5402 erga
869 5347 927 5387 se
990 5332 1356 5399 demirantur,
1408 5335 1560 5391 taciti
1618 5336 1989 5399 insusurrant,
2038 5349 2093 5394 et

2206 5328 2324 5396 μεῖς
2356 5320 2450 5378 οῦν
2500 5323 2750 5391 εἴπωμεν
2802 5322 2902 5374 σῦν
2953 5319 3029 5389 τῷ
3067 5317 3211 5379 Ἰὼϐ,
3255 5316 3356 5368 «Εἰ
3398 5313 3456 5367 δὲ
3497 5314 3593 5365 καὶ
3626 5312 3772 5382 ἡμην

518 5425 742 5494 quantis
786 5440 886 5479 nos
930 5425 1087 5480 malis
1129 5427 1271 5481 Deus
1314 5426 1430 5495 ipse
1461 5427 1742 5483 submovit
1769 5437 1825 5483 et
1866 5430 2091 5499 eripuit,

2205 5414 2617 5487 πεπορευμένος
2654 5411 2794 5484 μετά
2822 5408 3175 5479 γελοιαστῶν,
3213 5407 3281 5459 τά
3309 5403 3367 5457 δέ
3403 5420 3495 5474 μοι
3529 5402 3773 5499 σκυθριιιι⁴

517 5491 719 5587 ecquid
758 5532 861 5571 nos
906 5517 1137 5588 indigni,
1167 5491 1475 5573 retribuere
1521 5522 1813 5591 possimus.
1842 5491 1966 5576 Non
1999 5491 2093 5592 igi;

2202 5510 2280 5563 πά
2308 5508 2618 5579 συμϐαίνοι.
2650 5525 2669 5558 ι
2703 5506 2773 5559 Ἣ
2802 5504 2895 5559 καὶ
2919 5500 3057 5574 μετά
3088 5497 3381 5569 Ἰερεμίου·
3405 5514 3425 5546 ι
3451 5493 3648 5592 Κύριε,
3672 5491 3772 5592 οῦκ

522 5616 611 5664 tur
654 5608 708 5662 in
742 5609 876 5673 risu,
909 5624 1017 5663 non
1055 5610 1108 5664 in
1135 5610 1371 5666 elatione
1403 5612 1604 5666 mentis
1634 5611 1975 5667 insumamus
1999 5629 2093 5668 no-

2202 5598 2435 5655 ὲκάθισα
2468 5598 2606 5670 μετά
2633 5596 2912 5668 συνεδρίου
2945 5591 3255 5657 πιιζόντων
3301 5586 3501 5653 αὐτῶν,
3532 5583 3648 5640 ἀλλ’
3679 5581 3770 5634 εὑ-

596 5788 657 5819 ¹⁸⁶
687 5788 827 5843 Psal.
854 5804 925 5853 vn,
954 5788 1002 5841 6.
1084 5788 1126 5819 ³⁸
1160 5788 1297 5843 Psal.
1334 5802 1492 5851 cxx",
1521 5785 1573 5838 9..
1652 5788 1696 5818 "
1724 5788 1862 5842 Psal.
1899 5804 2055 5854 cxxx,
2096 5789 2139 5843 Ι.
