3960 6564
261 425 406 491 172:3

1086 438 1419 501 IIOMILIA
1452 440 1652 503 XCVI.
1677 464 1724 476 ὀ
1772 440 1872 500 DE
1912 440 2372 500 DlLECTlONE
2408 439 2764 503 PROXIMI.

3384 440 3525 505 1726

258 544 429 603 λαϐού
439 568 546 622 μην
570 551 679 607 ἀπὸ
707 559 1001 629 προσώπου
1030 563 1211 633 χειρός
1241 580 1357 627 σου,
1384 565 1478 617 καὶ
1506 563 1648 617 κατά
1672 561 1831 633 μόνας

1952 561 2053 615 stri
2089 560 2249 615 istius
2277 561 2549 616 incolatus
2573 561 2709 616 dies.
2741 560 2852 616 Nos
2878 558 3045 630 ipsos,
3075 576 3281 630 qua-so,
3316 562 3524 617 charis-

257 644 575 716 ὲκαθήμην,
607 649 687 702 ὅτι
710 653 938 724 πικρίας
971 654 1273 726 ἑπλήσθην.
1321 674 1339 705 ι
1378 655 1437 708 ’0
1467 655 1521 708 δὲ
1562 653 1839 716 Ίάκωδοςν

256 738 323 792 οὐ
362 741 523 809 μόνον
547 741 608 794 τὸ
636 741 804 813 γελᾷν
837 745 1158 814 ἀποτρέπει,
1195 744 1330 798 ἀλλά
1362 745 1454 798 καὶ
1487 744 1697 798 κλαίειν
1722 746 1843 795 ὲπι-

262 830 449 898 μελῶς
479 833 570 884 καὶ
602 833 877 899 ὀλολύζειν
924 836 1275 907 προστάττει.
1319 854 1338 888 ι
1364 835 1841 905 Ταλαιπωρήσατε

256 921 395 990 γάρ,
434 923 618 993 φησιν,
648 925 743 977 καὶ
773 925 1047 980 κλαύσατε
1069 942 1082 955 ’
1101 928 1129 980 6
1151 926 1325 994 γέλως
1362 925 1517 997 ὑμῶν
1542 928 1621 989 εἰς
1648 924 1843 987 πένθος

262 1017 730 1085 μεταστραφήτω,
759 1018 853 1070 καὶ
886 1020 918 1087 ή
959 1018 1103 1089 χαρὰ
1136 1020 1216 1082 είς
1246 1019 1569 1089 κατήφειαν.
1612 1020 1701 1072 Ἐν
1731 1017 1841 1090 γάρ

257 1103 465 1171 γέλωτι
488 1107 677 1176 ἄφρων
699 1108 937 1178 πράσσει
969 1110 1118 1164 κακά
1142 1126 1156 1141 ·
1189 1112 1222 1181 ή
1258 1109 1313 1163 δὲ
1352 1112 1511 1180 σοφία
1540 1112 1715 1164 τίκτει
1742 1112 1840 1164 ἀν-

256 1194 450 1264 δρείαν
480 1200 572 1251 καὶ
616 1199 900 1270 φρόνησιν.
929 1219 947 1252 ι
987 1200 1280 1271 Γενῶμεθα
1302 1197 1414 1266 οὖν,
1445 1202 1683 1271 ἀδελφοὶ,
1711 1201 1843 1271 φρό-

256 1304 431 1357 νιμοι,
484 1289 919 1359 ἀποστυγοῦντες
965 1292 1058 1345 τὸν
1090 1293 1302 1363 ἄφρονα
1352 1292 1586 1361 γέλωτα,
1620 1293 1708 1346 ἵνα
1764 1291 1839 1364 μὴ

254 1381 612 1453 παραπέμψῃ
682 1385 833 1453 ἡμᾶς
881 1386 948 1453 τῇ
1011 1384 1206 1457 αίωνίᾳ
1262 1384 1505 1451 κολάσει,
1539 1383 1681 1438 κατά
1738 1384 1837 1456 τὴν

250 1471 534 1541 ἀπόφασιν
559 1475 783 1546 Κυρίου,
814 1475 913 1547 τὴν
932 1475 1232 1543 λέγουσαν·
1271 1497 1290 1530 ι
1321 1478 1457 1531 Οὐαὶ
1486 1480 1536 1532 oi
1567 1478 1836 1547 γελῶντες

251 1562 376 1628 νῦν,
405 1565 484 1617 ὅτι
523 1566 677 1618 αὐτοὶ
710 1566 1036 1620 κλαύσονται
1063 1569 1157 1620 καὶ
1186 1568 1571 1637 πενθήσουσιν.
1604 1588 1622 1621 ι
1672 1567 1833 1621 Ἀλλά

254 1654 463 1722 μᾶλλον
501 1656 895 1727 ἑπαινεθῶμεν,
927 1658 1221 1724 ἀκούοντες
1246 1661 1400 1729 παρά
1426 1661 1520 1714 τοῦ
1553 1661 1826 1730 Σωτῆρος,

258 1764 280 1796 ‹
310 1746 586 1820 Μακάριοι
613 1750 663 1802 οἱ
692 1749 1035 1814 πενθοῦντες.
1065 1752 1148 1805 ὅτι
1184 1752 1339 1805 αὐτοὶ
1359 1752 1828 1823 ’παρακληθήσον-

246 1852 363 1893 ται.
395 1856 415 1890 ι
447 1839 605 1911 Αὐτῷ
628 1843 660 1911 ἡ
685 1841 811 1906 δόξα
837 1844 918 1906 είς
944 1844 1071 1907 τοὺς
1104 1843 1331 1905 αἰῶνας.
1371 1844 1564 1915 Ἀμήν.

1945 650 2092 716 simi,
2138 651 2389 721 pervigili
2426 651 2678 706 custodia
2725 667 3031 715 servemus,
3071 668 3140 705 ne
3192 654 3368 707 hostis
3423 670 3525 709 nos

1944 741 2256 811 intercipiat
2275 743 2520 797 irretitos
2544 742 2911 813 intempestivi
2940 743 3082 797 risus
3102 743 3522 812 laqueis.Quam

1944 834 2147 888 multas
2188 834 2611 902 intempestivus
2657 834 2747 888 hic
2787 835 2931 889 risus
2968 849 3035 887 ex
3079 850 3138 889 se
3170 835 3316 903 parit
3364 835 3522 889 inde-

1943 941 2103 980 coras
2127 941 2374 994 prorsus,
2404 926 2513 979 imo
2552 925 2855 980 diabolicas
2897 927 3095 979 anima:
3146 926 3522 995 perturbatio-

1944 1032 2080 1072 nes:
2118 1018 2279 1087 plane
2327 1017 2474 1071 risus
2522 1017 2651 1071 talis
2700 1016 3136 1087 imprudentium
3187 1026 3309 1071 est:
3338 1018 3523 1071 verius

1942 1110 2214 1173 dixerim,
2268 1110 2562 1164 stultorum
2612 1125 2675 1163 ac
2720 1118 2904 1163 mente
2942 1117 3231 1177 captorum
3257 1150 3271 1171 ,
3301 1110 3355 1163 in
3386 1125 3521 1163 con-

1944 1201 2200 1255 tubernio
2246 1201 2529 1270 lupanaris
2566 1200 2951 1255 scortantium.
2994 1200 3076 1254 Ob
3109 1201 3214 1255 hoc
3252 1201 3519 1270 scriptum

1942 1303 2027 1348 est
2072 1308 2183 1346 non
2232 1293 2529 1347 convenire
2588 1293 2759 1347 stulto
2794 1293 3097 1357 delicias",
3154 1301 3213 1346 ut
3256 1290 3335 1347 ne
3389 1294 3521 1347 hinc

1943 1392 2126 1438 sumat
2155 1385 2373 1438 animos
2397 1424 2411 1447 ,
2464 1399 2634 1453 seque
2690 1384 2885 1439 eﬂ‘erat
2913 1385 3291 1454 impotentius,
3323 1401 3521 1455 quem-

1944 1476 2242 1531 admodum
2276 1477 2367 1531 ille
2402 1476 2531 1530 olim
2576 1478 2814 1546 populus
2855 1477 3137 1547 profectus
3181 1494 3246 1533 ex
3267 1478 3519 1550 Egypto.

1938 1568 2171 1625 Utenim
2201 1570 2587 1640 primumjugo
2606 1568 2985 1641 Egyptiorum
3008 1571 3338 1641 emancipati
3368 1580 3519 1635 sunt,

1935 1660 2312 1731 videruntque
2358 1662 2631 1715 tumulum
2657 1660 2712 1714 in
2748 1661 2913 1714 altam
2944 1661 3263 1730 voraginem
3297 1661 3523 1729 deprcs-

1933 1768 2055 1807 sum
2077 1754 2184 1807 sibi
2208 1762 2398 1823 patere
2422 1764 2583 1808 :tnnc
2601 1754 2666 1807 ad
2689 1752 3063 1807 idololatriam
3087 1751 3342 1806 conversi
3368 1761 3519 1805 sunt.

1869 1838 1910 1891 Β
1938 1845 2194 1916 Trajecto
2217 1846 2364 1900 enim
2392 1846 2553 1910 mari,
2578 1862 2705 1900 cum
2730 1845 2867 1899 nihil
2899 1844 3003 1899 sibi
3032 1844 3288 1898 viderent
3311 1843 3523 1911 impen-

247 1927 389 1984 dere
416 1931 526 2000 jam
555 1931 812 2001 periculi,
844 1932 1009 1985 simul
1036 1940 1203 2002 atque
1235 1933 1539 2003 attigerunt
1564 1939 1793 1998 terram,
1830 1932 2135 2004 naufragati
2173 1943 2305 1989 sunt
2329 1934 2395 1987 “.
2416 1933 2575 1988 Tunc
2598 1934 2967 2003 impegerunt,
2994 1948 3120 1987 cum
3146 1932 3301 2002 prius
3322 1933 3520 2002 lugen-

250 2028 341 2076 tes
371 2024 817 2092 promeruissent
849 2024 982 2095 jugo
1019 2024 1187 2079 eximi
1237 2040 1440 2080 amara:
1483 2023 1793 2079 servitutis.
1826 2024 2065 2080 Pulchre
2114 2026 2284 2097 igitur
2312 2026 2391 2080 ait
2415 2025 2803 2081 Partemiastes
2834 2040 2847 2077 :
2883 2043 2902 2075 ι
2930 2025 3094 2078 Risus
3129 2025 3426 2079 stultorum
3462 2025 3519 2079 in

245 2112 473 2170 deliciis
499 2118 713 2187 peccati
736 2119 833 2171 ¹⁹.›
864 2119 1067 2173 lterum
1087 2137 1100 2171 :
1124 2138 1142 2171 ι
1166 2119 1382 2175 Stultus
1412 2120 1468 2174 in
1501 2120 1616 2175 risu
1644 2122 1849 2175 exaltat
1877 2137 2071 2176 vocem
2096 2121 2376 2186 suam,vir
2404 2130 2590 2176 autem
2623 2127 2845 2174 astutus
2876 2119 2967 2172 vix
3003 2120 3169 2173 tacite
3192 2119 3396 2173 ridebit
3412 2120 3511 2173 ⁸⁸.»

248 2208 456 2263 lterum
483 2228 497 2264 :
528 2230 546 2262 ι
568 2210 673 2278 Qui
713 2211 770 2266 in
810 2211 1028 2269 deliciis
1059 2214 1309 2268 nutritur
1340 2230 1370 2268 a
1398 2215 1635 2284 pueritia
1673 2231 1872 2271 servus
1909 2217 2017 2271 erit
2051 2236 2063 2271 :
2097 2218 2152 2271 in
2189 2215 2495 2270 novissimo
2526 2225 2711 2270 autem
2744 2214 2957 2269 dolebit
2981 2230 3150 2283 super
3178 2228 3236 2267 se
3266 2215 3334 2268 ".
3371 2232 3389 2264 ι
3425 2213 3517 2266 ln-

246 2306 407 2363 ducit
436 2326 451 2363 :
498 2328 516 2361 ι
548 2310 711 2378 Quasi
738 2325 841 2365 vox
880 2311 1163 2381 spinarum
1204 2312 1308 2366 sub
1344 2312 1524 2368 lebete
1546 2354 1560 2378 ,
1591 2313 1665 2367 ita
1709 2313 1857 2368 risus
1893 2314 2192 2368 stultorum
2217 2314 2285 2367 ³².
2314 2332 2332 2365 ι
2364 2312 2477 2368 Nos
2507 2312 2677 2382 igitur
2698 2327 2823 2366 cum
2866 2311 3030 2365 beato
3066 2310 3168 2365 Job
3215 2309 3467 2364 dicamus
3497 2328 3512 2364 :

252 2421 273 2454 ι
297 2401 453 2469 Quod
489 2403 534 2457 si
567 2404 892 2460 incedebam
923 2422 1050 2461 cum
1086 2403 1455 2470 derisoribus,
1488 2422 1610 2476 quae
1640 2406 1820 2460 tristia
1854 2419 2005 2468 sunt,
2029 2406 2353 2475 contingant
2382 2405 2515 2459 mihi
2536 2406 2601 2458 ³³.
2625 2423 2642 2455 ι
2677 2404 2744 2459 Et
2762 2420 2887 2457 eum
2911 2404 3154 2459 Jeremia
3181 2420 3193 2456 :
3219 2422 3237 2454 ι
3261 2402 3513 2457 Domine,

245 2514 365 2553 non
401 2497 517 2552 sedi
541 2514 663 2552 cum
690 2499 929 2553 concilio
959 2500 1297 2566 ludentium,
1330 2499 1426 2556 sed
1463 2499 1621 2554 timui
1657 2515 1687 2553 a
1724 2498 1865 2555 facie
1908 2514 2106 2553 manus
2155 2509 2264 2552 tua:
2290 2515 2302 2550 :
2329 2497 2563 2552 seorsim
2603 2497 2885 2561 sedebam,
2947 2497 3077 2565 quia
3143 2495 3515 2551 amaritudine

202 2652 205 2653 ν
246 2589 639 2658 repletussum
662 2588 725 2642 ⁸⁸.
756 2608 773 2639 ι
803 2588 1045 2643 Jacobus
1070 2589 1199 2643 item
1225 2606 1336 2644 non
1376 2605 1407 2644 a
1439 2589 1555 2644 risu
1588 2588 1752 2643 modo
1784 2588 2061 2643 absterret
2089 2603 2213 2653 nos,
2248 2586 2348 2641 sed
2392 2596 2447 2640 ct
2472 2595 2533 2641 ut
2582 2584 2811 2639 ﬂeamus
2844 2584 3039 2639 sedulo
3069 2584 3316 2647 mandat,
3348 2594 3514 2652 atque

244 2683 567 2753 ejulemus:
611 2683 825 2753 1180
863 2702 879 2734 ι
909 2683 1091 2737 Miseri
1146 2692 1327 2739 estote
1376 2692 1435 2739 et
1480 2684 1725 2753 plorate,
1767 2683 1866 2736 ait.
1916 2682 2085 2737 Risus
2139 2691 2329 2736 vester
2369 2682 2425 2734 in
2468 2681 2678 2736 luctum
2737 2687 3116 2738 convertatur.
3157 2686 3213 2733 et
3252 2677 3513 2747 gaudium

243 2785 497 2830 vestrum
527 2774 582 2828 in
605 2790 898 2830 mmrorem
922 2776 986 2829 ³⁸.
1012 2776 1069 2829 ln
1099 2777 1212 2831 risu
1234 2776 1379 2831 enim
1402 2776 1606 2831 stultus
1635 2786 1900 2847 Operatur
1927 2777 2069 2830 mala
2092 2795 2104 2830 :
2130 2775 2405 2846 sapientia
2439 2785 2621 2830 autem
2646 2772 3020 2843 paritvirilem
3040 2772 3390 2841 prudentiam
3410 2772 3507 2827 ⁸⁸.»

245 2866 443 2936 Itaque
468 2908 483 2932 ,
508 2866 708 2923 fratres
741 2868 976 2923 studiosi
1007 2870 1317 2939 prudentiae
1354 2870 1586 2924 stultum
1629 2869 1779 2923 hunc
1824 2868 2112 2923 oderimus
2156 2868 2352 2932 risum,
2385 2883 2454 2921 ne
2489 2883 2592 2921 nos
2628 2867 2851 2921 demum
2902 2864 3246 2920 transmittat
3278 2880 3342 2918 ac
3372 2878 3515 2933 pra:-

245 2960 445 3029 cipitet
466 2959 521 3014 in
552 2967 820 3014 mternum
864 2960 997 3015 illud
1033 2962 1392 3032 supplicium,
1417 2962 1573 3033 juxta
1604 2960 1951 3015 Dominicam
1982 2960 2316 3015 sententiam
2352 2977 2366 3013 :
2411 2960 2559 3023 «Vae,
2587 2958 2789 3027 inquit,
2824 2958 2918 3027 qui
2950 2957 3134 3011 rident
3162 2972 3334 3019 nunc,
3380 2955 3514 3015 quia

246 3054 468 3110 flebunt
516 3065 573 3112 et
598 3056 951 3127 lugebunt".
981 3076 999 3107 ι
1032 3056 1175 3123 Quin
1214 3058 1324 3112 imo
1355 3067 1637 3112 strenuam
1667 3058 1863 3111 demus
1887 3071 2138 3125 operam,
2171 3064 2235 3110 ut
2273 3054 2563 3109 Dominica
2592 3053 2816 3109 tandem
2850 3068 2982 3107 voce
3026 3051 3317 3107 laudemur
3345 3060 3513 3121 atque

245 3149 546 3206 audiamus
571 3164 615 3201 ει
646 3146 800 3203 Beati
829 3146 923 3217 qui
951 3147 1163 3217 lugent,
1196 3148 1459 3217 quoniam
1483 3147 1588 3218 ipsi
1614 3145 2163 3202 consolabuntur".i
2209 3145 2317 3215 Ipsi
2343 3144 2518 3215 gloria
2552 3144 2609 3197 in
2640 3143 2862 3197 saecula.
2899 3140 3095 3196 Amen.

834 3260 1056 3314 ΛΟΓΟΣ
1093 3258 1228 3328 ις’.

530 3373 672 3444 Περὶ
704 3373 811 3428 τοῦ
837 3371 1083 3444 ἀγαπᾷν
1116 3372 1223 3427 τὸν
1247 3372 1539 3440 πλησίον.

333 3491 393 3545 '0
424 3490 653 3559 ἀγαπῶν
688 3489 780 3542 τὸν
818 3486 1068 3558 πλησίον,
1116 3485 1335 3557 μακράν
1384 3486 1535 3539 ἐστιν
1581 3485 1688 3539 απδ
1725 3485 1832 3540 πά-

247 3600 353 3655 σ-ης
387 3581 681 3653 ἁμαρτίας.
702 3581 857 3635 Πᾶσα
886 3579 995 3650 γάρ
1025 3579 1217 3648 Γραφὴ
1249 3577 1457 3632 παλαιά
1486 3595 1567 3641 τε,
1590 3578 1685 3631 καὶ
1711 3579 1827 3644 νέα,

246 3677 414 3729 τοῦτο
450 3677 578 3744 ἡμῖν
620 3672 1083 3743 παρακελεύεται,
1116 3674 1177 3725 τὸ
1220 3692 1237 3723 ι
1273 3671 1522 3741 Ἀγαπᾷν
1565 3670 1659 3723 τὸν
1694 3669 1828 3739 πλη-

250 3767 371 3821 σίον
398 3767 472 3830 ὡς
501 3766 713 3819 ἑαυτόν.
737 3785 755 3817 ι
788 3764 1179 3835 Δευτέρανγάρ
1207 3763 1376 3833 αὐτὴν
1406 3762 1544 3831 μετά
1564 3761 1662 3833 τὴν
1692 3764 1829 3832 πρὸς

247 3860 387 3915 Θεὸν
418 3860 639 3927 ἀγάπην
670 3862 697 3912 6
730 3858 939 3928 Κύριος
969 3857 1186 3927 ἐντολὴν
1210 3854 1494 3918 ἀπέδειξεν
1524 3856 1586 3907 ὲκ
1621 3852 1716 3906 τοῦ
1746 3854 1829 3906 νό-

253 3970 362 4024 μου
396 3949 557 4007 εἶναι.
588 3950 753 4003 Ὅθεν
783 3949 944 4003 τοῦτο
996 3949 1185 4019 σαφῶς
1242 3949 1608 4013 ἐπιστάμενος
1646 3944 1830 3998 Ἰωνά-

249 4044 357 4098 θαν
384 4042 411 4093 6
446 4040 572 4103 Υἱὸς
603 4039 799 4105 Σαοὺλ,
835 4039 1124 4114 ἠγάπησεν
1162 4036 1253 4090 τὸν
1281 4036 1446 4089 Δκυῖδ
1491 4035 1829 4105 εἰλικρινῶς,

250 4132 396 4202 ὑπὲρ
424 4130 704 4199 ἀγάπησιν
747 4129 1029 4197 γυναικός.
1066 4126 1351 4198 Κρείσσων
1384 4125 1493 4196 γὰρ
1528 4125 1703 4196 μικρά
1736 4143 1832 4195 με-

253 4224 342 4294 ρὶς
413 4220 552 4291 μετὰ
605 4217 772 4289 φόϐου
809 4218 1042 4289 Κυρίου,
1073 4217 1107 4289 ἢ
1146 4216 1410 4288 θησαυροὶ
1442 4215 1668 4286 μεγάλοι
1699 4217 1834 4285 ἀφο-

248 4315 398 4376 ϐίας·
432 4315 548 4378 καὶ,
573 4311 862 4383 Κρείσσων
906 4310 1159 4379 ξενισμδς
1189 4309 1441 4379 λαχάνων
1473 4308 1612 4380 πρὸς
1646 4307 1831 4377 φιλίαν

246 4406 351 4461 καὶ
387 4406 566 4475 χάριν,
615 4403 648 4474 ἢ
701 4404 902 4474 μόσχος
937 4401 1078 4472 μετὰ
1112 4400 1334 4472 ἔχθρας,
1377 4400 1519 4453 κατά
1563 4401 1663 4470 τὴν
1691 4400 1831 4469 Γρα-

244 4498 381 4567 φήν.
426 4496 536 4548 Ka‘t
599 4495 782 4559 πάλιν,
846 4495 1133 4565 Κρείσσων
1180 4492 1335 4563 ὀλίγη
1368 4491 1529 4563 λῆψις
1576 4491 1715 4561 μετά
1751 4491 1833 4544 δι-

2459 3254 2742 3311 HOMILIA
2783 3252 2966 3309 XCVI.

2395 3368 2471 3422 De
2505 3368 2782 3422 dilectione
2815 3367 3064 3438 proximi.

2001 3483 2318 3540 Proximum
2351 3481 2447 3551 qui
2474 3481 2675 3552 diligit,
2714 3481 2762 3535 is
2787 3496 2845 3535 se
2875 3480 3098 3550 longius
3126 3480 3237 3549 jam
3265 3478 3334 3533 ab
3362 3476 3514 3533 omni

1932 3574 2212 3630 submovit
2250 3582 2499 3643 peccato.
2545 3572 2689 3638 Quin
2730 3572 2837 3626 hoc
2887 3581 2946 3625 ut
3000 3571 3301 3637 faciamus,
3357 3570 3518 3639 jubet

1932 3668 2219 3737 Scriptura
2257 3665 2470 3730 onmis,
2507 3679 2632 3719 cum
2668 3672 2829 3718 vetus
2861 3672 2977 3717 tum
3008 3679 3150 3718 nova
3200 3678 3213 3715 :
3265 3683 3281 3714 ι
3309 3664 3517 3734 Diliges

1930 3758 2242 3827 proximum
2273 3758 2416 3813 sicut
2451 3758 2685 3827 teipsum
2710 3758 2774 3809 ”.
2809 3776 2826 3807 ι
2865 3756 2985 3825 Ipse
3017 3756 3290 3825 siquidem
3324 3755 3513 3809 Domi-

1931 3866 2037 3904 nus
2072 3850 2390 3903 mandatum
2437 3849 2544 3903 hoc
2574 3848 2763 3903 verbis
2795 3862 2860 3902 ex
2904 3848 3025 3917 lege
3070 3846 3381 3917 dcsumptis
3422 3845 3516 3900 de-

1930 3942 2163 3997 claravit
2211 3958 2332 3997 esse
2369 3941 2674 3996 secundum
2725 3956 2756 3995 a
2812 3941 2997 4010 primo
3030 3941 3178 4010 quod
3214 3949 3299 3995 est
3331 3941 3399 3995 de
3431 3939 3517 3993 di-

1930 4032 2170 4087 lectione
2220 4032 2337 4086 Dei.
2399 4030 2554 4087 Unde
2610 4040 2666 4085 ει
2710 4031 2984 4087 Jonathan
3040 4032 3223 4087 Saulis
3252 4033 3419 4099 filius,
3456 4032 3512 4088 id

1930 4124 2145 4195 liquido
2188 4140 2313 4179 cum
2368 4133 2580 4186 nosset,
2632 4139 2745 4193 pra:
2800 4139 2972 4179 uxore
3019 4124 3214 4180 dilexit
3246 4125 3513 4180 Davidem

1929 4217 2130 4272 ali'ectu
2178 4232 2410 4286 prorsus
2449 4216 2693 4270 sincero.
2727 4215 2925 4269 Melior
2951 4218 3101 4271 enim
3140 4232 3308 4286 parva
3337 4216 3512 4286 parti-

1930 4310 2056 4364 cula
2090 4325 2215 4364 cum
2266 4310 2463 4364 timore
2524 4311 2767 4374 Domini,
2809 4326 2975 4380 quam
3033 4310 3279 4364 thesauri
3330 4308 3513 4378 magni

1930 4398 2137 4468 absque
2170 4399 2385 4454 timore.
2417 4399 2608 4453 Melior
2638 4399 2891 4455 invitatio
2928 4399 2996 4454 ad
3028 4398 3339 4453 convivium
3393 4398 3513 4452 ole-

1932 4508 2079 4556 rum,
2129 4491 2197 4545 ad
2244 4492 2547 4546 amicitiam
2582 4502 2639 4547 et
2684 4493 2938 4563 gratiam,
3015 4507 3177 4562 quam
3238 4491 3512 4545 ferculum

244 4588 588 4656 καιοσύνης,
638 4586 673 4656 ῆ
726 4586 898 4640 πολλά
960 4586 1277 4656 γεννήματα
1351 4584 1491 4656 μετά
1563 4584 1819 4648 ἀδικίας·

1937 4585 2223 4641 vitulorum
2274 4600 2399 4639 cum
2450 4586 2763 4649 inimicitia,
2824 4586 2977 4655 juxta
3012 4584 3376 4653 Scripturam.
3407 4583 3516 4638 lte-

251 4698 273 4731 ι
301 4677 593 4749 Κρείσσων
629 4676 822 4747 ψωμὸς
856 4676 978 4746 μεθ’
1008 4675 1207 4746 ήδονῆς
1252 4678 1311 4729 ὲν
1358 4678 1572 4748 εἰρήνῃ,
1610 4675 1643 4747 ῆ
1679 4672 1828 4739 οἶκος

244 4771 468 4842 πλήρης
495 4770 719 4836 ἀγαθῶν
745 4768 886 4839 μετά
918 4768 1122 4837 μάχης.
1150 4786 1168 4819 ι
1190 4767 1359 4837 Φησὶν
1383 4767 1440 4820 δὲ
1469 4768 1563 4820 καὶ
1591 4770 1618 4820 ὁ
1651 4767 1832 4821 Ἰωάν-

242 4879 369 4931 νης,
389 4861 652 4927 Ἀδελφοί,
688 4858 992 4928 ἀγαπῶμεν
1019 4857 1283 4928 ἀλλήλους
1302 4857 1383 4910 ὅτι
1420 4859 1448 4910 6
1474 4857 1607 4919 Θεὸς
1639 4857 1828 4929 ἀγάπη

244 4952 423 5010 ἐστίν.
458 4951 589 5018 Καὶ,
628 4952 683 5005 Ὀ
718 4952 893 5020 μένων
923 4952 980 5003 έν
1007 4952 1073 5019 τῇ
1105 4949 1318 5020 ἀγάπῃ,
1340 4950 1397 5000 ὲν
1416 4948 1495 5019 τῷ
1513 4949 1632 5018 Θεῷ
1655 4951 1829 5018 μένει.

247 5044 367 5097 Ka‘t
412 5041 609 5094 πάλιν·
657 5040 714 5094 Ὀ
752 5039 983 5109 ἀγαπῶν
1030 5038 1121 5092 τὸν
1168 5038 1395 5107 ἀδελφὸν
1445 5037 1632 5104 αὐτοῦ,
1663 5040 1721 5090 ὲν
1756 5038 1833 5109 τῷ

247 5137 395 5207 φωτὶ
422 5134 593 5204 μένει,
618 5133 714 5186 καὶ
741 5131 1038 5186 σκάνδαλον
1076 5133 1133 5185 ὲν
1158 5128 1309 5200 αὐτῷ
1330 5130 1430 5182 οὐκ
1459 5130 1629 5182 ἐστιν.
1666 5130 1778 5183 Καὶ
1801 5133 1829 5183 6

244 5229 459 5300 Πέτρος
484 5244 499 5260 ο
541 5247 559 5279 ι
593 5227 852 5289 Ἑαυτοὺς
887 5228 944 5279 ὲν
990 5226 1179 5295 ἀγάπῃ
1223 5224 1572 5294 τηρήσωμεν,
1600 5225 1829 5295 προσδε-

243 5320 473 5392 χόμενοι
499 5320 558 5373 τὸ
589 5318 735 5382 έλεος
767 5317 862 5371 τοῦ
889 5317 1094 5388 Κυρίου
1117 5319 1149 5387 ή
1160 5316 1277 5387 μῶν
1306 5315 1483 5385 Ἰησοῦ
1509 5317 1771 5387 Χριστοῦ.
1804 5336 1822 5369 ι

245 5415 362 5468 Καὶ
389 5410 568 5476 αὖθις*
598 5432 615 5464 ι
641 5413 714 5466 Τὸ
743 5413 799 5467 δὲ
830 5413 981 5474 τέλος
1009 5412 1104 5480 τῆς
1121 5407 1499 5481 παραγγελίας
1526 5410 1673 5462 ἐστὶν
1694 5409 1830 5476 ἀγά-

254 5519 334 5576 πη
369 5508 432 5558 ὲκ
465 5504 711 5576 καθαρᾶς
765 5503 992 5573 καρδίας
1020 5503 1114 5556 καὶ
1144 5502 1504 5573 συνειδήσεως
1541 5500 1773 5571 ἀγαθῆς.
1807 5521 1825 5553 ι

331 5666 374 5695 ’⁷
396 5664 557 5718 Prov.
588 5679 697 5727 xIx,
729 5662 809 5719 l0.

256 5751 429 5795 xxv".
460 5734 544 5788 Η.
622 5735 666 5765 ³⁸
690 5733 854 5789 Eccli.
898 5750 1006 5799 ut,
1040 5735 1127 5787 23.
1204 5733 1247 5763 ⁸¹
1284 5734 1444 5788 Prov.
1472 5732 1725 5795 xx:x,2l.

254 5804 302 5834 ³³
357 5805 469 5859 Jac.
512 5821 582 5869 IV,
618 5804 670 5857 9.
798 5805 843 5836 ³⁸
873 5804 1033 5858 Prov.
1069 5821 1120 5865 x,
1150 5803 1238 5858 2'5.
1361 5802 1403 5833 ³⁷
1433 5801 1568 5859 Luc.
1606 5818 1677 5871 vt,
1715 5802 1801 5859 25.

255 5874 301 5904 ⁵⁰
333 5876 493 5930 Prov.
530 5892 654 5939 xvn,
692 5876 735 5929 l.
818 5875 853 5906 “
890 5874 1002 5930 lmo
1032 5873 1183 5930 Juda:
1210 5874 1295 5931 2i.

922 5663 965 5694 ’⁸
992 5662 1160 5717 Exod.
1194 5679 1301 5726 xw,
1327 5660 1521 5716 23-27.
1546 5661 1682 5717 Cum
1719 5671 1878 5717 antea
1924 5662 2124 5732 smpius
2152 5673 2587 5718 murmurasscnt
2615 5679 2715 5733 pro
2748 5664 2873 5717 cibo
2904 5673 2960 5719 et
2987 5673 3139 5732 potu.

922 5750 1006 5787 :Xl.
1040 5735 1127 5787 23.
1204 5733 1247 5763 ⁸¹
1284 5734 1444 5787 Prov.
1472 5748 1616 5787 κως.
1638 5732 1725 5785 2|.
1821 5734 1864 5763 ³¹
1897 5733 2075 5787 F-ccle.
2108 5750 2200 5787 vn.
2237 5736 2287 5786 7.
2393 5734 2438 5765 ³³
2460 5734 2561 5787 Job
2590 5750 2737 5787 xxix.
2770 5735 2860 5787 24.
2975 5732 3020 5764 ³⁸
3042 5734 3139 5787 εἰει-ι

1932 5748 2075 5787 cole.
2108 5750 2200 5797 vn,
2246 5748 2287 5786 ι.

1898 5803 1941 5835 ³⁸
1973 5802 2161 5860 Matth.
2192 5820 2246 5871 v,
2282 5804 2334 5860 5.

1931 4694 2054 4732 rum
2091 4677 2321 4731 :Melior
2365 4692 2542 4747 pauca
2593 4677 2844 4747 acceptio
2899 4692 3024 4731 cum
3075 4676 3311 4746 justitia,
3349 4690 3513 4745 quam

1932 4769 2105 4822 multa
2145 4768 2392 4838 germina
2423 4783 2549 4821 cum
2590 4767 2905 4837 iniquitate.
2944 4786 2962 4818 ι
2990 4765 3183 4845 Melior
3233 4774 3317 4821 est
3370 4766 3512 4820 buc-

1932 4862 2070 4915 cella
2097 4876 2224 4914 cum
2276 4861 2559 4930 voluptate
2599 4860 2655 4913 in
2709 4875 2868 4929 pace,
2905 4874 3067 4928 quam
3108 4859 3308 4913 domus
3350 4859 3515 4928 plena

1933 4952 2095 5007 bonis
2145 4968 2270 5007 cum
2327 4952 2603 5022 jurgio".
2634 4971 2652 5003 ι
2692 4951 2796 5005 Sed
2842 4958 2899 5005 et
2948 4951 3192 5005 Joannes
3221 4967 3234 5002 :
3266 4950 3511 5013 Fratres,

1932 5043 2226 5113 diligamus
2257 5043 2517 5104 invicem,
2550 5043 2677 5112 quia
2717 5043 2861 5097 Deus
2907 5043 3151 5097 charitas
3182 5052 3288 5107 est,
3323 5050 3379 5097 et
3417 5043 3514 5111 qui

1934 5143 2122 5190 manet
2174 5133 2230 5189 in
2282 5135 2578 5198 charitate,
2622 5136 2677 5189 in
2707 5137 2820 5190 Deo
2866 5145 3075 5190 manet.
3118 5135 3322 5190 Iterum
3354 5153 3368 5189 :
3403 5135 3511 5201 Qui
3586 5205 3593 5209 '

1933 5227 2115 5299 diligit
2141 5227 2367 5282 fratrem
2401 5244 2585 5292 suum,
2621 5228 2675 5282 in
2712 5229 2923 5284 lumine
2955 5236 3163 5295 manet,
3195 5237 3251 5283 et
3283 5228 3516 5283 scanda-

1933 5322 2047 5376 lum
2077 5336 2184 5375 non
2218 5330 2303 5376 est
2338 5321 2393 5376 in
2423 5337 2510 5376 eo.
2554 5323 2752 5377 Petrus
2782 5338 3042 5392 quoque:
3086 5341 3104 5374 ι
3130 5321 3515 5390 Nosmetipsos

1934 5413 1993 5465 in
2023 5410 2291 5466 charitate
2332 5428 2635 5477 servemus,
2667 5422 3051 5483 exspectantes
3072 5413 3512 5468 misericordiam

1934 5502 2151 5557 Domini
2210 5504 2388 5559 nostri
2444 5504 2576 5560 Jesu
2635 5504 2971 5562 Christi“.»
3024 5507 3283 5561 Rursus:
3316 5503 3513 5560 «Finis

3239 5664 3283 5695 ³⁹
3334 5662 3508 5719 Eccli.

2393 5734 2438 5765 ³³
2460 5734 2561 5789 Job
2590 5732 2737 5795 xm,
2770 5735 2860 5788 24.
2975 5732 3020 5764 ³⁸
3042 5734 3247 5787 Jcrem.
3280 5749 3365 5797 xv,
3424 5732 3509 5791 l7.

2428 5804 2665 5859 "Lavit.
2700 5820 2809 5873 xix,
2850 5802 2948 5870 18;
3004 5803 3194 5858 Matth.
3237 5819 3364 5872 χιιι,
3418 5804 3509 5860 59.
