4040 6512
530 383 661 447 1727

1796 388 2158 447 ANTIOCHI
2203 386 2541 450 MONACHI

3644 380 3768 442 1'38

524 508 708 552 autem
738 498 994 568 przecepti
1024 508 1108 554 est
1139 500 1383 557 Charitas
1412 501 1479 556 de
1504 502 1671 557 corde
1707 517 1847 572 puro
1879 511 1937 555 et
1966 518 2098 556 con-

2208 502 2314 553 Kal
2341 500 2527 567 πάλιν,
2567 518 2584 549 ι
2626 498 3102 569 Ἑπιχορηγήσατε
3159 498 3217 549 ἐν
3270 498 3337 566 τῇ
3386 496 3632 563 ὑπομονῇ
3678 498 3769 564 τὴν

527 590 760 643 scicntia
798 589 1024 644 bona“.
1052 611 1069 642 ι
1112 592 1317 647 lterum
1356 595 1598 649 Petrus:
1638 614 1654 646 ι
1682 595 1994 650 Ministrate
2041 594 2097 649 in

530 682 799 751 patientia
830 684 1113 753 pietatem,
1153 685 1207 738 in
1240 686 1445 755 pietate
1489 698 1675 743 autem
1707 702 1953 742 amorem
1985 686 2116 741 fra-.

533 772 831 836 ternitatis,
871 775 925 827 in
955 790 1145 829 amore
1200 785 1383 829 autem
1431 777 1797 833 fraternitatis
1851 778 2100 832 charita-

532 865 718 918 tem“.
751 884 768 915 ι
809 866 876 919 Ει
902 874 1024 934 post
1053 882 1265 935 pauca:
1302 887 1320 918 ι
1342 870 1479 924 Ante
1526 870 1712 924 omnia
1747 878 1933 924 autem
1982 886 2102 923 mu-

529 957 677 1001 tuam
711 950 764 1003 in
805 950 1216 1023 vobisnietipsis
1260 956 1591 1011 charitatem
1645 958 1970 1013 continuam
2007 960 2103 1014 ha-

530 1039 746 1103 bentes,
777 1043 902 1111 quia
944 1044 1184 1101 Charitas
1231 1048 1412 1116 operit
1461 1049 1872 1103 multitudinem
1911 1066 2104 1119 pecca-

531 1139 713 1184 torum
736 1132 797 1186 ⁵⁸.
820 1153 838 1183 ι
882 1134 1256 1190 Conformiter
1300 1149 1356 1193 et
1408 1140 1611 1196 Paulus
1645 1159 1657 1194 :
1685 1160 1702 1192 ι
1734 1142 1789 1194 In
1834 1142 2103 1197 charitate

531 1223 761 1278 radicati
791 1234 848 1278 et
880 1226 1117 1289 fundati,
1152 1239 1210 1283 ut
1239 1232 1461 1298 possitis
1485 1233 1961 1302 comprehendere
1979 1250 2102 1288 cum

531 1312 791 1367 omnibus
838 1315 1125 1371 sanctis“.
1156 1338 1172 1369 ι
1227 1320 1432 1374 lterum
1470 1339 1482 1374 :
1526 1341 1543 1373 ι
1574 1322 1829 1377 Charitas
1886 1328 2104 1394 patiens

531 1412 637 1467 est,
662 1402 899 1475 benigna
936 1416 1042 1469 est,
1076 1409 1320 1465 charitas
1366 1428 1648 1482 nunquam
1680 1417 1887 1470 excidit
1908 1417 2007 1471 ⁸³.»
2038 1419 2105 1471 Et

533 1494 786 1550 inducit:
831 1516 847 1549 ι
901 1499 1192 1555 Plenitudo
1244 1503 1411 1572 igitur
1460 1505 1597 1575 legis
1636 1514 1721 1561 est
1749 1507 2050 1563 dilectio".
2080 1527 2098 1560 ι

533 1592 752 1647 Rursus
786 1610 798 1644 :
833 1612 849 1642 ι
874 1594 1063 1649 Estole
1109 1595 1276 1665 igitur
1311 1597 1550 1652 invicem
1605 1599 1852 1670 benigni,
1889 1602 2106 1657 miseri-

532 1682 750 1747 cordes,
793 1684 1103 1741 imitatores
1161 1689 1255 1741 Dei
1308 1688 1451 1743 sicut
1502 1689 1600 1743 lilii
1643 1690 2047 1746 charissimi“.
2078 1712 2096 1743 ι

537 1775 747 1845 1181
782 1777 881 1830 Et:
918 1797 933 1827 σ
962 1777 1640 1837 Consideremusinvicem
1673 1784 1726 1836 in
1753 1786 2105 1853 provocatio-

2199 594 2485 647 εὐσέϐειαν
2586 595 2645 648 ὲν
2710 593 2770 647 δὲ
2811 596 2876 664 τῇ
2928 591 3206 661 εὐσεϐείᾳ,
3234 590 3333 659 τὴν
3405 588 3770 657 φιλαδελφίαν.

2202 688 2260 743 ἐν
2286 688 2343 741 δὲ
2369 689 2433 757 τῇ
2464 686 2790 756 φιλαδελφίᾳ.
2834 685 2934 754 τὴν
2970 684 3217 753 ἀγάπην.
3252 702 3270 735 ι
3305 682 3420 735 Kal
3454 682 3571 751 μετ’
3600 680 3771 747 ὀλίγα,

2209 798 2227 832 ι
2257 780 2368 851 Πρὸ
2399 780 2618 833 πάντων
2644 777 2702 831 δέ
2734 778 2837 847 τὴν
2891 778 2972 841 εἰς
3019 776 3251 838 ἑαυτοὺς
3302 775 3529 843 ἀγάπην
3588 774 3773 842 ἐκτενῆ

2202 871 2439 942 ἔχοντες,
2474 871 2557 924 ὅτι
2587 872 2621 941 ἡ
2658 869 2849 938 ἀγάπη
2878 867 3147 921 καλύπτει
3171 865 3377 935 πλῆθος
3420 863 3727 934 ἁμαρτιῶν.
3753 882 3770 913 ι

2216 963 2495 1028 Ὡσαύτως
2542 964 2637 1016 καὶ
2685 965 2713 1017 6
2765 960 2999 1026 Παῦλος,
3044 961 3103 1014 ἐν
3162 960 3351 1030 ἀγάπῃ
3399 956 3775 1029 ἐρριζωμένῦι,

2204 1057 2301 1109 καὶ
2329 1056 2815 1126 τεθεμελιωμένοι,
2863 1055 2951 1109 ἵνα
3000 1053 3323 1123 ἐξισχύσητε
3378 1048 3777 1103 καταλαὸέσθαι

2206 1150 2305 1203 σὺν
2341 1151 2477 1202 πᾶσι
2506 1152 2619 1212 τοῖς
2649 1148 2849 1217 ἁγίοις,
2870 1166 2889 1199 ι
2919 1147 3030 1201 Kal
3064 1147 3224 1199 πάλιν
3250 1160 3265 1174 °
3296 1163 3314 1195 ι
3354 1144 3419 1197 Ἦ
3454 1142 3647 1211 ἀγάπη
3684 1158 3777 1208 μα-

2205 1241 2491 1310 κροθυμεῖ,
2552 1240 2936 1311 χρηστεύεται·
2998 1241 3031 1308 ἡ
3086 1238 3277 1307 ἀγάπη
3332 1235 3595 1289 οὐδέποτε
3642 1231 3780 1284 ξχπξ.

2206 1352 2349 1389 πτει.
2384 1353 2402 1385 ι
2454 1333 2565 1386 Kal
2596 1334 2791 1400 ἐπάγει
2814 1349 2827 1362 θ
2866 1350 2885 1383 ι
2918 1332 3199 1402 υλήρωμα
3253 1325 3346 1383 οῦν
3381 1327 3549 1395 νόμου
3579 1326 3613 1394 ἡ
3650 1324 3778 1391 ἀγάο

2208 1443 2305 1495 πη.
2331 1444 2349 1476 ι
2392 1425 2501 1478 Kal
2532 1420 2687 1487 αὖθις
2722 1441 2735 1454 ·
2778 1422 3036 1475 «Γίνεσθε
3089 1424 3167 1485 είς
3220 1418 3486 1489 ἀλλήλους
3536 1416 3778 1485 χρηστοί,

2207 1514 2558 1583 εῦσπλαχνοι.
2595 1514 2833 1583 μιμηταὶ
2847 1512 2941 1565 τοῦ
2974 1510 3132 1575 Θεοῦ,
3165 1512 3239 1573 ὡς
3265 1510 3433 1562 τέκνα
3463 1506 3773 1574 anum.

2209 1605 2340 1670 Kal,
2394 1622 2413 1655 ι
2446 1604 2815 1671 Κατανοῶμεν
2853 1602 3114 1672 ἀλλήλους
3154 1604 3233 1662 είς
3266 1598 3624 1668 παροξυσμὸν
3658 1597 3784 1663 ἁγά-

2208 1713 2317 1766 πης
2345 1696 2437 1749 καλ⁵
2468 1695 2648 1748 καλῶν
2669 1694 2903 1766 ἔργων.»
2933 1695 3061 1757 Kal,
3090 1713 3107 1745 ι
3130 1694 3255 1745 Ἐπὶ
3286 1693 3420 1744 πᾶσι
3449 1689 3666 1751 τούτοις
3693 1688 3783 1757 τὴν

2211 1787 2452 1856 ἀγάπην,
2476 1787 2601 1856 ἥτις
2629 1786 2779 1839 ἐστὶν
2817 1785 3116 1856 σύνδεσμος
3164 1786 3265 1853 τῆς
3294 1782 3658 1851 τελειότητος.
3681 1797 3697 1829 ι
3720 1807 3785 1818 --

532 1883 659 1921 nem
683 1869 968 1923 charitatis
992 1878 1047 1924 et
1065 1871 1333 1925 bonorum
1367 1888 1594 1941 operum
1615 1875 1680 1930 ⁸⁸.
1705 1895 1720 1926 ι
1759 1876 1826 1929 Et
1856 1893 1899 1929 ει
1929 1876 2098 1945 Super

2218 1898 2236 1931 ι
2262 1853 2328 1931 7'0
2356 1853 2413 1931 δέ
2447 1853 2655 1948 Κύριος
2692 1877 2988 1931 πλεονάσαι
3019 1853 3118 1929 καὶ
3142 1874 3501 1947 περισσεύσαι
3542 1873 3692 1941 ἡμᾶς
3721 1873 3779 1939 τῇ

532 1962 720 2014 omnia
748 1960 865 2015 haec
917 1962 1248 2017 charitatem
1302 1964 1525 2031 habete,
1555 1983 1676 2036 quae
1700 1978 1786 2023 est
1822 1968 2105 2023 vinculum

531 2050 891 2119 perfectionis
914 2054 980 2106 ⁵ο.
1006 2073 1023 2103 ι
1050 2054 1119 2107 Ει
1148 2071 1160 2106 :
1199 2074 1217 2105 ι
1248 2056 1353 2109 Vos
1404 2068 1588 2113 autem
1619 2059 1888 2115 Dominus
1921 2062 2111 2115 mulli-

530 2141 718 2209 plicet,
756 2152 811 2196 et
836 2142 1120 2198 abundare
1152 2144 1313 2200 faciat
1342 2147 1665 2203 charitatem
1700 2149 1754 2203 in
1784 2150 2016 2205 invicem
2054 2160 2109 2206 et

530 2233 587 2287 in
618 2249 808 2289 omnes
828 2236 893 2290 ⁸³.
926 2254 944 2287 ι
974 2237 1109 2291 Aliis
1136 2238 1278 2292 idem
1301 2240 1434 2295 dicit
1459 2259 1502 2293 ιι
1528 2242 1604 2296 De
1625 2242 1892 2297 cliaritate
1922 2251 2105 2298 autem

529 2324 887 2381 fraternitatis
912 2326 1014 2396 ipsi
1042 2345 1141 2383 vos
1172 2346 1201 2383 a
1234 2331 1345 2384 Dco
1373 2332 1644 2387 didicistis
1668 2342 1727 2388 ut
1752 2334 1991 2403 diligatis
2018 2336 2101 2391 in-

529 2417 702 2471 vicem
723 2418 789 2472 ".
824 2439 841 2470 )
879 2420 946 2473 Ει
966 2436 1067 2477 nos
1102 2422 1294 2492 igitur,
1320 2424 1544 2489 fratres,
1568 2425 1808 2494 perfecta
1832 2427 2103 2483 charitatc

526 2527 622 2566 eos
657 2514 1093 2582 complectamur
1138 2516 1232 2584 qui
1282 2518 1442 2571 nobis
1495 2520 1767 2572 uniuntur
1823 2520 2100 2588 parilitate

530 2602 677 2666 fidei,
706 2604 851 2659 sicut
874 2615 931 2661 et
959 2622 989 2660 a
1018 2606 1406 2677 nobisrepetit
1434 2608 1530 2662 Dei
1555 2608 1674 2662 lex:
1702 2626 1800 2678 pro
1826 2610 1931 2664 illis
1959 2627 2101 2681 quo-

527 2714 635 2765 que
664 2708 718 2754 et
763 2700 976 2756 animas
1017 2701 1191 2771 parati
1230 2717 1531 2771 exponere,
1570 2702 1841 2772 siquidem
1881 2719 1948 2758 eo
2000 2719 2101 2757 nos

528 2792 637 2845 ulla
676 2793 894 2855 occasio
934 2792 1149 2848 invitet.
1189 2812 1207 2843 ι
1234 2794 1491 2863 Majorem
1536 2794 1682 2848 enim
1720 2796 1821 2849 hac
1846 2795 2099 2850 dilectio-

2217 1970 2430 2040 ἀγάπῃ,
2463 1972 2531 2040 τῇ
2573 1971 2653 2032 είς
2680 1969 2966 2039 ἀλλήλους,
2994 1970 3085 2021 καὶ
3119 1968 3201 2030 εἰς
3228 1968 3458 2029 πάντας.
3483 1983 3501 2016 ι
3535 1964 3705 2033 Φησὶν
3732 1963 3783 2013 δὲ

2215 2068 2309 2114 καὶ
2340 2061 2542 2126 ἄλλοις,
2579 2080 2597 2113 ι
2621 2062 2755 2130 Περὶ
2793 2061 2851 2114 δὲ
2888 2061 2987 2130 τῆς
3035 2058 3383 2127 φιλαδελφίας
3420 2057 3575 2109 at'nol
3637 2056 3781 2123 ὑμεῖς

2212 2152 2539 2206 θεοδίδακτοί
2565 2154 2808 2217 ἐστε,είς
2836 2153 2896 2205 τὸ
2919 2153 3137 2223 ἀγαπᾷν
3160 2150 3477 2221 ἀλλήλους.)
3506 2148 3782 2216 Καὶήμεῖς

2208 2241 2323 2306 οῦν,
2360 2245 2602 2315 ἀδελφοὶ,
2633 2247 3008 2315 ἀγαπήσωμεν
3037 2245 3162 2306 τοὺς
3183 2243 3514 2311 ὀμοπίστους
3539 2240 3700 2311 ἡμῶν
3732 2242 3781 2291 ἐν

2207 2337 2388 2409 τελείᾳ
2413 2340 2624 2409 ἀγάπῃ,
2643 2337 2826 2400 καθὼς
2856 2339 3077 2391 ἀπαιτεῖ
3102 2336 3249 2407 ἡμᾶς
3270 2337 3296 2388 6
3315 2335 3476 2404 νόμος
3506 2332 3603 2386 τοῦ
3632 2331 3778 2395 Θεοῦ,

2205 2430 2445 2493 τιθέντες
2475 2429 2615 2499 ύπέρ
2642 2429 2822 2482 αὐτῶν
2854 2427 3160 2511 τάςέιιυχὰς
3182 2427 3358 2497 ἡμῶν,
3392 2427 3441 2479 εί
3470 2425 3668 2497 καιρὸς
3688 2441 3779 2477 κα-

2205 2519 2355 2591 λέσῃ.
2393 2539 2410 2571 ι
2431 2518 2673 2583 Μείζονα
2688 2518 2797 2590 γὰρ
2852 2518 3055 2589 ταύτης
3087 2519 3307 2588 ἀγάπην
3336 2517 3513 2579 οὐδεὶς
3542 2517 3686 2585 ἔχει,
3715 2514 3779 2574 ὥς

2205 2629 2370 2682 φησιν
2408 2613 2437 2666 6
2462 2611 2689 2683 Κύριος,
2724 2612 2810 2665 ἵνα
2852 2628 2936 2674 τις
2961 2610 3059 2683 τὴν
3082 2609 3260 2679 ψυχὴν
3310 2606 3476 2660 αὑτοῦ
3519 2606 3585 2677 θῇ
3649 2605 3779 2673 ὑπὲρ

2202 2704 2312 2757 τῶν
2329 2704 2497 2774 φίλων
2518 2704 2705 2758 αὐτοῦ.
2720 2703 2858 2758 »Καί
2875 2720 2920 2756 ἰ
2943 2701 3193 2773 Ἐντολὴν
3213 2700 3405 2771 καινὴν
3426 2699 3624 2769 δίδωμι
3640 2698 3779 2767 ὑμῖν,

2205 2796 2293 2849 ἴνα
2312 2796 2561 2863 ἀγαπᾶτε
2583 2795 2867 2865 ἀλλήλους.
2892 2814 2910 2847 ι
2941 2794 3077 2849 Καίο
3108 2812 3126 2845 ι
3163 2794 3251 2846 Ἐν
3282 2791 3457 2859 τούτῳ
3484 2791 3781 2859 γνώσονται

527 2898 652 2937 nem
684 2899 846 2937 nemo
875 2884 1240 2953 habet,quam
1266 2895 1324 2950 ut
1349 2886 1585 2939 animam
1602 2902 1753 2940 suam
1787 2895 1951 2956 ponat
1974 2887 2097 2957 quis

2206 2888 2408 2952 πάντες
2463 2889 2545 2941 ὅτι
2587 2889 2710 2957 ἐμοὶ
2760 2888 3000 2959 μαθηταί
3039 2888 3183 2949 ἐστε,
3237 2887 3332 2940 ἐὰν
3371 2885 3594 2954 ἀγάπην
3639 2883 3779 2952 ἔχετε

526 2990 628 3044 pro
677 2976 871 3031 amicis
915 2977 1030 3037 suis
1052 2977 1118 3029 ⁸³.
1151 2995 1171 3028 ι
1218 2977 1326 3030 Et:
1370 2997 1386 3027 ι
1418 2978 1732 3031 Mandatum
1775 2994 1977 3033 novum
2020 2980 2092 3034 do

2203 2982 2258 3033 ἐν
2287 2979 2560 3051 ἀλλήλοις.
2596 2999 2614 3034 ι
2650 2980 2862 3054 Αὐτῷή
2890 2979 3016 3045 δόξα
3049 2983 3128 3044 είς
3160 2980 3286 3044 τοὺς
3315 2980 3541 3041 αίῶνας.
3588 2979 3776 3046 Ἀμήν.

528 3070 705 3135 vobis,
731 3080 793 3125 ut
815 3071 1054 3140 diligatis
1085 3071 1315 3125 invicem
1341 3072 1404 3126 ⁵⁸.
1432 3094 1449 3123 ι
1483 3074 1551 3127 Ει
1583 3090 1596 3125 :
1632 3093 1648 3124 ι
1679 3074 1735 3126 In
1761 3074 1867 3128 hoc
1897 3074 2073 3131 scient
2094 3090 2288 3132 omnes
2319 3075 2467 3146 quod
2498 3076 2607 3131 mei
2645 3076 2781 3132 estis
2809 3075 3088 3146 discipuli,
3118 3075 3162 3130 si
3183 3074 3536 3131 dilectionem
3576 3073 3779 3127 habue-

528 3163 649 3217 ritis
695 3162 765 3217 ad
819 3162 1053 3217 invicem
1076 3164 1172 3216 5‘.»
1200 3163 1305 3232 Ipsi
1332 3164 1503 3235 gloria
1526 3165 1579 3219 in
1608 3164 1823 3220 smcula.
1867 3166 2061 3221 Amen.

1042 3274 1331 3332 HOMILIA
1370 3278 1575 3333 XCVII.

603 3389 677 3442 De
701 3389 1062 3459 hospitalitate
1084 3392 1190 3444 sive
1217 3390 1538 3462 benignitate
1562 3409 1686 3464 erga
1713 3397 2035 3467 peregrinos.

599 3499 954 3569 llospitalitas
994 3500 1243 3570 speciosa
1290 3502 1586 3556 admodum
1607 3503 1787 3559 virtus
1804 3514 1891 3559 est
1914 3520 1979 3560 ac
1995 3506 2107 3561 Deo

529 3609 797 3664 perquam
832 3595 1095 3664 gratiosa,
1129 3596 1365 3650 maxime
1399 3594 1444 3650 si
1475 3596 1800 3652 conferatur
1836 3598 1890 3652 in
1912 3597 2106 3655 dome-

527 3686 698 3741 sticos
752 3686 904 3740 ﬁdei.
965 3686 1204 3757 llujusce
1274 3688 1498 3743 virtutis
1563 3689 1762 3745 merito
1827 3690 2104 3746 Abraham

527 3778 740 3832 amicus
770 3778 868 3832 Dei
894 3786 1120 3831 vocatus
1143 3788 1246 3833 est.
1275 3779 1378 3833 Lot
1400 3796 1621 3849 quoque
1652 3797 1750 3850 per
1785 3781 1927 3837 hanc
1963 3783 2105 3853 ignis

526 3870 747 3925 crelitus
781 3869 1004 3923 demissi
1033 3869 1310 3925 vindicem
1358 3869 1499 3941 fugit
1548 3872 1707 3926 iram.
1742 3873 1891 3928 Raab
1921 3889 2102 3929 mere-

526 3964 633 4016 trix
655 3978 753 4032 per
786 3961 1216 4031 hospitalitatem
1242 3978 1367 4017 cum
1403 3964 1663 4019 universa
1690 3965 1856 4020 domo
1886 3978 2100 4022 servata

523 4061 608 4107 est
640 4052 951 4106 incolumis:
973 4052 1068 4107 sed
1093 4061 1149 4109 et
1182 4054 1299 4109 haec
1316 4055 1495 4110 virtus
1509 4065 1824 4111 sanctorum
1852 4059 2099 4114 omnium

522 4143 799 4197 celebrata
833 4151 918 4198 est
950 4146 1261 4213 praaconiis.
1288 4146 1507 4203 Primus
1530 4148 1915 4205 Parcemiastes
1942 4151 2095 4205 dicit:

528 4256 547 4286 ι
583 4235 904 4291 Benedictio
960 4238 1175 4291 Domini
1227 4254 1395 4307 super
1452 4249 1617 4309 caput
1674 4241 1845 4310 justi:
1902 4242 2095 4298 eadem

521 4325 682 4388 ditat,
715 4333 772 4380 et
804 4341 1087 4395 nunquam
1122 4327 1359 4381 addetur
1382 4328 1431 4382 ei
1472 4329 1693 4384 tristitia
1724 4331 1780 4384 in
1802 4331 1970 4387 corde
1989 4334 2089 4388 ⁸⁸.»

510 4415 622 4470 Job
647 4416 875 4486 insuper
906 4418 1326 4488 peregrinorum
1354 4430 1590 4484 amator,
1629 4432 1828 4491 praeter
1867 4434 2097 4481 caeteras

520 4506 777 4569 virtutes,
802 4508 1095 4579 benignam
1119 4510 1399 4579 hospitum
1418 4514 1796 4582 acceptioiiem
1821 4515 2095 4585 deprzedio

517 4706 816 4760 pauperem
841 4692 911 4747 de
933 4708 1097 4746 manu
1126 4704 1415 4763 potentum
1435 4697 1501 4749 ".
1536 4716 1553 4747 ι
1590 4697 1828 4752 lterum:
1871 4718 1887 4750 ι
1914 4700 2092 4756 Bene-

516 4782 690 4838 dictio
712 4785 998 4854 pereuntis
1031 4802 1199 4856 super
1227 4803 1313 4841 me
1335 4787 1541 4852 veniat,
1578 4805 1641 4844 os
1680 4799 1865 4846 autem
1912 4794 2093 4849 viduae

517 4875 655 4928 mihi
688 4876 1002 4931 benedixit:
1041 4879 1237 4935 oculus
1268 4895 1419 4934 eram
1447 4896 1739 4947 czecorum,
1776 4898 1874 4952 pes
1906 4895 2091 4940 autem

512 4968 861 5035 claudorum;
886 4971 1054 5040 janua
1081 4988 1201 5027 mea
1227 4981 1417 5042 aperta
1442 4973 1547 5028 fuit
1571 4977 1720 5030 omni
1749 4977 1950 5034 afllicto
1969 4981 2034 5034 “'.
2066 5000 2084 5032 ι

510 5059 687 5114 isaias
723 5060 885 5116 item:
920 5082 936 5113 ι
958 5065 1235 5134 Pauperes
1265 5067 1385 5122 sine
1413 5076 1558 5122 tecto
1584 5068 1752 5125 induc
1787 5071 1843 5125 in
1865 5072 2089 5126 domum

514 5163 702 5206 tuam:
732 5155 777 5208 si
838 5155 1048 5211 videris
1105 5158 1341 5225 nudum,
1374 5160 1552 5229 operi,
1596 5170 1654 5215 et
1703 5177 1733 5216 a
1766 5162 2093 5219 domesticis

511 5242 629 5297 tuis
687 5258 756 5297 ne
803 5253 1021 5299 avertas
1074 5247 1268 5303 faciem
1313 5265 1328 5303 :
1381 5259 1513 5305 tunc
1544 5252 1807 5307 clamabis
1836 5264 1893 5309 et
1948 5255 2094 5310 Deus

508 5333 775 5389 exaudiet
831 5343 918 5401 te;
973 5338 1155 5394 adhuc
1177 5342 1438 5410 loquente
1487 5352 1562 5403 te.
1601 5343 1769 5410 dicet,
1806 5346 1947 5400 Ecce
1992 5347 2093 5400 ad-

512 5441 637 5480 sum
656 5426 724 5481 ".
756 5445 775 5478 ›
808 5427 1047 5484 lterum:
1084 5451 1101 5481 ι
1134 5430 1189 5485 Si
1222 5433 1520 5490 abstuleris
1545 5451 1575 5490 a
1608 5445 1659 5491 te
1691 5438 1920 5492 verbum
1942 5454 2096 5492 mur-

610 5580 702 5635 “l
733 5582 874 5637 Tim.
908 5600 942 5648 ι,
975 5584 1025 5639 5.

504 5650 564 5681 ’δ’
589 5651 786 5720 Ephes.
820 5671 870 5717 ν,
900 5656 947 5707 l.

708 5725 752 5755 "
782 5724 937 5780 Joan.
971 5741 1084 5792 xm,
1118 5726 1205 5782 54.

519 5808 577 5844 .1-

1056 5652 1101 5685 “
1132 5654 1369 5713 Hebr.x.
1410 5658 1499 5711 ει.
1608 5661 1653 5695 ³ο

1056 5744 1084 5792 ι,
1118 5726 1205 5782 54.
1320 5729 1364 5759 ⁸⁸
1400 5728 1556 5796 ibid.,
1589 5730 1676 5783 3.3.

2813 3285 3033 3339 ΛΟΓΟΣ
3070 3283 3175 3353 ια’.

2717 3399 2854 3467 Περὶ
2882 3399 3251 3469 φιλοξενίας.

2280 3512 2434 3583 Καλὴ
2468 3514 2617 3566 ἐστιν
2647 3515 2679 3583 ἡ
2711 3513 3018 3582 φιλοξενία,
3072 3514 3165 3565 καὶ
3197 3512 3274 3583 τῷ
3302 3510 3421 3583 Θεῷ
3451 3514 3774 3584 ἀρέσκουσι,

2211 3606 2447 3676 μάλιστα
2471 3606 2528 3659 δὲ
2558 3606 2695 3676 πρὸς
2720 3607 2848 3669 τοὺς
2874 3606 3112 3671 οἰκείους
3140 3607 3240 3677 τῆς
3268 3605 3529 3669 πίστεως.
3559 3608 3657 3658 Διὰ
3677 3607 3777 3675 γὰρ

2205 3696 2307 3767 τῆς
2358 3696 2667 3767 φιλοξενίας
2720 3697 2872 3765 φίλος
2906 3696 3041 3749 θεοῦ
3072 3698 3100 3749 6
3131 3696 3384 3767 Ἀϐραὰμ
3411 3697 3649 3767 ἐκλήθη,
3692 3700 3778 3751 καί

2205 3792 2233 3842 6
2262 3788 2418 3854 Λὼτ,
2453 3789 2684 3859 ἀπειλῆς
2715 3789 2981 3860 θεηλάτου
3013 3790 3182 3860 πυρὸς
3214 3790 3282 3843 δι’
3308 3790 3481 3857 αὐτῆς
3505 3790 3773 3857 διέφυγεν,

2204 3881 2300 3933 καὶ
2330 3880 2499 3934 Ῥαάὁ
2527 3882 2560 3952 ή
2589 3882 2788 3952 πόρνη,
2818 3881 2907 3935 διά
2933 3882 3238 3951 φιλοξενίας
3268 3881 3491 3935 πανοικὶ
3513 3880 3772 3950 διεσώθηο

2203 3974 2297 4026 καὶ
2349 3973 2505 4045 παρά
2544 3975 2765 4029 πάντων
2814 3977 2847 4046 ἠ
2893 3975 3169 4043 φιλοξενία
3218 3975 3630 4045 ὲγκωμιάζεται
3673 3973 3774 4024 τῶν

2202 4068 2396 4136 ἀγίων.
2451 4068 2677 4140 Πρῶτος
2722 4070 2750 4123 6
2789 4069 3203 4141 Παροιμιαστὴς
3239 4069 3423 4138 λέγει·
3488 4090 3506 4119 ι
3546 4067 3772 4135 Εὐλογία

2202 4162 2409 4233 Κυρίου
2445 4162 2539 4215 ἐπὶ
2568 4161 2812 4232 κεφαλὴν
2846 4162 3055 4215 δικαίου
3076 4177 3090 4192 ⁶
3154 4161 3293 4233 αῦτη
3338 4162 3648 4225 πλουτίζει,
3682 4162 3771 4213 καί

2199 4253 2260 4306 οὐ
2295 4253 2370 4324 μὴ
2399 4252 2677 4325 προστεθῇ
2710 4254 2848 4324 αὐτῇ
2882 4253 3027 4324 λύπη
3063 4255 3121 4306 ἐν
3148 4253 3399 4325 καρδίᾳ.ι
3434 4254 3545 4306 Kal
3570 4257 3600 4307 6
3624 4252 3764 4323 φιλό-

2200 4346 2350 4412 ξενος
2379 4347 2437 4400 δὲ
2471 4346 2625 4413 Ἰὼϐ,
2685 4347 2828 4419 πρὸς
2874 4350 2998 4412 ταῖς
3038 4348 3254 4409 λοιπαῖς
3287 4350 3511 4417 ἀρεταῖς
3551 4349 3646 4399 καὶ
3678 4346 3767 4416 τὴν

2200 4436 2509 4506 φιλοξενίαν
2545 4437 2745 4507 ἐκόμα.
2794 4455 2813 4488 ι
2861 4437 3005 4507 Ἐγὼ
3032 4437 3160 4508 γάρ,
3196 4438 3385 4508 φησίν,
3414 4439 3565 4508 ήμην
3593 4438 3767 4506 πατὴρ

2198 4529 2495 4585 ἀδυνάτων·
2538 4528 2770 4582 διέσωσα
2791 4528 2900 4600 γὰρ
2922 4529 3135 4599 πτωχὸν
3159 4532 3221 4583 ἐκ
3241 4528 3421 4600 χειρὸς
3441 4528 3761 4581 δυναστῶνά

410 4622 415 4631 ι
517 4608 646 4653 cat:
692 4619 709 4650 ι
746 4601 932 4663 Eram,
963 4601 1064 4666 ait,
1098 4609 1255 4671 pater
1286 4602 1668 4670 imbecillium,
1704 4608 1917 4661 servavi
1952 4608 2098 4662 enim

2203 4621 2314 4675 Kal
2358 4620 2518 4675 πάλιν
2539 4637 2552 4651 °
2614 4639 2633 4672 ι
2668 4621 2902 4687 Εύλογία
2930 4621 3311 4690 ἀπολλυμένου
3346 4618 3436 4671 ἐπ’
3464 4620 3565 4688 ἐμὲ
3594 4620 3730 4671 ἔλθοι
3750 4636 3763 4649 ·

2200 4712 2374 4782 στόμα
2404 4711 2462 4765 δὲ
2498 4713 2672 4783 χήρας
2701 4711 2997 4781 εὐλόγησεν
3026 4728 3123 4782 με’
3173 4712 3450 4782 ὀφθαλμὸς
3474 4712 3529 4764 δὲ
3558 4710 3767 4779 τυφλῶν

2198 4805 2379 4875 ἥμην,
2432 4805 2566 4868 ποῦς
2609 4804 2667 4857 δὲ
2712 4803 2941 4874 χωλῶν
2998 4805 3092 4857 καὶ
3143 4807 3177 4875 ἠ
3222 4803 3361 4875 θύρα
3395 4821 3498 4873 μου
3529 4805 3765 4874 ηνέῳκτο

2198 4890 2361 4942 παντὶ
2393 4891 2697 4963 ἐρχομένῳ.
2726 4909 2745 4943 ι
2789 4890 2848 4945 ὐ
2877 4891 2936 4945 δὲ
2973 4891 3232 4956 Ἡσαΐας·
3273 4910 3291 4942 ι
3327 4893 3584 4962 Πτωχοὺς
3611 4892 3765 4946 ἀστέ-

2196 4997 2326 5048 γους
2370 4983 2630 5051 εἰσάγαγε
2680 4984 2761 5047 είς
2798 4984 2888 5037 τὸν
2924 4981 3070 5037 οἶκόν
3101 5001 3228 5036 σου·
3283 4983 3379 5037 ἐὰν
3416 4985 3533 5055 ἴδῃς
3563 4984 3763 5052 γυμνὶν

2197 5071 2493 5142 περίϐαλε,
2549 5074 2644 5127 καὶ
2689 5074 2797 5127 ἀπὸ
2840 5074 2951 5127 τῶν
2988 5075 3205 5127 οἰκείων
3238 5091 3333 5127 σου
3370 5076 3468 5144 οὐχ
3500 5074 3759 5145 ὑπερόψῃ.

2196 5164 2327 5217 Τότε
2356 5164 2547 5236 βοήσῃ,
2574 5166 2667 5219 καὶ
2690 5168 2719 5219 6
2740 5166 2872 5230 Θεὸς
2896 5167 3276 5221 είσακούσεταί
3300 5185 3393 5220 σου
3409 5185 3421 5198 ·
3452 5168 3531 5221 ἔτι
3556 5167 3762 5219 λαλοῦν-

2196 5254 2287 5317 τός
2324 5272 2419 5307 σου
2456 5258 2602 5326 ἐρεῖ,
2641 5256 2800 5322 Ἰδοὺ,
2838 5259 3094 5329 πάρειμι.
3123 5277 3142 5309 ι
3182 5258 3293 5312 Kal
3337 5260 3530 5311 πάλιν·
3587 5279 3605 5310 ι
3642 5258 3759 5311 Ἐὰν

2195 5346 2404 5419 ἀφέλῃς
2449 5348 2558 5400 ἀπὸ
2595 5348 2691 5400 σοῦ
2731 5348 2885 5419 ῥῆμα
2916 5348 3255 5419 γογγυσμοῦ,
3293 5349 3388 5401 καὶ
3417 5348 3523 5417 δῷς
3552 5348 3641 5400 τὸν
3664 5348 3758 5416 ἀρ-

2196 5457 2288 5492 τον
2316 5456 2410 5493 σου
2443 5441 2721 5509 πεινῶντι,
2754 5444 2817 5495 ἐκ
2841 5441 3019 5513 ψυχῆς
3048 5459 3164 5507 σου,
3193 5442 3287 5495 καὶ
3311 5441 3490 5511 ψυχὴν
3516 5458 3757 5494 τεταπει-

1132 5583 1176 5662 ξξ
1205 5586 1247 5662 l_l
1280 5588 1489 5662 Petrgi,
1531 5590 1582 5643 7.
1639 5589 1715 5662 βξ
1740 5590 1884 5662 Petr.
1915 5608 1985 5653 iv,
2009 5590 2059 5645 8.

2211 5593 2409 5662 lsphcs.
2438 5611 2515 5659 ιιι,
2550 5595 2634 5650 l7.
2712 5596 2758 5627 ⁸⁸
2784 5597 2802 5651 l
2825 5596 2951 5651 Cor.
2971 5614 3086 5659 xm,
3128 5600 3181 5651 4.
3260 5598 3303 5628 ⁸⁷
3330 5598 3487 5651 Rom.
3527 5614 3641 5659 xm,
3677 5596 3752 5648 Νι.

1608 5661 1653 5695 ⁸⁰
1681 5660 1891 5715 Coloss.
1926 5678 2002 5725 ιιι,
2047 5663 2127 5716 ιι.

1608 5731 1676 5783 iii.
1789 5734 1832 5763 ³⁸⁸
1855 5732 2013 5786 l’rut'.
2043 5751 2093 5789 Χ.
2119 5734 2150 5789 6

1902 5750 2013 5785 Γυγ.
2043 5751 2093 5797 x,
2119 5750 2171 5789 υ.

2233 5664 2275 5694 ⁸⁸
2307 5664 2322 5717 I
2352 5664 2546 5720 Thess.
2583 5682 2659 5729 ιιι,
2688 5666 2771 5721 12.
2847 5668 2892 5697 ⁸³
2924 5668 2941 5721 l
2968 5668 3158 5721 Thess.
3196 5683 3265 5731 iv,
3284 5668 3339 5722 9.

2280 5734 2323 5766 ⁸⁷
2358 5734 2460 5791 Job
2510 5753 2654 5802 xxix,
2690 5738 2769 5790 ιο.
2848 5735 2893 5769 ⁸⁸
2920 5738 3055 5793 ibid.
3090 5738 3270 5794 1345.

3412 5667 3458 5698 ⁸³
3485 5668 3638 5722 Joan.
3673 5682 3752 5721 xv.

3380 5740 3426 5770 ”
3466 5738 3566 5795 lsa.
3613 5752 3751 5800 um,
