3960 6514
200 340 337 406 1729

901 335 1227 395 HOMILIA
1265 332 1528 393 XCVIII.
1559 356 1623 367 -
1648 330 1744 389 DE
1787 327 2045 389 AMORE
2086 327 2284 386 ERGA
2328 320 2741 386 PAUPERES.

3310 315 3445 376 1730

187 454 443 521 νωμένην
496 448 825 520 ὲμπλήσῃς’
890 448 1012 498 τότε
1067 445 1316 498 άνατελεῐ
1364 445 1422 496 έν
1464 442 1541 512 τῷ
1587 442 1770 495 σκότει

1895 439 2225 500 nurationis,
2262 447 2317 492 et
2342 436 2563 491 dederis
2615 447 2811 503 panem
2838 427 3129 491 esurienti,
3168 443 3233 481 ex
3267 428 3445 482 anima

184 543 249 594 τὺ
283 541 400 610 φῶς
429 556 522 592 seu
542 578 557 602 ,
592 538 686 591 καὶ
716 537 868 588 ἔσται
899 537 927 587 6
954 534 1087 596 Θεὸς
1121 534 1260 603 μετά
1288 532 1383 585 σοῦ
1411 531 1499 584 διὰ
1527 530 1729 593 παντός
1748 546 1761 560 ⁸

186 631 290 683 καὶ
332 626 697 700 ὲμπλησθήσῃ
743 624 997 692 καθάπερ
1044 623 1306 691 ἐπιθυμεῖ
1336 623 1370 691 ἠ
1404 619 1549 691 ψυχή
1587 637 1702 673 σου.
1743 638 1762 670 ι

188 724 307 779 Kal.
338 725 366 775 6
392 720 603 782 Παῦλος
626 737 640 749 θ
698 735 717 770 ι
755 716 819 769 Ἦ
861 715 1184 785 φιλαδελφία
1217 713 1448 783 μενέτω,
1490 713 1589 781 τῆς
1616 712 1768 780 φιλο-

191 815 376 880 ξενίας
430 812 506 884 μὴ
546 807 974 864 ἐπιλανθάνεσθε
998 824 1013 838 ·
1073 806 1163 859 διὰ
1202 804 1410 874 ταύτης
1439 804 1546 874 γὰρ
1579 803 1769 856 ἔλαθόν

185 924 337 970 τινες
376 905 686 971 ξενίσαντες
717 899 1006 968 ἀγγέλους.
1040 916 1058 948 ι
1118 896 1232 950 Kal.
1263 892 1420 960 αὖθις
1444 910 1456 923 ’
1520 914 1537 946 ι
1575 896 1687 964 Τῆς
1712 894 1771 948 δὲ

192 999 445 1060 εὐποιίας
477 995 571 1047 καὶ
600 992 886 1054 κοινωνίας
914 990 988 1060 μὴ
1015 986 1462 1041 ἐπιλανθάνεσθε»
1493 985 1772 1047 τοιαύταις

188 1092 305 1163 γάρ
336 1089 549 1151 θυσίαις
578 1085 957 1156 εὐαρεστεῖται
986 1082 1014 1133 6
1038 1080 1189 1142 Θεός.
1215 1097 1235 1131 ι
1272 1079 1440 1148 Φησὶν
1471 1078 1527 1131 δὲ
1553 1078 1650 1131 καὶ
1673 1078 1771 1131 άλ-

189 1186 319 1248 λος·
382 1203 400 1235 ι
434 1180 704 1246 Φιλόξενοι
748 1174 967 1245 γίνεσθε
1016 1173 1096 1235 είς
1140 1171 1429 1242 ἀλλήλους,
1482 1171 1608 1225 ἄνευ
1643 1186 1773 1237 γογ-

191 1272 435 1344 γυσμοῦ.
472 1290 491 1320 ι
550 1269 613 1321 Et
658 1266 769 1335 γάρ
819 1265 852 1332 ἠ
900 1259 1183 1332 προθυμία
1225 1258 1543 1328 πρόκειται,
1593 1255 1717 1309 καθ’
1746 1254 1774 1306 ὃ

192 1365 297 1417 ὲάν
346 1364 445 1434 ἔχῃ
492 1379 613 1424 τις,
667 1354 1095 1426 εὐπρόσδεκτος,
1148 1351 1210 1403 οὐ
1264 1351 1439 1403 καθ’ὂ
1485 1348 1584 1401 οὐκ
1621 1348 1770 1417 ἔχει’

201 1475 220 1507 ι
260 1458 334 1509 Οὐ
367 1454 478 1524 γὰρ
529 1452 618 1504 ἵνα
661 1449 843 1509 ἄλλοις
889 1444 1106 1507 ἄνεσις,
1144 1443 1285 1521 ’ὑμῖν
1326 1442 1383 1494 δὲ
1426 1440 1625 1509 θλῖψις.
1660 1437 1773 1492 ἀλλ’

198 1548 263 1612 ἐξ
309 1547 555 1617 ίσότητος
606 1543 662 1595 ὲν
712 1540 789 1611 τῷ
834 1538 930 1591 νῦν
975 1534 1205 1606 καιρῷ.)
1263 1532 1373 1586 Kal
1413 1533 1547 1603 πρὸς
1585 1533 1771 1584 Τῖτον⁶

205 1659 225 1691 ι
252 1638 431 1708 Ζηνᾶν
455 1634 546 1687 τὸν
570 1631 792 1701 νομικὸν
816 1630 911 1682 καὶ
935 1628 1181 1681 Ἀπολλὼ
1202 1624 1409 1694 ταχέως
1432 1622 1775 1693 πρόπεμψον,

203 1729 295 1780 ἵνα
348 1725 512 1796 μηδὲν
560 1723 744 1783 αὐτοῖς
791 1719 991 1790 λείπῃο
1049 1714 1476 1788 μανθανέτωσαν
1508 1713 1567 1767 δὲ
1603 1712 1699 1766 καὶ
1730 1713 1777 1766 οἱ

1876 540 1990 594 tua,
2016 539 2072 583 et
2104 530 2345 582 animam
2364 525 2698 581 exinanitmn
2725 521 3061 592 repleveris:
3084 528 3217 573 tunc
3238 517 3452 571 orietur

1876 622 1931 676 in
1969 621 2218 676 tenebris
2247 621 2341 674 lux
2375 628 2490 681 tua,
2524 631 2580 671 et
2606 617 2714 670 erit
2747 616 2892 668 Deus
2916 620 3045 665 tuus
3091 619 3272 665 tecum
3305 623 3454 663 sem-

1876 731 1997 784 per,
2022 723 2077 769 et
2113 713 2435 783 implcberis
2476 711 2619 765 sicut
2657 708 2938 764 desiderat
2994 705 3177 759 anima
3222 703 3396 756 tua”.
3429 720 3448 752 ι

1876 808 2081 863 Paulus
2117 808 2287 861 item:
2333 824 2349 855 ι
2386 805 2555 859 Amor
2594 799 2960 856 fraternitatis
2992 804 3232 859 maneat,
3269 793 3458 861 hospi-

1878 898 2114 953 talitatis
2141 896 2314 953 nolite
2342 894 2596 951 oblivisci
2620 911 2632 946 :
2656 908 2754 962 per
2782 892 2924 945 hanc
2950 889 3098 942 enim
3123 886 3458 955 placuerunt

1878 989 2126 1057 quidam,
2154 987 2365 1058 angelis
2398 984 2640 1054 hospitio
2666 980 2998 1051 receptis“:
3033 998 3049 1030 ι
3083 977 3296 1047 1182
3314 975 3459 1029 Rur-

1880 1096 2007 1135 sus:
2049 1100 2067 1131 ι
2104 1076 2495 1134 Beneﬁcentiae
2545 1084 2603 1129 et
2651 1071 3058 1129 communionis
3088 1069 3258 1123 nolite
3309 1064 3456 1121 obli-

1879 1170 2054 1226 visci:
2092 1171 2296 1225 talibus
2330 1168 2480 1223 enim
2524 1166 2724 1221 hostiis
2767 1171 3116 1234 promeretur
3162 1160 3383 1214 Deus“.
3428 1175 3448 1209 ι

1881 1262 1987 1317 Sed
2023 1262 2198 1315 alius:
2251 1280 2268 1310 ι
2320 1258 2630 1328 Hospitales
2677 1256 2911 1309 invicem
2965 1254 3085 1307 sine
3143 1264 3460 1304 murmura-

1883 1356 2033 1409 tione
2056 1355 2121 1407 ⁸³.
2153 1372 2171 1404 ›
2205 1352 2260 1407 Si
2287 1350 2436 1407 enim
2455 1350 2711 1402 voluntas
2735 1353 2987 1415 prompta
3014 1350 3119 1406 est,
3152 1340 3457 1396 secundum

1883 1448 1936 1500 id
1973 1446 2122 1517 quod
2143 1446 2330 1506 habet,
2363 1451 2589 1510 accepta
2622 1449 2727 1502 est,
2756 1453 2866 1491 non
2893 1435 3197 1491 secundum
3227 1433 3280 1487 id
3308 1431 3458 1501 quod

1885 1556 1996 1593 non
2029 1538 2229 1592 habet:
2270 1556 2288 1586 ι
2320 1536 2441 1589 Non
2473 1533 2622 1589 enim
2648 1538 2708 1585 ut
2737 1530 2880 1584 alius
2904 1529 2973 1583 sit
3002 1527 3274 1589 remissio,
3300 1523 3460 1579 vobis

1886 1638 2071 1683 autem
2096 1626 2403 1689 tribulatio,
2421 1624 2513 1678 sed
2536 1638 2603 1677 ex
2630 1620 2947 1691 mqualitate
2970 1619 3023 1672 in
3055 1626 3300 1686 tempore
3321 1628 3461 1685 prte-

1890 1720 2116 1774 senti“.
2160 1736 2176 1768 ι
2211 1717 2363 1771 Idem
2387 1714 2454 1769 ad
2484 1713 2707 1767 Titum:
2753 1730 2771 1762 ι
2808 1711 3012 1765 Zenam
3058 1706 3458 1778 legisperitum,

200 1819 493 1890 ἡμέτεροι,
550 1812 733 1868 καλῶν
776 1811 952 1883 ἔργων
1004 1808 1366 1880 προΐστασθαι
1420 1806 1501 1868 εἰς
1544 1806 1641 1865 τὰς
1679 1804 1772 1857 άν-

1895 1820 1949 1863 et
1980 1810 2287 1880 Apollinem
2313 1806 2548 1862 sollicite
2574 1804 2875 1873 praaiuitte,
2911 1810 2971 1855 ut
3004 1801 3142 1855 nihil
3163 1790 3272 1854 illis
3292 1799 3459 1863 desit,

204 1910 446 1981 αγκαίας
473 1906 686 1977 χρείας,
725 1905 812 1957 ἵνα
845 1902 919 1972 μὴ
948 1895 1083 1955 ὦσιν
1110 1901 1405 1969 ἄκαρποι.»
1446 1897 1557 1951 Kal.
1584 1896 1743 1949 πάλιν
1761 1909 1777 1926 ·

210 2023 231 2055 ι
277 2000 606 2064 Ἀσπάζεται
631 1998 773 2067 ὑμᾶς
801 1994 983 2058 Γάϊος,
1014 1995 1043 2046 6
1068 1992 1215 2059 ξένος
1243 2009 1367 2060 μου,
1406 1991 1499 2044 καὶ
1522 1992 1621 2059 τῆς
1656 1989 1781 2041 Ἐκ-

205 2091 443 2163 κλησίας
469 2090 597 2157 ὅλης
623 2107 642 2140 ι
662 2104 677 2119 ’
719 2085 842 2141 ἀντὶ¹
866 2084 959 2137 τοῦ
982 2126 995 2147 ,
1038 2085 1065 2135 ὁ
1096 2082 1371 2152 ξενοδόχος
1401 2081 1640 2133 πάντων.
1673 2079 1785 2133 Kal.

202 2185 236 2236 6
273 2180 473 2252 Κύριος
519 2178 576 2230 δὲ
629 2172 1105 2245 προσκαλούμενος
1161 2169 1298 2240 μετὰ
1332 2169 1441 2221 τῶν
1476 2167 1784 2239 ὲλεημὸνων

204 2275 300 2327 και
350 2272 476 2333 τοὺς
522 2268 868 2337 φιλοξένους,
898 2266 1037 2334 εὲρεῖ
1078 2262 1215 2331 πρὸς
1245 2261 1475 2323 αὐτούς’
1536 2277 1554 2312 ι
1593 2258 1783 2322 Δεῦτε,

206 2369 263 2420 οι
310 2360 666 2432 εὐλογημένοι
720 2356 815 2411 τοῦ
871 2356 1083 2426 Πατρός
1134 2371 1273 2421 μου,
1336 2352 1784 2423 κληρονομήσατε

210 2460 318 2528 τὴν
351 2452 759 2527 ἡτοιμασμένην
787 2450 914 2519 ὑμῖν
949 2447 1259 2518 βασιλείαν·
1299 2444 1451 2511 ξένος
1482 2444 1588 2515 γάρ
1613 2444 1782 2513 ήμην,

208 2551 311 2605 καὶ
364 2542 707 2615 συνηγάγετέ
757 2557 856 2611 με*
919 2540 1226 2601 έπείνασα,
1275 2537 1374 2590 καὶ
1414 2534 1655 2589 ἐδώκατέ
1696 2552 1786 2604 μοι

208 2641 440 2709 φαγεῖν·
499 2635 750 2703 ἐδίψησα,
788 2630 885 2685 καὶ
917 2628 1209 2682 ἐποτίσατέ
1243 2641 1339 2697 με’
1380 2624 1584 2696 γυμνὸς
1612 2625 1785 2695 ἥμην,

210 2732 309 2785 καὶ
337 2747 404 2782 πε
416 2726 693 2799 ριεϐάλετέ
726 2741 813 2794 με.
842 2741 858 2774 ι
899 2720 1061 2793 Αὐτῷ
1094 2722 1128 2791 ὴ
1156 2719 1287 2787 δόξα
1320 2718 1401 2781 είς
1429 2719 1557 2780 τοὺς
1583 2716 1789 2778 αἰῶνας

215 2822 330 2876 τῶν
360 2819 593 2875 αἰώνων.
637 2817 836 2887 Ἀμήν.

815 3015 1034 3071 aeros
1065 3009 1187 3081 ur.

702 3132 842 3201 Περὶ
873 3128 1303 3202 φιλοπτωχίας.

303 3258 368 3311 Ἣ
405 3250 748 3325 φιλοπτωχία
783 3248 880 3302 καὶ
912 3248 945 3317 ἠ
985 3243 1267 3314 φιλοξενία
1313 3241 1407 3295 δύο
1441 3238 1627 3294 κλάδοι
1656 3236 1794 3291 εἰσὶν

210 3352 320 3419 τῆς
356 3348 610 3417 πιότητος
638 3343 734 3412 τῆς
768 3340 984 3403 ἐλαίας,
1020 3334 1086 3409 ἧς
1115 3338 1142 3389 ὁ
1170 3334 1380 3405 καρπὸς
1413 3330 1627 3403 μυρίζει
1654 3329 1793 3382 πάν-

214 3460 358 3506 τας,
414 3439 472 3504 ὲξ
511 3434 578 3509 ἦς
627 3434 913 3502 ἀλείφεται
953 3435 980 3485 6
1017 3430 1222 3500 Κύριος
1255 3426 1354 3496 τὴν
1384 3423 1661 3492 κεφαλὴν,
1702 3419 1797 3472 καὶ

215 3536 351 3597 τοὺς
395 3533 593 3594 πόδας,
649 3528 744 3582 καὶ
786 3525 1175 3595 άνταμείὸεται
1217 3520 1307 3573 τὸν
1349 3518 1659 3585 ἁλείεροντα,
1697 3514 1798 3584 βα-

219 3626 434 3680 σιλείαν
476 3619 740 3692 οὐρανῶν.
775 3620 834 3670 ’0
876 3616 985 3687 γὰρ
1026 3613 1168 3668 οὕτω
1223 3611 1563 3680 φιλόπτωχος
1602 3605 1792 3661 ἀκούει

218 3718 319 3773 τοῦ
377 3715 625 3783 λέγοντος
645 3728 659 3743 ⁸
711 3731 728 3763 ι
752 3706 1139 3781 Ἐλεημοσύναι
1174 3702 1268 3756 καὶ
1300 3702 1480 3761 πίστις
1514 3698 1589 3769 μὴ
1620 3695 1791 3749 ἐκλει-

232 3809 490 3863 πέτωσάν
520 3806 857 3873 σε.⁹Ᾱφαψαι
887 3802 942 3854 δὲ
973 3799 1140 3860 αὐτὰς
1172 3796 1263 3849 ἐπὶ
1295 3793 1371 3864 σῷ
1395 3791 1671 3865 τραχήλῳ,
1707 3788 1802 3843 καὶ

221 3902 484 3971 εὑρήσεις
512 3897 692 3967 χάριν.
720 3915 738 3947 ›
761 3923 830 3937 α.-
863 3912 879 3943 ι
908 3889 1147 3961 Προνοοῦ
1174 3886 1316 3941 καλά
1342 3883 1569 3937 ἐνώπιον
1592 3881 1799 3951 Κυρίου

223 3993 325 4046 καὶ
360 3988 687 4060 ἀνθρώπων.
712 4005 730 4038 ι
754 3983 894 4039 Καί·
924 4001 942 4034 ι
986 3982 1128 4034 Ὀδοὶ
1154 3977 1397 4037 δικαίων,
1431 3973 1631 4043 ὁμοίως
1662 3971 1803 4040 φωτὶ

221 4152 450 4245 ορθὼσῃ
482 4173 515 4241 ἡ
550 4169 753 4240 ἡμέρα.
790 4185 808 4217 ι
878 4163 1214 4217 Ἐντέλλεται
1244 4158 1301 4210 δὲ
1334 4157 1428 4209 καὶ
1460 4156 1488 4207 6
1515 4154 1678 4224 νόμος
1711 4152 1801 4205 λέ-

221 4280 376 4334 γων·
414 4282 432 4314 ι
458 4262 715 4327 Ἀνοίγων
745 4255 978 4320 ἀνοίξεις
1009 4254 1109 4316 τὰς
1139 4250 1327 4323 χεῖράς
1357 4264 1450 4299 σου
1485 4245 1560 4317 τῷ
1590 4245 1800 4312 πένητι,

224 4357 319 4409 ἵνα
373 4354 447 4423 μὴ
494 4351 758 4421 βοὴσηται
811 4345 954 4399 κατά
998 4343 1093 4395 σοῦ
1144 4341 1281 4411 πρὸς
1322 4338 1588 4409 Κύριον.»
1645 4335 1705 4390 Ὀ
1746 4335 1803 4388 δὲ

1888 1904 2103 1957 discant
2134 1910 2318 1954 autem
2351 1906 2408 1952 et
2436 1896 2633 1961 nostri,
2652 1896 2815 1950 bonis
2839 1895 3105 1963 operibus
3133 1908 3373 1962 prmesse
3390 1892 3459 1945 ad

1889 2010 2022 2048 usus
2054 1990 2421 2055 necessarios,
2456 1998 2515 2041 ut
2546 2004 2657 2041 non
2682 1988 2796 2041 sint
2841 1984 3172 2039 infructuosi
3194 1984 3261 2036 ·’⁵.
3298 2002 3315 2034 ι
3346 1984 3461 2037 lte-

1887 2100 2007 2138 rum
2032 2100 2045 2136 :
2077 2102 2095 2134 ι
2125 2082 2340 2137 Salutat
2364 2095 2464 2133 vos
2492 2078 2660 2134 Caius
2683 2079 2889 2147 hospes
2925 2092 3083 2131 meus
3109 2085 3165 2129 et
3186 2075 3463 2129 universa:

1886 2175 2224 2238 Ecclesiae",
2263 2193 2280 2225 ι
2314 2188 2411 2243 pro
2437 2189 2505 2226 eo
2553 2170 2701 2242 quod
2727 2178 2832 2233 est,
2861 2176 3126 2237 exceptor
3178 2167 3460 2236 hospitum

1888 2267 2157 2321 omnium.
2189 2265 2458 2318 Dominus
2485 2278 2709 2333 quoque
2754 2277 2862 2315 una
2913 2276 3037 2314 cum
3083 2260 3464 2330 eleemosynas

1889 2356 2311 2412 conferentibus
2328 2355 2655 2425 peregrinos
2690 2353 2785 2422 qui
2819 2352 3124 2421 excipiunt,
3153 2351 3460 2405 advocans.

1890 2449 2167 2504 dicturum
2208 2464 2265 2501 se
2293 2446 2653 2516 pronuntiat:
2686 2464 2703 2495 ι
2731 2444 2950 2507 Venite,
2978 2441 3255 2496 benedicti
3283 2440 3464 2495 Patris

1892 2538 2019 2603 mei,
2076 2536 2355 2607 possidete
2411 2545 2661 2606 paratum
2709 2534 2870 2588 vobis
2936 2547 3165 2601 regnum
3204 2550 3217 2584 :
3254 2531 3462 2599 hospes

1888 2627 2036 2681 enim
2067 2640 2238 2690 eram,
2269 2633 2326 2679 et
2359 2623 2664 2694 collegistis
2699 2639 2806 2686 me,
2850 2621 3082 2684 esurivi,
3126 2630 3183 2675 et
3229 2618 3465 2675 dedistis

1892 2717 2026 2772 mihi
2058 2717 2436 2772 manducare:
2480 2715 2629 2771 sitivi
2678 2723 2734 2769 et
2768 2715 3000 2770 dedistis
3044 2712 3181 2768 mihi
3234 2712 3462 2766 hibero:

1892 2809 2074 2863 nudus
2104 2824 2278 2871 eram,
2328 2816 2384 2862 et
2431 2805 2738 2877 operuistis
2771 2822 2859 2860 me
2875 2806 2943 2859 ".
2976 2825 2995 2857 ›
3039 2804 3146 2875 Ipsi
3198 2802 3373 2875 gloria
3408 2801 3465 2857 in

1892 2899 2113 2955 saecula.
2144 2900 2339 2953 Amen.

2397 3010 2687 3067 IIOMILIA
2724 3010 2958 3067 XCVIII.

2092 3127 2168 3182 De
2202 3142 2381 3182 amore
2405 3135 2454 3179 et
2481 3127 2564 3196 pio
2610 3126 2796 3196 aﬂ'ectu
2832 3140 2957 3194 erga
2990 3139 3273 3195 pauperes.

1966 3244 2284 3312 Propensus
2311 3240 2400 3293 ille
2445 3241 2499 3293 in
2536 3254 2805 3309 pauperes
2838 3246 2893 3292 et
2938 3237 3263 3306 peregrinos
3292 3252 3466 3297 amor,

1894 3351 2083 3390 ramus
2115 3343 2350 3403 uterque
2386 3331 2590 3385 hifidus
2610 3339 2695 3384 est
2722 3328 3075 3399 pinguediuis
3099 3329 3279 3383 olivze:
3306 3331 3466 3397 cujus

1896 3427 2187 3495 utriusque
2220 3424 2437 3478 fruetus
2471 3421 2695 3492 myrrha
2719 3435 2977 3491 perquam
2997 3434 3164 3473 suave
3197 3418 3469 3489 fragranti

1898 3515 2181 3586 perfundit
2208 3514 2520 3573 universos,
2552 3511 2711 3579 cujus
2732 3509 3022 3577 aspergine
3044 3507 3175 3560 sivit
3202 3508 3472 3561 Dominus

1898 3606 2004 3662 sibi
2042 3604 2235 3674 inungi
2265 3611 2321 3657 et
2353 3608 2519 3671 caput
2559 3609 2615 3655 et
2647 3601 2813 3669 pedes
2834 3600 2900 3653 ⁸⁸.
2923 3598 3027 3653 Sed
3047 3605 3103 3652 et
3136 3597 3285 3652 hunc
3307 3614 3469 3652 suum

1898 3698 2247 3752 inunctorem
2299 3695 2504 3748 vicaria
2552 3691 2808 3745 mercede
2868 3690 3208 3760 repignerat,
3268 3707 3473 3761 nempe

1899 3806 2068 3860 regno
2092 3788 2357 3843 cmlorum
2393 3786 2553 3839 talem
2588 3784 2868 3854 dignatur.
2896 3784 3131 3837 Prorsus
3165 3799 3471 3852 pauperum

1898 3890 2114 3936 amator
2134 3896 2164 3933 a
2191 3879 2427 3932 Domino
2466 3884 2814 3944 promeretur
2842 3873 3062 3927 audire:
3112 3891 3129 3924 ι
3162 3873 3477 3929 Μίδαι-ἰσονιό

1900 3973 1990 4027 dia
2017 3983 2073 4026 et
2108 3970 2244 4024 fides
2266 3984 2379 4022 non
2416 3976 2467 4021 te
2501 3966 2777 4029 deserant,
2803 3964 2961 4034 alliga
2987 3979 3082 4017 eas
3104 3965 3247 4017 collo
3273 3973 3390 4024 tuo,
3418 3973 3474 4017 et

1783 4092 1803 4102 -
1901 4061 2152 4116 invenies
2179 4057 2493 4130 gratiam“.
2532 4074 2549 4106 ι
2610 4056 2710 4109 Et:
2751 4076 2766 4104 ι
2799 4054 3032 4109 Provide
3087 4055 3230 4109 bona
3287 4069 3473 4107 coram

1900 4152 2137 4208 Domino
2163 4148 2643 4205 ethominibus".
2681 4167 2699 4198 ι
2740 4146 2841 4199 Et:
2887 4164 2905 4196 ι
2942 4146 3054 4200 Viae
3094 4147 3370 4216 justorum
3415 4155 3482 4202 ut.

1899 4242 1993 4296 lux
2019 4241 2332 4309 splendent,
2368 4238 2789 4309 proceduntque
2829 4246 2885 4291 et
2938 4236 3254 4291 illuminant
3298 4238 3476 4292 donec

1903 4332 2188 4387 illucescat
2217 4331 2421 4385 dies".
2456 4348 2476 4381 ›
2541 4328 2759 4383 Mandat
2792 4338 2973 4382 autem
3012 4338 3067 4382 et
3112 4329 3197 4382 lex
3245 4329 3471 4384 dicens:

226 4419 680 4513 Παροιμιαστής’
746 4456 763 4488 ι
805 4436 958 4505 Ζωὴν
991 4432 1087 4487 τοῦ
1120 4429 1335 4500 πτωχοῦ
1387 4430 1462 4498 μὴ
1492 4427 1787 4497 ἀποστερή·

1912 4442 1930 4474 ι
1966 4422 2239 4492 Aperiens
2269 4420 2485 4491 aperies
2504 4436 2702 4475 manus
2741 4429 2864 4475 tuas
2902 4419 3129 4490 pauperi
3164 4428 3225 4473 ut
3254 4436 3322 4475 ne
3362 4421 3472 4475 cla-

225 4551 354 4607 σῃς.
390 4551 407 4583 ι
473 4533 617 4585 Καί·
683 4547 701 4580 ι
741 4527 935 4595 Ψυχὴν
966 4522 1240 4576 πεινῶσαν
1276 4523 1351 4591 μὴ
1377 4520 1658 4590 λυπήσῃς,
1704 4517 1799 4570 καὶ

226 4623 587 4693 τέαρελκύσῃς
630 4621 779 4675 δόσιν
826 4615 1208 4686 έπιδεομένου,
1246 4612 1447 4680 νίκέτην
1485 4609 1799 4679 θλιϐόμενον

227 4717 310 4785 μὴ
339 4714 661 4777 ἁπαναίνου,
695 4712 789 4765 καὶ
824 4709 898 4781 μὴ
925 4704 1275 4776 ἀποστρέψεις
1303 4701 1365 4755 τὸ
1390 4700 1681 4771 πρόσωπόν
1706 4715 1800 4751 σου

223 4807 342 4862 ἀπὸ
368 4805 647 4875 πτωχοῦ.)
687 4804 796 4856 Καὶ
824 4802 985 4856 πάλιν
1007 4815 1020 4828 ·
1076 4817 1093 4848 σ
1124 4798 1201 4866 Τῇ
1232 4795 1378 4864 ψυχῇ
1404 4792 1569 4845 αὐτοῦ
1598 4792 1800 4858 ἁγαθο-

225 4897 380 4949 ποιεῖ
421 4895 563 4965 ἀνὴρ
607 4894 861 4963 ἐλεήμων
884 4933 897 4955 ,
955 4888 1205 4955 ὲξόλλυσι
1237 4885 1294 4937 δὲ
1331 4884 1392 4937 τὸ
1420 4882 1615 4937 ἑαυτοῦ
1644 4883 1801 4951 σῶμα

222 4985 571 5053 ἁνελεήμων.
598 5003 615 5034 ι
656 4983 766 5036 Καὶ
794 4984 821 5034 6
851 4978 1136 5050 προφήτης
1178 4975 1353 5043 Ὠσηέ’
1375 4993 1392 5023 ι
1421 4972 1687 5043 Σπείρατε
1724 4971 1802 5032 είς

222 5076 619 5144 δικαιοσύνην,
675 5074 771 5128 καὶ
812 5073 992 5135 ἔλεον,
1035 5068 1133 5124 καὶ
1161 5071 1337 5139 κρῖμα
1368 5067 1667 5136 φυλάσσου,
1706 5064 1803 5117 καὶ

224 5168 425 5237 ἐγγιζε
459 5167 595 5237 πρὸς
618 5166 709 5219 τὸν
736 5164 869 5218 Θεόν
894 5180 987 5217 σου
1019 5162 1107 5215 διὰ
1134 5159 1386 5221 παντός.»
1422 5158 1531 5211 Kal.
1555 5158 1582 5209 6
1605 5154 1805 5226 Δανιὴλ

222 5259 311 5329 τῷ
338 5257 826 5328 Ναϐουχοδονόσωρ
849 5272 865 5289 ο
895 5274 913 5307 ι
935 5254 999 5307 Ἦ
1034 5252 1195 5324 βουλή
1228 5268 1352 5323 μου,
1385 5248 1569 5321 φησὶν,
1603 5247 1805 5319 ἀρεσά-

221 5370 313 5405 τω
343 5367 447 5415 σοι,
483 5347 727 5420 βασιλεῦ,
754 5347 853 5409 τὰς
881 5346 1161 5417 ἁμαρτίας
1188 5360 1282 5396 σου
1317 5343 1375 5395 ἐν
1403 5341 1802 5411 ὲλεημοσύναις

226 5439 537 5509 λύτρωσαι,
571 5438 667 5491 καὶ
695 5437 793 5500 τὰς
820 5436 1031 5497 ἀδικίας
1063 5451 1183 5496 σου,
1216 5435 1273 5486 ὲν
1302 5432 1610 5501 οίκτιρμοίς
1637 5432 1800 5483 πενίη-

309 5626 354 5658 “
386 5624 490 5677 Isa.
523 5622 691 5686 ιι,11.

229 5700 281 5732 “
314 5697 471 5749 Rom.
503 5710 609 5755 xvi,
635 5692 721 5745 23.

233 5770 281 5801 "
311 5767 467 5821 Prov.
506 5780 579 5818 ιγ.
605 5762 656 5816 8.

800 5620 840 5651 "
873 5618 1041 5673 Hebr.
1071 5632 1189 5677 xm.
1232 5613 1343 5678 1,2.
1447 5612 1492 5642 "
1528 5611 1661 5667 ibid.
1686 5610 1769 5664 16.

834 5691 875 5719 ⁸⁷
904 5688 1093 5741 Matth.
1136 5702 1257 5751 xxv,
1300 5686 1389 5745 54,
1421 5682 1510 5737 '55.

766 5761 809 5791 τ’
835 5760 993 5813 Deut.
1026 5774 1111 5821 xv,
1148 5758 1199 5810 8.
1308 5756 1351 5785 ⁷⁸
1374 5754 1544 5807 Eccli.
1608 5768 1681 5817 tv,
1716 5752 1761 5805 I.

1878 5611 1922 5641 "
1954 5610 1971 5664 I
1998 5612 2145 5665 Petr.
2165 5627 2239 5672 ιν,
2258 5608 2312 5665 9.

1593 5683 1667 5727 .⁸⁸
1718 5681 1852 5735 Luc.
1915 5697 2013 5743 vn,
2058 5682 2122 5735 ’57
2160 5696 2315 5750 seqq.

1907 4524 2021 4568 met
2043 4522 2235 4568 contra
2275 4521 2325 4566 te
2348 4512 2412 4566 ad
2440 4513 2735 4566 Dominum
2760 4513 2826 4566 τ’.
2866 4531 2884 4563 ›
2908 4513 3299 4566 Parmmiastes
3321 4528 3473 4566 vero:

1912 4628 1930 4660 ι
1968 4608 2146 4663 Vitam
2179 4608 2438 4677 pauperis
2464 4623 2533 4662 ne
2564 4606 2944 4662 defraudes".
2981 4624 2999 4657 ι
3029 4605 3131 4659 Et:
3171 4624 3189 4656 ι
3223 4606 3478 4659 Animam

1905 4701 2214 4757 esurientis
2235 4716 2303 4755 ne
2324 4700 2757 4763 contristaveris,
2783 4708 2838 4752 et
2860 4714 2929 4753 ne
2952 4699 3250 4753 retraxeris
3269 4698 3486 4752 donum-

1907 4796 1976 4849 ab
2012 4794 2329 4863 indigente:
2363 4793 2629 4847 famulum
2657 4792 2915 4846 atllictum
2951 4807 3021 4845 ne
3052 4790 3299 4858 abjicias,
3332 4800 3387 4845 et
3408 4807 3489 4846 ne-

1907 4893 2129 4938 avertas
2186 4883 2383 4937 faciem
2433 4894 2583 4937 tuam
2641 4898 2671 4937 a
2728 4898 2971 4952 paupere
3008 4884 3085 4937 ⁷⁸.
3147 4903 3167 4930 ι
3232 4882 3487 4939 Iterum:

1913 4995 1929 5025 ‹
1952 4975 2165 5029 Animae
2187 4990 2299 5030 suae
2322 4974 2597 5029 benefaeit
2621 4974 2705 5028 vir
2721 4974 3059 5037 misericors,
3088 4975 3270 5043 perdit
3293 4985 3489 5029 autem

1907 5082 2071 5120 suum
2128 5082 2334 5135 corpus
2386 5064 2866 5119 immisericors”.
2906 5083 2924 5115 ι
2983 5065 3255 5134 Propheta
3303 5064 3487 5120 Osee:-

1913 5176 1931 5207 ι
1965 5156 2187 5211 Semina
2221 5157 2277 5210 in
2320 5157 2539 5225 justitia
2583 5156 3046 5220 misericordiam,
3104 5165 3160 5210 et
3208 5157 3491 5225 judicium.

1908 5247 2153 5311 custodi,
2173 5256 2228 5302 et
2252 5248 2635 5317 apprOpinqua
2660 5246 2728 5301 ad
2748 5247 2917 5301 Deum
2944 5256 3099 5301 tuum
3123 5262 3343 5318 semper
3361 5251 3424 5303 ⁷⁸.
3456 5268 3473 5299 ι

1912 5341 2103 5395 Daniel
2131 5356 2352 5410 quoque
2409 5340 2923 5396 Nabuchodonosor
2964 5341 3075 5395 ait:
3122 5359 3141 5392 ι
3172 5340 3485 5395 Consilium

1912 5448 2095 5488 meum
2122 5433 2339 5502 placeat
2368 5432 2489 5498 tibi,
2518 5446 2552 5486 o
2571 5448 2665 5487 rex
2704 5449 2715 5485 :
2750 5439 2972 5503 peccata
3000 5440 3091 5487 tua
3110 5432 3485 5503 eleemosynis

2417 5609 2460 5640 ⁸⁵
2485 5609 2529 5663 11
2567 5608 2694 5664 Cor.
2722 5625 2838 5670 vm.
2874 5609 2962 5664 15.
3063 5609 3106 5639 ⁵⁵
3140 5607 3246 5661 Tit.
3282 5622 3361 5673 ιιι,
3389 5608 3478 5663 15.

2426 5680 2470 5711 ⁸9
2498 5680 2658 5734 Prov.
2694 5696 2771 5745 ut,
2797 5680 2849 5735 5.
2993 5678 3037 5709 ⁷⁸
3059 5678 3101 5731 II
3131 5677 3254 5732 Cur.
3302 5695 3360 5742 tt.
3395 5679 3480 5733 1?.

2262 5754 2306 5782 ’⁷³
2335 5750 2496 5805 Prov.
2534 5766 2607 5811 xi,
2643 5751 2726 5803 17.
2832 5750 2877 5782 ⁷⁸
2914 5748 3071 5805 Osee.
3104 5748 3273 5813 7.,1'2.
