4040 6546
495 333 624 396 17.31

1754 331 2117 394 ANTIOCHI
2173 334 2517 395 MONACHI

3623 334 3754 398 1732

492 443 726 504 redime,
761 448 818 496 et
845 440 1174 511 iniquitates
1199 450 1321 497 tuas
1344 443 1401 496 in
1432 442 1837 498 misericordiis
1867 460 2077 514 paupe-

2177 465 2337 501 των.»
2379 449 2492 502 Καὶ
2520 450 2549 501 6
2576 447 2768 503 Δαυῖδο
2817 468 2835 500 ι
2860 446 3245 521 Ἐσκόρπισεν.
3275 449 3475 503 ἔδωκεν
3510 450 3626 512 τοῖς
3654 452 3743 502 πὲ-

492 549 615 586 rum
637 535 735 586 ⁷⁷.»
767 533 938 587 David
964 550 979 586 :
1008 552 1025 584 ι
1049 534 1324 603 Dispersit
1344 574 1358 597 ,
1392 522 1548 588 dedit
1578 535 2073 606 pauperibus,jus-

492 624 611 678 litia
668 625 792 692 ejus
858 632 1045 678 manet
1120 622 1174 676 in
1233 622 1496 678 saeculum
1544 623 1824 687 saeculi",
1868 643 1887 675 ι
1952 625 2069 681 Et:

497 733 517 767 ι
544 715 735 785 Diligit
790 714 1226 769 misericordiam
1281 723 1339 768 et
1383 712 1654 784 judicium
1683 714 1929 769 Deus’".
1966 733 2073 765 ι·-

497 834 515 867 ι
550 816 752 869 Beatus
774 813 945 884 igitur
961 812 1056 882 qui
1077 812 1336 881 intelligit
1353 826 1521 880 super
1538 827 1771 881 egenum
1786 821 1843 865 et
1862 828 2072 883 paupe-

492 925 607 963 rem
629 911 694 972 ⁷⁹,
722 909 777 962 in
803 908 895 961 die
912 907 1059 961 enim
1088 906 1228 959 mala
1254 905 1661 959 liberabiteum
1686 904 1949 959 Dominus
1965 906 2066 959 ⁸ο.»

490 1000 592 1056 Job
612 1001 868 1069 insuper:
908 998 1119 1068 1183
1149 1017 1166 1048 ι
1204 996 1359 1064 Quod
1396 996 1440 1050 si
1476 995 1702 1066 permisi
1739 997 2071 1051 imbecillem

492 1091 678 1162 egredi
702 1092 924 1161 januam
954 1105 1130 1142 meam
1158 1088 1282 1141 sinu
1308 1102 1483 1140 vacuo
1502 1086 1601 1140 ⁸⁸.)
1623 1085 1804 1139 Alius:
1837 1085 2072 1140 dnclina

493 1202 686 1242 autem
720 1193 868 1239 tuam
906 1184 972 1238 ad
1001 1198 1325 1253 pauperem,
1358 1189 1415 1237 et
1438 1181 1713 1251 responde
1745 1181 1796 1236 ei
1845 1181 2072 1252 paciﬁca

494 1279 551 1332 in
577 1276 1003 1331 mansuetudine
1030 1293 1044 1341 ;
1080 1275 1230 1330 omni
1262 1276 1631 1345 eleemosynte
1653 1274 1822 1328 facito
1847 1274 2069 1328 locum:

493 1366 877 1437 unusquisque
906 1366 1053 1421 enim
1078 1364 1383 1420 secundum
1399 1379 1567 1433 opera
1593 1378 1690 1417 sua
1711 1362 2063 1417 inveniet".i

494 1458 772 1513 Etiterum
790 1471 834 1508 ι(
852 1456 955 1523 Qui
978 1457 1273 1510 miseretur
1286 1456 1563 1525 pauperis,
1583 1455 1701 1525 ipse
1717 1456 2067 1510 enutrietur:

493 1565 692 1619 panem
716 1549 866 1603 enim
895 1564 1053 1601 sumn
1082 1547 1234 1602 dedit
1260 1548 1489 1617 pauperi
1522 1567 1535 1602 :
1569 1547 1664 1616 qui
1696 1547 1788 1602 dat
1817 1549 2074 1617 pauperi-

494 1641 621 1707 bus,
642 1658 751 1696 non
784 1641 1027 1711 patietur
1053 1642 1342 1711 penuriam
1363 1642 1427 1693 ⁸³.
1482 1659 1499 1691 ι
1538 1640 1742 1695 lterum
1768 1657 1782 1693 :
1828 1659 1847 1691 ι
1876 1639 2070 1693 Omnia

494 1747 839 1802 quaecunque
858 1738 1038 1800 potest
1059 1745 1257 1785 manus
1280 1739 1372 1784 tua
1396 1729 1615 1793 facere;
1642 1741 2071 1799 quantacunque

2174 555 2331 608 νησιν
2351 578 2366 603 ,
2423 540 2456 609 ἡ
2491 538 2811 610 δικαιοσύνη
2843 538 3008 593 αὐτοῦ
3046 540 3197 611 μένει
3228 542 3308 604 εἰς
3335 540 3427 593 τὸν
3454 539 3634 593 αἰῶνα
3662 538 3750 592 τοῦ

2173 629 2389 692 αἰῶνος.
2423 647 2441 680 ι
2478 629 2622 683 Καίο
2662 649 2680 681 ι
2704 631 2923 702 ’Δγαπᾷ
2964 632 3341 702 ἐλεημοσύνην
3380 633 3475 686 καί
3511 631 3698 705 κρίσιν
3728 635 3751 685 6

2175 721 2399 791 Κύριος.
2415 739 2433 772 ι
2458 750 2527 761 -
2551 739 2569 772 ι
2590 722 2881 793 Μακάριος
2900 720 2993 777 οὖν
3014 725 3043 776 6
3073 724 3270 779 συνιὼν
3291 726 3384 778 ἐπὶ
3415 726 3637 793 πτωχὸν
3664 727 3752 778 καὶ

2174 813 2401 884 πένητα.
2429 833 2446 865 ι
2468 844 2535 854 -—
2553 834 2570 864 ι
2596 815 2685 868 Ἐν
2712 815 2897 886 ἡμέρᾳ
2924 818 3136 886 πονηρᾷ
3158 817 3381 888 ῥύσεται
3407 817 3575 870 αὐτὸν
3601 817 3630 866 6
3653 816 3752 868 Κύ·

2177 924 2310 977 ριος.
2337 925 2355 956 ι
2396 907 2453 960 Ὀ
2483 907 2537 959 δέ
2572 906 2695 959 ’1ώὸ
2727 924 2893 977 φησιν
2913 925 2928 939 ο
2951 926 2970 958 ι
3000 909 3063 960 Εἰ
3088 910 3144 962 δέ
3174 910 3270 961 xal
3298 908 3463 963 εἴασα
3488 907 3753 961 ἀδύνατον

2173 999 2416 1066 ἐξελθεῖν
2452 998 2554 1070 τὴν
2587 999 2760 1069 θύραν
2791 1016 2893 1070 μου
2926 999 3111 1070 κόλπῳ
3140 998 3302 1070 κενῷ.
3330 1018 3349 1051 ι
3410 1001 3525 1053 Kal
3558 999 3750 1061 ἀλλος⁸

2174 1093 2367 1145 κλῖνον
2391 1093 2451 1146 τὸ
2471 1089 2564 1155 οὖς
2590 1110 2684 1145 σου
2710 1091 2935 1163 πτωχῷ,
2961 1093 3054 1146 καὶ
3075 1093 3405 1164 ἀποκρίθητι
3428 1092 3583 1163 αὐτῷ
3605 1093 3753 1162 εἰρη-

2172 1186 2318 1249 νικά,
2357 1186 2414 1237 ἐν
2442 1184 2712 1256 πραότητι
2740 1184 2834 1236 καὶ
2859 1183 3011 1256 πάσῃ
3034 1184 3375 1254 ἐλεημοσύνη
3410 1184 3649 1252 ποίησον
3678 1184 3753 1235 τό-

2175 1294 2296 1330 πον.
2348 1277 2619 1339 Ἕκαστος
2663 1277 2773 1346 γάρ
2817 1275 2959 1329 κατὰ
2991 1278 3058 1329 τὰ
3088 1275 3225 1346 ἔργα
3254 1274 3423 1329 αὐτοῦ
3455 1275 3705 1345 εὑρήσει.
3729 1292 3749 1326 ι

2174 1371 2285 1426 Kal
2308 1366 2495 1433 αὖθις⁸
2523 1390 2542 1422 ι
2563 1370 2622 1423 '0
2651 1369 2818 1422 ἐλεῶν
2842 1369 3079 1439 πτωχὸν,
3106 1369 3267 1431 αὐτὸς
3288 1369 3749 1438 διατραφήσεται’

2171 1464 2263 1517 τὸν
2293 1463 2399 1534 γὰρ
2432 1462 2624 1517 ἐαυτοῦ
2650 1463 2812 1533 ἄρτον
2846 1463 3045 1515 ἔδωκεν
3086 1460 3163 1532 τῷ
3202 1460 3538 1531 πτωχῷ.’ος
3568 1460 3753 1513 δίδωσι

2175 1557 2432 1624 πτωχοῖς,
2466 1554 2565 1607 οὐκ
2598 1554 3004 1624 ἐνδεηθήσεται.
3035 1572 3054 1605 ι
3112 1553 3221 1605 Kal
3255 1553 3455 1606 πάλιν·
3514 1572 3535 1604 ι
3569 1552 3750 1604 Πάντα

2171 1647 2271 1700 ὅσα
2297 1646 2397 1718 ἔχῃ
2426 1648 2459 1717 ἡ
2483 1646 2605 1717 χείρ
2634 1663 2730 1698 σου
2761 1646 2958 1707 ποιεῖν,
2984 1645 3082 1715 ὅση
3103 1643 3332 1714 δύναμίς
3357 1661 3476 1707 σου,
3500 1645 3749 1712 ποίησον

2172 1740 2238 1808 τῇ
2286 1737 2432 1807 ψυχῇ
2479 1735 2644 1790 αὐτοῦ
2691 1736 3019 1804 ἀ-γαθοποιεῖ
3063 1736 3205 1808 ἀνὴρ
3245 1736 3517 1806 ἐλεήμων.
3545 1754 3566 1785 ι
3623 1738 3748 1797 Καὶ,

459 1824 461 1827 ’
495 1823 742 1893 suppetit
777 1822 878 1876 tibi
908 1821 1163 1885 facultas,
1197 1821 1449 1875 facito“.
1481 1820 1692 1874 Animae
1738 1834 1852 1874 suae
1898 1819 2072 1873 bene-

2180 1805 2470 1894 (Εὐλογία
2503 1827 2709 1896 Κυρίου
2762 1828 2844 1888 είς
2878 1824 3122 1896 κεφαλὴν
3155 1805 3259 1878 τοῦ
3292 1805 3703 1895 μεταδιδόντος.
3728 1846 3745 1877 ι

496 1917 630 1970 facit
665 1915 751 1968 vir
782 1914 1102 1969 misericors
1120 1916 1188 1967 “.
1220 1929 1243 1965 ν
1293 1913 1390 1967 Et:
1432 1931 1450 1963 ι
1486 1911 1808 1966 Benedictio
1854 1910 2071 1965 Domini

497 2023 667 2077 super
711 2015 880 2075 caput
931 2005 1406 2061 distribuentis“.
1454 2023 1472 2055 ι
1519 2004 1623 2058 Et:
1682 2024 1700 2055 ι
1744 2004 2073 2073 Redemptio

499 2100 696 2154 anima:
727 2098 853 2163 viri,
875 2098 1088 2153 divitiae
1122 2096 1361 2167 propria:
1380 2101 1480 2149 ⁸⁷.»
1507 2096 1576 2151 Ει
1600 2112 1614 2146 :
1653 2114 1670 2146 ι
1696 2096 2075 2167 Elecmosynis

500 2202 558 2245 et
584 2190 687 2245 (ide
715 2199 1023 2261 purgantur
1046 2197 1272 2258 peccata
1289 2189 1358 2242 ⁸⁸.
1394 2207 1412 2240 ι
1442 2188 1511 2242 Et
1540 2208 1550 2241 :
1581 2207 1599 2238 ι
1638 2187 1741 2253 Qui
1777 2188 2075 2242 miseretur

501 2280 782 2351 pauperis,
817 2281 1103 2335 feneralur
1150 2280 1262 2333 Deo
1298 2296 1312 2332 :
1349 2278 1653 2332 secundum
1696 2278 1901 2331 donum
1956 2278 2077 2347 ejus

498 2372 842 2427 retribuetur
889 2372 941 2427 ei
959 2372 1029 2425 '9.
1072 2390 1090 2423 ι
1138 2371 1348 2425 Bonum
1392 2370 1562 2440 igitur
1611 2369 1801 2434 fuerit,
1845 2370 2075 2434 qumsita

496 2466 666 2521 etiam
709 2465 949 2535 propriis
1031 2464 1324 2519 laboribus
1366 2478 1489 2532 quae
1549 2461 1650 2515 tibi
1700 2461 2077 2529 suppeditavit

498 2558 664 2621 Deus,
697 2557 751 2610 in
783 2572 916 2611 usus
943 2557 1192 2626 inepum,
1236 2552 1476 2608 candido
1528 2567 1592 2606 ac
1619 2551 1857 2621 simplici
1888 2552 2075 2607 animo

498 2648 815 2718 dispertiri:
840 2658 1094 2702 neutram
1118 2647 1172 2700 in
1201 2656 1413 2716 partem
1444 2644 1781 2709 vacillando,
1817 2644 1907 2698 cui
1943 2643 2075 2698 dare

498 2740 734 2804 debeas,
769 2739 859 2794 cui
885 2740 1013 2793 item
1040 2755 1149 2793 non
1173 2756 1185 2790 ε
1215 2738 1342 2793 Vult
1360 2738 1507 2792 enim
1526 2737 1693 2801 Deus,
1714 2736 1767 2789 in
1786 2749 2077 2790 commune

499 2832 769 2887 omnibus
794 2838 855 2885 ut
903 2832 1001 2886 des
1052 2846 1119 2885 ex
1168 2829 1413 2900 propriis
1441 2828 1622 2883 donis.
1686 2828 1805 2882 Non
1864 2828 1984 2881 vult
2018 2836 2079 2882 ut

499 2926 773 2979 ﬂuctuans
791 2924 1065 2993 disceptcs
1084 2932 1285 2987 tecum,
1321 2921 1409 2976 cui
1430 2921 1636 2975 debeas
1658 2920 1811 2984 dare,
1849 2919 1939 2974 cui
1969 2934 2080 2973 non

499 3016 656 3071 item.
693 3014 809 3071 Hoc
834 3016 981 3069 enim
1019 3030 1221 3068 munus
1245 3012 1499 3082 obsequii
1546 3012 1602 3066 in
1642 3026 1943 3080 pauperem
1966 3011 2081 3065 col-

498 3108 595 3162 lati
619 3123 743 3161 cum
767 3107 939 3161 animi
967 3105 1211 3161 candore
1239 3103 1579 3168 confectum,
1604 3102 1902 3172 plurimum
1934 3101 2079 3156 obti-
2104 3144 2146 3202 ϐ

499 3208 596 3253 net
622 3199 769 3269 apud
802 3199 974 3253 Deum
1010 3196 1220 3267 glorim.
1253 3196 1390 3249 Nam
1419 3194 1515 3265 qui
1546 3193 1684 3248 nihil
1725 3192 1931 3248 dubius
1978 3193 2076 3248 sed

500 3288 735 3358 simplici
758 3288 945 3342 animo
971 3286 1052 3340 sic
1088 3284 1440 3340 administrat
1462 3284 1714 3355 pauperi,
1746 3283 1857 3338 Deo
1882 3282 2074 3353 utique

500 3378 672 3433 vivet.
704 3378 847 3433 Sane
877 3377 1141 3432 eximium
1172 3376 1433 3447 quiddam
1459 3386 1545 3431 est
1568 3375 1755 3441 homo,
1792 3377 2083 3451 etpretio-

482 3484 599 3523 sus
625 3468 710 3521 vir
734 3468 1079 3523 misericors.
1106 3467 1427 3537 Apostolus:
1463 3485 1482 3518 ι
1512 3466 1615 3533 Qui
1644 3482 1809 3535 parce
1824 3466 2082 3529 seminat,

503 3576 667 3632 parce
686 3570 742 3616 et
783 3570 979 3626 metet,
1009 3570 1063 3616 et
1090 3560 1186 3631 qui
1222 3561 1458 3614 seminat
1492 3559 1546 3612 in
1580 3557 2081 3623 benedictionibus,

503 3654 573 3709 de
608 3653 1097 3707 benedictionibus
1119 3660 1176 3706 et
1200 3660 1369 3707 metet
1390 3652 1458 3706 ⁹⁰.
1501 3668 1519 3701 ι
1556 3649 1813 3704 lnducit:
1860 3666 1877 3699 ι
1905 3650 2084 3703 Mace-

503 3744 671 3800 dOnia
698 3755 887 3799 autem
934 3753 990 3799 et
1047 3744 1257 3799 Achaia
1303 3743 1681 3813 probaverunt
1729 3741 2079 3796 collationem

505 3836 743 3904 aliquam
765 3834 1023 3890 faccrcin
1064 3850 1333 3905 pauperes
1362 3843 1685 3889 sanctorum
1713 3834 1809 3904 qui
1851 3841 1981 3888 sunt
2021 3832 2077 3887 in

502 3926 891 3983 Jerusalem".
928 3945 946 3976 ι
985 3927 1251 3981 Dominus
1283 3924 1588 3980 etiamnum
1632 3926 1742 3979 ait:
1794 3943 1812 3975 ι
1845 3924 2077 3979 V'endite

504 4032 626 4088 qum
654 4016 969 4087 possidetis,
996 4026 1051 4072 et
1082 4017 1207 4073 date
1238 4018 1677 4089 cleemosynam:
1706 4017 1868 4072 facite
1919 4016 2076 4070 vobis

505 4111 756 4165 sacculos
777 4109 869 4180 qui
898 4126 1009 4164 non
1045 4120 1417 4173 veterascunt,
1449 4111 1767 4165 thesaurum
1794 4125 1903 4163 non
1935 4107 2074 4165 deﬁ-

2176 1915 2285 1968 Kal
2308 1932 2321 1947 ’
2362 1935 2379 1967 ι
2406 1916 2615 1986 Λύτρον
2640 1916 2819 1987 ψυχῆς
2844 1916 3039 1987 ἀνδρὸς
3070 1916 3099 1968 6
3131 1914 3259 1978 ἴδιος
3287 1915 3543 1978 πλοῦτος.
3574 1935 3593 1966 ι
3620 1918 3747 1979 Καὶ,

2181 2024 2199 2056 ι
2222 2005 2651 2075 Ἐλεημοσύναις
2681 2007 2774 2060 καὶ
2801 1994 3051 2059 πίστεσιν
3076 2006 3554 2075 ἀποκαθαίρονται
3582 2008 3755 2077 ἀμαρ-

2174 2097 2286 2150 τίαι
2308 2136 2323 2160 ,
2381 2096 2477 2150 καὶ
2528 2099 2557 2150 6
2595 2096 2760 2151 ἐλεῶν
2794 2098 3013 2167 πτωχὸν
3041 2095 3277 2161 δανείζει
3306 2098 3461 2168 Θεῷ,
3521 2098 3668 2150 κατά
3698 2098 3751 2151 δὲ

2174 2188 2237 2241 τὸ
2264 2188 2404 2258 δόμα
2435 2187 2599 2241 αὐτοῦ
2634 2189 3137 2261 ἀνταποδοθήσεται
3165 2189 3334 2261 αὐτῷ.
3365 2208 3384 2240 ι
3444 2188 3635 2241 Καλὸν
3666 2184 3753 2242 οὖν

2176 2279 2324 2331 ἐστιν
2376 2278 2440 2330 ἐκ
2486 2277 2595 2329 τῶν
2644 2277 2792 2330 ἰδίων
2838 2278 3027 2331 κόπων
3075 2272 3151 2331 ὧν
3184 2278 3373 2341 ὁΘεὺς
3402 2280 3748 2351 ἐπιχορηγεῖ,

2179 2367 2347 2417 πᾶσιν
2378 2364 2505 2416 ὐστε
2517 2366 2800 2435 ρουμένοις
2827 2367 3094 2437 παρέχειν
3122 2366 3338 2432 ἁπλῶς,
3377 2369 3550 2437 μηδὲν
3577 2370 3753 2421 διστά-

2178 2456 2360 2521 ζοντα,
2396 2456 2503 2509 τίνι
2532 2455 2657 2527 δῷς,
2690 2457 2799 2510 τίνι
2836 2458 2911 2527 μὴ
2940 2459 3067 2531 δῷς.
3109 2461 3284 2513 Πᾶσιν
3314 2461 3419 2530 γάρ
3454 2463 3484 2513 6
3512 2460 3651 2522 Θεὸς
3679 2459 3753 2511 δί-

2176 2546 2360 2601 δοσθαι
2388 2547 2533 2601 ϐέλει
2557 2550 2621 2601 ἐκ
2643 2548 2755 2602 τῶν
2783 2549 2927 2603 ἰδίων
2950 2550 3314 2620 δωρημὼτων,
3330 2551 3424 2605 καὶ
3447 2552 3528 2621 μὴ
3544 2550 3753 2620 διακρῖ-

2177 2656 2267 2693 ναι
2318 2639 2424 2693 τίνι
2468 2640 2542 2711 δῷ
2592 2640 2625 2710 ἢ
2671 2640 2776 2694 τίνι
2825 2641 2899 2712 μὴ
2942 2641 3038 2713 δῷ.
3089 2644 3154 2695 Ἠ
3187 2644 3296 2714 γὰρ
3336 2643 3591 2697 διακονία
3621 2643 3751 2715 αὐτη

2178 2730 2365 2793 ἁπλῶς
2409 2730 2757 2796 τελεσθεῖσα,
2802 2732 3013 2796 ἔνδοξος
3059 2732 3295 2803 ὑπάρχει
3325 2734 3477 2804 παρά
3510 2733 3593 2805 τῷ
3617 2733 3751 2804 Θεῷ.

2178 2824 2289 2877 Kal
2319 2821 2517 2887 οὕτως,
2553 2823 2740 2888 ἁπλῶς
2770 2824 3033 2878 διακονῶν
3059 2826 3179 2896 Θεῷ
3204 2826 3451 2897 ζήσεται.
3477 2826 3643 2894 Μέγα
3668 2826 3754 2881 οὖν

2179 2915 2502 2986 ἄνθρωπος,
2552 2916 2646 2969 καὶ
2677 2916 2857 2986 τίμιον
2888 2917 3029 2988 ἀνὴρ
3060 2916 3335 2989 ἐλεήμων.
3384 2921 3497 2972 Καὶ
3528 2919 3559 2970 6
3595 2921 3750 2971 'A1:6~

2184 3006 2368 3069 στολος
2401 3006 2562 3060 τοῦτο
2589 3007 2665 3060 δέ’
2710 3026 2728 3057 ι
2750 3008 2808 3059 ’0
2842 3008 3085 3078 σπείρων
3115 3008 3470 3078 φειδομένως,
3502 3008 3754 3077 φειδομέ-

2182 3116 2286 3160 νως
2321 3099 2414 3151 καὶ
2443 3097 2677 3168 Θερίσει·
2711 3098 2805 3151 καὶ
2825 3099 2854 3151 6
2880 3098 3120 3165 σπείρων
3148 3099 3233 3151 ἐπ’
3257 3098 3535 3167 εὐλογίας,
3564 3099 3651 3152 ἐπ’
3672 3101 3752 3152 εὐ-

2181 3188 2370 3256 λογίας
2404 3189 2501 3242 καὶ
2527 3188 2787 3260 Θερίσει.›
2834 3190 2943 3242 Καὶ
2972 3191 3193 3257 ἐπάγει·
3249 3210 3267 3242 ι
3300 3191 3623 3245 Μακεδονία
3649 3191 3751 3261 γὰρ

2182 3283 2277 3337 καὶ
2318 3282 2511 3351 Ἀχαΐα
2566 3282 2877 3352 ηὐδόκησαν
2923 3282 3209 3337 κοινωνίαν
3252 3284 3374 3336 τινὰ
3420 3284 3751 3354 ποιήσασθαι

2180 3376 2261 3439 εἰς
2293 3375 2420 3437 τοὺς
2455 3375 2707 3444 πτωχοὺς
2738 3374 2846 3427 τῶν
2876 3376 3047 3444 ἁγίων
3081 3376 3188 3428 τῶν
3220 3378 3277 3429 ἐν
3314 3376 3700 3446 Ἰερουσαλήμ.
3730 3394 3746 3425 ι

2194 3468 2252 3520 '0
2279 3467 2335 3521 δὲ
2367 3466 2598 3537 Κύριος’
2646 3486 2663 3517 ι
2695 3466 2985 3538 Πωλήσατε
3015 3468 3082 3521 τὰ
3106 3468 3420 3538 ὑπάρχοντα
3451 3469 3633 3539 ὑμῶν,
3665 3469 3753 3521 καὶ

2180 3561 2299 3614 δότε
2327 3559 2698 3631 ἐλεημοσύνην
2715 3576 2728 3589 ·
2756 3564 3015 3630 ποιήσατε
3037 3562 3252 3620 ἑαυτοῖς
3276 3561 3540 3631 βαλάντια
3566 3563 3643 3631 μὴ
3666 3579 3752 3615 πα-

2178 3652 2478 3723 λαιούμενα
2496 3690 2511 3716 ,
2553 3650 2826 3723 θησαυρὸν
2856 3652 3214 3706 ἀνέκλειπτον
3245 3654 3303 3705 ἐν
3330 3657 3447 3717 τοῖς
3476 3654 3747 3723 οὐρανοῖς.

2148 3740 2153 3745 ’
2183 3743 2358 3797 Ὀπου
2384 3743 2494 3812 γάρ
2523 3744 2672 3795 ἐστιν
2695 3744 2723 3795 6
2749 3742 3019 3814 Θησαυρδς
3048 3744 3225 3813 ὐμῶν,
3248 3745 3365 3796 ἐκεῖ
3387 3746 3483 3797 καὶ
3504 3747 3537 3812 ὴ
3560 3745 3750 3814 καρδία

2182 3836 2333 3906 ὐμῶν
2364 3835 2541 3888 ἔσται.
2571 3852 2590 3885 ι
2637 3834 2817 3900 vim,
2856 3852 2874 3886 ι
2912 3836 3216 3905 Προσέχετε
3246 3835 3345 3905 τὴν
3375 3836 3748 3906 ἐλεημοσύνην

2181 3928 2336 3999 ὐμῶν
2378 3925 2456 3998 μὴ
2488 3929 2667 3980 ποιεῖν
2697 3926 3007 3998 ἔμπροσθεν
3036 3928 3144 3981 τῷν
3171 3926 3499 3999 ἀνθρώπων,
3526 3931 3667 3999 πρὸς
3694 3929 3750 3981 τὸ

2178 4020 2440 4089 Θεαθῆναι
2487 4019 2693 4084 αὐτοῖς.
2737 4038 2758 4073 ι
2808 4019 2969 4090 Αὐτῷ
3015 4020 3048 4091 η
3093 4019 3224 4086 δόξα
3250 4021 3328 4083 εἰς
3352 4020 3483 4083 τοὺς
3527 4020 3748 4082 αἰῶνας.

2190 4112 2388 4180 Ἀμήν.

504 4202 742 4255 cientem
768 4202 822 4254 in
852 4200 1038 4255 cmlis:
1089 4199 1183 4255 ubi
1224 4199 1374 4252 enim
1432 4210 1519 4254 est
1570 4200 1863 4254 thesaurus
1909 4207 2110 4259 vester,
2150 4200 2262 4284 illic
2285 4200 2469 4255 eritet
2508 4215 2602 4255 cor
2654 4200 2977 4255 vestrum".
3008 4218 3026 4251 ι
3071 4199 3177 4255 Sed
3203 4209 3295 4255 et:
3330 4220 3348 4252 ι
3381 4202 3665 4258 Attendite
3684 4216 3748 4257 ne

504 4296 908 4364 elecmosynam
939 4303 1177 4348 vestram
1199 4291 1418 4347 faciatis
1462 4307 1646 4345 coram
1673 4291 1991 4346 hominibus
2024 4302 2087 4347 ut
2117 4293 2410 4348 videamini
2432 4293 2501 4348 ab
2526 4293 2608 4349 eis
2621 4293 2686 4348 ".
2713 4311 2733 4346 ι
2764 4292 2871 4355 lpsi
2894 4292 3062 4355 gloria
3094 4292 3149 4345 in
3173 4293 3390 4349 saecula.
3412 4297 3612 4349 Amen.

1033 4405 1319 4460 HOMILIA
1356 4402 1540 4459 XCIX.

1066 4516 1145 4570 De
1181 4517 1509 4570 visitutione.

576 4629 825 4686 Visitatio
867 4628 1283 4683 contubernalis
1316 4636 1373 4681 et
1419 4626 1650 4682 conviva
1694 4637 1779 4684 est
1814 4630 2071 4699 propensi

510 4725 562 4778 in
602 4724 919 4795 peregrinos
952 4735 1331 4791 pauperesque
1367 4721 1572 4776 amoris
1603 4737 1667 4775 ac
1701 4721 2073 4791 benignitatis.
2110 4705 2152 4759 ί)

508 4818 650 4870 Sane
686 4833 699 4868 :
731 4834 749 4865 ι
785 4813 1087 4868 Funiculus
1135 4813 1331 4883 triplex
1379 4812 1600 4867 dillieile
1638 4813 2011 4883 rumpitur”;
2052 4832 2071 4865 ι

507 4909 641 4977 quin
673 4906 878 4969 verius,
917 4904 1260 4958 triluminare
1295 4904 1683 4958 candelabrum
1714 4920 1814 4959 suo
1853 4919 1949 4959 eos
1974 4905 2084 4959 cir-

509 4999 876 5054 cuml‘undens
906 5006 965 5050 et
1009 4995 1289 5050 illustrans
1336 4996 1629 5065 splendore
1658 4996 1750 5065 qui
1801 4996 2081 5066 proximos

511 5090 767 5143 deamant
813 5087 1127 5153 sinceriter,
1157 5088 1365 5158 quique
1392 5088 1639 5142 laborum
1672 5098 1801 5143 sunt
1838 5090 2079 5143 toleran-

512 5180 729 5243 tissimi,
762 5194 826 5233 ac
865 5179 1008 5232 viam
1038 5178 1233 5233 iisdem
1281 5189 1619 5249 praestruens
1647 5186 1865 5234 rectave
1907 5177 2085 5233 dedu-

510 5290 643 5330 cens
670 5272 737 5326 ad
765 5266 933 5325 vitam
954 5280 1238 5327 aeternam.
1257 5273 1348 5327 Ait
1374 5274 1551 5328 enim:
1587 5291 1603 5323 ι
1630 5273 1835 5342 Hospes
1854 5287 2005 5326 eram
2029 5279 2085 5325 et

510 5366 809 5437 collegistis
839 5378 947 5429 me,
976 5366 1184 5421 esurivi
1226 5375 1282 5421 et
1309 5366 1536 5436 pavistis
1563 5380 1669 5431 me,
1700 5364 1953 5421 inﬁrmus
2002 5364 2084 5421 fui

591 5591 633 5623 "
657 5590 906 5655 Dan..tv,
942 5591 1031 5645 Ξῖ.
1108 5589 1151 5619 ⁷⁸
1174 5589 1313 5643 Psal.
1343 5604 1414 5654 cr,
1440 5589 1491 5643 9.
1570 5588 1613 5619 7’
1645 5588 1786 5641 Psal.
1823 5604 1990 5649 xxx”,
2026 5588 2076 5641 5.
2150 5587 2193 5618 ⁸ο
2219 5585 2364 5641 Psal.
2392 5601 2479 5646 xc.
2508 5585 2564 5640 2.

514 5665 563 5699 ⁸³
585 5664 718 5715 Tuli.
750 5680 819 5728 Iv,
852 5664 901 5715 7.

517 5751 629 5797 ιιι,
674 5735 756 5788 l7.
867 5734 911 5765 νο
973 5732 1013 5788 ll
1068 5734 1174 5787 (Lor
1216 5748 1289 5797 ιχ,
1320 5732 1372 5784 6.
1485 5730 1527 5761 ⁹¹
1571 5729 1729 5783 Retn.
1770 5747 1858 5794 xv,
1889 5728 1979 5784 ‘26.

2788 4407 3007 4461 ΛΟΓΟΣ
3044 4382 3159 4473 se”

2561 4521 2703 4591 Περί
2737 4520 2846 4575 τοῦ
2869 4513 3360 4576 ἐπισκέπτεσθαι.

2251 4635 2417 4704 Καλή
2445 4632 2746 4702 ’ἐπίσκεψις
2783 4631 3092 4701 ὁμόσκηνος
3133 4632 3229 4685 καὶ
3260 4632 3567 4702 ὁμοδίαιτός
3602 4637 3743 4687 ἐστιν

2178 4726 2279 4796 τῆς
2306 4724 2627 4794 φιλοξενίας,
2656 4725 2751 4777 καὶ
2779 4724 2877 4794 τῆς
2900 4722 3289 4792 φιλοπτωχίας.
3325 4743 3343 4775 ι
3372 4725 3613 4795 Σχοινίον
3645 4728 3744 4797 γὰρ

2182 4816 2425 4889 ἔντριτόν
2457 4817 2605 4869 ἐστιν
2652 4815 2913 4886 ἀῤῥαγές’
2945 4833 2963 4866 ι
3000 4813 3202 4885 μᾶλλον
3238 4816 3295 4868 δέ
3320 4815 3509 4885 λυχνία
3548 4821 3745 4887 τρίφω-

2179 4928 2292 4976 τος,
2342 4909 2762 4980 περιλάμπουσα
2806 4911 2920 4970 τοῖς
2963 4907 3363 4975 φιλοπλουσίοις
3401 4914 3495 4962 καὶ
3532 4911 3745 4979 φιλοπό-

2180 5017 2311 5063 νοις,
2355 5002 2452 5053 καὶ
2490 4999 2763 5068 όδηγοῦσα
2809 5001 2889 5063 εἰς
2936 4999 3155 5052 αἰώνιον
3198 4999 3365 5070 ζωήν.
3406 5021 3425 5053 ι
3450 5002 3615 5067 Ξένος
3646 5005 3747 5071 γὰρ

2182 5093 2352 5161 ἥμην,
2411 5094 2596 5162 φησὶν,
2655 5092 2750 5144 καὶ
2802 5090 3143 5162 συνηγάγετέ
3189 5109 3290 5162 με’
3343 5094 3631 5161 ἐπείνασα,
3662 5096 3745 5149 καὶ

2182 5183 2448 5254 ἐθρέψατε
2483 5200 2550 5253 με
2572 5199 2585 5214 ο
2613 5184 2910 5254 ἠσθένησα,
2953 5185 3050 5237 καὶ
3079 5184 3461 5254 ἐπεσκέψασΘέ
3498 5206 3587 5257 με.
3628 5208 3647 5240 ι
3692 5190 3744 5242 '0

2185 5273 2278 5326 οὖν
2304 5273 2767 5344 ἐπισκεπτόμενος
2795 5275 2922 5336 τοὺς
2960 5275 3018 5327 ἐν
3046 5275 3401 5346 ἀρρωστίαις,
3433 5280 3466 5349 ἢ
3500 5282 3557 5331 ἐν
3583 5281 3743 5349 φυλα-

2186 5364 2397 5435 καῖς,ἢ
2447 5366 2504 5418 ἐν
2554 5365 2848 5435 ἀνάγκαις,
2904 5367 2994 5421 τὸν
3036 5366 3105 5420 δι’
3155 5370 3311 5439 ἡμᾶς
3358 5370 3740 5441 πτωχεύσαντα

2674 5586 2717 5618 ⁸¹
2776 5587 2879 5643 Job
2932 5605 3079 5653 xxxi,
3112 5591 3199 5646 52.
3304 5591 3349 5625 ⁸¹
3377 5594 3543 5650 Eccli.
3586 5611 3651 5649 tv.
3692 5594 3741 5646 8.

980 5667 1025 5693 "'
1060 5660 1194 5715 ibid.
1229 5660 1379 5714 8-10.
1456 5659 1499 5689 ⁸⁸
1518 5659 1679 5712 Prov.
1702 5675 1775 5723 χι,
1812 5659 1894 5710 l7.
1974 5658 2018 5690 ⁸⁸
2043 5658 2078 5712 P

980 5732 1013 5786 ll
1068 5734 1174 5786 (Lor
1216 5748 1289 5786 l.\'.
1320 5732 1372 5784 6.
1485 5730 1527 5761 ⁹¹
1571 5729 1729 5783 Ilum.
1770 5747 1858 5786 xv.
1889 5728 1979 5784 ‘26.

2177 5675 2201 5710 ν.
2230 5674 2281 5718 x,
2305 5657 2355 5710 6.
2431 5656 2474 5688 ⁸⁷
2499 5658 2659 5712 Prov.
2686 5673 2804 5723 xm,
2840 5659 2890 5712 8.
2967 5662 3012 5693 ⁸⁸
3042 5662 3199 5715 Prov.
3230 5680 3320 5721 xv,
3343 5665 3431 5717 27.
3509 5666 3554 5697 "
3590 5666 3739 5720 Prov.

2177 5728 2413 5786 l.uc.xu.
2463 5727 2552 5786 55.
2585 5727 2672 5781 54.
2751 5731 2794 5762 ⁸³
2828 5730 3016 5785 Matth.
3052 5747 3124 5786 γι.
3159 5734 3207 5786 l.
3282 5732 3327 5766 ’δ
3350 5735 3529 5786 Eccle.
3564 5737 3737 5786 mu.

2184 5743 2413 5792 .uc.xu,
2463 5740 2552 5792 eo,
2585 5740 2672 5781 bs.
2751 5740 2794 5762 ν·
2828 5740 3016 5785 Matth.
3052 5747 3124 5799 Vl,
3159 5740 3207 5789 Ι.

3282 5732 3327 5766 ’δ
3350 5735 3529 5791 Eccle.
3564 5737 3737 5801 ".12.
