4040 6512
276 328 416 393 1733

1225 328 1551 389 HOMILIA
1594 328 1803 389 XCIX.
1834 353 1901 364 ·-
1933 328 2030 390 DE
2067 327 2577 390 VISITATIONE.

3393 327 3528 392 1734

270 448 404 502 Θεὸν
435 444 610 515 Λόγον
646 445 1067 508 ἐπισκέπτεται,
1114 444 1300 508 καθὼς
1347 445 1511 509 αὐτὸς
1553 447 1859 517 μαρτυρεῖ.-

1963 455 2015 501 et
2044 445 2281 501 visitatis
2307 462 2392 501 me
2419 447 2486 499 ".
2522 466 2540 497 ι
2576 444 2678 512 Qui
2710 445 2878 516 igitur
2905 454 3157 517 aegrotos,
3193 456 3286 501 aut
3312 464 3534 506 carcere

271 542 394 594 Ὅτι
416 540 472 594 δὲ
498 540 661 593 καλὸν
686 538 745 593 τὸ
766 537 1194 593 ἐπισκέπτεσθαι
1215 537 1508 608 ὀρφανοὺς,
1533 537 1629 589 καὶ
1653 538 1849 608 χήρας,

272 634 329 685 ἐν
359 635 425 704 τῇ
458 632 636 702 θλίψει
665 631 866 695 αὐτῶν,
915 631 1010 685 καὶ
1047 630 1410 692 πολυτέκνους
1452 629 1713 700 πένητας,
1745 629 1851 699 μά-

270 724 427 777 λιστα
448 724 505 777 δὲ
541 722 758 794 πρῶτον
788 723 885 776 καὶ
912 724 1039 783 τοὺς
1069 722 1303 784 οίκείους
1326 721 1423 791 τῆς
1453 720 1711 787 πίστεως,
1746 721 1854 773 πᾶ-

274 834 359 871 σιν
407 816 649 888 πρόδηλα
697 815 792 869 καὶ
834 815 1203 887 ἀναντίρῤητά
1255 814 1422 867 ἐστιν.
1471 814 1595 866 Ὀτι
1647 813 1704 866 δὲ
1760 814 1854 866 καὶ

273 906 433 961 τοῦτο
462 909 626 963 καλὸν
652 908 746 963 καὶ⁵
776 907 1050 977 ὠφέλιμον
1080 909 1145 977 τῇ
1181 908 1239 959 ὲν
1282 904 1503 976 Χριστῷ
1532 904 1853 975 ἀδελφότητι

272 1001 401 1063 τοὺς
462 999 853 1070 δαιμονιῶντας
916 996 1378 1057 ἐπισκέπτεσθαι,
1446 996 1563 1049 καί-
1601 994 1855 1065 εὔχεσθαι

274 1093 461 1145 ἐπάνω
503 1090 683 1146 αὐτῶν
731 1089 897 1161 εὐχὴν
929 1088 1008 1154 τῶ
1046 1088 1168 1160 Θεῷ
1207 1088 1581 1161 ἀρέσκουσαν,
1625 1087 1852 1151 πιστῶς,

276 1185 371 1238 καὶ
417 1182 492 1255 μὴ
550 1184 616 1236 ἐκ
664 1181 970 1245 συνθέσεως
1015 1181 1188 1249 λόγων
1243 1180 1488 1245 πολλῶν,
1538 1180 1571 1249 ἦ
1626 1178 1856 1249 μελέτας

276 1274 621 1347 ἐξορκισμῶν
654 1274 791 1345 πρὸς
833 1272 1093 1338 ἐπίδειξιν
1138 1271 1685 1344 ἀνθρωπαρεσκείας,
1718 1269 1856 1341 πρὸς

275 1365 339 1419 τὸ
366 1365 603 1436 φανῆναι
634 1364 915 1427 εὐλάλους,
943 1363 977 1434 ἢ
1009 1363 1289 1434 μνήμονας
1310 1363 1479 1432 ἡμᾶς,
1511 1360 1665 1430 δίκην
1689 1360 1852 1413 αὐλοῦ

276 1456 544 1526 ἡχοῦντας
599 1454 735 1527 πρὸς
785 1453 913 1513 τοὺς
956 1451 1401 1523 ἐνεργουμένους,
1450 1450 1718 1522 φλυαρίας
1765 1450 1858 1503 καὶ

279 1545 662 1617 βαττολογίας,
707 1545 802 1599 καὶ
854 1545 956 1598 οὐκ
1011 1546 1068 1597 ἐν
1114 1543 1297 1595 πίστει
1344 1541 1629 1613 ἀληθείας,
1678 1541 1858 1606 καθὼς

276 1639 517 1705 ἐδίδαξεν
547 1639 575 1691 ό
606 1636 813 1709 Κύριος
835 1653 852 1670 ο
895 1635 1055 1690 τοῦτο
1085 1634 1194 1705 γάρ
1234 1649 1418 1703 φησιν·
1459 1653 1477 1686 ι
1513 1632 1586 1688 Τό
1611 1634 1768 1699 γένος
1800 1635 1858 1687 ἐν

276 1731 554 1799 προσευχῇ
578 1730 809 1791 ἐκτενεϊ,
842 1728 938 1782 καὶ
978 1727 1161 1781 πίστει
1188 1726 1327 1797 μετὰ
1349 1726 1623 1797 νηστείας,
1643 1724 1859 1795 ἐξέρχε-

1957 545 2224 601 retentos,
2271 536 2511 606 denique
2544 537 2738 606 quavis
2789 538 3115 593 necessitate
3169 538 3366 594 misere
3401 541 3538 595 ami-

1955 634 2075 680 ctos
2107 625 2401 691 iutcrvisit,
2439 611 2566 680 eum
2598 628 2812 696 utique,
2854 626 3090 696 ipsemet
3137 635 3295 693 teste,
3326 630 3535 695 visitat,

1955 717 2050 786 qui
2112 717 2285 773 nOStri
2332 733 2495 773 causa
2536 735 2746 788 pauper
2781 718 2897 773 ﬁeri
2926 720 3120 782 voluit,
3186 736 3384 792 nempe
3440 723 3536 776 Dei

1955 809 2217 864 Verbum.
2271 810 2419 864 Nulli
2452 810 2680 879 proinde
2712 827 2838 865 reor
2867 826 2986 867 esse
3024 812 3345 879 obscurum,
3372 831 3536 883 quam

1955 900 2164 954 bonum
2220 900 2291 955 sit
2333 900 2572 970 pupillos
2625 901 2841 973 1184
2891 918 2955 957 ac
2999 903 3197 967 viduas
3226 905 3280 957 in
3311 905 3539 959 tribula-

1959 992 2108 1046 tione
2132 1006 2324 1046 eorum
2346 990 2593 1056 visitare,
2627 1007 2899 1062 pauperes
2922 993 3148 1064 insuper
3169 1011 3307 1064 quos
3336 1006 3536 1065 przcter

1956 1080 2171 1151 privam
2219 1080 2509 1150 penuriam
2557 1080 2817 1151 degravat
2854 1098 2919 1136 ac
2971 1084 3173 1152 premit
3225 1084 3537 1139 fecunditas

1958 1172 2200 1226 ﬁliorum
2232 1189 2244 1225 :
2273 1172 2328 1225 in
2365 1172 2557 1242 primis
2581 1181 2762 1226 tamen
2791 1182 2846 1227 et
2869 1176 3112 1228 omnium
3148 1176 3383 1231 maxime
3415 1178 3537 1233 illos

1958 1264 2004 1318 si
2049 1265 2242 1320 visitcs
2282 1263 2377 1334 qui
2434 1258 2725 1318 domestici
2761 1274 2891 1318 sunt
2937 1264 3089 1335 ﬁdei,
3134 1268 3237 1322 hoc
3287 1284 3406 1322 esse
3431 1269 3535 1322 vir-

1961 1358 2095 1412 tutis
2127 1374 2287 1427 opus,
2310 1357 2515 1411 nemini
2538 1366 2723 1427 putem
2747 1361 3297 1415 controversandum.
3322 1362 3537 1417 Rursus

1959 1451 2083 1520 quis
2117 1450 2398 1504 inlicietur
2433 1449 2649 1504 eximia:
2680 1449 2963 1520 cujusdam
3015 1466 3136 1505 esse
3185 1452 3448 1507 bonitatis
3480 1462 3538 1507 et

1959 1543 2169 1597 aiendae
2191 1543 2425 1597 fratrum
2457 1542 2747 1597 dilectioni
2782 1544 2923 1611 (qua:
2950 1541 3003 1596 in
3032 1542 3250 1598 Christo
3273 1545 3378 1613 est)
3404 1562 3533 1615 per-

1959 1650 2123 1704 quam
2159 1634 2310 1698 utile,
2368 1633 2696 1688 intervisere
2748 1648 2845 1688 cos
2890 1635 2984 1704 qui
3038 1634 3237 1689 infesto
3286 1638 3536 1691 daemone

1960 1726 2218 1796 quopiam
2241 1725 2611 1781 divexantur?
2632 1741 2800 1795 super
2822 1726 2946 1780 illos
2970 1742 3133 1780 unam
3152 1728 3388 1796 aliquam
3414 1745 3537 1798 quae

276 1839 388 1876 ται.
420 1838 441 1873 ι
486 1820 783 1889 Νηφόντως
817 1819 911 1873 οὖν
946 1818 1037 1873 τὸν
1083 1818 1361 1889 κάμνοντα
1405 1818 1855 1888 ἐπισκεψώμεθα,

1963 1815 2074 1870 Deo
2110 1814 2346 1884 placeat,
2381 1813 2667 1869 effundere
2688 1814 3017 1879 orationem,
3041 1814 3147 1870 ﬁde
3171 1816 3345 1886 magis
3374 1833 3536 1885 quam

276 1911 355 1978 ὡς
379 1913 438 1966 ἐν
468 1911 741 1981 πνεύματι
772 1908 1175 1973 ταπεινώσεως.
1208 1908 1390 1962 Καλὸν
1431 1904 1525 1962 οὖν
1558 1908 1620 1962 τὺ
1650 1924 1852 1976 συγκο-

281 2005 413 2077 πιᾷν
441 2005 555 2066 τοῖς
586 2004 888 2073 κάμνουσιν
912 2001 1183 2072 ἀδελφοῖς,
1221 2001 1296 2065 ὼς
1334 2001 1567 2072 εἴρηται,
1595 1999 1662 2053 δι’
1685 2000 1856 2069 ἀγρυ-

283 2094 477 2162 πνιῶν,
516 2095 611 2149 καὶ
655 2093 939 2165 νηστειῶν,
985 2093 1081 2147 καὶ
1108 2092 1284 2163 εὐχῶν
1331 2091 1713 2147 ἀδιαλείπτων.
1732 2090 1857 2162 Ἐρ-

283 2185 416 2259 ρέθη
443 2186 555 2257 γὰρ
584 2184 692 2239 ὐπὸ
738 2184 833 2237 τοῦ
869 2183 1099 2255 Κυρίου,
1129 2201 1147 2235 ε
1184 2182 1448 2250 Δαιμόνια
1487 2179 1798 2244 ἐκϐάλλετε,
1831 2199 1851 2232 ι

287 2275 427 2348 μετά
471 2276 568 2330 καὶ
604 2275 714 2330 τῶν
761 2274 938 2329 ἄλλων
986 2273 1184 2329 ίάσεων
1209 2289 1224 2305 ·
1286 2290 1305 2324 ε
1336 2271 1559 2343 Δωρεάν
1608 2270 1854 2333 ἐλάϐετε,

282 2366 491 2438 δωρεὰν
536 2367 677 2421 δότε.
713 2385 732 2418 ι
792 2366 979 2421 Πάντα
1020 2365 1078 2419 δὲ
1136 2363 1526 2435 εὐσχημόνως,
1575 2364 1669 2416 καὶ
1715 2364 1859 2416 κατά

282 2458 458 2525 τάξιν,
489 2458 562 2522 ὡς
596 2458 798 2528 πρέπει
828 2456 1139 2528 ἀνθρώποις
1181 2456 1538 2527 φοϐουμένοις
1568 2456 1658 2510 τὸν
1701 2455 1854 2511 Θεόν.

286 2548 612 2619 Ποιήσωμεν
663 2547 1014 2619 παράκλησιν
1072 2547 1167 2601 καὶ
1218 2545 1569 2619 παραμυθίαν
1611 2546 1720 2599 των
1774 2562 1859 2598 νο-

287 2638 525 2694 σούντων
545 2680 561 2704 ,
614 2638 649 2710 ἢ
687 2639 1003 2709 καμνόντων
1054 2638 1299 2708 ἀδελφῶν
1353 2637 1528 2709 ήμῶν.
1584 2635 1743 2690 Ἀλλὰ
1784 2635 1860 2707 μὴ

286 2729 623 2803 εὐρεθῶμεν,
654 2728 731 2793 ὡς
760 2730 812 2782 οί
841 2728 985 2798 φίλοι
1024 2728 1118 2782 τοῦ
1150 2728 1295 2792 Ἰὼϐ,
1338 2725 1855 2797 προσονειδίζοντες,

284 2820 364 2886 ὡς
384 2821 553 2885 είκὸς,
574 2820 817 2891 σφάλμα,
851 2820 885 2891 ἢ
911 2820 1217 2892 ἁμάρτημα
1249 2820 1360 2882 τοῖς
1400 2818 1648 2887 ἀδελφοῖς
1676 2818 1856 2890 ήμῶν,

285 2910 324 2985 ἢ
352 2911 448 2967 καὶ
474 2913 535 2967 ὲν
569 2914 637 2985 τῇ
684 2912 882 2984 καρδίᾳ
911 2911 1093 2982 ἡμῶν,
1143 2911 1399 2982 κρυπτῶς
1445 2910 1861 2982 κατακρίνοντες

289 3004 512 3070 αὐτοὺς,
545 3004 579 3077 ἢ
630 3004 691 3069 ἐξ
718 3004 1049 3076 ἀπροσεξίας
1079 3003 1369 3067 λαλοῦντες
1390 3003 1546 3073 λόγον
1571 3004 1863 3058 κεντοῦντα

1956 1906 2252 1961 verborum
2287 1906 2676 1976 multiplicium
2708 1906 3047 1962 conscientia
3100 1907 3401 1972 nitentem;
3441 1924 3539 1977 po-

1959 1998 2071 2053 tius
2103 2014 2269 2068 quam
2306 1998 2569 2053 exercitia
2602 1998 2692 2052 illa
2734 1998 3168 2053 exorcismorum
3198 1999 3265 2053 ad
3288 2008 3534 2054 ostenta-

1961 2092 2167 2146 tionem
2202 2090 2386 2146 studio
2427 2092 2736 2147 emerenda:
2773 2092 3059 2147 hominum
3091 2094 3300 2163 gratia},
3339 2104 3400 2148 ut
3432 2094 3535 2163 ipsi

1958 2181 2390 2251 beneloquentes
2418 2181 2707 2236 videamur
2735 2197 2799 2236 ac
2824 2182 3103 2236 memoria:
3131 2185 3336 2237 vivacis
3367 2200 3381 2248 ;
3405 2184 3537 2237 dum

1959 2272 2184 2327 interim
2233 2272 2379 2342 apud
2411 2286 2815 2342 energumenos
2845 2272 3037 2327 ﬁstula:
3071 2274 3244 2327 instar
3277 2289 3541 2343 persona-

1960 2379 2083 2418 mus
2124 2379 2305 2419 meras
2348 2380 2522 2435 nugas
2566 2378 2629 2418 ac
2660 2364 3005 2434 battologias,
3046 2382 3156 2419 non
3188 2366 3316 2420 item
3344 2366 3396 2419 in
3431 2365 3539 2421 ﬁde

1958 2456 2228 2521 veritatis,
2262 2456 2729 2525 quemadmodum
2759 2456 2920 2511 nobis
2956 2472 3053 2511 sua
3099 2456 3350 2512 doctrina
3405 2473 3517 2528 prae

1959 2548 2184 2617 scripsit
2227 2548 2532 2603 Dominus?
2579 2548 2671 2603 Ait
2710 2550 2858 2604 enim
2895 2567 2908 2604 :
2950 2568 2967 2601 ι
3011 2548 3123 2605 lloc
3165 2559 3315 2605 certe
3367 2567 3542 2621 genus

1962 2640 2017 2695 in
2039 2640 2293 2695 oratione
2316 2641 2523 2694 intenta
2553 2648 2608 2694 et
2635 2639 2762 2711 (ﬁde
2787 2642 2934 2710 cum)
2963 2640 3173 2711 jejunio
3190 2641 3409 2711 ejicitur
3427 2640 3493 2692 ".
3514 2658 3533 2690 ι

1961 2730 2273 2785 Prudenter
2321 2729 2506 2799 itaque
2533 2739 2589 2785 et
2625 2738 2686 2783 ut
2732 2730 2902 2801 exigit
2926 2731 3212 2796 decorum,
3259 2733 3313 2785 in
3342 2731 3541 2800 spiritu

1961 2822 2287 2887 humiliatis,
2334 2822 2416 2877 sic
2454 2833 2728 2891 aegrotans
2771 2823 2932 2877 nobis
2960 2822 3268 2878 visitandus
3296 2834 3399 2878 est.
3433 2824 3539 2877 Bo-

1962 2930 2092 2968 num
2122 2929 2252 2969 sane
2272 2924 2358 2969 est
2381 2915 2721 2970 collaborare
2748 2914 3033 2980 fratribus,
3066 2930 3167 2970 ceu
3198 2916 3406 2970 dictum
3434 2925 3540 2981 est,

1964 3004 2059 3075 qui
2092 3005 2288 3059 morbo
2325 3006 2585 3075 quopiam
2616 3006 2945 3061 aﬁlictantur
2989 3017 3044 3063 et
3078 3008 3350 3079 laborant,
3378 3010 3542 3080 idque

291 3097 527 3162 αὐτούςο
581 3096 677 3151 καὶ
728 3097 1138 3170 ἁμαρτήσωμεν
1187 3098 1268 3161 είς
1334 3096 1467 3149 Θεὸν
1527 3096 1588 3149 ἐν
1645 3095 1860 3167 ἀγνοίᾳ.

1965 3109 2065 3164 per
2086 3093 2322 3164 vigilias,
2345 3094 2555 3165 jejunia
2578 3105 2634 3150 ct
2655 3096 2960 3152 indivulsas
2990 3099 3287 3154 orationes.
3326 3101 3541 3156 Dictum

290 3190 604 3261 Γέγραπται
640 3191 748 3261 γάρ
781 3191 841 3242 ἐν
885 3191 1006 3253 ταῖς
1052 3187 1400 3260 Παροιμίαις,
1438 3206 1457 3239 ι
1492 3188 1589 3251 Ὃς
1630 3188 1864 3259 φράσσει

290 3283 360 3336 τὰ
385 3276 500 3337 ὦτα
530 3282 719 3348 αὐτοῦ,
756 3283 853 3337 τοῦ
886 3282 963 3355 μὴ
1010 3281 1243 3336 ἀκοῦσαι
1271 3280 1553 3345 ἀσθενοῦς,
1583 3282 1676 3334 καὶ
1704 3280 1866 3344 αὐτὸς

292 3373 676 3429 ἐπικαλέσεται
702 3373 926 3446 Κύριον,
949 3375 1045 3429 καὶ
1093 3374 1195 3427 οὐκ
1224 3372 1603 3427 είσακούσεται
1630 3370 1818 3426 αὐτοῦ.
1840 3388 1859 3421 ι

293 3468 491 3531 Καθὼς
526 3484 691 3540 φησιν
717 3470 747 3524 ὁ
783 3467 928 3534 Ἰὼϐ,
967 3487 988 3522 ε
1013 3468 1087 3523 Οὐ
1120 3467 1407 3539 προσεῖδόν
1445 3483 1514 3537 με
1553 3467 1605 3519 oi
1633 3465 1866 3535 ἐγγύτα·

292 3561 375 3615 τοί
406 3577 539 3632 μουο
576 3560 884 3633 θεράποντά
914 3578 1019 3632 μου
1062 3561 1319 3625 ἐκάλεσα,
1350 3560 1443 3613 καὶ
1490 3560 1589 3629 οὐχ
1629 3560 1871 3629 ὑπήκου-

296 3650 392 3704 σέν
422 3667 523 3722 μου
550 3666 564 3681 ·
600 3650 779 3720 στόμα
810 3648 867 3703 δέ
897 3665 1001 3719 μου
1044 3648 1322 3702 ἱκέτευσεν
1348 3647 1450 3716 τὴν
1478 3645 1712 3714 γυναῖκά
1738 3661 1865 3714 μου,

294 3738 590 3813 ἀλλογενὴς
640 3740 792 3811 ἥμην
844 3739 977 3811 παρ’
1024 3740 1239 3802 αὐτοῖς’
1306 3737 1482 3791 οίκεία
1545 3736 1653 3808 γὰρ
1706 3734 1870 3789 παντὶ

215 3818 223 3828 ’
295 3824 476 3898 θνητῴ
504 3830 597 3896 γῆ.
635 3845 656 3879 ι
690 3827 801 3881 Καὶ
839 3826 1000 3889 ἄλλος
1030 3826 1195 3897 σοφός
1217 3841 1231 3855 ³
1272 3846 1290 3878 ι
1318 3826 1411 3897 Μὴ
1455 3825 1618 3879 ὤκνει
1645 3823 1870 3878 ἐπισκέ-

296 3916 526 3971 πτεσθαι
567 3917 906 3989 ἀρρώστους.
937 3937 956 3970 ι
998 3918 1057 3972 '0
1095 3918 1153 3972 δὲ
1196 3916 1488 3979 Ἰάκωὸοςο
1543 3934 1561 3967 ι
1591 3914 1870 3987 Θρησκεία

296 4012 516 4083 καθαρὰ
537 4012 636 4066 καὶ
665 4013 930 4081 ἀμίαντος
959 4009 1111 4081 παρά
1133 4009 1211 4081 τῷ
1243 4007 1363 4077 Θεῷ
1392 4006 1488 4061 καὶ
1519 4006 1695 4077 Πατρὶ
1729 4004 1867 4074 αὐτη

297 4105 469 4169 ἐστὶν,
497 4100 925 4157 ἐπισκέπτεσθαι
954 4101 1223 4172 ὀρφανοὺς
1250 4099 1345 4153 καὶ
1378 4099 1549 4170 χήρας
1578 4099 1636 4152 ἐν
1663 4100 1729 4167 τῇ
1761 4095 1872 4150 θλί-

295 4194 389 4265 ψει
413 4194 592 4249 αὐτῶν
615 4211 629 4226 ’
654 4193 881 4249 ἄσπιλον
912 4192 1102 4245 ἑαυτὸν
1126 4192 1315 4260 τηρεῖν
1345 4189 1453 4243 ἀπὸ
1480 4187 1574 4242 τοῦ
1605 4188 1864 4258 κόσμου.»

298 4286 410 4341 Καὶ
458 4288 488 4340 ό
539 4285 751 4350 Παῦλος
779 4302 794 4316 ·
837 4303 856 4337 ι
893 4281 1279 4355 Μιμνήσκεσθε
1317 4282 1425 4334 τῶν
1475 4278 1743 4349 δεσμίων,
1796 4277 1870 4341 ὡς

301 4377 816 4449 συνδεδεμένοι,τῶν
840 4374 1312 4446 κακουχουμένων,
1332 4374 1405 4437 ὡς
1430 4374 1525 4427 καὶ
1541 4371 1695 4425 αὐτοὶ
1720 4370 1870 4433 ὄντες

1966 3184 2114 3238 enim
2142 3199 2173 3238 a
2212 3185 2442 3239 Domino
2475 3196 2560 3241 est
2593 3206 2606 3241 :
2648 3205 2666 3237 ι
2698 3187 2977 3243 Dzemonia
3006 3190 3189 3260 cjicite
3236 3192 3320 3257 ’7;
3359 3211 3377 3244 ι
3415 3208 3539 3247 cmn

1966 3276 2200 3341 caeteris,
2222 3277 2473 3331 sanitatis
2502 3280 2737 3348 gratuito
2757 3277 3106 3335 conferenda:
3134 3280 3296 3335 donis
3321 3298 3334 3335 :
3366 3300 3384 3332 ε
3406 3280 3541 3335 Nam

1966 3369 2140 3439 gratis
2188 3370 2503 3439 accepistis,
2563 3371 2733 3440 gratis
2762 3370 2891 3426 date
2943 3371 3008 3425 ’⁸.
3046 3390 3064 3423 ο
3119 3370 3312 3427 Omnia
3354 3384 3540 3428 autem

1968 3458 2198 3513 honeste
2231 3469 2288 3511 et
2328 3459 2634 3512 secundum
2687 3460 2937 3515 ordinem
2980 3461 3329 3532 transigenda
3382 3465 3545 3519 nobis

1968 3558 2097 3604 sunt
2132 3553 2254 3621 (ceu
2297 3566 2395 3606 eos
2426 3551 2660 3606 addecet
2703 3553 2798 3622 qui
2831 3561 3021 3608 sancte
3053 3554 3226 3608 Deum
3257 3558 3544 3625 verentur)

1967 3641 2036 3695 ad
2079 3640 2312 3696 fratrum
2352 3652 2667 3697 nostrorum
2706 3645 3144 3701 exhortationem
3189 3659 3246 3702 et
3294 3652 3546 3703 consola-

1971 3732 2200 3797 tionem,
2248 3733 2341 3802 qui
2375 3742 2470 3787 aut
2519 3743 2790 3804 aegrotant
2812 3743 2908 3789 aut
2932 3734 3184 3791 laborum
3215 3738 3369 3808 gravi
3398 3740 3541 3793 mole

1968 3830 2319 3893 premuntur.
2364 3822 2531 3892 Atqui
2568 3824 2802 3879 solerter
2849 3827 3269 3894 providendum.
3322 3844 3392 3882 ue
3439 3828 3542 3883 de-

1971 3913 2382 3984 prehendamur
2437 3915 2613 3968 nihilo
2667 3915 2968 3971 dissimiles
3016 3918 3208 3972 amicis
3238 3919 3362 3982 Job,
3417 3935 3541 3974 cum

1969 4005 2178 4075 probro
2201 4006 2527 4077 objicientes
2542 4006 2812 4062 fratribus
2830 4007 3132 4062 verisimile
3150 4009 3371 4079 aliquod
3390 4027 3545 4064 erra-

1969 4105 2107 4161 tum,
2146 4093 2267 4152 sive
2315 4097 2479 4152 etiam
2528 4107 2835 4167 peccatum,
2868 4108 2964 4153 aut
3012 4099 3067 4153 in
3120 4115 3319 4155 arcano
3358 4102 3545 4156 cordis

1929 4196 1935 4203 ‘
1969 4188 2144 4243 nostri
2186 4204 2406 4243 recessu
2462 4189 2588 4245 illos
2616 4190 3070 4256 condemnantes,
3107 4200 3201 4247 aut
3229 4202 3380 4247 certe
3411 4194 3541 4248 dum

1970 4280 2231 4335 inattenti
2285 4296 2389 4335 nec
2427 4282 2562 4336 satis
2587 4282 2826 4353 providi,
2865 4283 3091 4338 verbum
3127 4284 3180 4337 in
3212 4284 3336 4339 illos
3359 4286 3545 4341 detor-

1971 4386 2206 4440 quemus
2236 4372 2383 4442 quod
2409 4387 2599 4427 eorum
2641 4374 2877 4429 animam
2915 4384 3039 4429 urat
3067 4387 3123 4430 et
3156 4385 3360 4446 pungat
3391 4395 3403 4430 :
3434 4394 3543 4448 qua

300 4469 360 4521 ἐν
392 4467 625 4538 σώματι.
647 4487 666 4519 ι
702 4468 810 4521 Καὶ
838 4468 1033 4535 ἐπάγει
1050 4483 1067 4500 ο
1097 4484 1115 4517 ι
1136 4465 1225 4528 Ὠς
1247 4464 1438 4535 καιρὸν
1461 4463 1681 4533 ἔχομεν,
1702 4464 1862 4533 ἐργα-

1971 4479 2078 4517 una
2128 4478 2186 4518 re
2233 4464 2371 4518 nulli
2430 4464 2661 4519 dubium
2712 4467 2849 4536 quin
2903 4466 2958 4520 in
3006 4466 3177 4521 Deum
3228 4483 3539 4536 peccemus.

301 4556 527 4627 σὼμεθα
568 4557 629 4610 τὸ
666 4556 869 4626 ἀγαθὸν
924 4556 1062 4627 πρὸς
1096 4561 1325 4621 πάντας,
1364 4553 1597 4624 μάλιστα
1641 4552 1697 4605 δὲ
1731 4553 1869 4623 πρὸς

298 4650 427 4711 τοὺς
456 4647 689 4711 οίκείους
719 4649 817 4717 τῆς
855 4646 1110 4709 πίστεως.
1153 4664 1173 4699 ε
1212 4645 1325 4699 Καὶ
1355 4642 1735 4714 Φιλιππησίοις
1761 4657 1869 4710 φη-

303 4742 389 4795 σίν
414 4757 429 4772 ⁸
468 4758 488 4793 ε
522 4742 645 4793 Ὅτι
689 4740 746 4793 ἐν
774 4740 914 4810 ἀρχῇ
947 4737 1043 4791 τοῦ
1090 4736 1442 4805 Εὐαγγελίου,
1477 4732 1702 4805 οὐδεμία
1746 4732 1871 4785 Ἐκ-

301 4830 500 4900 κλησία
522 4828 880 4901 ἐκοινώνησέν
904 4845 993 4899 μοι
1017 4828 1097 4891 είς
1116 4826 1270 4896 λόγον
1295 4826 1493 4889 δόσεως
1512 4824 1608 4879 καὶ
1633 4825 1870 4896 λήψεως,

300 4925 352 4977 εί
384 4923 461 4994 μὴ
491 4923 647 4993 ὑμεῖς
685 4921 859 4991 μόνοι,
888 4921 971 4973 ὅτι
1001 4921 1059 4973 ἐν
1085 4916 1455 4989 Θεσσαλονίκῃ
1485 4915 1581 4970 καὶ
1609 4915 1757 4980 ἅπαξ
1779 4915 1871 4968 καὶ

301 5013 383 5076 δὶς
410 5014 488 5076 είς
516 5012 614 5083 τὴν
648 5011 836 5082 χρείαν
873 5028 962 5081 μοι
992 5007 1297 5080 ἐπέμψατε.
1345 5006 1561 5077 Ἀπέχω
1603 5006 1661 5058 δὲ
1694 5005 1874 5059 πάντα

304 5106 397 5158 καὶ
419 5102 729 5173 περισσεύω
751 5115 766 5130 ·
799 5100 1167 5171 πεπλήρωμαι
1198 5098 1490 5168 δεξάμενος
1558 5096 1709 5167 παρὰ
1745 5096 1872 5149 Ἐπ-

304 5194 594 5265 αφροδίτου
645 5192 715 5245 τὰ
768 5192 897 5261 παρ’
949 5189 1137 5259 ὑμῶν,
1170 5187 1346 5258 ὀσμὴν
1394 5185 1645 5252 εὐωδίας,
1683 5185 1872 5238 θυσίαν

302 5284 519 5357 δεκτήν,
549 5284 840 5354 εὐάρεστον
866 5281 944 5353 τῷ
968 5280 1107 5352 Θεῷ.
1145 5299 1165 5332 ›
1212 5280 1276 5332 Τί
1314 5280 1372 5332 δὲ
1404 5278 1493 5332 διὰ
1518 5278 1724 5332 τούτων
1748 5294 1873 5330 παι-

300 5376 596 5447 δευόμεθα;
629 5374 722 5439 Τὸ,
758 5372 832 5444 μὴ
868 5372 1027 5443 μόνον
1063 5370 1491 5424 ἐπισκέπτεσθαι
1529 5370 1651 5434 τοὺς
1687 5367 1876 5440 χρείαν

303 5468 548 5540 ἔχοντας,
594 5466 731 5522 ἀλλὰ
775 5464 869 5521 καὶ
910 5461 1398 5534 προσαναπληροῦν
1426 5462 1493 5515 τά
1524 5461 1877 5532 ὑστερήματα

382 5675 429 5705 ’⁸
469 5674 659 5730 Matth.
728 5690 853 5739 xxv,
902 5671 991 5727 55.
1093 5670 1141 5702 "
1195 5668 1382 5724 Matth.
1429 5683 1574 5733 xvn,
1623 5665 1713 5721 20.

308 5759 420 5811 ιιι,
459 5746 544 5800 t6.

1819 5667 1861 5697 ⁸⁷
1897 5666 2089 5721 Matth.
2126 5683 2182 5733 χ,
2232 5666 2285 5722 8.

1966 4551 2242 4622 Scriptum
2262 4553 2409 4608 enim
2430 4564 2514 4608 est
2532 4554 2586 4608 in
2603 4555 2947 4615 Proverbiis:
2970 4576 2989 4606 ι
3013 4555 3117 4621 Qui
3145 4558 3365 4611 obturat
3381 4574 3545 4613 aures

1964 4657 2096 4696 suas
2113 4658 2184 4697 ne
2209 4643 2397 4697 audiat
2428 4644 2728 4710 inﬁrmum,
2764 4645 2878 4714 ipse
2908 4645 3185 4700 invocabit
3226 4647 3539 4712 Dominum,

1966 4742 2025 4789 et
2050 4734 2318 4790 Dominus
2342 4751 2452 4789 non
2475 4735 2737 4791 exaudiet
2760 4752 2888 4790 eum
2913 4737 2979 4791 ”.
2996 4756 3012 4787 ι
3041 4737 3195 4791 Sicut
3223 4748 3277 4792 et
3306 4738 3403 4793 lob
3426 4738 3539 4793 ait:

1976 4846 1995 4880 ι
2023 4827 2143 4882 Non
2164 4836 2497 4897 aspexerant
2518 4843 2605 4882 me
2628 4829 2859 4897 proximi
2883 4828 2989 4883 mei
3017 4846 3031 4883 :
3062 4829 3325 4885 famulum
3357 4846 3543 4886 meum

1972 4918 2187 4982 vocavi,
2222 4928 2277 4972 et
2309 4933 2418 4973 non
2450 4918 2696 4973 obedivit
2727 4920 2884 4983 mihi,
2916 4936 3012 4975 ore
3039 4928 3224 4976 autem
3260 4923 3540 4993 supplica-

1975 5007 2101 5062 bam
2143 5023 2369 5063 uxorem
2413 5025 2634 5064 meam:
2668 5010 2977 5079 alienigena
3028 5026 3179 5065 eram
3211 5013 3355 5082 apud
3397 5028 3540 5067 eos:

1975 5099 2172 5154 domus
2210 5101 2361 5155 enim
2411 5102 2561 5155 omni
2615 5100 2852 5163 mortali,
2891 5110 3037 5156 terra
3072 5103 3110 5156 ³.
3148 5121 3166 5155 ι
3215 5104 3369 5158 Alius
3410 5104 3544 5159 item

1976 5191 2209 5261 Sapiens
2245 5193 2370 5247 ait:
2419 5211 2437 5244 ι
2480 5192 2559 5246 Ne
2625 5192 2909 5262 pigriteris
2954 5192 3177 5249 visitare
3207 5204 3464 5264 aegrotos.
3519 5218 3540 5248 ε

1974 5284 2215 5339 Jacobus
2257 5293 2441 5339 autem
2478 5302 2492 5338 :
2532 5302 2550 5335 ι
2594 5284 2805 5355 Religio
2851 5286 3053 5340 munda
3108 5296 3163 5340 et
3196 5287 3544 5341 immaculata

1977 5375 2123 5445 apud
2155 5376 2326 5430 Deum
2374 5377 2591 5430 Patrem
2622 5375 2738 5429 bazc
2770 5384 2855 5429 est
2884 5393 2899 5430 :
2931 5376 3154 5431 visitare
3199 5377 3455 5446 pupillos.
3489 5386 3545 5431 et

1978 5464 2173 5520 viduas
2201 5465 2258 5520 in
2304 5465 2663 5520 tribulatione
2693 5480 2909 5532 eorum,
2948 5474 3005 5520 et
3031 5466 3441 5521 immaculatum
3486 5480 3546 5522 se

2401 5669 2447 5701 ’⁸
2478 5668 2613 5725 ibid.
2737 5671 2782 5702 ⁹⁹
2817 5670 2979 5724 Prov.
3045 5685 3130 5722 κει
3158 5708 3173 5725 .
3212 5667 3296 5721 l5.
3396 5667 3411 5699 ¹
3443 5666 3547 5724 Joh

2737 5671 2782 5702 ”
2817 5670 2979 5724 Prov.
3045 5685 3130 5722 κει
3158 5708 3173 5733 ,
3212 5667 3296 5721 l5.
