4040 6512
508 323 644 388 1735
1771 321 2137 381 ANTIOCHI
2178 320 2525 381 MONACIII
3636 319 3766 383 i736

499 455 779 511 custodire
812 455 882 509 ab
907 454 1014 510 hoc
1040 453 1243 509 szeculo
1265 454 1306 508 ’.
1342 474 1360 505 ι
1392 452 1597 507 Paulus
1640 466 1863 521 quoque
1897 471 1910 507 :
1939 472 1956 503 ι
1980 452 2091 507 Me-

2196 433 2372 487 αὑτῶν
2392 449 2404 461 ·
2437 433 2523 484 ἵνα
2556 429 2647 485 καὶ
2681 431 2709 482 6
2746 428 2952 499 Κύριος
2988 431 3130 500 μετὰ
3167 430 3277 484 τῶν
3303 430 3480 485 ἄλλων
3508 432 3767 499 ἀποδεξά-

498 555 744 604 mentote
775 548 1110 612 vinctorum,
1146 556 1403 616 tanquam
1434 545 1595 606 simul
1629 544 1823 608 vincti,
1851 552 1908 598 et
1932 543 2084 597 labo-

2196 542 2352 597 μενος
2389 523 2485 579 καὶ
2533 524 2703 594 ἡμᾶς,
2738 524 2882 576 εἴποι
2911 540 2923 553 ·
2958 543 2976 574 ι
2997 524 3181 587 Δεῦτε,
3199 524 3249 575 οἱ
3293 524 3644 594 εὐλογημένοι
3675 525 3765 578 τοῦ

498 640 764 705 rantium,
808 646 1066 709 tanquam
1096 648 1151 693 et
1181 638 1285 707 ipsi
1315 639 1370 691 in
1412 652 1644 707 corpore
1678 643 1956 689 morantes
1985 636 2025 688 ⁸.
2059 653 2077 685 ι

2196 618 2402 688 Πατρός
2439 635 2564 687 μου,
2594 617 3047 687 κληρονομήσατε
3074 614 3173 685 τὴν
3209 615 3622 685 ἡτοιμασμένην
3649 616 3768 684 ὖμῑν

500 732 750 786 lnducit:
775 750 792 782 ι
818 732 954 785 Dum
984 739 1201 800 tempus
1242 730 1529 793 habemus,
1555 743 1848 798 operemur
1875 727 2082 779 bonum

2196 711 2489 783 βασιλείαν.
2530 708 2841 777 Ἠσθένησα
2875 708 3003 777 γάρ,
3033 709 3129 761 καὶ
3158 706 3532 774 ἐπεσκέψασθέ
3575 723 3643 775 με
3669 723 3682 734 ·
3713 708 3767 759 ἐν

501 824 567 875 ad
608 838 801 877 omnes
831 840 844 875 :
884 822 1118 875 maxime
1149 832 1331 875 autem
1358 820 1422 874 ad
1458 819 1790 874 domesticos
1829 818 1957 871 fidei
1990 816 2030 869 ’⁸.
2058 835 2077 867 ι

2196 807 2405 876 φυλακῇ
2437 806 2609 875 ήμην,
2648 807 2745 859 καὶ
2780 802 2980 874 ἤλθατε
3024 799 3162 870 πρός
3208 817 3295 869 με.
3323 818 3342 850 ι
3395 799 3552 868 Αὑτῴ
3585 800 3617 868 ἡ
3648 798 3771 862 δόξα

501 914 582 967 Ad
634 914 1010 983 Philippenses
1062 927 1285 981 quoque
1347 927 1359 962 :
1423 910 1629 976 «Quod
1692 910 1746 963 in
1804 907 2085 978 principio

2196 902 2273 961 εἰς
2304 900 2430 960 τοὺς
2465 896 2689 958 αἰῶνας.
2709 894 2905 964 Ἀμήν.

502 979 830 1075 Evangelii,
870 1005 1020 1058 nulla
1080 979 1329 1059 Ecclesia
1409 1003 1544 1057 mihi
1606 999 2035 1056 communicavit
2080 997 2136 1050 in
2169 993 2383 1049 ratione
2445 989 2556 1043 dati
2621 997 2677 1042 et
2733 984 2967 1055 accepti,
3031 981 3134 1037 nisi
3197 997 3295 1037 vos
3353 981 3478 1046 soli,
3535 979 3666 1050 quia
3720 989 3774 1036 et

504 1096 950 1151 Thessalonicam
996 1095 1208 1165 1185
1261 1096 1429 1150 semel
1483 1104 1538 1149 et
1578 1095 1664 1148 bis
1715 1093 1946 1148 misistis
1997 1090 2179 1144 mihi:
2222 1085 2402 1140 habeo
2446 1092 2631 1135 autem
2683 1079 2866 1133 omnia
2895 1086 2950 1132 et
3011 1076 3286 1131 abundo:
3345 1076 3592 1143 repletus
3655 1090 3771 1127 sum

503 1190 745 1259 acceptis
797 1190 865 1243 ab
913 1188 1291 1259 Epaphrodito
1339 1205 1461 1258 qua:
1503 1187 1752 1250 misistis,
1801 1186 1859 1239 in
1915 1184 2146 1238 odorem
2190 1175 2500 1240 suavilalis,
2548 1173 2789 1227 hostiam
2839 1179 3142 1239 acceptam,
3194 1169 3500 1237 placentem
3536 1168 3650 1222 Deo
3684 1169 3769 1261 ’.ξ

502 1284 646 1350 Quid
678 1283 909 1353 proinde
953 1298 1051 1350 per
1094 1284 1211 1337 haec
1254 1283 1582 1337 instruimur
1617 1281 1789 1347 aliud,
1825 1295 1991 1348 quam
2056 1285 2116 1331 ut
2153 1290 2249 1329 eos
2276 1271 2515 1340 benigne
2547 1265 2841 1320 visitemus
2890 1263 2984 1331 qui
3014 1262 3209 1330 quavis
3252 1261 3585 1315 necessitate
3649 1275 3743 1329 pre

504 1380 752 1435 muntur,
792 1380 960 1440 utque
992 1379 1176 1425 nostra
1231 1370 1409 1440 copia,
1451 1370 1673 1423 illorum
1722 1369 2080 1438 suppleamus
2130 1363 2411 1434 inopiam?
2457 1359 2648 1427 quue,
2682 1366 2743 1411 ut
2788 1355 2875 1411 vel
2918 1356 3136 1407 tandem
3174 1354 3291 1421 ipse
3342 1353 3610 1407 Dominus
3652 1368 3772 1406 cum

503 1460 717 1516 casteris
742 1474 844 1513 nos
870 1474 1088 1528 quoque
1116 1458 1371 1527 excipiat,
1402 1473 1467 1511 ac
1501 1458 1649 1511 dicat
1689 1475 1704 1509 :
1741 1475 1759 1508 ι
1794 1456 2004 1520 Venite,
2038 1452 2315 1509 benedicti
2345 1449 2525 1505 Patris
2554 1447 2684 1512 mei,
2722 1444 3001 1518 possidete
3027 1454 3275 1514 paratum
3306 1444 3465 1497 vobis
3496 1458 3729 1514 regnum
3759 1461 3773 1497 :

508 1549 761 1606 infirmus
793 1550 942 1604 enim
967 1548 1067 1615 fui,
1120 1557 1175 1603 et
1225 1548 1489 1602 visitastis
1524 1564 1649 1603 me:
1688 1548 1742 1602 in
1773 1564 1993 1603 carcere
2026 1562 2200 1611 eram,
2224 1553 2281 1600 ct
2315 1540 2547 1597 venistis
2568 1538 2636 1593 ad
2658 1554 2745 1593 me
2774 1538 2815 1592 ⁸.
2839 1556 2857 1589 ι
2898 1536 3005 1606 Ipsi
3042 1536 3215 1606 gloria
3241 1535 3296 1589 in
3335 1538 3554 1590 srecula.
3580 1536 3771 1591 Amen.

1101 1661 1389 1716 IIOMILIA
1441 1660 1503 1716 C.

647 1776 804 1847 Spem
833 1778 889 1830 in
922 1775 1070 1829 nullo
1112 1775 1382 1829 hominum
1414 1789 1523 1827 esse
1566 1771 1953 1827 collocandam.

576 1887 914 1956 Quacunque
964 1886 1185 1940 tandem
1252 1885 1319 1940 de
1364 1901 1445 1951 re,
1503 1885 1560 1939 in
1600 1886 1815 1939 nullum
1864 1900 2093 1954 prorsus

508 1979 789 2033 hominem
844 1978 1165 2032 reclinanda
1213 1992 1340 2046 spes
1394 1986 1583 2031 nostra
1633 1984 1718 2032 est
1769 1994 1833 2029 ει
1869 1977 2094 2030 Maledi-

507 2079 631 2124 ctus
659 2070 806 2124 enim
853 2071 946 2138 qui
976 2069 1199 2123 confidit
1250 2070 1303 2123 in
1347 2070 1569 2125 homine
1600 2071 1653 2135 ⁷,
1690 2089 1707 2121 ι
1747 2069 1842 2124 sed
1877 2070 1930 2123 in
1965 2086 2093 2125 eum

511 2161 862 2232 conjicienda
883 2163 977 2231 qui
1003 2178 1191 2216 curam
1216 2163 1389 2217 nostri
1408 2163 1549 2232 gerit
1578 2163 1872 2232 perpetim,
1898 2178 2094 2233 nempe

509 2255 565 2309 in
610 2254 903 2308 Dominum
937 2271 951 2319 ;
988 2253 1194 2308 etenim
1235 2254 1441 2308 divinis
1470 2255 1695 2311 Litteris
1736 2256 2096 2324 prohibemur

508 2362 663 2416 spem
707 2345 978 2416 projicere
1026 2346 1083 2399 in
1115 2347 1286 2401 ullum
1317 2347 1628 2401 hominum.
1668 2347 1965 2402 Enimvero
1998 2347 2094 2417 qui

509 2440 638 2493 talis
687 2445 794 2502 est,
846 2438 1124 2493 maledicti
1180 2454 1413 2493 censura
1458 2441 1781 2509 percellitur
1826 2456 1961 2495 voce
2000 2442 2095 2497 Je-

508 2530 715 2595 remiw,
767 2529 1040 2584 dicentis:
1077 2550 1094 2581 ι
1126 2530 1452 2586 Maledictus
1495 2532 1589 2600 qui
1636 2548 1787 2602 spem
1840 2533 2005 2587 habet
2039 2534 2093 2589 in

509 2618 757 2683 homine,
812 2627 869 2671 et
907 2618 1104 2672 nititur
1137 2636 1303 2673 carne
1342 2621 1557 2676 brachii
1593 2622 1680 2676 sui
1711 2623 1752 2677 ⁸.
1790 2640 1809 2672 ι
1848 2624 1957 2677 Et:
1996 2623 2095 2678 Be-

508 2710 766 2765 nedictus
807 2709 902 2779 qui
933 2711 1161 2765 conlidit
1205 2711 1259 2765 in
1302 2712 1556 2778 Domino,
1605 2722 1662 2768 et
1699 2714 1805 2768 erit
1830 2715 2095 2771 Dominus

508 2815 637 2869 spes
665 2801 788 2871 ejus
807 2799 850 2854 θ.
887 2819 905 2851 ι
943 2799 1052 2855 Sed
1077 2810 1133 2855 et
1157 2801 1433 2871 propheta
1460 2801 1599 2857 Osee
1628 2820 1641 2855 :
1677 2821 1696 2855 ι
1733 2804 2091 2874 Corruptioni

512 2903 643 2957 tuae,
694 2893 883 2955 Israel,
917 2892 1041 2962 quis
1092 2894 1495 2949 auxiliabitur?
1536 2896 1627 2950 ubi
1652 2906 1738 2950 est
1782 2912 1880 2951 rex
1932 2897 2094 2951 tuus?

509 2988 721 3040 salvum
758 2997 809 3042 te
838 2986 1003 3042 faciat
1041 2987 1102 3041 ‘°.
1138 3006 1157 3038 ι
1195 2986 1574 3043 Consimiliter
1605 2998 1662 3044 et
1694 2990 1864 3044 David
1899 3007 1911 3043 :
1945 3009 1962 3041 ι
1988 2990 2094 3044 Νο-

512 3078 610 3133 lite
656 3078 938 3133 confidere
998 3079 1054 3132 in
1107 3076 1479 3148 principibus,
1518 3081 1574 3134 in
1626 3080 1755 3136 ﬁliis
1806 3082 2093 3136 hominum

515 3170 722 3239 quibus
774 3186 887 3224 non
933 3178 1019 3224 est
1048 3169 1195 3225 salus
1235 3170 1296 3222 “.
1332 3190 1350 3222 ι
1376 3201 1443 3211 —
1470 3190 1488 3222 ι
1518 3172 1729 3226 Bonum
1779 3173 1925 3226 enim
1956 3188 2092 3228 con-

2825 1649 3045 1704 ΛΟΓΟΣ
3078 1648 3153 1702 P'.

2404 1767 2543 1838 Περὶ
2566 1766 2673 1822 τοῦ
2694 1764 2779 1835 μὴ
2811 1763 3080 1828 ἐλπίζειν
3106 1762 3199 1814 ἐπ’
3230 1761 3567 1829 ἄνθρωπον.

2265 1885 2340 1938 Οὐ
2374 1883 2502 1954 χρὴ,
2528 1880 2768 1949 ἀδελφοὶ,
2795 1878 3036 1941 ἐλπίζειν
3065 1881 3123 1932 ἐν
3152 1877 3452 1948 οἱῳδήποτε
3486 1875 3773 1944 πράγματι

2198 1981 2284 2032 ἐπ’
2324 1978 2612 2047 ἄνθρωπον
2640 1988 2652 2000 '
2714 1990 2733 2023 ι
2772 1970 3208 2042 Ἐπικατάρατον
3264 1969 3372 2039 γάρ
3398 1983 3412 1998 θ
3445 1987 3463 2018 ι
3531 1966 3651 2020 ἀλλ’
3690 1968 3777 2019 ἐπὶ

2196 2070 2287 2122 τὸν
2321 2068 2409 2120 ἀεὶ
2456 2062 2802 2136 μεριμνῶντα
2850 2062 2989 2132 ὑπὲρ
3041 2060 3197 2131 ἡμῶν
3236 2060 3462 2129 Κύριον,
3506 2059 3588 2111 ὅτι
3632 2058 3777 2128 αὐτῷ

2200 2163 2349 2234 μέλει.
2390 2162 2517 2231 περὶ
2545 2158 2724 2229 ἡμῶν.
2764 2156 2870 2209 Καὶ
2923 2154 3032 2224 γὰρ
3081 2153 3231 2223 παρὰ
3283 2155 3349 2223 τῇ
3409 2152 3532 2222 θείᾳ
3588 2150 3774 2220 Γραφῇ

2196 2253 2574 2324 ἀπηγόρευται
2604 2249 2698 2302 τοῦ
2733 2248 2807 2319 μὴ
2841 2248 2985 2318 ἔχειν
3014 2247 3112 2313 τὴν
3143 2245 3333 2298 ἐλπίδα
3358 2244 3443 2297 ἐπ’
3466 2243 3773 2313 ἄνθρωπον.

2196 2348 2270 2402 Οὐ
2306 2348 2411 2417 μὴν
2447 2344 2582 2398 ἀλλὰ
2610 2345 2705 2397 καὶ
2735 2342 2840 2396 ὑπὸ
2869 2343 3114 2413 κατάραν
3144 2341 3356 2410 ἵστησιν
3389 2340 3478 2393 τὸν
3510 2339 3773 2404 τοιοῦτον,

2196 2438 2284 2492 διὰ
2335 2437 2429 2490 τοῦ
2477 2436 2779 2507 Ἱερεμίαν
2848 2455 2866 2485 ι
2914 2435 3347 2504 Ἐπικατάρατος
3403 2434 3540 2504 γὰρ,
3587 2432 3772 2500 φησὶν,

2196 2530 2501 2601 ἅνθρωπος,
2536 2529 2596 2591 ὃς
2647 2528 2746 2597 τὴν
2798 2526 2989 2581 ἐλπίδα
3043 2527 3155 2597 ἔχει
3199 2527 3286 2578 ἐπ’
3325 2527 3639 2597 ἄνθρωπον,
3690 2524 3776 2577 καὶ

2197 2623 2442 2695 στηρίσει
2474 2622 2656 2690 σάρκα
2702 2622 2987 2692 βραχίονος
3021 2620 3210 2673 αὐτοῦ.
3246 2640 3264 2672 ι
3303 2622 3449 2674 Καί·
3490 2638 3507 2670 ι
3536 2618 3774 2688 Εὐλογη-

2198 2716 2357 2785 μένος
2386 2714 2669 2786 ἄνθρωπος
2703 2714 2761 2776 ὂς
2794 2713 3054 2765 πέποιθεν
3091 2712 3187 2766 ἐπὶ
3214 2713 3439 2782 Κύριον.
3473 2713 3580 2764 Καὶ
3628 2712 3775 2763 ἔσται

2196 2810 2398 2882 Κύριος
2431 2811 2589 2873 ἐλπὶς
2624 2808 2812 2863 αὑτοῦ.
2845 2828 2863 2859 ι
2910 2810 2969 2862 '0
2998 2809 3055 2861 δέ
3100 2811 3386 2879 προφήτης
3434 2807 3615 2875 Ὠσηὲ,
3651 2826 3671 2857 ι
3699 2807 3772 2877 Τῇ

2194 2903 2463 2975 διαφθορᾷ
2487 2920 2603 2967 σου,
2652 2901 2885 2973 Ἰσραὴλ,
2936 2902 3021 2964 τίς
3066 2901 3363 2972 βοηθήσει;
3419 2901 3522 2952 ποῦ
3550 2900 3578 2951 6
3622 2899 3773 2967 βασι·

2194 2995 2320 3059 λεύς
2352 3012 2469 3060 σου,
2505 2995 2599 3047 καὶ
2630 2994 2859 3047 σωσάτω
2898 3009 2990 3057 aa;
3022 3011 3040 3045 ι
3100 2992 3337 3062 ὐμοίως
3382 2993 3479 3045 καὶ
3529 2994 3558 3045 6
3591 2990 3773 3051 Δαυῗδ.

2202 3104 2220 3138 t
2255 3085 2346 3151 Μὴ
2377 3084 2675 3137 πεποίθατε
2703 3083 2790 3136 ἐπ’
2820 3083 3109 3154 ἄρχοντας,
3143 3082 3239 3135 ἐπὶ
3263 3083 3413 3145 υἱοὺς
3444 3081 3772 3151 ἀνθρώπων,

2193 3175 2275 3242 οἷς
2301 3178 2402 3231 οὐκ
2435 3177 2582 3231 ἐστιν
2611 3177 2870 3247 σωτηρία.
2906 3195 2924 3227 ι
2956 3206 3028 3216 ——
3055 3194 3073 3226 ι
3106 3174 3339 3243 Ἀγαθὸν
3377 3174 3486 3244 γὰρ
3516 3173 3775 3226 πεποιθέ-

512 3261 682 3314 fidere
732 3260 786 3314 in
845 3261 1099 3325 Domino,
1152 3276 1317 3330 quam
1372 3262 1651 3318 conlidere
1705 3263 1763 3317 in
1816 3263 2091 3320 homine:

2198 3289 2286 3325 ναι
2327 3272 2421 3323 ἐπὶ
2458 3270 2661 3339 Κύριον
2702 3268 2736 3339 ἢ
2771 3267 3094 3322 πεποιθέναι
3118 3266 3205 3319 ἐπ’
3237 3265 3549 3335 ἄνθρωπον.
3588 3283 3607 3315 ι
3644 3263 3771 3327 Καὶ,

514 3352 717 3407 bonum
748 3370 974 3424 sperare
1011 3355 1065 3408 in
1094 3356 1349 3421 Domino,
1395 3372 1560 3427 quam
1593 3373 1816 3427 sperare
1856 3359 1910 3414 in
1943 3360 2098 3430 prin-

513 3446 729 3515 cipibus
756 3448 823 3499 ".
862 3465 879 3498 ι
913 3446 1085 3501 Infert
1119 3464 1132 3499 :
1174 3466 1191 3498 ι
1225 3448 1300 3502 Da
1334 3448 1495 3503 nobis
1523 3450 1789 3505 auxilium
1820 3449 1889 3505 de
1920 3451 2097 3505 tribu-

512 3537 719 3592 latione
746 3537 810 3590 “.
843 3556 863 3591 ι
896 3538 1003 3591 Et:
1042 3557 1061 3589 ι
1094 3538 1245 3594 Vana
1265 3538 1413 3593 salus
1437 3538 1680 3594 hominis
1709 3540 1785 3594 “:
1808 3541 1917 3596 nisi
1950 3542 2096 3596 enim

512 3627 780 3681 Dominus
810 3627 1144 3683 custodierit
1193 3628 1495 3694 civitatem,
1535 3629 1741 3685 frustra
1787 3632 2098 3702 vigilaverit

513 3716 607 3785 qui
652 3717 895 3771 custodit
936 3732 1057 3772 eam
1092 3718 1158 3771 ”.
1199 3736 1218 3769 ι
1252 3718 1419 3772 Isaias
1468 3718 1695 3789 insuper
1724 3719 1794 3774 de
1826 3735 1968 3775 novo
1997 3736 2097 3790 po-

514 3808 644 3878 pulo
695 3808 772 3861 ait
801 3826 814 3861 :
847 3826 866 3858 ι
894 3808 1006 3862 Nec
1051 3816 1217 3863 erunt
1250 3808 1393 3861 ultra
1423 3809 1767 3863 confidentes
1822 3810 1878 3863 in
1915 3809 2095 3864 homi-

512 3900 697 3960 nibus,
733 3897 827 3951 sed
869 3898 924 3951 in
970 3898 1124 3950 illum
1189 3896 1282 3966 qui
1318 3898 1448 3952 fecit
1499 3912 1593 3952 eos
1625 3899 1695 3963 ¹⁶;
1741 3918 1759 3949 ι
1794 3898 1863 3954 de
1909 3909 2097 3955 vetere

514 3998 700 4041 autem
739 3988 833 4041 illo
885 3988 1091 4057 populo
1122 4003 1136 4040 :
1178 4006 1196 4038 ι
1228 3987 1319 4042 Vae
1352 3988 1446 4056 qui
1486 3988 1822 4043 descenditis
1855 3990 1913 4043 in
1936 3989 2097 4062 Egy-

513 4090 666 4149 ptum
718 4080 787 4133 ad
837 4077 1122 4143 auxilium,
1176 4079 1269 4147 qui
1303 4078 1357 4132 in
1402 4080 1560 4147 equis
1593 4078 1849 4133 fiduciam
1881 4080 2098 4135 habetis

512 4181 569 4225 et
612 4171 665 4226 in
717 4170 979 4224 curribus
1016 4169 1077 4223 ".
1119 4189 1135 4220 ι
1176 4170 1245 4224 Et
1283 4186 1297 4222 :
1336 4188 1353 4219 ι
1391 4169 1514 4223 Non
1546 4178 1709 4223 erant
1754 4169 2097 4226 confidentes

514 4263 570 4317 in
612 4272 803 4316 sancto
845 4262 1013 4315 Israel
1052 4261 1116 4314 ¹⁸.
1153 4280 1169 4311 ι
1219 4260 1517 4329 Apostolus
1566 4260 1698 4315 item
1743 4260 2092 4317 Corinthiis:

518 4371 537 4404 ι
574 4352 794 4406 Infirma
849 4353 1041 4406 mundi
1092 4352 1258 4422 elegit
1292 4353 1436 4406 Deus
1482 4362 1541 4405 ut
1580 4351 1881 4407 confundat
1910 4352 2092 4420 fortia,

458 4483 462 4488 .
514 4454 575 4498 ut
619 4460 688 4498 ne
735 4445 1004 4514 glorietur
1034 4443 1215 4498 omnis
1256 4459 1382 4496 caro
1411 4443 1466 4496 in
1499 4454 1796 4513 conspectu
1828 4446 1949 4515 ejus
1981 4447 2042 4519 ξ’.
2069 4465 2088 4497 ι

511 4535 760 4591 lnducit:
789 4558 805 4588 ι
835 4537 901 4591 Ει
926 4552 1026 4607 ego
1049 4537 1105 4589 in
1128 4535 1450 4589 inﬁrmitate
1475 4544 1532 4589 et
1555 4536 1751 4591 timore
1769 4546 1826 4591 et
1852 4546 2094 4593 tremore

2207 3381 2225 3414 ι
2262 3361 2494 3430 Ἀγαθὸν
2531 3360 2773 3422 ἐλπίζειν
2802 3359 2897 3411 ἐπὶ
2927 3357 3152 3429 Κύριον,
3184 3356 3217 3427 ἢ
3246 3356 3488 3419 ἐλπίζειν
3542 3356 3633 3407 ἐπ’
3683 3356 3775 3425 ἆρ-

2197 3471 2404 3523 χουσιν.
2443 3472 2464 3506 ι
2510 3453 2620 3506 Καὶ
2673 3451 2946 3521 ἐπιφέρει,
3014 3469 3032 3500 ι
3070 3449 3169 3513 Δὸς
3226 3450 3356 3519 ἡμῖν
3408 3447 3669 3518 βοήθειαν
3716 3448 3775 3500 ἐκ

2198 3544 2447 3612 θλίψεως.
2490 3562 2508 3594 ι
2544 3543 2653 3595 Καί
2681 3557 2694 3571 ’
2719 3560 2737 3592 ι
2767 3539 2988 3595 Ματαία
3022 3538 3268 3609 σωτηρία
3307 3537 3619 3610 ἀνθρώπου.
3652 3537 3776 3590 Ἐάν

2197 3639 2306 3709 γὰρ
2339 3638 2411 3708 μὴ
2446 3636 2647 3706 Κύριος
2679 3635 2891 3706 φυλάξῃ
2921 3634 3096 3698 πόλιν,
3124 3634 3203 3695 είς
3228 3632 3401 3703 μάτην
3421 3630 3775 3702 ἡγρύπνησεν

2195 3730 2222 3782 6
2258 3729 2564 3797 φυλάσσων.
2592 3747 2611 3778 ι
2658 3727 2716 3779 '0
2750 3726 2807 3779 δὲ
2848 3726 3099 3789 Ἡσαΐας,
3151 3726 3284 3793 περὶ
3325 3723 3420 3777 τοῦ
3472 3726 3597 3777 νέου
3645 3723 3775 3777 λαοῦ

2197 3834 2361 3885 φησιν
2386 3834 2399 3848 ·
2429 3836 2447 3867 ι
2480 3816 2589 3870 Καὶ
2613 3817 2713 3869 οὐκ
2745 3816 2825 3869 ἔτι
2858 3814 3069 3867 ἐσονται
3100 3814 3422 3878 πεποιθότες
3452 3815 3539 3867 ἐπ’
3564 3815 3777 3885 ἀνθρὼο
3826 3804 3832 3813 ’

2203 3926 2348 3974 ποις,
2380 3907 2492 3960 ἀλλ’
2518 3907 2610 3960 ἐπὶ
2652 3907 2745 3960 τὸν
2779 3909 3085 3978 ποιήσαντα
3116 3905 3334 3969 αὐτούς.
3376 3925 3395 3956 ι
3428 3906 3568 3975 Περὶ
3588 3905 3649 3957 δὲ
3683 3904 3775 3958 τοῦ

2196 3999 2471 4054 παλαιοῦ·
2529 4018 2546 4050 ι
2575 3999 2744 4065 υὺαὶ,
2796 4000 2845 4052 οἱ
2894 3999 3311 4060 καταϐαίνοντες
3360 4000 3442 4060 εἰς
3497 3999 3774 4066 Αἴγυπτον

2196 4096 2291 4147 ἐπὶ
2320 4093 2591 4165 βοήθειαν,
2620 4094 2672 4146 οἱ
2715 4093 2801 4160 ἐφ’
2827 4093 3014 4154 ἵπποις
3053 4092 3396 4156 πεποιθότες,
3428 4091 3525 4143 καὶ⁸
3561 4090 3647 4156 ἐφ’
3676 4089 3771 4159 ἆρ-

2200 4202 2383 4255 μασιν.
2422 4203 2439 4235 ι
2479 4183 2620 4236 Καί·
2656 4202 2675 4234 ι
2697 4184 2812 4236 Οὐκ
2852 4179 2994 4253 ἦσαν
3030 4183 3347 4246 πεποιθότες
3377 4183 3470 4235 ἐπὶ
3496 4183 3590 4235 τὸν
3619 4183 3775 4251 ἅγιον

2195 4278 2287 4331 τοῦ
2325 4277 2561 4347 Ἰσραήλ,
2604 4295 2621 4327 ι
2660 4278 2772 4330 Καὶ
2815 4278 2843 4329 ό
2891 4275 3211 4337 Ἀπόστολος
3255 4275 3392 4345 πρὸς
3429 4275 3771 4345 Κορινθίους,

2202 4389 2219 4420 ι
2245 4369 2324 4422 Τά
2356 4368 2558 4437 ἀσθενῆ
2594 4367 2690 4421 τοῦ
2741 4368 2946 4439 κόσμου
2987 4368 3274 4434 ἐξελέξατο
3306 4368 3334 4418 6
3371 4367 3525 4431 Θεὸς,
3573 4366 3771 4433 λέγων,

2198 4460 2283 4512 ἵνα
2322 4457 2663 4530 καταισχύνῃ
2717 4460 2787 4512 τὰ
2839 4459 3055 4529 ἰσχυρὰ,
3101 4459 3249 4521 ὅπως
3304 4458 3379 4528 μὴ
3428 4459 3773 4527 καυχήσηται

2200 4553 2348 4604 πᾶσα
2393 4550 2527 4620 σὰρξ
2560 4550 2791 4604 ἐνώπιον
2830 4551 3018 4604 αὑτοῦ.
3049 4571 3068 4602 ι
3119 4550 3231 4603 Καὶ
3278 4550 3513 4616 ἐπάγει·
3549 4568 3567 4600 ι
3602 4549 3772 4616 Κάγὼ

514 4630 689 4681 multo
714 4629 790 4682 fui
821 4627 965 4698 apud
992 4643 1118 4693 vos;
1163 4635 1219 4681 et
1253 4642 1435 4681 sermo
1468 4642 1627 4682 meus
1676 4636 1733 4682 et
1775 4629 2091 4698 praedicatio

2196 4645 2249 4697 ἐν
2301 4642 2591 4712 ἀσθενείᾳ,
2638 4642 2734 4696 κα)⁵
2785 4644 2843 4696 ἐν
2902 4644 3090 4713 φόϐῳ,
3144 4644 3236 4695 καὶ
3294 4643 3351 4693 ἐν
3406 4640 3597 4711 τρόμῳ
3643 4641 3774 4694 πολ-

513 4737 634 4775 mca
673 4738 780 4775 non
809 4723 861 4774 in
889 4720 1351 4791 persuasibilibus
1386 4720 1641 4774 humanae
1665 4721 1949 4790 sapientiae
1970 4737 2095 4776 ver-

513 4811 619 4876 bis,
656 4813 749 4867 sed
783 4814 837 4866 in
878 4814 1193 4867 ostensione
1245 4811 1477 4882 spiritus
1504 4820 1561 4867 et
1590 4813 1835 4879 virtutis,
1872 4824 1932 4867 ut
1959 4814 2095 4870 fides

512 4915 693 4959 vestra
728 4922 835 4958 non
871 4906 943 4960 sit
967 4906 1022 4959 in
1046 4906 1315 4975 sapientia
1337 4905 1647 4971 hominum,
1681 4906 1778 4960 sed
1803 4907 1859 4961 in
1889 4908 2094 4963 virtute

511 4997 610 5052 Dei
633 5001 700 5052 ὀ.
733 5020 750 5051 ι
783 5001 999 5070 1186
1024 4999 1067 5053 A
1099 5000 1261 5054 nobis
1291 5000 1496 5069 itaque,
1531 5000 1899 5067 dilectissimi,
1922 5018 2092 5057 excu-

514 5088 717 5144 tiamus
760 5092 901 5145 hanc
953 5093 1020 5146 de
1071 5093 1184 5146 Deo
1230 5092 1637 5162 pusillanimem
1690 5092 1967 5154 fiduciam.
2023 5108 2090 5147 ex

511 5195 621 5248 qua
652 5180 704 5233 id
761 5182 922 5236 nobis
972 5182 1231 5237 obtorum
1281 5193 1365 5237 est
1395 5183 1546 5248 mali,
1576 5192 1638 5238 ut
1672 5184 1771 5238 toti
1813 5200 1879 5239 ex
1909 5185 2091 5239 homi-

511 5271 681 5324 nibus
732 5272 931 5326 fiducia
984 5275 1322 5342 pendeamus
1339 5291 1402 5331 ac
1427 5291 1559 5345 spe;
1587 5276 1731 5345 quod
1761 5292 1933 5346 genus
1962 5276 2092 5331 facti

513 5361 792 5416 hominem
823 5362 1001 5416 reddit
1023 5365 1318 5420 maledicto
1338 5367 1636 5421 obnoxium
1669 5384 1682 5420 :
1719 5366 1826 5421 imo
1851 5367 1909 5420 in
1940 5367 2090 5421 illum

517 5454 746 5509 solidam
793 5470 943 5524 spem
974 5456 1329 5525 projiciamus
1357 5459 1452 5527 qui
1486 5458 1627 5511 dixit
1659 5474 1674 5512 :
1712 5477 1729 5508 ι
1768 5458 1946 5513 Nolite
1976 5460 2089 5513 sol-

584 5592 603 5620 ¹
652 5590 767 5664 Jac.
805 5588 1012 5664 ι,
1076 5588 1401 5664 ῐίειιιλκιιι,
1535 5660 1554 5664 Α
1582 5591 1602 5621 ’⁵
1639 5591 1814 5645 Galat.
1855 5608 1928 5656 v1,
1978 5590 2064 5664 10.
2131 5592 2161 5664 ἦ
2195 5593 2386 5664 Philip

514 5674 645 5723 xvu,
695 5662 746 5714 5.

517 5732 560 5758 ’δ
589 5730 720 5785 ibid.
824 5730 867 5760 "
917 5729 1056 5783 Psal.
1104 5745 1279 5795 cxxvl,
1319 5732 1366 5797 l,
1404 5732 1455 5785 2.

513 5798 639 5853 Cor.
688 5815 743 5853 ιι.
800 5799 916 5854 53.

855 5659 1030 5717 “ibid.
1106 5659 1283 5712 “ibid.
1314 5661 1362 5714 7.
1447 5661 1488 5693 ¹⁰
1522 5660 1776 5716 Oseexm
1807 5704 1819 5725 ,
1864 5663 1915 5727 9,
1963 5662 2048 5716 10.

855 5731 867 5759 ⁵
917 5729 1056 5783 Psal.
1104 5745 1279 5788 cxxvl.
1319 5732 1366 5788 I.
1404 5732 1455 5785 2.
1563 5735 1603 5763 ³⁵
1635 5732 1836 5787 Jerem.
1899 5750 2027 5788 xvii.
2086 5734 2093 5748 '

2196 5663 2331 5719 I‘sal.
2356 5659 2573 5727 bima.
2656 5666 2695 5698 η
2733 5668 2872 5721 Psal.
2902 5685 3061 5733 cxvu,
3087 5670 3136 5732 8,
3162 5671 3214 5724 9.

2242 5737 2281 5765 ¹⁷
2327 5737 2425 5788 Isa.
2466 5752 2609 5788 xxxi.
2648 5738 2695 5788 1.
2776 5738 2816 5770 ⁸⁸
2869 5738 3000 5788 ihid.
3078 5742 3214 5788 “lt

2192 4732 2269 4802 λῷ
2328 4733 2593 4801 ἐγενόμην
2645 4732 2783 4803 πρὸς
2840 4733 3006 4803 ὑμᾶς’
3069 4734 3166 4787 καὶ
3202 4735 3231 4785 6
3278 4734 3435 4801 λόγος
3500 4751 3633 4802 μου,
3680 4732 3772 4785 καὶ

2192 4825 2253 4877 τὸ
2296 4824 2557 4895 κήρυγμά
2603 4842 2729 4893 μου,
2785 4825 2886 4878 οὐκ
2940 4828 2997 4878 ἐν
3035 4828 3241 4887 πειθοῖς
3282 4826 3635 4895 ἀνθρωπίνης
3684 4843 3769 4878 σοι

2195 4918 2323 4985 φίας
2360 4916 2562 4984 λόγοις,
2620 4916 2736 4971 ἀλλ’
2775 4919 2833 4970 ἐν
2879 4918 3150 4984 ἀποδείξει
3186 4918 3495 4988 πνεύματος
3558 4920 3652 4971 καὶ
3686 4920 3771 4970 δυ-

2194 5008 2410 5076 νάμεως
2437 5022 2452 5036 ·
2509 5006 2594 5059 ἴνα
2625 5008 2658 5078 ἡ
2688 5007 2870 5071 πίστις
2920 5009 3074 5078 ὑμῶν
3109 5008 3184 5080 μὴ
3277 5012 3336 5061 ἐν
3363 5010 3526 5079 σοφία
3558 5009 3770 5078 ἀνθρω-

2188 5113 2313 5161 που,
2365 5096 2483 5150 ἀλλ’
2534 5097 2592 5150 ἐν
2642 5098 2873 5169 δυνάμει
2927 5099 3084 5154 Θεοῦ.
3119 5118 3137 5150 ι
3204 5101 3629 5172 Ἀπορρίιζνωμεν
3656 5098 3767 5161 οὖν,

2185 5190 2481 5257 ἀγαπητοὶ,
2506 5189 2599 5256 ἀφ’
2621 5190 2777 5259 ἡμῶν
2812 5191 2911 5261 τὴν
2947 5191 3298 5262 ὀλιγοψυχίαν
3330 5193 3390 5259 ἐξ
3418 5188 3487 5263 ἦς
3528 5194 3768 5245 τίκτεται

2188 5281 2247 5332 τὸ
2278 5280 2422 5349 ἐχειν
2458 5283 2537 5344 εἰς
2565 5281 2852 5351 ἄνθρωπον
2889 5283 2987 5354 τὴν
3033 5283 3244 5348 ἐλπίδα,
3295 5287 3392 5338 καὶ
3432 5285 3623 5338 ποιοῦν
3667 5283 3769 5337 ὑπὸ

2188 5374 2434 5442 κατάραν
2476 5373 2569 5427 τὸν
2619 5374 2937 5430 ὑπεύθυνον.
2980 5376 3143 5429 Ἀλλὰ
3186 5378 3410 5440 τελείως
3457 5378 3767 5446 ἐλπίσωμεν

2186 5463 2280 5514 ἐπὶ
2300 5462 2391 5514 τὸν
2421 5462 2648 5516 εἰπόντα
2671 5478 2685 5492 ·
2716 5483 2734 5514 ι
2764 5466 2853 5536 Μὴ
2890 5467 3286 5537 μεριμνήσητε,
3314 5467 3365 5519 τί
3396 5468 3632 5538 φάγητε,
3660 5467 3693 5537 ἢ
3718 5466 3766 5517 τί

2392 5611 2446 5664 p.
2490 5611 2564 5657 vr,
2600 5595 2779 5649 15-18.
2859 5598 2878 5627 ⁶
2931 5598 3121 5653 Matth.
3179 5568 3301 5665 έχν,
3335 5601 3423 5654 54.
3500 5600 3519 5630 τ
3562 5600 3763 5655 Jerem.

2392 5667 2573 5724 x1335.
2656 5666 2695 5698 η
2733 5668 2872 5721 Psal.
2902 5685 3061 5724 cxvu.
3087 5670 3136 5724 8.
3162 5671 3214 5724 9.
3297 5673 3338 5701 ¹³
3381 5671 3522 5724 I’sal.
3556 5686 3660 5724 Lsx.
3684 5670 3762 5722 15.

3408 5676 3522 5723 ’sal.
3556 5686 3660 5733 Lsx,
3684 5676 3762 5722 15.

2242 5737 2281 5765 ¹⁷
2326 5737 2425 5790 Isa.
2466 5752 2609 5801 χχχι,
2648 5738 2695 5790 1.
2776 5738 2816 5770 ⁸⁸
2868 5738 3000 5794 ibid.
3078 5742 3169 5794 “'1
3203 5742 3330 5796 Cor.
3384 5760 3418 5805 ι,
3477 5742 3564 5794 27.
3662 5739 3759 5795 ’°l
