4040 6504
320 369 452 435 Ῑῖ3¹1

949 372 1277 434 HOMILIA
1318 374 1399 434 CI.
1451 399 1519 412 ι-
1560 373 1713 434 ΝΟΝ
1758 373 2165 435 NITENDUM
2205 372 2567 433 PROPRllS
2605 373 2945 436 VIRIBUS.

3430 372 3564 439 1738

312 487 498 559 πίητε,
528 485 562 557 ἢ
592 484 645 538 τί
686 483 1058 555 περιϐάλησθε
1079 500 1093 515 ⁸
1122 479 1265 539 οἶδεν
1317 484 1427 558 γὰρ
1459 487 1488 539 ό
1518 485 1709 557 Πατήρ
1740 484 1895 553 ὑμῶν

2009 484 2137 539 liciti
2168 498 2291 540 esse
2334 484 2468 553 quid
2516 483 2880 545 manducetis.
2927 491 3025 539 aut
3050 480 3185 554 quid
3217 482 3442 553 bibatis,
3472 497 3568 541 aut

266 588 267 591 ‘
312 570 388 631 ὧν
430 576 633 647 χρείανο
675 574 847 646 ἔχετε.
887 596 907 629 ι
960 604 1031 616 -
1079 594 1098 626 ι
1129 576 1462 647 Ζητήσωμεν
1501 575 1562 629 δὲ
1612 575 1755 629 κατά
1796 574 1890 629 τὸν

312 670 471 738 λόγον
494 665 661 722 αὐτοῦ
693 667 910 738 πρῶτον
934 668 1036 739 τὴν
1068 666 1347 738 βασιλείαν
1383 666 1479 721 τοῦ
1515 664 1654 721 Θεοῦ
1674 667 1769 720 καὶ
1792 665 1889 737 τὴν

312 756 659 829 δικαιοσύνην
684 756 873 821 αὐτοῦ,
904 776 923 810 ι
968 759 1057 812 ἵνα
1085 758 1223 829 μετὰ
1251 757 1362 812 τῶν
1390 757 1669 827 ὲπιγείων,
1700 756 1795 811 καὶ
1822 758 1891 811 τὰ

314 850 540 922 οὐράνια
590 850 1113 922 κληρονομήσωμεν.
1172 849 1560 921 Μιμησώμεθα
1596 850 1723 914 τοὺς
1766 846 1890 903 Μάι-

313 960 464 1013 γους,
488 942 687 1019 οἵτινες
707 943 767 996 ού
796 943 958 1013 μόνον
983 944 1083 997 οὐκ
1123 943 1473 1014 εφοϐήθησαν
1500 943 1593 996 τὸν
1622 941 1891 1015 Ἡρώδην,

315 1035 453 1091 ἀλλὰ
490 1036 585 1089 καὶ
616 1034 905 1100 ἐνέπαιξαν
939 1035 1107 1106 αὐτῷ,
1151 1036 1219 1090 δι’
1252 1035 1421 1108 ἄλλης
1447 1035 1568 1090 ὀδοῦ
1600 1035 1892 1107 ἀναχωρή-

316 1144 513 1191 σαντες
547 1127 629 1192 εἰς
665 1127 763 1199 τὴν
798 1127 984 1201 χώραν
1028 1126 1209 1183 αὐτῶν
1234 1143 1248 1157 ο
1291 1128 1385 1182 καὶ
1420 1128 1519 1200 τὴν
1568 1128 1751 1182 πίστιν
1791 1129 1894 1198 τῆς

316 1216 740 1290 αἱμορῤοούσης,
762 1220 903 1290 ἣτις,
926 1218 1300 1291 παρωσαμένη
1317 1218 1444 1285 τοὺς
1479 1220 1716 1291 ἰατροὺς,
1733 1218 1892 1274 δπισ-

318 1310 411 1364 θεν
426 1311 602 1382 ἥψατο
629 1312 723 1366 τοῦ
756 1313 1064 1385 κρασπέδου
1083 1313 1181 1368 τοῦ
1208 1311 1425 1385 ἱματίου
1438 1313 1534 1368 τοῦ
1557 1316 1782 1387 Κυρίου,
1800 1316 1896 1370 καὶ

320 1404 664 1475 παραχρῆμα
699 1403 845 1475 ίάθη.
877 1405 989 1459 Καὶ
1033 1406 1218 1477 ἡμεῖς,
1266 1408 1348 1471 εἰς
1382 1406 1479 1461 τὸν
1507 1407 1715 1479 Κύριον
1743 1406 1895 1478 ἔχον-

318 1512 411 1559 τες
444 1495 545 1560 τὰς
576 1496 819 1562 ἐλπίδας,
846 1494 1161 1570 δοξάσωμεν
1206 1498 1370 1552 αὑτὸν
1398 1501 1480 1564 είς
1520 1500 1646 1564 τοὺς
1669 1498 1891 1563 αίῶνας.

332 1589 391 1641 ’Δ
399 1589 527 1661 μήν.

919 1791 1139 1847 ΛΟΓΟΣ
1170 1792 1292 1844 PA'.

424 1903 560 1973 Περὶ
588 1903 694 1958 τοῦ
717 1922 759 1974 μ
771 1903 803 1971 ἡ
835 1903 1181 1959 πεποιθέναι
1212 1904 1309 1958 ἐπὶ
1340 1901 1414 1973 τῇ
1446 1903 1564 1972 ἰδίᾳ
1586 1904 1775 1974 ίσχύτ.

407 2016 497 2079 Ὧς
530 2016 813 2083 ἀπέδειξεν
846 2019 875 2072 ὁ
902 2018 1059 2086 λόγος
1095 2019 1177 2073 ὃτι
1205 2017 1463 2090 ἀθέμιτόν
1489 2020 1637 2075 ἐστιν
1662 2018 1902 2083 ὲλπίζειν

328 2108 416 2160 ἐπ’
464 2108 752 2180 ἄνθρωπον
776 2149 791 2175 ,
848 2110 945 2163 καὶ
988 2108 1393 2181 ὲπικατάρατον
1418 2126 1432 2141 ·
1473 2108 1647 2174 οὕτως
1702 2111 1903 2163 ἐπανασ-

324 2199 563 2255 τείνεται
599 2200 691 2253 τὸν
724 2200 1024 2255 πεποιθότα
1057 2202 1151 2255 ἐπὶ
1193 2205 1259 2274 τῇ
1306 2202 1411 2274 ίδίᾳ
1453 2202 1621 2274 ίσχύῖ.
1674 2201 1897 2274 Πρῶτος

326 2292 507 2345 τοίνυν
555 2293 799 2362 Μωῦσῆς
856 2294 1265 2366 παραγγέλλει,
1315 2292 1525 2363 λέγων,
1594 2311 1614 2346 ι
1660 2295 1903 2365 Πρόσεχε

330 2384 559 2455 σεαυτῷ,
601 2384 677 2456 μὴ
718 2383 878 2456 εἴπῃς
904 2387 963 2439 ὲν
998 2388 1065 2457 τῇ
1107 2387 1306 2458 καρδίᾳ
1346 2403 1459 2451 σου,
1505 2386 1568 2440 Ἠ
1614 2386 1767 2456 ἰσχύς
1802 2392 1902 2457 μου

329 2476 426 2528 καὶ
458 2476 519 2529 τὸ
545 2477 747 2546 κράτος
777 2475 877 2547 τῆς
903 2476 1086 2547 ίσχύος
1120 2495 1220 2548 μου
1247 2476 1504 2548 ἐποίησεν
1535 2478 1635 2547 τὴν
1672 2475 1904 2547 δύναμιν

329 2566 558 2636 ταύτην.
600 2565 711 2619 Καὶ
759 2565 1049 2638 μνησθήσῃ
1098 2568 1304 2639 Κυρίου
1338 2567 1430 2621 τοῦ
1479 2568 1612 2622 Θεοῦ
1662 2585 1777 2636 σου,
1822 2570 1905 2621 ὅτι

330 2656 493 2721 αὐτὸς
524 2656 709 2710 δίδωσί
744 2673 825 2710 σοι
866 2658 1037 2728 ίσχύν.
1066 2678 1085 2711 ι
1135 2659 1366 2729 Ὁμοίως
1414 2657 1505 2714 καὶ
1550 2662 1578 2713 ὁ
1621 2662 1907 2731 προφήτης

344 2747 526 2818 Ἀμῶς
551 2733 751 2819 φησιν·
791 2769 809 2801 ι
848 2747 907 2804 '0
942 2753 1191 2822 μαχητὴς
1218 2752 1280 2805 οὐ
1313 2752 1389 2823 μὴ
1416 2750 1578 2804 σώσει
1605 2751 1705 2822 τὴν
1731 2751 1907 2823 ψυχὴν

333 2838 498 2894 αὑτοῦ
520 2855 531 2869 ·
564 2842 660 2894 καὶ
684 2843 712 2895 ό
743 2841 872 2909 ὀξὺς
898 2844 1013 2905 τοῖς
1033 2843 1191 2896 ποσὶν
1211 2843 1375 2896 αὑτοῦ
1402 2843 1463 2895 οὐ
1493 2843 1568 2913 μὴ
1584 2842 1845 2915 διασωθῇ.
1881 2862 1901 2895 ι

230 2968 237 2971 -
332 2932 440 2985 Καὶ
478 2933 628 3004 ήτοῦ
663 2928 942 3005 προρήτου
976 2934 1234 3005 Σαμουὴλ
1272 2935 1455 3005 μήτηρ
1488 2936 1655 2987 ’Δννα
1683 2935 1869 3004 ἔλεγεν
1890 2952 1903 2966 °

338 3040 360 3073 ι
396 3022 487 3094 Μὴ
526 3025 824 3096 καυχάσθω
869 3028 897 3080 ὁ
942 3025 1167 3090 δυνατὸς
1214 3028 1272 3080 ὲν
1319 3029 1387 3097 τῇ
1435 3026 1663 3097 δυνάμει
1704 3027 1905 3081 αὐτοῦ’

331 3115 415 3170 ὅτι
467 3118 567 3172 οὐκ
646 3122 704 3173 ὲν
763 3118 909 3189 ίσχύῖ
962 3120 1185 3183 δυνατὸς
1240 3120 1413 3192 ἀνήρ’
1473 3121 1626 3186 τόξον
1683 3120 1907 3173 δυνατὸν

1996 588 2109 645 quo
2148 574 2481 644 operiamini
2516 592 2531 629 :
2581 575 2688 630 scit
2730 574 2880 631 enim
2932 574 3095 630 Pater
3138 584 3320 631 vester
3363 576 3569 647 quibus

1994 680 2137 735 opus
2163 665 2235 721 sit
2259 666 2327 720 υ.
2363 683 2384 718 ι
2410 695 2481 709 --
2503 685 2523 717 ι
2550 665 2876 733 Quaeramus
2899 673 3104 733 autem,
3136 666 3291 738 juxta
3318 668 3565 738 ejusdem

1994 757 2251 823 verbum,
2270 757 2511 828 primum
2535 774 2764 830 regnum
2786 756 2883 814 Dei
2910 758 3253 829 etjustitiam
3280 760 3402 829 eius
3425 761 3470 791 "
3494 776 3511 815 :
3540 778 3562 813 ι

1996 858 2058 903 ιιι
2102 861 2226 904 cum
2279 849 2398 906 istis
2445 850 2684 906 terrenis
2739 849 3014 921 praesidiis
3057 850 3303 907 caelestia
3349 866 3569 922 quoque

1996 939 2399 1009 possideamus.
2436 941 2723 998 Imitemur
2756 941 2882 997 illos
2914 941 3098 1013 Magos
3133 942 3229 1012 qui
3261 942 3401 999 adeo
3428 942 3568 1000 nihil

1997 1028 2269 1085 Herodem
2315 1032 2711 1099 extimuerunt,
2744 1040 2808 1088 ut
2850 1032 3019 1088 etiam
3069 1032 3346 1090 illuserint
3367 1035 3442 1101 ei,
3472 1052 3573 1108 per

1997 1120 2162 1176 aliam
2218 1124 2363 1177 viam
2402 1124 2635 1195 regressi
2681 1124 2737 1179 in
2784 1124 3067 1204 civitatem
3096 1140 3252 1181 suam
3282 1128 3349 1180 ".
3381 1126 3571 1183 Fidem

1998 1216 2437 1285 contemplemur
2457 1216 2939 1283 haemorrboousae,
2963 1232 3107 1287 quas,
3131 1217 3362 1273 medicis
3382 1220 3572 1291 negle-

1999 1307 2132 1361 ctim
2185 1308 2391 1363 habitis
2438 1317 2495 1364 et
2551 1309 2913 1373 transmissis,
2960 1319 3114 1363 retro
3154 1309 3425 1365 accedens
3462 1310 3572 1366 Do-

2001 1401 2172 1465 mino,
2207 1414 2359 1455 oram
2390 1401 2568 1472 attigit
2620 1401 2792 1457 vestis
2843 1400 3163 1465 Dominicaa,
3215 1408 3275 1455 et
3319 1401 3375 1456 in
3407 1404 3575 1458 vesti-

2000 1491 2089 1559 gio
2135 1492 2356 1547 sanitati
2404 1502 2493 1547 est
2524 1493 2779 1548 restituta
2812 1494 2877 1546 “.
2913 1492 3025 1549 Nos
3049 1493 3339 1567 igiturpqui
3379 1492 3479 1550 toti
3506 1510 3573 1551 ex

1998 1582 2224 1638 Christo
2274 1598 2370 1654 spe
2402 1585 2608 1654 optima
2657 1585 2983 1655 pendemus,
3028 1587 3398 1657 glorificcmus
3444 1603 3573 1645 eum

2003 1674 2057 1728 in
2107 1675 2328 1731 saecula.
2392 1676 2587 1731 Amen.

2578 1790 2861 1845 IIOMILIA
2904 1790 2988 1847 Cl.

2160 1904 2239 1959 Ne
2277 1921 2383 1977 qua
2413 1904 2609 1974 ﬁducia
2644 1899 2884 1960 nitamur
2932 1905 3159 1977 propriis
3203 1907 3419 1963 viribus.

2070 2019 2545 2085 Quemadmodum
2612 2036 2793 2075 sermo
2840 2021 2994 2091 prior
3040 2037 3300 2092 expresse
3362 2023 3573 2083 docuit.

2002 2111 2210 2166 nemini
2252 2112 2426 2167 licere
2451 2127 2603 2183 spem
2648 2128 2803 2168 suam
2840 2113 2895 2167 in
2929 2129 3100 2168 unum
3135 2114 3371 2184 aliquem
3402 2117 3577 2187 proji-

2003 2216 2132 2257 cere
2177 2202 2520 2269 mortalium,
2569 2210 2625 2257 et
2665 2203 2758 2273 qui
2805 2202 2929 2257 talis
2974 2202 3066 2268 sit,
3095 2202 3391 2259 maledicto
3418 2202 3573 2258 reddi

2003 2294 2429 2349 obnoxium:ita
2454 2302 2511 2349 et
2546 2294 2637 2349 hic
2669 2293 3059 2350 interminatur
3080 2304 3138 2350 et
3156 2295 3432 2365 percellit,
3463 2311 3574 2351 non

2004 2385 2209 2456 dispari
2238 2401 2489 2471 censur‘
2524 2401 2649 2442 eum
2685 2386 2782 2456 qui
2829 2386 3178 2457 praeﬁdenter
3219 2390 3460 2459 propriis
3489 2391 3578 2445 ni-

2006 2478 2143 2533 titur
2159 2478 2395 2533 viribus.
2420 2478 2638 2532 Primus
2662 2478 2846 2547 itaque
2870 2478 3048 2533 Moses
3079 2479 3329 2550 praecipit
3348 2481 3575 2539 dicens:

2012 2589 2031 2621 ι
2058 2572 2287 2626 Attende
2318 2569 2417 2625 tibi
2451 2584 2522 2625 ne
2546 2570 2700 2624 dicas
2730 2568 2785 2623 in
2820 2569 2984 2625 corde
3011 2580 3128 2635 tuo,
3161 2571 3428 2628 fortitudo
3457 2590 3576 2630 mea

2006 2674 2063 2719 et
2109 2662 2281 2718 robur
2341 2661 2686 2717 fortitudinis
2735 2677 2871 2717 mea:
2911 2661 3042 2717 fecit
3090 2663 3225 2718 mihi
3276 2666 3577 2734 potentiam

2007 2754 2188 2819 hanc;
2222 2753 2318 2808 sed
2354 2752 2645 2807 recordare
2692 2752 2910 2807 Domini
2954 2752 3054 2808 Dei
3087 2753 3168 2809 tui
3205 2755 3310 2825 ‘qui
3343 2754 3459 2826 ipse
3487 2756 3580 2811 dat

2008 2846 2109 2901 tibi
2142 2844 2525 2901 fortitudinem
2561 2845 2626 2899 ”.
2666 2863 2684 2896 ι
2738 2844 2849 2900 Nec
2888 2845 2995 2901 alio
3048 2856 3260 2917 spectat
3290 2847 3425 2903 illud
3454 2863 3581 2919 pro-

2007 2938 2187 3008 pheta:
2230 2936 2399 2992 Amos
2440 2954 2455 2991 :
2513 2956 2530 2988 ι
2576 2937 2851 3007 Pugnator
2896 2954 3005 2991 non
3056 2938 3288 2994 salvabit
3340 2929 3577 2995 animant

2008 3046 2186 3095 suam,
2241 3039 2297 3085 et
2329 3030 2486 3084 velox
2533 3045 2643 3083 non
2681 3029 2985 3085 salvabitur
3032 3030 3268 3100 pedibus
3300 3031 3415 3087 suis
3447 3034 3513 3087 “.
3554 3051 3570 3085 ι

2009 3121 2116 3177 Sed
2158 3131 2213 3177 et
2251 3123 2405 3175 Anna
2457 3122 2548 3176 illa
2596 3121 2871 3176 Samuelis
2918 3122 3196 3192 prophetae
3226 3130 3401 3178 mater
3428 3122 3581 3179 dice~

311 3208 657 3279 ἠσθένησεν,
695 3211 792 3264 καὶ
818 3184 869 3262 ξι
899 3210 1254 3274 ἀσθενοῦντες
1298 3184 1704 3283 περιεζώσαντο
1743 3212 1904 3266 δύνα-

2009 3212 2104 3267 bat
2137 3230 2151 3266 :
2205 3230 2222 3263 ι
2250 3211 2328 3267 Ne
2360 3210 2628 3281 glorietur
2670 3219 2866 3279 potens
2909 3184 2965 3265 iu
3005 3184 3250 3281 potentia
3300 3227 3421 3276 sua,
3452 3213 3580 3284 quia

338 3314 453 3369 μιν.
473 3318 491 3349 ι
524 3301 634 3353 Καὶ
660 3301 720 3352 ὲν
748 3302 867 3363 ταῖς
890 3300 1253 3369 Παροιμίαις·
1285 3318 1305 3352 ι
1340 3302 1535 3364 Ἵππος
1563 3301 1908 3372 ὲτοιμάζεται

335 3396 415 3457 είς
448 3395 661 3466 ἡμέραν
694 3396 955 3465 πολέμου,
988 3396 1142 3467 παρὰ
1181 3396 1237 3449 δὲ
1279 3396 1480 3467 Κυρίου
1527 3398 1561 3467 ἡ
1608 3396 1850 3468 βοήθεια.
1885 3416 1903 3448 ι

336 3488 447 3542 Καὶ
477 3490 505 3542 ὁ
538 3487 871 3559 Ψαλμῳδός·
909 3508 927 3540 ι
958 3490 1074 3543 Ούκ
1110 3489 1169 3541 ἐν
1196 3492 1262 3561 τῇ
1297 3488 1583 3560 δυναστείᾳ
1611 3490 1706 3542 τοῦ
1742 3490 1909 3543 ῖππου

338 3578 573 3651 θελήσει,
603 3581 725 3634 οὐδὲ
770 3582 829 3634 ἐν
879 3582 1002 3645 ταῖς
1030 3584 1267 3652 κνήμαις
1302 3581 1396 3636 τοῦ
1445 3582 1639 3653 ἀνδρὸς
1678 3583 1907 3637 εὐδοκεῖ.

337 3672 415 3725 Oti
455 3671 562 3741 γὰρ
588 3670 821 3735 σώζεται
854 3673 1110 3744 βασιλεὺς
1148 3674 1237 3728 διὰ
1277 3675 1482 3747 πολλὴν
1517 3676 1768 3747 δύναμιν.
1802 3677 1911 3730 Καὶ

338 3763 500 3832 γίγας
529 3764 591 3816 ού
625 3765 930 3836 σωθήσεται
962 3767 1019 3819 έν
1046 3766 1245 3837 πλήθει
1277 3768 1459 3837 ίσχύος
1483 3767 1671 3822 αὑτοῦ.
1694 3787 1713 3819 ι
1753 3768 1913 3822 Ἀλλά

341 3855 459 3920 καὶ,
496 3873 515 3906 ι
542 3854 761 3925 Ψευδὴς
807 3856 973 3920 ῖππος
1019 3857 1102 3919 είς
1147 3856 1455 3927 σωτηρίαν⁶
1504 3860 1562 3912 ὲν
1611 3858 1668 3911 δὲ
1717 3858 1912 3928 πλήθει

339 3944 623 4015 δυνάμεως
653 3944 818 3999 αὐτοῦ
847 3946 907 3999 ού
942 3944 1269 4015 σωθήσεται.
1311 3945 1448 3999 Οὔτε
1490 3946 1550 3999 δὲ
1596 3946 1709 4015 ἐγὼ
1744 3946 1914 4000 ἑλπιῶ

341 4038 435 4091 ἐπὶ
475 4036 539 4090 τὸ
580 4036 733 4103 τόξον
782 4052 919 4107 μου·
971 4037 1032 4091 οὐ
1083 4037 1194 4108 γὰρ
1255 4036 1417 4103 σώζει
1471 4054 1539 4108 με
1583 4039 1617 4109 ή
1673 4036 1915 4109 ῥομφαία

344 4146 448 4200 μου
471 4146 485 4161 ο
525 4148 542 4181 ι
576 4129 714 4184 ἀλλά
748 4130 834 4197 σὺ,
862 4129 1055 4201 Κύριε,
1078 4129 1252 4185 σῶσόν
1285 4147 1350 4200 με
1386 4131 1449 4183 ὲκ
1474 4130 1585 4184 τῶν
1625 4130 1914 4183 θλιδόντων

345 4235 435 4289 με.
468 4218 841 4288 Καταίσχυνον
883 4220 1011 4283 τοὺς
1053 4219 1345 4291 μισοῦντας
1391 4236 1480 4289 με,
1522 4219 1604 4273 ὅτι
1655 4220 1718 4272 σὺ
1756 4220 1915 4290 μόνος

344 4304 393 4360 εἴ
422 4310 451 4362 ὁ
484 4308 746 4379 ῥυόμενος
770 4308 984 4379 πτωχὸν
1008 4310 1073 4362 ὲκ
1102 4308 1284 4381 χειρὸς
1312 4311 1691 4382 στερεωτέρων
1713 4308 1876 4363 αὐτοῦ
1898 4326 1914 4343 ο

344 4401 439 4453 καὶ
465 4401 678 4471 πτωχὸν
710 4402 804 4454 καὶ
851 4402 1061 4471 πένητα
1094 4402 1203 4455 ἀπὸ
1235 4403 1345 4455 τῶν
1381 4402 1789 4473 διαρπαζόντων
1818 4402 1917 4455 αύ-

2008 3318 2117 3358 non
2157 3303 2212 3357 in
2255 3302 2582 3357 fortitudine
2628 3311 2826 3372 potens
2874 3301 2993 3367 vir;
3043 3316 3231 3358 arcum
3281 3304 3428 3359 enim
3485 3321 3580 3375 po-

2012 3394 2245 3448 tentium
2270 3392 2586 3458 infirmavit,
2608 3390 2810 3445 infirmi
2828 3390 3062 3446 accincti
3094 3400 3220 3446 sunt
3243 3393 3441 3450 robore
3468 3395 3533 3447 ".
3559 3417 3575 3447 ι

2010 3485 2071 3539 In
2106 3476 2424 3539 Proverbiis
2457 3499 2471 3536 :
2508 3502 2525 3533 ι
2561 3483 2750 3551 Equus
2781 3491 3008 3550 paratur
3037 3482 3092 3535 in
3116 3482 3205 3537 die
3229 3482 3380 3547 belli,
3410 3499 3441 3538 a
3470 3483 3579 3537 Do—

2012 3573 2162 3628 mino
2214 3580 2398 3625 autem
2450 3571 2603 3625 venit
2651 3566 2918 3624 anxilium
2965 3570 3031 3624 ’⁸.
3069 3589 3087 3622 ι
3123 3570 3331 3626 Psaltes
3362 3571 3578 3643 regius:

2018 3681 2036 3715 ι
2074 3662 2192 3716 Non
2228 3662 2283 3715 in
2314 3660 2638 3717 fortitudine
2666 3660 2794 3730 equi
2836 3661 3175 3716 voluntatem
3209 3662 3454 3729 habebit,
3482 3680 3584 3721 nec

2014 3752 2071 3806 in
2126 3752 2295 3806 tibiis
2328 3751 2432 3806 viri
2486 3751 2893 3821 beneplacitum
2924 3760 3008 3807 est
3059 3752 3111 3807 ei
3146 3754 3209 3806 η.
3270 3753 3388 3807 Νοιι
3434 3756 3581 3810 enim

2012 3846 2254 3901 salvatur
2296 3861 2391 3899 rex
2423 3860 2523 3916 per
2556 3847 2785 3900 multam
2837 3847 3120 3911 virtutem,
3170 3857 3228 3901 et
3274 3849 3423 3918 gigas
3473 3865 3581 3903 non

2014 3936 2317 3992 salvabitur
2341 3937 2395 3990 in
2425 3937 2780 3992 multitudine
2809 3937 3155 3992 fortitudinis
3188 3954 3299 3993 suae
3324 3940 3442 3994 ⁸ο..)
3476 3941 3580 3996 Sed

2014 4038 2117 4086 et:
2157 4050 2175 4083 ι
2211 4029 2441 4085 Mendax
2484 4044 2664 4099 equus
2714 4028 2782 4083 ad
2830 4029 3086 4095 salutem,
3128 4029 3184 4083 in
3230 4030 3586 4088 multitudine

2015 4122 2240 4177 virtutis
2275 4136 2389 4176 sua:
2432 4136 2540 4174 non
2596 4120 2902 4174 salvabitur
2946 4119 3034 4191 ‘5:
3082 4134 3261 4191 neque
3294 4122 3444 4176 enim
3485 4138 3587 4193 ego

2016 4214 2255 4285 sperabo
2310 4214 2364 4267 in
2413 4228 2545 4267 arcu
2578 4228 2701 4267 meo
2732 4230 2744 4265 :
2777 4227 2887 4266 non
2914 4211 3061 4267 enim
3097 4212 3329 4267 salvabit
3354 4228 3441 4269 me
3469 4215 3586 4286 gla~

2018 4305 2148 4360 dius
2178 4318 2335 4359 meus
2374 4304 2449 4368 ³³;
2489 4323 2505 4355 ι
2535 4303 2631 4358 sed
2657 4312 2738 4367 tu,
2766 4303 3018 4369 Domine,
3067 4304 3277 4358 salvum
3306 4319 3393 4359 me
3438 4305 3523 4360 fac
3557 4324 3587 4361 ει

2019 4392 2416 4448 tribulantibus
2443 4406 2551 4457 me,
2591 4394 2804 4461 pudore
2828 4399 2886 4444 et
2921 4389 3245 4446 confusione
3270 4406 3367 4445 eos
3398 4406 3588 4461 asper-

342 4494 457 4547 τόν.
507 4493 596 4547 Ἐν
627 4494 712 4546 σοὶ
741 4494 850 4563 γὰρ
881 4492 1084 4564 ζῶμεν,
1114 4495 1209 4547 καὶ
1245 4493 1563 4565 κινούμεθα,
1603 4494 1697 4547 καὶ
1728 4493 1907 4564 ὲσμὶν,

2020 4499 2154 4556 gens
2187 4484 2281 4553 qui
2334 4483 2573 4537 oderunt
2606 4497 2714 4548 me,
2741 4481 2869 4551 quia
2898 4494 2956 4536 tu
2989 4483 3141 4536 solus
3166 4496 3227 4536 es
3258 4482 3352 4551 qui
3388 4483 3590 4553 recipis

347 4586 442 4639 καὶ
467 4586 500 4656 ή
529 4585 683 4656 ίσχὺς
712 4586 869 4657 ήμῶν
900 4588 995 4639 καὶ
1019 4589 1057 4654 ἡ
1097 4586 1371 4657 εὐρωστία
1414 4586 1564 4657 παρὰ
1604 4584 1698 4639 σοῦ
1732 4586 1880 4639 ἐστιν
1899 4600 1913 4615 ⁸

2020 4589 2322 4646 pauperem
2361 4582 2417 4627 et
2457 4587 2692 4643 egenum
2737 4588 2767 4626 a
2806 4571 3199 4643 diripientibus
3240 4587 3407 4639 eum;
3444 4572 3500 4627 in
3538 4581 3590 4627 te

347 4680 443 4730 καὶ
473 4675 597 4747 θρὶξ
620 4677 687 4730 ὲκ
718 4677 818 4747 τῆς
860 4676 1104 4747 κεφαλῆς
1134 4678 1292 4748 ήμῶν
1327 4679 1389 4731 ού
1428 4679 1673 4731 πεσεῖται
1702 4677 1793 4730 ἐπὶ
1820 4677 1907 4748 τὴι

2016 4669 2290 4739 siquidem
2336 4667 2573 4722 vivimus
2625 4678 2679 4721 et
2724 4682 3012 4721 movemur
3075 4675 3130 4721 et
3180 4681 3372 4722 sumus
3414 4668 3479 4722 ³³.
3527 4668 3592 4721 Et

348 4769 452 4840 γῆν
485 4770 611 4825 ἄνευ
641 4768 735 4823 σοῦ
762 4770 856 4824 τοῦ
905 4769 1283 4841 πλαστουργοῢ
1348 4770 1444 4825 καὶ
1483 4770 1698 4842 [ἰατρὸς
1740 4768 1916 4840 ἡμῶν.

349 4861 539 4916 Ταῦτα
564 4859 661 4916 οὖν
692 4861 953 4933 μαθόντες
985 4862 1050 4915 ὲκ
1084 4861 1184 4931 τῆς
1227 4859 1377 4925 θείας
1416 4862 1658 4932 Γραφῆς,
1692 4860 1767 4931 μὴ
1805 4859 1920 4913 τολ-

353 4955 620 5026 μήσωμεν
660 4954 795 5017 ὅλως
843 4952 1166 5006 πεποιθέναι
1204 4953 1239 5023 ἢ
1279 4955 1419 5023 μέγα
1463 4954 1682 5023 φρονεῖν
1732 4950 1825 5003 ἐπὶ
1853 4952 1919 5020 τῇ

351 5044 578 5114 δυνάμει
610 5045 643 5115 ἢ
669 5045 939 5115 εὐρωστία
963 5042 1059 5097 τού
1085 5043 1335 5116 σώματος
1365 5042 1543 5113 ἡμῶν.
1578 5041 1695 5096 Ἵνα
1730 5039 1805 5112 μὴ
1826 5040 1925 5108 τὴν

354 5137 600 5207 κατάραν
621 5135 715 5189 τοῦ
753 5136 1098 5208 στηρίζοντος
1127 5135 1309 5206 σάρκα
1338 5133 1622 5206 βραχίονος
1648 5130 1816 5186 αὐτοῦ
1840 5130 1926 5201 ἐφ’

356 5232 567 5294 ἑαυτοῖς
593 5230 1000 5301 ὲπενέγκωμεν.
1031 5221 1225 5283 Πολλοὶ
1249 5230 1359 5301 γάρ
1384 5230 1522 5282 εἰσιν
1544 5229 1594 5281 οί
1633 5226 1926 5297 καυχώμε-

355 5340 457 5387 νοι,
479 5325 575 5378 καὶ
604 5323 874 5392 λέγοντες,
914 5322 979 5376 Δί
1009 5320 1190 5394 χεῖρές
1222 5340 1325 5391 μου
1385 5321 1675 5393 τρέςδουσιν
1706 5318 1800 5372 καὶ
1827 5316 1928 5386 ἐμὲ

356 5417 451 5469 καὶ
477 5415 668 5478 ἄλλους
691 5430 705 5444 °
737 5415 830 5468 καὶ
859 5413 998 5484 ἔχων
1032 5414 1131 5478 τὰς
1157 5414 1346 5486 χεῖράς
1388 5430 1511 5482 μου,
1556 5411 1792 5480 δύναμαι
1832 5407 1929 5471 ζῆ-

361 5523 472 5560 σαι.
505 5501 665 5562 Οὗτοί
705 5506 843 5560 είσιν
873 5504 1090 5576 ἀληθῶς
1138 5507 1188 5559 ot
1237 5504 1654 5575 ματαιόφρονες,
1696 5501 1791 5555 καὶ
1827 5515 1930 5571 μα-

321 5692 402 5743 ;__
426 5672 471 5743 ἐ
513 5671 706 5726 Matth.
734 5686 815 5743 vl,
844 5667 935 5743 252

360 5740 407 5771 ³⁸
436 5742 602 5796 Amos
656 5760 723 5797 ιι-
758 5730 843 5795 ll.
921 5738 1012 5792 "l
1060 5738 1191 5797 Reg.
1258 5753 1316 5797 ιι,
1364 5739 1427 5797 3.
1461 5739 1515 5793 4.
1588 5736 1634 5767 ’⁸
1679 5732 1840 5789 Prov.
1891 5745 2000 5792 ut,
2060 5730 2149 5783 5|.

698 5784 723 5806 ,.
758 5754 843 5795 14.
922 5754 1012 5792 "l
1061 5754 1191 5809 ueg.
1258 5754 1316 5802 11,
1364 5754 1427 5801 ἴ),
1461 5754 1515 5793 4.
1589 5754 1634 5767 ἐ’
1679 5754 1840 5789 ι’τυν.
1891 5754 2000 5792 ut,
2060 5754 2149 5783 οι.
2231 5754 2460 5781 "-raat.

698 5853 710 5866 .
784 5811 827 5842 "
856 5808 1001 5866 Psal.
1041 5824 1187 5869 xun,
1229 5807 1284 5861 7.
1359 5810 1404 5840 ³³
1452 5809 1567 5865 Act.
1600 5820 1728 5869 xvn,
1771 5800 1862 5857 28.
1939 5800 1985 5832 ³³
2030 5797 2222 5854 Matth.
2273 5813 2327 5863 χ,
2371 5796 2460 5850 '50.

360 5808 407 5843 ²¹
450 5812 584 5868 ibid.
624 5813 710 5866 l7.
784 5811 827 5842 "
856 5808 1001 5866 Psal.
1041 5807 1187 5873 xuii,
1229 5807 1284 5861 7.

641 5905 909 5967 ΡΑτιιοι..
958 5903 1075 5962 Gn.
1111 5904 1464 5967 LXXXIX.

1011 5669 1056 5700 "
1088 5665 1223 5721 Luc.
1262 5682 1357 5729 xu,
1391 5667 1481 5722 3|.
1557 5659 1796 5718 "Matth.
1840 5673 1899 5724 ιι,
1921 5658 1957 5713 2
1981 5672 2135 5729 seqq.

2019 4764 2287 4820 fortitudo
2345 4772 2531 4817 nostra
2588 4770 2645 4816 et
2694 4761 2867 4815 robur
2916 4761 3014 4816 abs
3049 4768 3100 4816 te
3133 4769 3239 4825 est,
3287 4760 3384 4816 sed
3412 4769 3469 4815 et
3499 4775 3590 4815 ca-

2020 4858 2186 4928 pillus
2225 4856 2294 4911 de
2341 4855 2521 4925 capite
2567 4862 2756 4907 nostro
2806 4864 2915 4907 non
2963 4852 3123 4907 cadet
3168 4866 3337 4922 super
3387 4859 3591 4906 terram

2022 4950 2230 5017 absque
2268 4956 2363 5001 tuo
2400 4955 2538 5000 nutu
2560 4946 2624 5009 ³⁵,
2655 4960 2687 4997 ο
2718 4944 3017 5014 plasmator
3039 4954 3228 4998 noster
3250 4950 3305 4998 et
3340 4943 3593 4998 humanm

2023 5040 2222 5096 salutis
2276 5038 2555 5093 assertor!
2623 5036 2835 5106 1187
2885 5034 3011 5090 Haec
3042 5034 3213 5105 igitur
3262 5049 3387 5090 cum
3424 5034 3594 5104 probe

2024 5131 2363 5193 noverimus,
2422 5129 2607 5183 divina
2656 5142 2759 5181 nos
2817 5125 3107 5181 erudiente
3156 5125 3461 5196 Scriptura,
3525 5124 3594 5178 de

2021 5222 2199 5278 nosui
2246 5220 2499 5292 corporis
2548 5227 2646 5273 aut
2698 5217 2914 5272 viribus
2976 5226 3070 5271 aut
3121 5216 3335 5287 integra
3386 5215 3596 5271 valetu-

2024 5315 2152 5370 dine
2205 5313 2343 5368 nihil
2380 5311 2607 5368 omnino
2662 5318 2871 5365 temere
2923 5322 2988 5363 ac
3021 5307 3370 5378 praefidenter
3420 5306 3595 5364 susti-

2026 5421 2254 5463 neamus
2305 5416 2659 5476 praesumere,
2706 5408 2807 5455 aut
2854 5399 3230 5471 pragestienti
3272 5399 3458 5455 animo
3505 5398 3596 5452 in-

2027 5498 2325 5563 solescere,
2386 5503 2448 5552 ut
2493 5509 2564 5551 ne
2614 5492 2764 5548 illius
2813 5491 3255 5559 maledictionem
3301 5491 3591 5547 adversum

2209 5654 2461 5710 "Matth.
2500 5670 2574 5719 Ix,
2613 5654 2683 5709 20
2714 5670 2872 5726 seqq.

2230 5728 2275 5758 ’θ
2293 5756 2304 5770 ο
2323 5727 2467 5781 Psal.
2534 5740 2709 5791 cxcvn,
2752 5727 2839 5780 10.

2968 5655 3013 5688 ’⁸
3037 5655 3198 5709 Deut.
3229 5668 3345 5715 vm,
3381 5652 3471 5713 17,
3510 5651 3597 5705 is.

2971 5726 3016 5758 ³ο
3055 5724 3200 5781 Psal.
3270 5735 3434 5787 χχιιι,
3519 5721 3597 5777 I6.

3282 5884 3361 5946 55
