4040 6516
424 349 559 414 1739

1582 314 1587 317 ’
1691 348 2060 408 ANTIOCHI
2102 349 2449 410 MONACHI
2530 426 2531 429 γ

3557 356 3687 421 1740

416 478 523 520 nos
547 471 915 535 reportemus,
945 475 1039 530 qui
1063 458 1355 514 confirmat
1385 474 1610 513 carnem
1643 459 1857 516 brachii
1888 461 1997 515 sui.

2106 462 2399 531 ταιολόγοι,
2422 464 2471 516 οί
2498 462 2984 535 ἐπιλανθανόμενοι
3009 465 3105 520 τοῦ
3141 467 3471 540 ποιήσαντος
3491 469 3688 529 αὐτοὺς

418 558 677 628 Plerique
732 557 880 620 enim
922 563 1051 610 sunt
1094 552 1190 624 qui
1236 551 1542 622 glorianter
1588 567 1647 606 se
1697 551 1784 606 his
1811 552 2006 608 vendi-

420 661 539 709 tant
568 649 752 706 verbis
781 665 796 703 :
826 648 1021 703 Manus
1052 646 1139 700 hae
1188 659 1324 699 meae
1355 653 1413 699 et
1448 658 1537 698 me
1571 644 1727 698 alunt
1757 653 1814 700 et
1844 645 2002 713 alios,

422 744 519 802 sed
568 753 627 799 et
666 756 830 813 quem
879 746 1107 794 tuentur
1142 751 1340 790 manus
1393 750 1550 798 meae.
1584 736 1769 790 vivere
1800 725 2002 805 potest.

423 839 591 894 Plane
642 835 781 890 tales
823 831 1111 888 verissime
1157 843 1314 885 vanae
1363 837 1493 884 sunt
1536 828 1739 884 mentis
1791 843 1856 883 ac
1910 843 2007 881 va-

425 926 658 997 niloqui,
702 939 886 980 crassa
925 922 1203 979 oblivione
1231 920 1577 991 negligentes
1630 920 1803 974 Deum
1827 919 2005 974 facto-

427 1035 543 1075 rem
577 1032 763 1080 suum,
811 1014 908 1085 qui
943 1013 1234 1070 sanitatem
1284 1012 1531 1083 impartit
1580 1020 1636 1067 et
1688 1012 2006 1066 alimoniam

425 1109 576 1166 omni
635 1106 789 1163 carni
820 1125 834 1160 :
864 1114 921 1160 et
956 1103 1244 1160 confidunt
1276 1103 1331 1157 in
1356 1102 1561 1157 virtute
1592 1117 1711 1157 sua.
1743 1100 1847 1167 Qui
1882 1101 2005 1156 talis

425 1213 531 1267 est,
580 1216 694 1256 non
746 1198 984 1269 simplici
1018 1194 1292 1265 superbiae
1315 1194 1509 1248 morbo
1532 1194 1766 1258 laborat,
1799 1192 2005 1263 quippe

426 1296 523 1366 qui
579 1309 611 1348 a
661 1294 777 1347 Deo
827 1306 887 1346 se
924 1290 1216 1344 ultroneus
1264 1285 1487 1340 diremit
1541 1300 1605 1339 ac
1629 1284 1863 1339 descivit
1910 1299 2005 1338 re-

425 1388 590 1455 fuga,
637 1384 769 1439 dum
826 1382 1000 1453 privas
1049 1394 1162 1434 suae
1189 1378 1384 1433 virtuti
1430 1377 1656 1433 ascribit
1684 1393 1805 1447 quae
1838 1377 2007 1448 gessit

426 1495 556 1536 cum
600 1476 785 1532 laude.
819 1471 1295 1541 Quemadmodum
1341 1479 1524 1525 autem
1558 1483 1781 1534 aranea,
1814 1468 1908 1523 ubi
1937 1467 2004 1523 ad

429 1571 551 1627 telae
602 1584 715 1625 suae
756 1566 1033 1637 fastigium
1090 1563 1431 1627 conscendit,
1474 1562 1625 1631 velut
1671 1575 2006 1617 evanescens

427 1670 709 1717 momento
757 1659 867 1713 ruit
904 1671 1167 1728 praeceps,
1195 1654 1271 1710 ita
1310 1662 1367 1709 et
1395 1653 1488 1723 qui
1524 1660 1731 1707 temere
1764 1651 2006 1722 propriis

428 1756 625 1811 nititur
664 1751 900 1814 viribus,
930 1764 1054 1803 mox
1080 1748 1233 1811 sidit,
1262 1754 1317 1801 et
1346 1746 1414 1801 ad
1461 1745 1702 1816 priorem
1753 1744 2003 1799 habitum

427 1845 696 1904 evanidus
726 1842 1012 1899 relabitur.
1047 1839 1207 1893 Tales
1238 1837 1417 1893 videri
1442 1837 1656 1908 possint
1683 1838 2004 1907 neutiquam

428 1936 650 1992 audisse
692 1932 795 1989 Job
821 1932 1097 1987 dicentem
1134 1946 1147 1982 :
1184 1948 1201 1979 ι
1229 1927 1284 1982 Si
1303 1925 1487 1983 autem
1507 1939 1562 1983 et
1586 1944 1805 1982 manum
1831 1943 2006 1983 meam

430 2028 719 2098 imponens
770 2023 855 2077 ori
903 2019 1255 2075 deosculatus
1305 2033 1450 2081 sum,
1485 2026 1543 2073 et
1596 2018 1701 2072 hoc
1730 2018 1867 2072 mihi
1900 2018 2005 2074 uti-

429 2132 537 2188 que
563 2129 760 2186 magna
781 2110 1045 2181 iniquitas
1082 2109 1386 2179 imputetur
1430 2109 1498 2173 ³⁵,
1529 2129 1547 2160 ι
1585 2108 1714 2178 quia
1744 2109 2009 2165 mentitus

428 2222 553 2263 sum
597 2220 784 2261 coram
815 2202 1048 2258 Domino
1097 2200 1385 2257 altissimo.
1432 2198 1539 2255 Sed
1584 2214 1765 2269 neque
1815 2199 2006 2255 Eccle-

431 2300 667 2364 siasten;
709 2297 755 2351 is
786 2297 936 2351 enim
979 2295 1057 2349 ait
1090 2311 1103 2348 :
1148 2313 1164 2345 ι
1202 2293 1355 2349 Verti
1390 2308 1477 2347 me
1507 2300 1565 2346 et
1592 2291 1705 2345 vidi
1732 2292 1861 2361 quia
1893 2308 2004 2346 non

430 2400 517 2445 est
558 2390 842 2444 velocibus
890 2401 1107 2449 cursus,
1167 2401 1278 2439 non
1305 2395 1391 2439 est
1429 2385 1749 2453 potentibus
1778 2385 2003 2451 bellum,

431 2466 528 2539 sed
576 2498 679 2535 nec
723 2479 953 2550 sapienti
987 2478 1165 2548 panis,
1197 2477 1637 2547 intelligentibus
1664 2492 1774 2530 non
1807 2477 2007 2532 adsunt

432 2571 661 2635 divitize,
696 2584 876 2639 neque
910 2566 1369 2638 cegnosccntibus
1399 2565 1585 2633 gratia:
1617 2565 1681 2618 “.
1710 2586 1726 2615 ι
1755 2565 2005 2621 lnducit:

439 2676 457 2709 ι
496 2658 647 2711 Bona
717 2665 803 2710 est
855 2654 1126 2724 sapientia
1179 2668 1290 2722 pra:
1340 2653 1493 2707 soliis
1543 2653 1673 2708 belli
1714 2656 1779 2708 ⁸⁷.
1813 2673 1831 2705 ι
1892 2655 2004 2711 Et:

438 2768 458 2801 ι
496 2750 737 2804 Peccans
782 2752 928 2802 unus
972 2745 1168 2817 perdet
1238 2745 1545 2799 bonitatem
1602 2747 1829 2801 multam
1879 2733 2000 2803 ".3

432 2841 696 2897 Dominus
740 2854 961 2910 quoque
1008 2838 1125 2892 suis
1168 2837 1244 2891 ait
1288 2837 1618 2906 discipulis:
1659 2857 1677 2889 ι
1710 2839 1922 2896 Manete
1951 2840 2006 2895 in

431 2946 541 2995 me,
591 2939 646 2984 et
689 2945 790 2999 ego
843 2929 901 2982 in
959 2928 1139 2981 vobis.
1197 2926 1354 2980 Sicut
1400 2927 1611 2995 palmes
1666 2944 1775 2983 non
1827 2939 2009 2999 potest

2104 553 2264 621 Θεοῦ,
2286 554 2381 608 τοῦ
2403 556 2735 627 παρέχοντος
2758 557 2950 626 ὑγείαν
2975 559 3072 612 καὶ
3095 560 3304 632 τροφὴν
3326 563 3477 637 πάσῃ
3503 566 3688 631 σαρκὶ.

2104 644 2200 698 καὶ
2237 644 2565 707 πεποιθότες
2613 645 2708 711 ἐπὶ
2749 650 2814 718 τῇ
2860 648 3089 720 δυνάμει
3124 651 3326 707 αὑτῶν.
3369 653 3690 724 Ὑπερηφα-

2103 736 2227 790 νίαν
2254 737 2364 808 γὰρ
2419 740 2567 793 νοσεῖ
2607 738 2637 791 6
2666 739 2985 811 ἀποστήσας
3025 743 3218 797 ἑαυτὸν
3258 744 3356 798 τοῦ
3397 745 3558 810 Θεοῦ,
3599 749 3693 801 καὶ

2108 827 2216 900 ἰδίᾳ
2254 829 2479 898 δυνάμει
2519 831 2859 901 ,ἐπιγράφων
2911 832 2983 886 τὰ
3036 836 3444 907 κατορθώματα
3501 837 3692 895 αὑτοῦ.

2106 919 2319 992 Ὠσπερ
2375 920 2431 973 δὲ
2463 921 2491 973 6
2537 922 2734 988 ἐπιϐὰς
2787 924 3003 997 ἀράχνῃ
3048 926 3326 981 διαπεσὼν
3381 931 3693 1002 κατηνέχθη

2108 1012 2258 1065 κάτω
2280 1029 2293 1042 ·
2327 1012 2504 1077 οὑτως
2532 1015 2835 1085 συμπίπτει
2866 1018 2893 1069 6
2941 1016 3161 1087 θαρρῶν
3189 1022 3258 1089 τῇ
3307 1019 3412 1090 ίδίᾳ
3442 1019 3693 1091 δυνάμει.

2109 1102 2244 1156 Οὐδὲ
2274 1104 2379 1158 κᾶν
2407 1103 2503 1157 τοῦ
2552 1105 2673 1159 Ἰὼϐ
2713 1107 2953 1177 ἥκουσαν
2998 1108 3249 1178 λέγοντος
3272 1128 3286 1143 ·
3326 1131 3345 1165 ι
3388 1113 3450 1165 Ei
3501 1113 3559 1167 δὲ
3598 1113 3694 1166 καὶ

2106 1192 2267 1264 χεῖρά
2302 1212 2406 1267 μου
2436 1195 2650 1260 ἐπιθεὶς
2679 1197 2775 1251 ὲπὶ
2825 1198 3056 1269 στόματι
3103 1202 3361 1271 ἐφίλησα,
3395 1203 3491 1255 καὶ
3529 1201 3695 1256 τοῦτο

2106 1284 2214 1355 ἄρα
2243 1302 2335 1354 μοι
2366 1284 2578 1357 μεγάλη
2622 1287 2825 1358 ἀνομία
2867 1288 3171 1360 λογισθείη,
3205 1311 3223 1342 ι
3260 1292 3342 1345 ὅτι
3373 1292 3696 1362 ἐψευσάμην

2106 1376 2288 1430 έναντι
2318 1378 2523 1447 Κυρίου
2565 1379 2661 1433 τοῦ
2697 1381 2946 1450 ὑψίστου.
2993 1382 3269 1447 Ὡσαύτως
3314 1384 3407 1438 καὶ
3450 1384 3547 1438 τοῦ
3570 1386 3698 1438 Ἐκ-

2107 1469 2437 1540 κλησιαστοῦ
2463 1488 2479 1503 ·
2516 1473 2680 1543 φησὶν
2712 1472 2824 1545 γὰρ
2869 1476 3081 1539 ἐκεῖνος
3110 1492 3123 1505 ο
3150 1493 3169 1526 ι
3204 1476 3573 1549 Ἐπέστρεψα.
3600 1480 3697 1532 καὶ

2109 1560 2216 1613 ίδον
2246 1562 2327 1615 ὃτι
2354 1562 2413 1614 οὑ
2444 1564 2557 1626 τοῖς
2595 1563 2821 1633 κούφοις
2848 1565 2875 1618 6
2902 1564 3125 1637 δρόμος,
3155 1566 3277 1619 οὑδὲ
3305 1569 3418 1631 τοῖς
3443 1566 3698 1632 δυνατοῖς

2105 1654 2134 1706 6
2163 1653 2420 1724 πόλεμος.
2462 1654 2574 1708 Καί
2606 1672 2671 1724 γε
2717 1657 2777 1710 οὑ
2822 1656 2902 1727 τῷ
2946 1656 3095 1727 σοφῶ
3115 1658 3300 1729 ἀρτος,
3335 1659 3431 1713 καὶ
3469 1661 3534 1714 οὑ
3579 1664 3700 1721 τοῖς

2111 1745 2353 1806 συνετοῖς
2387 1746 2415 1798 6
2456 1745 2686 1811 πλοῦτος
2710 1762 2723 1775 °
2765 1750 2860 1800 καὶ
2891 1747 2953 1801 οὑ
2981 1750 3092 1811 τοῖς
3131 1748 3495 1818 γινώσκουσιν
3528 1753 3562 1825 ή
3592 1754 3698 1824 χά-

2116 1853 2220 1906 ρις.
2262 1852 2281 1887 ι
2316 1836 2428 1889 Καὶ
2460 1836 2677 1906 ὲπάγει,
2717 1856 2735 1891 ι
2766 1838 2976 1909 Ἀγαθὴ
3018 1840 3180 1909 σοφία
3208 1841 3349 1914 ὑπὲρ
3383 1844 3553 1915 σκεύη
3589 1862 3699 1898 πο-

2110 1927 2298 1996 λέμου.
2333 1945 2352 1979 ι
2391 1928 2521 1993 Καὶ,
2554 1945 2573 1980 ι
2621 1929 2979 2005 ’Δμαρτάνων
3019 1926 3120 1997 εἷς,
3173 1924 3429 1989 ἀπολέσει
3471 1936 3698 2005 ἀγαθω-

2113 2020 2281 2091 σύνην
2308 2020 2530 2092 πολλήν.
2566 2040 2584 2075 ι
2617 2002 2729 2077 Καὶ
2749 2025 2777 2077 ό
2805 2023 3013 2097 Κύριος
3042 2029 3154 2091 τοῖς
3181 2028 3377 2082 ἑαυτοῦ
3420 2002 3698 2102 μαθηταῖς

2112 2129 2296 2183 φησιν,
2331 2132 2349 2164 ι
2380 2112 2621 2166 Μείνατε
2651 2115 2710 2169 έν
2753 2115 2900 2187 ἐμοὶ,
2933 2117 3088 2181 κάγὼ
3126 2120 3184 2174 ὲν
3216 2120 3370 2190 ὑμῖν.
3403 2120 3602 2185 Καθὼς
3635 2126 3699 2175 τὸ

2112 2204 2299 2275 κλῆμα
2326 2205 2386 2257 οὑ
2414 2205 2635 2260 δύναται
2670 2208 2881 2279 καρπὸν
2908 2210 3094 2279 φέρειν
3120 2212 3213 2281 ἀφ’
3242 2212 3459 2278 ἑαυτοῦ,
3491 2213 3587 2267 ὲάν
3616 2215 3696 2285 μὴ

2114 2296 2270 2368 μείνῃ
2315 2297 2374 2349 ὲν
2402 2301 2465 2368 τῇ
2514 2299 2744 2372 ἀμπέλῳ
2766 2318 2780 2332 ’
2827 2301 3003 2367 οὑτως
3039 2306 3159 2358 οὐδὲ
3192 2306 3368 2377 ὑμεῖς,
3402 2308 3497 2360 ἐὰν
3529 2308 3606 2379 μὴ
3640 2312 3699 2361 έν

2109 2387 2232 2456 ἐμοὶ
2260 2391 2483 2460 μείνητε
2508 2408 2522 2421 ο
2566 2391 2676 2461 ἐγώ
2728 2394 2844 2464 εἰμι
2876 2396 2909 2465 ἠ
2959 2397 3219 2466 ἄμπελος,
3253 2399 3412 2469 ὑμεῖς
3446 2400 3516 2455 τὰ
3563 2400 3699 2471 κλήο

2115 2497 2263 2549 ματα
2285 2496 2300 2510 ⁸
2336 2484 2364 2535 6
2395 2481 2573 2551 μένων
2606 2486 2663 2536 ὲν
2692 2479 2835 2556 ἐμοὶ,
2866 2488 3022 2556 κάγὼ
3055 2490 3112 2541 ὲν
3141 2490 3311 2560 αὑτῷ,
3351 2484 3505 2556 οὗτος
3537 2493 3699 2564 φέρει

2112 2572 2324 2643 καρπὸν
2360 2574 2560 2629 πολῶν
2613 2578 2693 2631 ὅτι
2742 2579 2909 2651 χωρὶς
2945 2581 3081 2652 ἐμοῦ
3132 2583 3192 2636 οὑ
3232 2582 3465 2637 δύνασθε
3518 2588 3698 2639 ποιεῖν

2108 2663 2281 2717 οὐδέν.
2326 2684 2353 2747 »ι
2385 2667 2493 2719 Καὶ
2526 2669 2786 2735 εἰκότως·
2823 2673 2983 2737 αὑτὸς
3021 2675 3129 2747 γάρ
3174 2676 3321 2729 ἐστιν
3348 2676 3410 2730 τό
3454 2677 3571 2746 φῶς
3597 2679 3699 2731 καὶ

2108 2755 2140 2822 ἡ
2164 2754 2276 2824 ζωὴ
2302 2744 2410 2811 τῶν
2437 2759 2761 2830 ἀνθρώπων,
2784 2764 2877 2816 καὶ
2907 2782 2925 2815 ι
2954 2744 3135 2823 Πάντα
3164 2765 3231 2820 δι’
3258 2766 3425 2821 αὑτοῦ
3451 2744 3697 2837 ἐγένετο,

2108 2847 2203 2899 καὶ
2230 2849 2398 2919 χωρὶς
2430 2850 2597 2905 αὑτοῦ
2629 2854 2845 2921 ἐγένετο
2883 2857 3004 2911 οὑδὲ
3044 2857 3102 2913 ἓν
3134 2859 3162 2913 ὃ
3197 2860 3443 2928 γέγονεν.
3480 2881 3498 2915 ι
3532 2860 3699 2932 arma

2109 2938 2142 3008 ἡ
2175 2939 2303 3004 δόξα
2331 2943 2411 3005 εἰς
2441 2945 2570 3008 τοὺς
2604 2946 2829 3011 αἰῶνας.
2861 2949 3059 3022 Ἀμήν.

429 3023 577 3078 ferre
625 3021 867 3076 fructum
908 3036 939 3074 a
984 3019 1301 3088 semetipso,
1349 3018 1456 3072 nisi
1494 3020 1761 3074 manserit
1795 3020 1851 3075 in
1884 3022 2015 3091 vite,
2061 3029 2140 3083 sic
2190 3047 2292 3087 nec
2320 3050 2418 3088 vos
2452 3036 2559 3092 nisi
2626 3037 2684 3093 in
2726 3055 2813 3095 me
2844 3018 3177 3099 manseritis.
3223 3045 3337 3113 Ego
3388 3062 3511 3102 sum
3538 3046 3695 3109 vitis,

430 3129 531 3169 vos
571 3112 827 3182 palmites
890 3128 904 3164 :

975 3110 1072 3179 qui
1128 3115 1315 3163 manet
1356 3107 1412 3162 in
1468 3124 1577 3174 me,
1630 3118 1687 3164 et
1730 3126 1832 3182 ego
1880 3113 1938 3168 in
1986 3131 2075 3182 eo,
2120 3120 2209 3175 hic
2254 3122 2362 3177 fert
2411 3125 2653 3181 fructum
2684 3132 2939 3197 multum,
2985 3134 3115 3203 quia
3149 3135 3265 3189 sine
3296 3151 3383 3191 me
3424 3136 3563 3191 nihil
3594 3154 3697 3208 po-

433 3209 590 3265 testis
635 3206 818 3263 facere
859 3206 925 3259 '9.
966 3223 984 3256 ι
1019 3204 1151 3260 Jure
1179 3202 1403 3272 quidem
1439 3221 1451 3255 :
1486 3202 1603 3272 ipse
1639 3206 1788 3259 enim
1821 3206 2104 3266 hominum
2137 3224 2220 3269 est
2245 3216 2337 3271 lux
2372 3226 2427 3273 ct
2488 3221 2621 3287 vita,
2649 3232 2724 3287 et,
2772 3243 2791 3275 ι
2819 3202 3019 3280 Omnia
3077 3226 3318 3298 denique
3368 3246 3469 3301 per
3500 3202 3687 3302 ipsum

430 3300 575 3356 facta
613 3307 763 3366 sunt,
810 3304 868 3353 et
918 3295 1038 3352 sine
1091 3295 1213 3366 ipso
1258 3293 1464 3351 factum
1515 3303 1602 3352 est
1645 3296 1784 3353 nihil
1835 3301 1985 3372 quod
2043 3304 2249 3362 factum
2292 3320 2377 3365 est
2404 3311 2473 3366 “.
2512 3331 2531 3366 ι
2574 3314 2684 3386 lpsi
2751 3318 2922 3389 gloria
2970 3318 3025 3373 in
3069 3293 3268 3377 saecula
3332 3293 3696 3384 saeculerum.

430 3391 628 3445 Amen.

994 3493 1284 3583 uoleA
1324 3494 1433 3551 cu.

571 3615 945 3686 Importunum
976 3611 1406 3683 familiaritatem
1433 3624 1544 3663 esse
1567 3611 1862 3670 vitandam.

505 3729 686 3785 Nimis
714 3743 881 3797 quam
912 3726 1145 3791 bonum,
1170 3738 1274 3779 nec
1311 3722 1496 3779 minus
1535 3723 1672 3780 utile
1706 3725 1895 3794 fuerit,
1926 3728 2009 3786 in-

432 3821 817 3893 tempestivam
867 3818 1156 3873 hominum
1214 3813 1674 3871 consuetudinem
1722 3818 2003 3892 defugere,

366 3940 369 3941 ν
429 3924 490 3971 et
514 3914 583 3969 de
611 3926 804 3968 eorum
835 3909 926 3963 via
957 3906 1253 3973 decedere,
1286 3915 1455 3977 atque
1484 3909 1730 3963 aversari
1758 3909 1886 3965 illos
1908 3911 2005 3981 qui

431 4007 571 4061 nihil
609 4014 719 4059 tam
747 4001 1022 4071 resipiunt
1054 4014 1220 4069 quam
1251 4014 1373 4069 qua:
1418 4006 1547 4053 sunt
1597 4001 1809 4067 mundi,
1838 4003 2004 4058 modo

431 4097 581 4153 nulla
646 4093 956 4149 intercedat
1012 4092 1209 4161 ingens
1266 4092 1591 4146 necessitas.
1619 4091 1802 4163 Longe
1853 4093 2004 4148 enim

429 4188 575 4242 alius
632 4192 792 4254 urget
846 4182 1078 4236 affectus
1134 4196 1251 4248 cos,
1288 4182 1383 4251 qui
1433 4182 1645 4237 mundo
1694 4184 1827 4241 huic
1880 4187 2004 4243 vale

429 4278 619 4332 dixere
662 4288 1008 4344 supremum,
1044 4281 1100 4328 et
1129 4273 1274 4327 alius
1312 4289 1410 4328 eos
1445 4289 1585 4343 quos
1627 4283 1777 4331 totos
1809 4279 2001 4335 mundi

429 4384 584 4423 umor
633 4366 737 4421 sibi
787 4364 1056 4420 devinxit.
1083 4363 1557 4429 Quemadmodum
1614 4368 1762 4421 enim
1796 4369 1910 4424 ‘bos
1954 4371 2001 4425 si

427 4445 640 4518 accidat
696 4461 925 4525 bubalo,
978 4460 1023 4513 si
1072 4474 1283 4528 onagro
1339 4461 1653 4514 veterinum
1701 4464 2000 4534 quodpiam

427 4555 739 4618 adhinniat,
772 4553 922 4626 nulla
974 4551 1174 4605 edetur
1225 4565 1332 4605 vox
1396 4551 1503 4606 nisi
1556 4553 1883 4624 obstrepera
1936 4573 2001 4613 ac

425 4648 669 4711 dissona,
713 4644 931 4713 1188
954 4642 1055 4707 sic,
1085 4643 1131 4696 si
1170 4642 1497 4699 familiarius
1522 4660 1648 4700 cum
1682 4647 2001 4706 hominibus

424 4739 617 4794 mundi
642 4736 895 4793 monachi
919 4735 1365 4805 congrediemur.
1393 4736 1693 4794 Monachus
1720 4741 1806 4796 sui
1827 4742 2000 4812 ipsius

2712 3517 2933 3571 ΛΟΓΟΣ
2962 3519 3085 3573 PB'.

2107 3624 2246 3691 Περὶ
2287 3624 2395 3679 τοῦ
2422 3628 2845 3695 παραιτεῖσθαι
2872 3631 2981 3699 τὰς
3004 3633 3301 3704 ἀκαίρους
3329 3645 3691 3712 συντυχίας.

2179 3735 2360 3790 Καλὸν
2389 3737 2529 3807 ἄγαν
2570 3740 2664 3793 καὶ
2700 3740 2823 3795 λίαν
2871 3743 3173 3815 ὲπωφελὲς,
3199 3750 3259 3802 τὸ
3304 3757 3695 3823 παραιτεῖσθαι

2106 3826 2203 3890 τὰς
2225 3827 2489 3898 ἀκαίρους
2525 3833 2821 3903 συντυχίας
2849 3850 2862 3865 ·
2897 3837 2992 3889 καὶ
3022 3840 3388 3908 ἐκτρέπεσθαι
3421 3846 3552 3910 τοὺς
3591 3865 3693 3901 xo-

2108 3919 2448 3990 σμόφρονας,
2476 3923 2609 3995 άτερ
2642 3926 2891 3997 μεγάλης
2922 3929 3192 4002 ἀνάγκης.
3225 3934 3395 4007 Ἀλλη
3430 3939 3543 4009 γάρ
3566 3940 3676 3995 διά-

2106 4010 2256 4074 θεσις
2302 4015 2413 4076 τοῖς
2473 4013 2578 4080 ἔξω
2634 4016 2729 4071 τοῦ
2793 4019 3025 4089 κόσμου,
3058 4023 3155 4076 καὶ
3197 4025 3331 4098 ἀλλη
3362 4031 3478 4091 τοῖς
3521 4032 3582 4083 ὲν
3611 4033 3692 4103 τῷ

2104 4103 2314 4175 κόσμῳ.
2343 4106 2557 4179 Ὥσπερ
2586 4105 2679 4163 οὖν
2726 4111 3056 4183 ἀσύμφωνος
3085 4118 3119 4187 ή
3153 4117 3373 4183 σύνοδος
3408 4122 3505 4175 τοῦ
3540 4123 3687 4193 βοὸς,

2104 4195 2199 4249 καὶ
2224 4196 2319 4249 τοῦ
2348 4198 2633 4267 βουδάλου,
2664 4203 2759 4257 καὶ
2805 4205 3126 4277 ὑποζυγίου,
3159 4212 3254 4265 καὶ
3277 4212 3514 4285 όνάγρου
3542 4232 3557 4246 ⁶
3594 4217 3690 4270 οὖ-

2101 4302 2209 4349 τως
2239 4289 2334 4341 καὶ
2361 4291 2528 4360 ἡτῶν
2561 4294 2833 4364 μοναχῶν,
2861 4297 2958 4350 καὶ
3003 4298 3114 4351 τῶν
3158 4301 3302 4355 κατά
3350 4304 3579 4374 κόσμον.
3627 4308 3688 4361 ’0

2106 4378 2342 4449 μοναχὸς
2383 4382 2634 4446 ἐξουσίαν
2679 4387 2877 4441 ἑαυτοῦ
2906 4390 3006 4443 οὑκ
3041 4390 3177 4461 ἔχει’
3214 4393 3541 4451 δεδούλωται
3573 4400 3687 4469 γὰρ

2101 4471 2178 4542 τῷ
2244 4475 2735 4549 στρατολογήσαντι
2793 4481 2956 4535 αὑτὸν
2978 4525 2991 4548 ,
3020 4483 3107 4537 ὅτι
3178 4486 3539 4543 ὑποκέκλικεν
3590 4494 3687 4544 τὸν

2101 4567 2305 4636 αὐχένα
2357 4568 2524 4623 αὑτοῦ
2572 4574 2637 4642 τῇ
2699 4572 2903 4647 ζεύγλῃ
2931 4577 3027 4629 τοῦ
3055 4578 3480 4652 ὲξελαυνομένου
3515 4585 3685 4639 αὑτὸν

2100 4657 2320 4729 τέμνειν
2359 4660 2778 4733 ἀμεταστρεπτὶ
2844 4667 2973 4731 τοὺς
3021 4668 3082 4721 ὲν
3117 4672 3239 4733 ταῖς
3261 4672 3535 4745 κοιλότησι
3580 4676 3685 4745 τῆς

2100 4751 2603 4824 ταπεινοφροσύνης
2636 4755 3011 4826 πληθύνοντας
3034 4760 3133 4813 τὸν
3155 4760 3299 4817 θεῖον
3329 4766 3475 4818 σῖτον
3506 4766 3685 4819 αὔλα-

423 4840 754 4901 potestatem
804 4844 917 4883 non
966 4826 1137 4882 habet
1172 4843 1186 4880 :
1225 4827 1376 4883 illius
1409 4829 1558 4885 enim
1598 4845 1659 4885 se
1684 4831 1898 4888 addixit
1930 4850 1996 4891 ac

2106 4856 2225 4905 κας,
2263 4841 2390 4904 τοὺς
2451 4843 2895 4916 μεθυσκομένους
2951 4850 3018 4903 ὲκ
3066 4852 3171 4922 τῆς
3230 4853 3539 4927 ἐπομϐρίας
3585 4859 3681 4912 τοῦ

422 4922 757 4993 mancipavit
785 4922 1064 4987 servituti,
1094 4922 1255 4992 cujus
1284 4936 1551 4977 accensus
1585 4932 1672 4977 est
1703 4917 1913 4981 militiae
1939 4936 1998 4983 et

422 5015 775 5083 ascriptitius
802 5031 814 5067 :
847 5013 1124 5084 cervicem
1176 5014 1326 5068 enim
1361 5013 1511 5068 illius
1539 5016 1840 5072 substravit
1864 5019 1997 5090 jugo

421 5105 517 5175 qui
557 5096 738 5176 ipsum
769 5106 995 5177 delegit,
1020 5115 1083 5162 ut
1112 5121 1210 5161 eos
1259 5106 1522 5170 demetat,
1554 5109 1857 5164 nniversim
1895 5112 1995 5166 de-

420 5204 593 5261 secet,
625 5196 720 5267 qui
749 5196 807 5250 in
833 5196 1092 5252 concavis
1113 5196 1353 5252 vallibus
1378 5197 1638 5254 modesta;
1666 5200 1995 5259 humilitatis

420 5288 612 5342 divino
653 5287 938 5341 abundant
988 5287 1289 5353 frumento,
1319 5291 1467 5345 rivos
1492 5306 1690 5362 nempe
1732 5294 1787 5347 in
1821 5293 1990 5350 imum

417 5379 678 5445 devexos,
696 5378 901 5449 pluviis
923 5393 954 5433 e
982 5379 1124 5433 ctelo
1148 5389 1205 5434 et
1228 5380 1537 5437 vivificante
1567 5382 1776 5452 Spiritu
1808 5385 1992 5440 siden-

418 5471 569 5526 tibus
617 5470 945 5535 inebriatos,
979 5471 1137 5540 cujus
1176 5472 1411 5527 roscidis
1459 5474 1692 5543 guttulis
1741 5476 1989 5533 stillatim

416 5562 558 5618 ccelo
590 5561 909 5618 labentibus
938 5562 1123 5616 anima
1161 5562 1424 5630 hominis,
1456 5565 1732 5635 ejusmodi
1782 5570 1990 5639 germi-

484 5702 529 5732 ³⁸
562 5702 663 5758 Job
702 5719 863 5771 χχχι,
909 5701 999 5770 27,
1040 5701 1131 5758 98.

449 5702 529 5766 ,³⁸
562 5702 663 5758 Job
702 5719 863 5771 xxxi,
909 5702 999 5770 27,
1040 5702 1131 5758 98.
1242 5702 1288 5736 ⁸⁸
1324 5703 1507 5760 Eccle.
1549 5721 1626 5771 1x,
1688 5709 1771 5763 ll.

419 5782 458 5839 ι,
501 5770 551 5823 s.

1882 5711 1937 5751 "7
1972 5712 2108 5769 ibid.

2098 4931 2352 5003 ούρανοῦ,
2375 4933 2470 4987 καὶ
2496 4934 2850 5008 ζωοπαρόχου
2876 4939 3220 5011 Πνεύματος.
3241 4940 3318 4999 υῦ
3343 4950 3457 5011 τοῖς
3484 4952 3684 5017 σταγό-

2100 5040 2185 5077 σιν
2209 5025 2563 5097 εὐφραίνεται
2595 5029 2629 5097 ή
2657 5029 3030 5087 ἀνατέλλουσα
3054 5034 3125 5087 τὰ
3155 5035 3275 5091 θεῖα
3301 5039 3555 5109 νοήματα
3580 5042 3677 5095 τοῦ

2091 5114 2389 5186 ἀνθρώπου
2450 5117 2620 5189 ψυχή.
2666 5120 2724 5173 '0
2750 5121 2860 5193 γάρ
2912 5123 3246 5196 ὀρεγόμενος
3292 5129 3547 5200 ἡσυχίας,
3578 5135 3678 5187 καὶ

2095 5210 2523 5280 ἀπερισπάστως
2557 5212 2883 5283 βουλόμενος
2911 5217 3269 5289 προσομιλεῖν
3295 5220 3373 5292 τῷ
3404 5223 3546 5293 Θεῷ,
3573 5226 3678 5279 οὑκ

2095 5302 2304 5371 ὀφείλει
2358 5303 2496 5366 ὅλως
2542 5310 2824 5377 συντυχεῖν
2875 5326 2981 5363 τινι
3022 5311 3085 5365 τὸ
3132 5312 3391 5369 σύνολονο
3425 5316 3536 5370 τῶν
3564 5318 3677 5388 γὰρ

2094 5393 2318 5448 τελείων
2366 5396 2514 5448 ἐστὶν
2560 5396 2624 5450 τὸ
2672 5398 2874 5469 μέτρον
2909 5404 3069 5457 τοῦτο
3112 5406 3223 5459 τῶν
3279 5410 3677 5479 νεκροκσάντων

2097 5484 2324 5578 έαυτοὺς
2355 5488 2432 5560 τῷ
2460 5490 2676 5565 κόσμῳ,
2717 5496 2950 5569 κεκολλη
2959 5499 3139 5569 μένων
3166 5502 3225 5556 δὲ
3252 5506 3318 5573 τῇ
3355 5505 3545 5578 ἀγάπῃ
3573 5508 3671 5560 τοῦ

2095 5575 2254 5633 Θεοῦ.
2288 5580 2350 5632 Ei
2385 5579 2444 5633 δὲ
2481 5583 2577 5635 καὶ
2615 5585 2775 5657 χρεία
2814 5586 3041 5661 γένηται
3078 5594 3370 5665 συντυχίας
3393 5638 3410 5664 ,
3444 5575 3669 5668 Πατρά-

2222 5718 2267 5751 ⁸⁸
2314 5718 2451 5776 ibid.
2505 5723 2587 5781 l8.
2703 5727 2747 5760 ”
2792 5727 2951 5786 Joan.
3005 5745 3096 5794 xv,
3149 5732 3204 5800 4,
3240 5731 3294 5787 5.
3408 5733 3460 5768 ⁸⁸
3509 5736 3671 5796 Joao.
