4040 6504
498 389 637 455 174.5

1770 366 2140 435 ANTIOCHI
2177 362 2525 427 MONACHI

3622 346 3745 413 ΠΜ

497 506 688 567 nibus.
717 500 885 568 inque
919 489 1117 548 cellula
1134 485 1394 559 quapiam
1416 483 1589 541 dedas
1617 490 1670 541 te
1700 480 1988 553 custodiae,
2021 493 2085 535 ac

2204 476 2327 530 Ξιλλὰ
2374 474 2499 529 τότε
2555 468 2731 535 λαλεῖ,
2765 468 2894 522 ὅταν
2928 464 3072 522 θέλει
3099 463 3264 519 αὐτὸν
3291 463 3321 517 ό
3343 460 3474 526 Θεὸς
3500 460 3745 531 λαλῆσαι.

499 592 733 655 salveris
785 602 889 645 ceu
938 597 1138 654 caprea
1183 578 1375 635 vitatis
1430 575 1649 648 laqueis
1727 572 1973 639 assolet,
2027 578 2086 630 et

500 687 659 761 quasi
689 683 808 741 avis
836 695 869 736 e
906 674 1141 733 reticulo
1171 670 1425 741 aucupis.
1456 666 1666 738 Laquei
1694 665 1844 722 enim
1887 673 1945 721 et
1990 679 2089 737 pe-

502 759 639 839 dica:
658 785 789 838 sunt
806 767 1185 844 aspirantibus
1200 764 1269 820 ad
1290 764 1549 826 salutem,
1576 759 1927 817 saecularium
1958 772 2091 814 con-

504 885 748 946 gressus,
778 881 843 922 ac
874 862 1103 934 prolixa:
1167 870 1364 914 eorum
1412 851 1896 909 confabulationes
1928 862 2091 904 men-

508 938 619 1021 tem
647 972 879 1033 prorsus
907 960 1140 1009 avocant
1180 965 1211 1003 a
1250 946 1347 1003 Dei
1387 944 1789 1017 gloriﬁcatione
1834 949 1891 998 et
1922 938 2087 1010 spiri-

509 1056 642 1112 tuali
670 1050 880 1109 laetitia.
912 1047 993 1103 Eo
1013 1044 1323 1101 etiamnum
1364 1039 1537 1110 ipsam
1575 1036 1805 1108 adigunt
1844 1033 2093 1090 necessi-

510 1147 660 1211 tatis,
693 1152 755 1199 ut
809 1138 962 1197 aliud
1023 1136 1164 1192 nihil
1220 1130 1630 1201 contempletur
1661 1143 1827 1198 quam
1870 1126 2094 1182 illorum

511 1233 853 1306 vaniloquia,
903 1232 1062 1302 juxta
1102 1224 1503 1284 Partemiasteu
1534 1240 1547 1275 :
1586 1240 1605 1274 ι
1643 1218 1875 1288 Decepit
1908 1224 2095 1272 autem

509 1348 638 1387 eum
681 1328 857 1385 multo
890 1334 1168 1384 sermone,
1207 1316 1396 1373 verbis
1444 1322 1633 1370 autem
1679 1312 1956 1367 labiorum
1989 1309 2096 1365 im-

512 1426 662 1496 pegit
693 1436 821 1477 eum
846 1419 914 1472 ".
959 1436 977 1469 ι
1016 1412 1178 1482 Quod
1223 1411 1270 1468 si
1327 1408 1558 1481 propius
1604 1420 1706 1463 nos
1749 1405 1978 1468 adeunt,
2029 1402 2098 1459 de

514 1519 713 1573 animat
743 1509 975 1570 salutari
1004 1507 1245 1563 utilitate
1275 1500 1611 1566 consulturi,
1635 1515 1763 1555 cum
1791 1498 1913 1553 istis
1936 1497 2102 1553 liceat

2190 571 2359 626 Ὅταν
2386 561 2481 622 οὖν
2512 580 2658 628 τινες
2682 558 3129 631 παραϐάλλουσιν
3171 554 3442 626 ὠφελείας
3468 555 3647 625 χάριν,
3667 560 3753 608 καὶ

2189 660 2409 730 ἔχουσιν
2443 655 2629 709 πίστιν
2672 651 2819 706 θείου
2854 648 3208 719 Πνεύματος,
3241 649 3301 699 ὲν
3333 644 3573 717 πρώτοις
3603 644 3754 713 γένη-

2187 768 2280 804 ται
2306 744 2546 811 ἔντευξις
2569 745 2707 817 πρὸς
2731 743 2822 796 τὸν
2852 740 2987 794 Θεὸν
3007 740 3139 811 περὶ
3161 738 3402 792 πάντων.
3427 737 3538 791 Καὶ
3565 736 3682 789 τότε
3704 740 3757 787 τὸ

2190 839 2335 893 θεῖον
2383 834 2614 905 Πνεῦμα
2638 832 2845 905 πληροῖ
2872 830 2967 883 τὸν
2990 828 3303 900 ἄνθρωπον,
3336 829 3434 881 καὶ
3456 826 3756 897 πληρωθεὶς

2192 930 2369 993 λαλεῖ,
2388 927 2571 992 καθὼς
2616 928 2647 980 ό
2687 925 2896 996 Κύριος
2947 921 3240 992 βούλεται·
3285 920 3537 992 βούλεται
3578 920 3633 975 δὲ
3675 920 3758 971 τοῦ

2197 1022 2435 1092 σωθῆναι
2460 1019 2639 1074 πάντα
2666 1016 2980 1089 ἄνθρωπον.
3008 1013 3187 1068 Καλὸν
3234 1014 3335 1086 μὲν
3363 1012 3426 1066 τδ
3467 1012 3560 1067 διὰ
3602 1012 3762 1080 λόγων

2195 1112 2428 1183 ὠφελεῖν
2476 1112 2607 1176 τοὺς
2666 1109 3111 1181 πυνθανομένους
3134 1124 3148 1139 ·
3187 1109 3451 1177 κρεῖσσον
3489 1104 3552 1158 δὲ
3603 1104 3665 1157 τὸ
3703 1104 3761 1157 δι’

2199 1206 2401 1279 ἀρετῆς
2438 1206 2535 1258 καὶ
2587 1204 2903 1276 προσευχῆς
2960 1202 3244 1271 συνεργεῖν
3280 1199 3491 1263 αὐτοῖς.
3524 1197 3648 1270 Χρὴ
3682 1194 3765 1252 οὖν

2199 1301 2326 1363 τοὺς
2374 1298 2630 1360 θέλοντας
2670 1294 2981 1365 κτήσασθαι
3030 1294 3096 1347 τὸ
3158 1293 3365 1364 πλῆθος
3405 1293 3520 1345 τῶν
3545 1293 3766 1363 ἀρετῶν,

2204 1396 2345 1465 μήτε
2393 1391 2553 1462 δόξης
2607 1389 2882 1459 ἐφίεσθαι,
2923 1388 3065 1459 μήτε
3107 1386 3325 1450 πολλοῖς
3368 1386 3767 1457 συντυγχάνειν,

2202 1485 2386 1551 καθὼς
2420 1486 2638 1556 εἴρηται
2671 1498 2686 1515 ·
2723 1482 2859 1553 μήτε
2891 1479 3143 1551 προόδοις
3170 1478 3423 1550 συνεχέσι
3457 1477 3770 1549 κεχρῆσθαι,

517 1620 705 1662 texere
734 1614 1052 1660 sermonem
1090 1612 1217 1653 cum
1248 1594 1545 1650 verborum
1578 1589 1910 1661 compendio
1931 1630 1946 1655 ,
1978 1602 2102 1658 quae

2204 1582 2236 1653 ἣ
2273 1579 2535 1649 λοιδορεῖν
2562 1592 2742 1642 τινας,
2764 1576 2814 1628 εί
2843 1572 2941 1627 καὶ
2976 1572 3025 1628 οι
3060 1572 3466 1643 λοιδορούμενοι
3492 1572 3595 1642 τῆς
3620 1572 3774 1625 λοιδο-

517 1697 728 1768 alioqui
757 1694 950 1750 divino
974 1689 1199 1747 condita
1230 1686 1343 1743 sint
1376 1686 1513 1751 sale,
1553 1692 1610 1744 et
1632 1683 1784 1738 illinc
1818 1697 1923 1737 nos
1948 1688 2105 1737 actu-

2207 1675 2327 1747 ρίας
2382 1674 2523 1728 εἰσὶν
2565 1672 2727 1740 ἄξιοι.
2761 1672 2920 1743 Μήτε
2974 1667 3147 1724 πολλὰ
3190 1669 3425 1740 ὁμιλεῖν,
3452 1666 3564 1723 κᾶν
3614 1668 3778 1723 πάντα

521 1761 667 1845 ωηι-
688 1783 1084 1856 proripiamus.
1121 1779 1254 1833 Plus
1307 1775 1458 1831 enim
1501 1774 1606 1829 hac
1635 1780 1826 1828 nostra
1857 1769 2102 1827 brevilo-

2206 1769 2351 1822 καλὰ
2377 1768 2560 1837 λέγειν
2599 1766 2876 1821 δύναιντο.
2920 1765 2989 1820 Ἦ
3014 1762 3126 1835 γὰρ
3158 1762 3456 1832 πολυλογία
3473 1763 3509 1832 ἡ
3528 1761 3776 1831 ἄμετρος,

519 1854 751 1951 quentia
806 1873 1251 1935 aediﬁcabuntur,
1278 1883 1443 1938 quam
1494 1866 1543 1921 si
1575 1863 1955 1935 longissimam
1977 1876 2106 1915 ora-

2209 1858 2598 1931 διαςρθείρουσα
2612 1857 2703 1911 τὸν
2730 1855 2961 1921 νοῦν,ού
2996 1856 3157 1928 μόνον
3195 1856 3326 1928 περὶ
3356 1866 3459 1925 την
3485 1871 3778 1923 πνευματι-

524 1944 741 2029 tionem
790 1980 1156 2040 prorogemus
1215 1963 1285 2018 de
1341 1962 1510 2018 rebus
1567 1958 1783 2014 mundi.
1841 1954 2002 2022 Quod
2062 1954 2107 2010 si

2211 1950 2312 2022 κῆν
2338 1950 2602 2022 ἐργασίαν
2627 1950 2796 2021 ἀργὸν
2826 1948 3245 2019 αύτὺνάπεργὰζ
3261 1965 3400 2014 εται,
3426 1945 3573 2000 ἀλλὰ
3599 1947 3691 1998 καὶ
3715 1944 3781 2015 τῷ

521 2063 802 2137 quispiam
850 2060 1098 2130 obiiciat,
1125 2056 1261 2128 quid
1315 2054 1508 2124 utique
1558 2052 1763 2107 Paulus
1800 2050 1867 2105 ad
1889 2060 2109 2103 noctem

525 2171 704 2228 usque
730 2155 1119 2223 intempestam
1148 2149 1350 2219 legitur
1379 2145 1725 2218 protendisse
1752 2155 2065 2199 sermonem
2093 2157 2111 2207 ;

524 2250 764 2321 primum
800 2246 934 2301 huic
978 2241 1391 2313 responderim,
1421 2238 1572 2310 quod
1600 2238 1670 2293 ab
1694 2238 1777 2292 eis
1802 2244 1951 2292 esset
1985 2248 2110 2288 mox

526 2310 841 2403 soluturus,
879 2334 1082 2392 deinde
1134 2332 1264 2403 quia
1304 2346 1498 2387 recens
1530 2337 1691 2385 erant
1719 2326 1902 2385 edocti
1932 2310 2125 2396 prima

529 2433 663 2489 ﬁdei
694 2430 1033 2486 rudimenta.
1063 2426 1222 2481 Tunc
1250 2424 1399 2480 enim
1425 2423 1663 2493 primum
1690 2420 1799 2491 jaci
1833 2426 2116 2489 coeperant

529 2524 889 2580 fundamenta
928 2520 1053 2575 fidei
1095 2533 1199 2588 per
1249 2514 1696 2586 praedicationem
1746 2508 2006 2565 ferendae.
2032 2506 2115 2562 Ad

533 2619 672 2681 haec,
695 2615 899 2672 Paulus
932 2612 1142 2683 Spiritu
1173 2618 1367 2665 sancto
1398 2615 1517 2661 erat
1542 2606 1759 2677 plenus,
1785 2617 1913 2656 nam
1933 2610 1989 2656 et
2020 2616 2119 2670 per

2212 2046 2309 2113 τῆς
2348 2043 2579 2114 ἀκηδίας
2619 2042 2786 2097 αὑτὸν
2819 2040 3160 2113 παραδίδωσι
3187 2039 3424 2112 δαίμονι.
3463 2041 3682 2109 Ὥσπερ
3702 2034 3783 2093 οὖν

2213 2137 2270 2189 αἱ
2303 2134 2465 2207 θύραι
2490 2133 2584 2188 τοῦ
2627 2133 2914 2205 βαλανείου
2974 2132 3217 2203 συνεχῶς
3274 2132 3668 2202 ἀνοιγόμεναι.
3698 2132 3783 2203 τὴν

2214 2226 2362 2279 ἕνδοθ
2381 2226 2656 2297 ενθέρμην
2686 2224 2879 2280 θᾶττον
2899 2222 3168 2279 ὠθοῦνται
3198 2222 3335 2295 πρὸς
3361 2224 3429 2278 τὰ
3451 2223 3565 2289 ἔξω
3587 2239 3601 2253 ο
3630 2222 3786 2288 οῦτως

2216 2318 2313 2373 καὶ
2345 2319 2379 2388 ἡ
2409 2317 2556 2388 ψυχὴ
2586 2318 2714 2372 ὅταν
2745 2317 2916 2371 πολλὰ
2942 2316 3089 2370 θέλει
3119 2308 3490 2386 διαλέγεσθαι,
3519 2318 3623 2371 καὶ
3670 2320 3786 2373 πάν-

2214 2427 2337 2463 τοτε
2371 2409 2511 2464 καλὰ
2538 2409 2713 2479 λέγει,
2744 2408 2845 2481 τὴν
2868 2409 3070 2479 ἑαυτῆς
3106 2410 3351 2481 μνήμην,
3374 2410 3464 2464 διὰ
3481 2413 3591 2478 τῆς
3628 2428 3765 2482 ww;

2216 2504 2378 2573 τικῆς
2433 2501 2613 2572 πύλης
2658 2500 3060 2572 διαφθείρεται.
3093 2500 3249 2573 Καλὴ
3307 2495 3405 2557 οῦν
3450 2501 3610 2556 ἐστιν
3664 2502 3788 2555 κατὰ

2219 2596 2399 2648 πάντα
2426 2595 2459 2664 ή
2488 2594 2666 2666 σιωπή
2692 2611 2704 2624 ·
2726 2594 2995 2666 θησαυροὶ
3027 2594 3139 2665 γὰρ
3167 2594 3441 2665 βασιλικοὶ
3460 2596 3791 2667 πλησθήσον-

532 2724 662 2765 eum
688 2708 806 2777 ipse
829 2705 1071 2775 Spiritus
1093 2701 1446 2773 loquebatur.
1470 2700 1870 2769 Argumentum
1889 2692 2119 2749 evidens

535 2800 686 2872 quod
714 2800 840 2871 quis
872 2798 1140 2868 Spiritum
1166 2803 1419 2851 sanctum
1449 2792 1673 2857 habeat,
1705 2789 1944 2860 primum
1998 2785 2122 2857 qui-

534 2896 662 2950 dem
690 2893 739 2949 si
769 2898 1094 2948 mansuetus
1119 2896 1227 2954 est,
1255 2885 1302 2942 si
1328 2884 1642 2955 requietus,-
1675 2891 1732 2937 et
1763 2881 1832 2937 de
1860 2896 1919 2937 se
1952 2894 2111 2951 quam

2222 2876 2370 2927 ἐστιν
2402 2873 2462 2927 τὸ
2503 2872 2802 2938 διδάσκειν,
2852 2874 2991 2944 πρὸς
3047 2874 3425 2946 ἐπανόρθωσιν
3449 2874 3639 2946 ψυχῆς
3664 2875 3795 2943 γινέ-

537 2984 950 3042 modestissime
989 2981 1199 3037 sentiat
1227 2998 1242 3047 ;
1269 2978 1317 3034 si
1374 2977 1481 3034 sibi
1537 2982 1810 3045 temperat
1852 2973 1921 3029 ab
1968 2970 2111 3026 omni

2225 2967 2358 3021 σθω.
2388 2963 2683 3041 Χρῄζομεν
2735 2962 2830 3022 οῦν
2880 2968 2940 3020 ὲν
2980 2970 3050 3039 τῇ
3071 2966 3391 3039 διδασκαλίᾳ
3421 2968 3793 3041 ἀδιαφθορίαν.

539 3092 683 3132 vana
714 3072 1021 3145 cupiditate
1046 3069 1233 3126 saeculi
1268 3068 1457 3139 huius,
1493 3081 1662 3136 seque
1686 3065 1870 3135 ipsum
1908 3061 2111 3119 caeteris

2227 3058 2571 3128 σεμνότητα,
2632 3058 2791 3129 λόγον
2858 3059 2984 3130 ύγιῆ
3010 3101 3026 3127 ,
3087 3059 3535 3128 ἀκατάγνωστον,
3603 3060 3687 3113 ἵνα
3738 3060 3796 3112 δι’

540 3166 864 3222 hominibus
896 3165 1071 3218 multo
1097 3161 1331 3218 aestimet
1356 3159 1698 3214 interiorem.
1728 3156 1839 3212 Sed
1859 3170 2038 3226 neque
2076 3154 2111 3210 is

2226 3152 2383 3223 ἡμῶν
2438 3150 2675 3223 δοξασθῇ
2714 3152 2743 3206 ό
2785 3151 2919 3216 Θεὸς
2976 3153 3036 3206 ὲν
3096 3153 3280 3206 πᾶσιν.
3310 3169 3329 3204 ι
3367 3153 3449 3206 Τὰ
3502 3152 3619 3223 γὰρ
3675 3153 3799 3205 ὅπλα

540 3257 637 3328 qui
675 3255 891 3310 alllatus
913 3262 998 3310 est
1025 3252 1235 3323 Spiritu
1276 3258 1488 3315 sancto,
1524 3248 1746 3320 quando
1787 3247 1907 3303 vult
1950 3247 2111 3317 loqui

2225 3243 2408 3315 ἡμῶν,
2441 3244 2505 3297 οὗ
2575 3243 2838 3315 σαρκικὰ,
2880 3264 2897 3295 ι
2938 3243 3075 3298 ἀλλὰ
3132 3243 3335 3298 δυνατὰ
3385 3244 3465 3315 τῷ
3505 3243 3633 3315 Θεῷ
3681 3243 3800 3313 πρὸς

541 3349 792 3420 loquitur
842 3346 1109 3418 Spiritus,
1160 3345 1261 3403 sed
1314 3354 1447 3399 tunc
1486 3342 1772 3412 loquitur,
1805 3341 1851 3396 si
1903 3339 2111 3410 quandc

2228 3336 2548 3407 καθαίρεσιν
2599 3335 2973 3409 ὀχυρωμάτων
3008 3352 3023 3369 ⁸
3076 3336 3377 3407 λογισμοὺς
3431 3335 3800 3407 καθαίροντες,

548 3438 747 3494 siverit
796 3437 955 3493 illum
994 3436 1148 3507 loqui
1177 3437 1343 3491 Deus.
1371 3433 1510 3492 Cum
1542 3434 1711 3505 igitur
1745 3433 1995 3487 nonnulli
2023 3448 2111 3487 no:

2227 3431 2325 3485 καὶ
2354 3432 2467 3484 πᾶν
2494 3429 2697 3501 ὕψωμα
2725 3429 3091 3502 ἐπαιρόμενον
3122 3429 3268 3484 κατὰ
3295 3429 3398 3500 τῆς
3430 3427 3693 3498 γνώσεως
3719 3429 3801 3482 τοῦ

544 3530 789 3586 adierint
836 3527 1096 3583 utilitatis
1153 3526 1440 3596 captandas
1493 3525 1694 3597 gratia,
1725 3523 1771 3581 si
1818 3524 1911 3579 isti
1958 3522 2111 3578 tidem

2226 3523 2387 3589 Θεοῦ,
2430 3524 2581 3588 ὅπως
2630 3522 2888 3590 ἀθολώτῳ
2932 3521 3101 3595 ψυχῇ.
3126 3523 3222 3576 καὶ
3257 3522 3461 3595 πραείᾳ
3489 3521 3712 3593 καρδίᾳ,
3739 3521 3802 3583 ὡς

546 3624 791 3681 habeant
820 3621 998 3677 divini
1043 3606 1213 3692 hujus
1243 3620 1505 3690 Spiritus,
1539 3620 1596 3673 in
1623 3620 1817 3690 primis
1846 3617 1914 3673 ad
1951 3618 2111 3673 Deum

2227 3618 2429 3681 εὑῶδες
2450 3617 2701 3688 θυμίαμα
2726 3617 2765 3687 ἡ
2795 3615 2928 3686 εύχὴ
2955 3613 3113 3686 ἡμῶν
3141 3615 3307 3685 δεκτὴ
3332 3615 3565 3686 γένηται
3595 3614 3674 3686 τῷ
3694 3614 3804 3667 ἐτά-

546 3732 646 3786 pro
706 3714 1028 3770 hominibus
1102 3713 1364 3768 fundatur
1432 3710 1839 3781 interpellatrix
1902 3710 2083 3765 oratio

2231 3712 2376 3777 ζοντι
2408 3711 2639 3780 καρδίας
2670 3711 2766 3765 καὶ
2790 3709 3025 3780 νεφροὺς
3052 3708 3194 3779 Θεῷ.
3220 3709 3393 3779 Φησὶν
3419 3701 3611 3762 δι’καὶ
3642 3710 3671 3761 ὁ
3701 3706 3799 3760 Κύ-

546 3822 673 3860 nam
732 3816 866 3861 tunc
895 3804 1137 3876 Spiritus
1178 3804 1270 3860 ille
1290 3803 1513 3859 divinus
1542 3802 1807 3872 adimplet
1826 3800 2105 3857 hominem

2235 3821 2348 3876 ριος
2388 3807 2501 3868 τοῖς
2535 3802 2733 3859 ἑαυτοῦ
2788 3802 3063 3873 μαθηταῖς
3089 3818 3105 3833 ο
3137 3819 3156 3853 ι
3201 3800 3391 3871 Ὑμεῖς
3425 3799 3529 3853 ούκ
3580 3800 3704 3853 ἐστὲ
3750 3799 3804 3851 ὲκ

546 3899 640 3969 qui
670 3899 847 3967 gratia
882 3897 1152 3967 impletus
1175 3878 1431 3967 loquitur.
1458 3898 1573 3968 jam
1599 3898 1755 3967 juxta
1786 3896 2008 3951 Domini
2038 3911 2111 3951 vo

2230 3899 2326 3952 τοῦ
2377 3897 2582 3966 κόσμου
2613 3895 2833 3959 τούτου,
2866 3893 2982 3948 ἀλλ’
3006 3892 3118 3962 ἐγὼ
3165 3892 3507 3963 ἐξελεξάμην
3563 3894 3710 3964 ὑμᾶς
3746 3895 3803 3944 ὲκ

546 3990 815 4045 luntatem
846 4007 860 4044 :
891 3992 1012 4046 vult
1046 3999 1232 4045 autem
1262 3989 1416 4059 ipse,
1445 4005 1673 4045 onmem
1711 3988 1991 4044 hominem
2022 3988 2111 4044 sal-

2233 3991 2327 4041 τοῦ
2383 3988 2590 4057 κόσμου
2623 4004 2636 4018 θ
2665 3987 2767 4040 ούκ
2800 3984 2881 4039 ἔτι
2939 3984 3113 4038 πολλὰ
3163 3983 3385 4055 λαλήσω
3431 3983 3553 4055 μεθ’
3585 3984 3757 4054 ὑμῶν.
3782 4000 3800 4035 ι

545 4095 675 4134 vum
732 4080 855 4135 fieri
876 4081 941 4135 “.
975 4082 1119 4136 Sane
1149 4090 1208 4135 ut
1234 4082 1441 4136 bonum
1465 4081 1537 4136 sit
1562 4080 1768 4136 auxilio
1793 4095 1915 4137 esse
1945 4080 2111 4135 verbi:

2232 4079 2393 4151 Αύτῷ
2421 4080 2456 4150 ὴ
2482 4079 2609 4145 δόξα
2640 4082 2720 4143 εἰς
2740 4079 2867 4143 τοὺς
2897 4078 3123 4143 αἰῶνας,
3158 4079 3351 4150 Ἀμήν.

548 4170 659 4226 tuis
690 4171 741 4226 ei
766 4172 863 4241 qui
891 4182 945 4228 te
970 4172 1233 4242 quiddam
1270 4180 1446 4243 rogat,
1469 4172 1568 4228 sed
1598 4171 1921 4243 praestiterit
1949 4172 2025 4235 ei,
2095 4182 2157 4228 ut
2193 4186 2495 4242 coopercre
2554 4187 2657 4242 per
2709 4172 2976 4226 virtutem
3041 4179 3098 4227 et
3143 4172 3474 4228 orationem.
3510 4171 3619 4239 Qui
3653 4172 3807 4244 igitur

548 4265 1070 4322 voletnumerosam
1091 4267 1315 4337 assequi
1341 4267 1614 4321 virtutum
1671 4266 1914 4336 copiatn,
1979 4282 2206 4322 necesse
2240 4268 2315 4322 sit
2369 4266 2619 4338 defugiat
2662 4267 2845 4325 inanis
2898 4266 3088 4339 gloriae
3118 4267 3501 4338 cupiditatem,
3532 4283 3651 4323 non
3694 4282 3805 4323 cum

547 4356 735 4426 aliquo
772 4358 962 4415 multis
988 4358 1363 4421 conﬂictetur,
1389 4373 1493 4413 ceu
1527 4357 1738 4413 dictum
1774 4358 1889 4428 jam
1929 4365 2036 4424 est,
2104 4374 2174 4413 ne
2212 4357 2523 4413 continenti
2578 4372 2681 4412 usu
2743 4364 3075 4413 consuescat
3126 4372 3357 4428 pergere
3404 4359 3535 4414 aliis
3581 4358 3805 4413 obvius:

2220 2704 2309 2740 ται
2341 2686 2588 2758 χρυσίου,
2612 2685 2709 2740 καὶ
2746 2686 2864 2750 νόες
2916 2685 3027 2741 τῶν
3074 2686 3293 2759 ἀληθῶς
3324 2688 3611 2760 μοναχῶν,
3646 2688 3791 2741 πλουο

2223 2780 2343 2843 σίας
2388 2777 2797 2850 πλησθήσονται
2853 2778 3223 2847 γνώοεως·εί
3257 2779 3315 2834 δὲ
3366 2781 3463 2833 καὶ
3505 2780 3792 2848 ἀναγκαῖόν

432 4495 436 4500 .
547 4449 715 4505 nullis
740 4449 1109 4517 convicietur,
1143 4449 1449 4520 quamlibet
1477 4448 1629 4520 digni
1658 4449 1771 4504 sint
1798 4448 2003 4519 quibus
2051 4448 2363 4514 retalietur,
2403 4448 2499 4518 qui
2561 4447 2851 4503 incessunt
2915 4448 3149 4519 priores.
3180 4448 3301 4503 Non
3362 4448 3436 4503 ita
3461 4463 3593 4503 cum
3636 4450 3810 4503 multis

548 4544 977 4610 sermocinetur,
1030 4544 1248 4600 etiamsi
1301 4543 1482 4599 videri
1535 4543 1756 4613 possint
1817 4543 1965 4597 bona
2030 4557 2153 4597 esse
2191 4557 2316 4612 qua:
2361 4542 2548 4617 dicere
2598 4541 2841 4597 instituit
2898 4542 3105 4598 omnia.
3164 4542 3532 4606 lmmoderata
3572 4544 3719 4598 enim
3758 4552 3809 4597 et

548 4636 774 4693 ell'renis
803 4636 1101 4692 verborum
1132 4637 1393 4706 prolatio,
1424 4652 1533 4706 qua
1558 4636 1908 4707 periclitatur
1928 4636 2132 4690 mentis
2169 4636 2562 4705 tranquillitas,
2600 4635 2823 4708 1190,
2872 4651 2985 4691 non
3046 4635 3225 4691 solum
3254 4636 3403 4691 circa
3438 4638 3807 4708 operationem

542 4728 893 4797 spiritualem
922 4729 1232 4785 lentescere
1291 4727 1423 4783 facit
1486 4741 1609 4781 eam
1642 4741 1706 4782 ac
1760 4725 2037 4791 desidere,
2104 4724 2202 4780 sed
2240 4734 2296 4781 et
2320 4725 2711 4782 molestissimo
2743 4724 2979 4781 daemoni
3029 4725 3235 4782 aeedia:
3262 4728 3537 4798 mancipat
3569 4730 3717 4785 illam
3753 4744 3811 4783 ac

549 4820 724 4875 dedit.
760 4821 907 4879 Sane
935 4819 1405 4892 quemadmodum
1460 4818 2049 4875 exaestuantisbalnei
2118 4818 2267 4873 fores
2316 4819 2671 4875 continenter
2745 4826 2950 4893 apertae
3010 4818 3057 4873 si
3107 4828 3257 4882 sunt,
3304 4818 3562 4876 intimum
3597 4822 3809 4877 illorum

550 4915 795 4969 calorem
826 4912 983 4969 ocius
1011 4912 1198 4969 elilant
1245 4912 1623 4981 etexpellunt
1653 4911 1710 4966 in
1748 4926 1815 4967 ea
1842 4927 1966 4981 qua:
1994 4920 2125 4968 sunt
2162 4911 2538 4977 extrinsecus;
2582 4911 2660 4966 ita
2708 4920 2767 4969 et
2830 4910 3013 4966 anima
3038 4911 3085 4967 si
3148 4913 3373 4981 quando
3412 4915 3585 4969 multa
3611 4930 3811 4971 sermo-

550 5008 726 5073 cinari
777 5007 947 5071 volet,
1002 5006 1214 5061 tametsi
1276 5005 1414 5059 nihil
1453 5021 1566 5063 non
1602 5005 1749 5060 dicat
1788 5005 2059 5060 decorum,
2118 5014 2174 5059 et
2213 5006 2533 5068 honestum,
2564 5003 2889 5059 memoriam
2950 5013 3134 5059 tamen
3178 5005 3266 5058 sui
3293 5005 3469 5074 ipsius
3499 5009 3685 5076 perdit
3723 5024 3810 5077 per

550 5099 759 5156 vocalis
784 5109 958 5171 portae
994 5114 1285 5171 organum.
1322 5099 1618 5155 Silentium
1688 5099 1859 5169 igitur
1926 5114 2029 5169 per
2085 5098 2271 5153 omnia
2302 5098 2509 5153 bonum
2544 5111 2608 5151 ac
2678 5096 2823 5167 frugi
2844 5105 2952 5151 est.
3013 5097 3248 5167 Regales
3296 5096 3523 5166 quidem
3573 5100 3807 5154 thesauri

552 5189 933 5262 implebuntur
970 5208 1131 5259 auro,
1163 5203 1220 5249 et
1240 5208 1438 5249 sensus
1463 5208 1659 5249 eorum
1684 5194 1778 5263 qui
1813 5207 1928 5247 non
1989 5192 2172 5246 fucate
2210 5200 2342 5246 sunt
2377 5191 2660 5256 monachi,
2693 5191 3096 5247 saturabuntur
3144 5191 3392 5247 scientia:
3418 5192 3724 5263 apulentia.
3758 5192 3809 5247 Si

552 5301 662 5356 qua
692 5286 915 5341 interim
940 5286 1175 5342 docendi
1205 5288 1480 5359 ingruerit
1507 5289 1832 5353 necessitas,
1858 5287 1925 5342 ad
1939 5288 2135 5343 animm
2170 5289 2599 5353 correctionem,
2634 5284 2855 5343 doceto.
2915 5287 2977 5342 In
3038 5286 3141 5341 hac
3172 5293 3361 5340 tamen
3381 5284 3617 5342 docendi
3648 5290 3811 5343 ratio-

551 5396 622 5436 ne
661 5381 921 5437 volumus
970 5381 1167 5436 adesse
1209 5381 1474 5438 doctrina:
1517 5383 1818 5459 legitimam
1868 5384 2743 5453 incorruptionem,gravitatem,
2808 5382 3040 5439 verbum
3099 5397 3295 5437 sanum
3364 5392 3420 5436 et
3471 5385 3786 5453 irreprchen

555 5470 737 5536 sibilc,
792 5480 854 5526 ut
907 5486 1007 5542 per
1038 5485 1142 5526 nos
1200 5470 1539 5543 glorificetur
1596 5472 1744 5528 Deus
1792 5473 1851 5528 in
1903 5474 2184 5530 omnibus.
2244 5495 2263 5529 ι
2316 5476 2482 5533 Arma
2542 5494 2561 5529 ι
2600 5476 2752 5531 enim
2805 5494 2829 5528 ι
2879 5486 3068 5533 nostra
3100 5493 3213 5534 non
3252 5492 3385 5536 sunt
3417 5482 3677 5542 carnalia.
3720 5480 3809 5535 sed

564 5566 982 5639 potentiaDeo,
1034 5566 1101 5621 ad
1132 5565 1568 5622 destructionem
1602 5566 1977 5635 munitionum
2019 5585 2031 5621 :
2066 5569 2295 5624 consilia
2330 5569 2687 5625 destruentes
2716 5571 2761 5602 “
2822 5592 2839 5624 ι
2880 5582 2937 5626 ut
2967 5572 3149 5626 anima
3189 5573 3359 5629 nullis
3382 5576 3579 5646 agitata
3612 5577 3806 5629 intem-

558 5659 747 5728 pctiis,
779 5673 843 5715 ac
872 5658 989 5715 miti
1025 5659 1213 5728 corde,
1259 5668 1450 5715 nostra
1486 5660 1662 5716 oratio
1695 5662 1841 5717 sicut
1874 5662 2160 5717 incensum
2192 5676 2359 5717 suave
2394 5665 2661 5734 fragrans,
2697 5666 3051 5735 acccptal..ilis
3094 5665 3146 5722 ei
3195 5666 3286 5723 σοι
3325 5671 3419 5741 qui
3451 5672 3615 5725 corda
3652 5686 3809 5725 scru-

629 5819 673 5849 ⁸³
704 5816 862 5871 Prov.
902 5834 1079 5881 xxvnt,
1110 5818 1198 5871 25.
1278 5817 1324 5848 ⁸⁸
1354 5819 1370 5871 l
1406 5818 1548 5873 Tim.
1586 5836 1645 5885 ll,
1677 5822 1728 5875 4.
1808 5822 1850 5851 ⁸⁵
1889 5822 1929 5875 ll
1961 5820 2088 5875 Cor.
2130 5838 2181 5883 χ,
2214 5824 2265 5876 αί.
