4040 6504
305 346 444 415 1745

1344 370 1675 433 HOMILIA
1716 374 1879 441 CIII.
1922 405 1989 415 —
2029 382 2127 442 DE
2166 383 2544 445 SILENTIO.

3446 354 3581 459 ιῖιθ
3667 460 3672 465 .

301 477 451 575 tatur
478 476 537 524 et
569 484 754 575 renes,
775 489 977 575 nempe
1019 479 1153 536 Deo.
1180 480 1288 538 Sed
1336 491 1394 539 ct
1450 487 1717 546 Dominus
1767 492 1883 547 suis
1921 492 2060 550 dixit
2115 496 2408 567 discipulis
2445 515 2459 553 :
2496 519 2514 552 ι
2556 502 2666 556 Vos
2716 517 2828 557 non
2882 502 3022 559 estis
3069 504 3139 561 de
3204 510 3413 565 mundo
3449 510 3577 575 hoc.

300 563 396 618 θθά
442 580 547 670 ego
586 568 732 640 elegi
762 585 864 627 vos
898 572 971 631 de
1008 577 1221 633 mundo
1255 582 1269 634 ξ
1306 596 1416 639 non
1448 583 1561 656 jam
1590 586 1764 643 multa
1794 588 2008 660 loquar'
2035 563 2327 649 vobiscum
2357 592 2422 650 “.
2464 616 2482 648 ι
2521 596 2634 667 Ipsi
2704 596 2881 670 gloria
2947 599 3007 655 in
3074 604 3279 659 secula

300 672 446 712 rum.
473 659 674 717 Amen.

895 805 1117 860 ΛΟΓΟΣ
1171 808 1290 865 ΡΓ’.

865 919 1006 988 Περι
1031 920 1321 991 ἡσυχίας.

385 1025 614 1099 Ἡσυχία
656 1027 881 1099 ώφελεῖ,
910 1032 1022 1088 τῶν
1056 1036 1246 1090 κακῶν
1285 1039 1597 1112 ἀργήσασα.
1642 1044 1770 1101 Ἐὰν
1820 1047 1881 1103 δὲ

264 1134 265 1137 ‘
299 1117 522 1210 καὶτὰς
542 1119 821 1194 τέσσαρας
854 1124 1060 1195 ἀρετὰς
1096 1129 1155 1182 ἐν
1185 1134 1463 1206 προσευχῇ
1496 1137 1879 1210 πφσλάσηται

300 1209 575 1282 βοήθημα,
599 1212 745 1268 τοῦτ’
757 1214 894 1286 ἔστι,
922 1218 1024 1291 τὴν
1047 1221 1430 1295 μακροθυμίαν
1449 1228 1547 1282 καὶ
1565 1209 1878 1299 τὴνταπει-

301 1304 663 1397 νοφροσόνην,
684 1309 996 1381 ἀγρυπνίαν
1011 1331 1069 1368 τε
1086 1316 1180 1371 καὶ
1204 1317 1554 1390 ἐγκράτειαν,
1569 1323 1721 1378 οὐδὲν
1740 1324 1878 1397 αὐτῇ

303 1395 712 1468 συντομώτερον
735 1400 872 1471 πρὸς
899 1401 1191 1462 ἀπάθειαν.
1225 1408 1381 1481 Καλὴ
1410 1405 1504 1465 οῦν
1538 1413 1572 1483 ή
1623 1395 1881 1487 εὔκαιρος

302 1489 509 1558 σιωπὴ.
535 1490 693 1545 οὐδὲν
739 1490 930 1565 ἓτερον
973 1494 1130 1564 οὖσα,
1160 1498 1194 1571 ἢ
1230 1502 1417 1573 μήτηρ
1450 1505 1671 1560 ἐννοιῶν
1698 1524 1877 1578 σοφω-

300 1581 481 1635 τάτων
506 1598 521 1613 ·
551 1583 744 1656 ἐπειδὴ
773 1588 869 1641 καὶ
898 1587 961 1643 τὸ
981 1590 1187 1659 ἀγαθὸν
1210 1594 1436 1667 Πνεῦμα
1476 1598 1741 1669 ἐκφεύγει
1778 1602 1881 1674 τὴν

300 1674 651 1744 πολυλογίαν,
677 1678 755 1743 ὼς
791 1681 1036 1754 ταραχῆς
1062 1682 1245 1755 πάσης
1271 1688 1367 1741 καὶ
1389 1690 1693 1759 φαντασίας
1722 1692 1881 1757 ἐκτὸς

299 1764 382 1819 ὃν.
423 1764 488 1819 Ἦ
520 1763 614 1822 οὖν
643 1769 845 1841 ήσυχία
872 1771 948 1835 ὡς
977 1773 1118 1844 καλὴ
1145 1771 1281 1830 οὖσα
1333 1779 1517 1851 μήτηρ
1553 1781 1743 1836 πασῶν
1770 1782 1881 1836 τῶν

299 1853 512 1927 ἀρετῶν
535 1858 815 1928 τυγχάνει.
860 1862 1160 1937 ’Δπογεννᾷ
1180 1866 1291 1937 γὰρ
1313 1868 1481 1933 αὐτὰς
1508 1869 1596 1926 διὰ
1618 1871 1721 1942 τῆς
1744 1873 1881 1943 πρὸς

303 1947 437 2002 Θεὸν
467 1949 815 2007 ἀδιαλείπτου
842 1954 940 2009 καὶ
962 1956 1377 2028 ἀπερισπάστου
1411 1962 1659 2033 ήσυχίας.
1676 1963 1736 2019 ’0
1761 1964 1881 2031 φιλ-

303 2041 507 2112 ήσυχος
569 2046 805 2116 μοναχὸς
855 2048 1141 2116 ἀγαπᾶται
1180 2051 1285 2104 ὑπὸ
1332 2053 1429 2107 τοῦ
1471 2052 1630 2123 Θεοῦ,
1688 2058 1877 2129 ἐπειδὴ

302 2135 398 2189 καὶ
443 2135 607 2201 αὐτὸς
641 2137 873 2207 ἀγαπῶν
903 2141 995 2195 τὸν
1017 2142 1152 2197 Θεὸν
1180 2144 1331 2218 αὐτῷ
1368 2147 1517 2217 μόνῳ
1543 2147 1685 2201 θέλει
1711 2165 1879 2221 προση
1916 2140 1957 2199 Β

286 2226 512 2313 νομιλεῖν
557 2229 647 2284 διά
681 2228 795 2302 τῆς
831 2232 1085 2305 καθαρᾶς
1135 2238 1467 2309 προσευχῆς,
1497 2241 1594 2294 καὶ
1639 2241 1735 2294 ἐπὶ
1778 2242 1883 2312 γῆς

301 2316 504 2386 διάγων
553 2318 624 2373 τά
679 2320 910 2392 οὐράνια
956 2323 1312 2393 φαντάζεται.
1356 2327 1518 2392 Ὄλος
1548 2330 1658 2399 γὰρ
1692 2333 1722 2384 6
1758 2331 1885 2395 νοῦς

302 2407 467 2464 αὐτοῦ
518 2412 762 2483 μεριμνᾷ
781 2412 850 2466 τὸ
896 2412 1016 2479 πῶς
1044 2415 1231 2487 ἀρέσει
1270 2416 1351 2489 τῷ
1377 2418 1519 2491 Θεῷ,
1584 2420 1681 2473 καὶ
1729 2422 1884 2490 γενέ-

304 2500 431 2556 σθαι
473 2502 599 2566 ναὸς
641 2500 736 2557 τοῦ
777 2504 934 2574 ἁγίου
969 2506 1134 2561 αὐτοῦ
1163 2508 1502 2580 Πνεύματος.
1538 2509 1596 2566 ’0
1640 2512 1884 2578 τοιοῦτος

302 2593 390 2648 ἀεὶ
427 2594 709 2649 ὐποκλίνει
737 2596 827 2650 τὸν
851 2598 1053 2669 αὐχένα
1085 2600 1251 2656 αὑτοῦ
1273 2602 1351 2674 τῷ
1381 2602 1606 2676 ἐλαφρῷ
1631 2605 1728 2660 καὶ
1752 2623 1884 2679 χρη-

304 2686 414 2758 στῷ
440 2687 589 2759 ζυγῷ
611 2689 705 2743 τοῦ
721 2691 958 2763 Χριστοῦ
985 2709 999 2724 ·
1022 2694 1118 2750 καὶ
1144 2694 1322 2749 πάντα
1361 2696 1430 2751 τὰ
1459 2696 1713 2769 ὁρώμενα
1736 2706 1879 2771 παρ-

301 2778 468 2852 ορῶν,
500 2782 610 2834 τῶν
652 2782 901 2854 ἀοράτων
960 2783 1193 2855 ἐφίεται.
1222 2786 1441 2843 Μᾶλλον
1472 2788 1531 2843 δέ
1582 2790 1743 2844 αὑτὸν
1788 2790 1881 2844 τὸν

303 2873 534 2943 ἀόρατον
552 2874 627 2939 ῶς
662 2876 808 2943 ὁρῶν
830 2895 1001 2949 καρτε
1011 2879 1114 2951 ρετ.
1145 2879 1209 2933 Oi
1234 2880 1470 2935 τοιοῦτοι
1492 2883 1606 2947 τοῖς
1627 2881 1881 2951 ἀγγέλοις

302 2965 381 3038 τῷ
430 2967 531 3039 βίῳ
571 2969 1007 3041 συναμιλλῶνται
1038 2987 1052 3001 ⁸
1089 2971 1324 3028 πάντοτε
1347 2972 1448 3037 τὰς
1478 2975 1724 3045 ἐρήμους
1751 2974 1880 3029 διώ-

303 3073 513 3125 κοντες,
541 3058 627 3113 ἵνα
658 3060 718 3113 ἐν
746 3059 915 3133 πολλῇ
951 3062 1153 3133 ήσυχίᾳ
1186 3063 1282 3116 καὶ
1316 3064 1624 3136 ἀμεριμνίᾳ
1653 3063 1731 3135 τῷ
1759 3064 1879 3136 Θεῷ

304 3150 769 3222 προσομιλοῦντες
794 3153 887 3209 τὸν
913 3152 1122 3209 ἑαυτῶν
1150 3155 1276 3210 νοῦν
1316 3155 1585 3225 ἔσοπτρον
1609 3155 1881 3228 ἀκηλίδω-

300 3260 395 3297 τον
443 3244 900 3316 ἀπεργάσωνται,
925 3248 1067 3303 κατὰ
1095 3247 1189 3302 τὸν
1217 3247 1393 3319 μέγαν
1429 3249 1640 3315 Ἠλίαν,
1664 3250 1761 3303 καὶ
1788 3250 1882 3304 τὸν

302 3335 613 3408 πρόδρομον
669 3338 765 3392 καὶ
819 3338 1121 3411 βαπτιστήν
1176 3340 1272 3394 τοῦ
1323 3341 1528 3412 Κυρίου
1601 3341 1878 3413 Ἰωάννην.

300 3428 580 3501 Μακάριοι
607 3430 658 3483 oi
704 3428 934 3484 τοιοῦτοι
964 3432 1056 3484 καὶ
1094 3432 1188 3485 ἐπὶ
1233 3432 1339 3502 γῆς
1370 3435 1465 3487 καὶ
1494 3434 1551 3487 ἐν
1579 3434 1832 3504 οὐρανοῖς
1865 3450 1879 3464 ·

303 3519 501 3597 οἵτινες
563 3520 632 3574 τὰ
680 3522 859 3576 πάντα
911 3521 1174 3592 ἡγοῦνται
1200 3522 1470 3589 σκύὸαλα,
1516 3522 1603 3576 ἵνα
1647 3523 1884 3592 Χριστὸν

306 3612 635 3685 κερδήσωσι.
664 3615 759 3667 καὶ
790 3613 1094 3685 εὑρεθῶσιν
1123 3617 1182 3669 ἐν
1216 3615 1294 3687 τῷ
1317 3616 1506 3688 πραέῳ
1541 3616 1636 3668 καὶ
1675 3613 1887 3687 ήσυχίῳ

306 3706 578 3777 πνεύματι
620 3696 951 3777 βαδίζοντες,
990 3708 1085 3762 καὶ
1129 3708 1366 3780 μάλιστα
1397 3710 1479 3773 είς
1509 3706 1604 3771 οὒς
1646 3708 1888 3779 ἐφθάσα-

307 3816 409 3870 μεν
435 3798 681 3871 καιρούς.
716 3798 915 3865 Καθὼς
936 3801 966 3854 6
1000 3802 1287 3874 προφήτης
1325 3801 1507 3872 ’Λμὼς
1531 3801 1601 3856 τὰ
1628 3801 1761 3872 περὶ
1790 3799 1886 3854 τοῦ

306 3892 601 3958 ἐνεστῶτος
648 3892 842 3965 καιροῦ
891 3895 1041 3966 ἡμᾶς
1079 3894 1349 3949 παιδεύων
1397 3894 1585 3967 φησὶν,
1621 3913 1641 3946 ι
1687 3895 1777 3949 Ἐν
1810 3893 1889 3964 τῷ

307 3982 486 4055 καιρῷ
515 3982 710 4056 ἐκείνῳ
734 3984 763 4038 6
789 3982 984 4038 συνιὼν
1012 3986 1373 4057 σιωπήσεται,
1394 3986 1476 4039 ὅτι
1506 3985 1701 4057 καιρὸς
1723 4001 1890 4056 πονη-

310 4078 403 4150 ρός
432 4076 573 4133 ἐστι.
609 4096 628 4130 ι
672 4078 782 4133 Καὶ
810 4078 839 4134 6
882 4077 1133 4144 Ἡσαΐας,
1172 4100 1190 4133 ι
1228 4079 1419 4134 Μισῶν
1473 4080 1763 4152 πονηρίαν,
1793 4078 1889 4133 καὶ

307 4168 409 4233 τὰς
479 4169 671 4239 χεῖρας
737 4169 1129 4240 ἀποσειόμενος
1184 4170 1292 4224 ἀπὸ
1343 4170 1554 4242 δώρων,
1612 4172 1889 4241 καμμύων

309 4259 640 4331 ὀφθαλμοὺς,
662 4262 751 4316 ἵνα
780 4260 855 4333 μὴ
875 4263 960 4334 ι’δῃ
989 4262 1222 4328 ἀδικίαν,
1244 4255 1398 4327 οὗτος
1421 4264 1634 4335 οίκήσει
1666 4266 1725 4319 ἐν
1749 4283 1893 4337 σπη-

308 4352 464 4426 λαίῳ,
494 4354 654 4426 ἄρτος
710 4355 859 4427 αὐτῷ
909 4355 1222 4427 δοθήσεται,
1264 4355 1359 4411 καὶ
1402 4356 1463 4410 τὸ
1521 4355 1667 4429 ῦδωρ
1725 4356 1890 4412 αὑτοῦ

310 4447 521 4504 πιστόν.
563 4466 581 4500 ι
610 4447 722 4502 Καὶ
775 4449 841 4503 ἐκ
891 4447 1186 4521 προσώπου
1233 4448 1442 4520 Κυρίου
1485 4447 1671 4521 φησὶν,
1708 4465 1727 4501 ι
1770 4449 1893 4502 Ἐπὶ

310 4541 435 4596 τίνα
466 4541 768 4614 ἐπιϐλέψω,
804 4542 921 4596 ἀλλ’
952 4544 985 4614 ἦ
1016 4542 1110 4597 ἐπὶ
1133 4543 1224 4597 τὸν
1254 4540 1509 4596 ταπεινὸν
1525 4542 1619 4597 καὶ
1648 4542 1852 4614 ἥσυχον
1875 4583 1891 4609 ,

312 4636 409 4692 καὶ
454 4634 731 4708 τρέμοντά
770 4653 871 4708 μου
910 4639 1038 4701 τοὺς
1059 4635 1253 4705 λόγους
1283 4652 1299 4701 ;
1338 4654 1358 4687 ι
1390 4634 1505 4689 Καὶ
1532 4638 1561 4690 6
1594 4636 1889 4714 Ἱερεμίας,

254 4758 275 4769 -
320 4748 340 4784 ι
372 4729 469 4792 Τίς
496 4728 657 4783 δώσει
684 4745 795 4801 μοι,
819 4727 1018 4797 λέγων,
1043 4730 1101 4782 ἐν
1129 4730 1196 4799 τῇ
1225 4729 1438 4800 ἐρήμῳ,
1468 4727 1709 4800 σταθμὸν
1733 4728 1896 4799 ἐσχα-

2564 825 2848 885 HOMILIA
2881 829 3014 887 CIII.

2619 939 2699 996 De
2724 942 2955 1000 silentio.

2059 1052 2155 1108 Vel
2186 1052 2293 1108 hoc
2317 1046 2546 1110 nomine
2576 1057 2739 1114 nobis
2764 1060 3144 1117 emolumento
3174 1072 3260 1119 est
3287 1063 3571 1122 silentium

1987 1153 2044 1201 et
2070 1146 2315 1215 adjuvat,
2338 1148 2487 1218 quod
2514 1147 2712 1205 doceat
2734 1167 2765 1206 a
2791 1153 2952 1208 malis
2975 1154 3164 1210 feriari
3186 1157 3569 1228 etinterquie-

1987 1240 2335 1308 scere.Quod
2358 1236 2405 1297 si
2427 1242 2664 1299 virtutes
2690 1252 2930 1313 quatuor
2954 1248 3010 1302 in
3040 1250 3293 1306 oratione
3310 1252 3572 1309 concilia-

1988 1331 2062 1387 rit
2081 1330 2189 1387 sibi
2211 1341 2268 1389 et
2287 1335 2568 1402 asciverit,
2592 1335 2798 1406 quibus
2822 1340 3053 1406 nitatur,
3079 1342 3346 1399 nimirum
3370 1344 3569 1417 longa-

1986 1426 2194 1481 nimem
2261 1424 2648 1494 tolerantiam,
2684 1429 2853 1485 animi
2884 1432 3236 1499 modestiam,
3298 1436 3568 1507 vigiliam,

1989 1513 2451 1585 temperantiam;
2482 1516 2623 1571 nihil
2654 1516 2869 1587 uspiam
2904 1519 3153 1576 inveniet
3177 1524 3324 1592 quod
3350 1524 3573 1579 brevio-

1988 1619 2050 1659 re
2097 1603 2432 1674 compendio
2478 1605 2720 1661 animam
2779 1607 2973 1662 reddat
3032 1608 3179 1665 circa
3223 1612 3572 1669 turbulentas

1928 1755 1931 1757 .
1987 1697 2275 1767 passiones
2318 1697 2401 1754 sic
2447 1698 2724 1765 stabilem,
2760 1708 2821 1755 ut
2858 1699 3162 1756 silentium.
3189 1702 3363 1769 Quam
3401 1704 3573 1774 igitur

1988 1787 2240 1857 speciosa
2281 1798 2561 1859 Quamque
2597 1799 2940 1860 opportuna,
2976 1799 3034 1847 et
3079 1783 3437 1850 accommoda
3484 1803 3573 1851 est

1988 1879 2152 1935 nobis
2199 1880 2384 1936 virtus
2436 1879 2687 1935 silentii?
2720 1881 2887 1937 Aliud
2933 1896 3168 1953 prorsus
3219 1883 3360 1939 nihil
3404 1900 3569 1955 quam

1988 1971 2528 2043 sapientissimarum
2586 1973 2985 2044 cogitationum
3042 1984 3241 2031 mater.
3287 1976 3572 2049 Benignus

1988 2065 2196 2121 etenim
2260 2064 2356 2121 ille
2428 2064 2671 2135 Spiritus
2729 2066 2823 2121 vix
2886 2067 3036 2122 aliud
3100 2076 3212 2122 tam
3280 2078 3572 2125 aversatur

1986 2166 2044 2212 et
2084 2156 2248 2229 fugit,
2290 2164 2353 2212 ut
2383 2157 2725 2229 multiloquii
2760 2160 3084 2225 vanitatem,
3112 2160 3570 2232 quandoquidem

1985 2249 2035 2305 is
2092 2250 2162 2305 ab
2224 2250 2377 2305 omni
2441 2250 2763 2307 turbulenta
2819 2267 2880 2307 se
2942 2253 3237 2309 submovet
3299 2254 3572 2325 intempe-

1984 2339 2065 2397 rie
2093 2349 2263 2412 atque
2294 2341 2664 2399 ludificatoria
2704 2344 3120 2415 imaginatione.
3148 2344 3447 2401 Silentium
3472 2344 3570 2417 igi-

1984 2442 2076 2489 tur
2100 2442 2257 2490 tanto
2288 2450 2415 2490 cum
2445 2436 2735 2507 splendeat
2767 2435 2991 2501 decore,
3046 2447 3227 2492 mater
3265 2437 3393 2509 jure
3432 2453 3566 2493 cen-

1983 2532 2138 2580 setur
2165 2525 2439 2582 virtutum
2472 2526 2733 2582 monachi
2765 2546 2778 2581 :
2809 2542 2904 2583 eas
2925 2526 3076 2582 enim
3100 2535 3441 2598 progenerat
3469 2542 3572 2597 per

1978 2618 2170 2688 jugem
2215 2627 2274 2674 et
2307 2618 2645 2675 indivulsam
2695 2619 2763 2674 ad
2812 2618 2987 2675 Deum
3038 2618 3568 2688 interpellationem.

1982 2708 2287 2767 Monachus
2319 2710 2527 2766 silentii
2557 2720 2613 2766 et
2637 2710 2842 2782 quietis
2865 2719 3080 2766 amator
3106 2698 3219 2766 non
3241 2718 3429 2780 potest
3457 2723 3567 2764 non

1982 2815 2013 2855 a
2048 2798 2162 2856 Deo
2226 2799 2405 2871 diligi.
2437 2800 2577 2856 Cum
2631 2801 2782 2857 enim
2835 2800 2935 2856 Dei
2982 2814 3174 2856 amore
3232 2799 3567 2870 inardescat,

1982 2890 2087 2948 soli
2119 2882 2274 2962 cupit
2295 2893 2408 2948 Deo
2435 2893 2681 2964 colloqui
2713 2909 2813 2964 per
2835 2893 3114 2949 sinceram
3140 2891 3471 2948 orationem.
3497 2890 3568 2955 Is,

1980 2984 2086 3039 etsi
2108 2984 2161 3039 in
2178 2992 2322 3039 terra
2345 2993 2616 3049 moretur,
2633 2985 2880 3041 cmlestia
2906 2991 3094 3041 tamen
3119 2983 3466 3040 transcendit
3482 2983 3573 3053 pia

1983 3075 2375 3148 imaginatione
2403 3094 2417 3132 :
2444 3084 2560 3132 tota
2600 3077 2751 3133 enim
2778 3077 2946 3133 istius
2968 3091 3124 3132 mens
3152 3076 3211 3131 in
3248 3075 3356 3130 hac
3386 3061 3496 3129 una
3519 3087 3571 3131 et

1980 3168 2142 3224 anxia
2164 3168 2500 3241 cogitatione
2516 3178 2791 3247 versatur,
2808 3178 2870 3224 ut
2885 3168 2998 3225 Deo
3012 3183 3070 3224 se
3089 3167 3291 3238 probet
3302 3182 3366 3222 ac
3380 3164 3575 3222 reddat

1981 3262 2296 3328 amabilem,
2325 3261 2616 3332 sanctique
2640 3261 2882 3333 Spiritus
2906 3260 3174 3331 templum
3190 3265 3578 3329 promereatur

1981 3352 2363 3424 eliici.1191
2390 3353 2492 3408 ilic
2512 3354 2786 3409 cervicem
2808 3367 2962 3408 suam
2985 3366 3252 3423 perquam
3280 3350 3393 3407 leni
3418 3350 3578 3406 Chri-

1986 3446 2055 3501 sti
2080 3447 2211 3517 jugo
2253 3455 2313 3501 et
2358 3445 2516 3501 suavi
2550 3445 2858 3500 substernit
2898 3443 3128 3499 acclinis
3159 3456 3398 3514 semper.
3428 3442 3576 3499 Visi-

1986 3536 2121 3591 bilia
2154 3545 2351 3591 cuncta
2387 3535 2795 3600 transmittens,
2832 3533 2900 3589 ad
2937 3532 3307 3588 invisibilium
3359 3531 3576 3603 rapitur

1986 3640 2254 3688 amorem,
2276 3624 2450 3697 magis
2470 3640 2602 3681 vero
2622 3621 2990 3681 invisibilium
3028 3629 3328 3695 tquatenus
3353 3637 3417 3677 ea
3443 3635 3577 3677 con-

1988 3717 2312 3790 templatur)
2345 3718 2718 3789 aliquousque
2756 3731 2988 3787 compos
3009 3715 3122 3786 jam
3153 3720 3258 3770 est.
3309 3711 3414 3779 Qui
3440 3712 3577 3768 tales

1988 3813 2139 3871 sunt,
2183 3806 2429 3876 puritate
2475 3805 2607 3860 vita:
2659 3819 2787 3861 cum
2845 3803 3058 3876 angelis
3113 3799 3572 3872 congrediuntur.

1988 3898 2085 3955 Isti
2128 3899 2285 3954 nullo
2316 3912 2430 3953 non
2466 3904 2717 3967 tempore
2767 3902 3037 3966 eXpetunt
3087 3892 3404 3962 adeuntque
3448 3890 3578 3945 soli-

1990 3983 2237 4058 tudines,
2283 3995 2346 4045 ut
2404 3987 2674 4044 taciturni
2735 4001 2801 4042 ac
2842 3984 3129 4056 tranquilli
3178 3983 3337 4055 prius
3387 3981 3575 4037 divina

1989 4082 2349 4155 perfruantur
2369 4079 2728 4145 allocutione,
2771 4092 3034 4147 suamque
3062 4076 3306 4146 ipsorum
3335 4083 3573 4128 mentem

1990 4175 2279 4246 speculum
2341 4171 2791 4239 eﬂiciantnuila
2840 4169 2963 4225 labe
3013 4168 3426 4238 interpunctum
3481 4174 3578 4220 aut

1990 4282 2300 4339 aspersum,
2350 4281 2608 4338 magnum
2640 4264 2795 4319 illum
2849 4261 3050 4317 imitati
3093 4260 3273 4316 Eliam
3327 4272 3393 4315 ac
3431 4274 3574 4329 pra:-

1991 4376 2277 4420 cursorem
2297 4368 2355 4416 et
2375 4341 2671 4430 baptistam
2688 4354 2908 4411 Domini
2926 4353 3217 4409 Joannem.
3242 4349 3396 4406 Beati
3415 4348 3576 4420 plane

1994 4454 2151 4521 tales,
2179 4469 2308 4508 cum
2343 4466 2513 4521 super
2540 4457 2770 4513 terram,
2806 4455 2926 4503 tum
2949 4453 3007 4501 et
3031 4445 3088 4500 in
3120 4442 3297 4508 caalis,
3318 4440 3426 4512 qui
3452 4441 3577 4511 qui-

1992 4546 2118 4601 dem
2140 4545 2326 4601 omnia
2357 4543 2571 4599 ducunt
2604 4541 2763 4613 quasi
2793 4548 3060 4603 stercora,
3087 4536 3372 4593 Christum
3403 4542 3465 4588 ut
3491 4534 3576 4587 lu-

1993 4636 2279 4694 crifaciant
2317 4634 2783 4703 invenianturque
2840 4632 2897 4687 in
2940 4630 3062 4685 miti
3105 4644 3171 4685 ac
3207 4626 3461 4698 requiete
3492 4624 3577 4680 in-

1995 4729 2194 4786 cedere
2227 4726 2452 4800 spiritu.
2487 4726 2659 4797 quue
2689 4722 2796 4780 nos
2846 4722 3095 4779 omnium
3131 4718 3367 4775 maxime
3397 4717 3576 4773 facere

312 4838 443 4888 τον;
478 4821 573 4874 καὶ
600 4818 911 4890 καταλείψω
943 4818 1036 4873 τὸν
1059 4819 1188 4874 λαὸν
1217 4818 1407 4873 τοῦτον
1432 4837 1447 4887 ;
1490 4839 1510 4873 ι
1544 4820 1656 4874 Καὶ
1685 4820 1848 4874 πάλιν
1873 4858 1886 4882 ,

1998 4818 2250 4884 addecet,
2294 4817 2393 4889 qui
2424 4816 2483 4872 in
2523 4817 2642 4872 haec
2690 4813 3052 4886 pervenimus
3077 4821 3348 4881 tempora.
3396 4806 3488 4864 Sic
3520 4813 3579 4861 et

320 4932 339 4966 ι
372 4914 488 4967 Οὐκ
541 4913 776 4966 ἐκάθισα
850 4911 989 4985 μετὰ
1064 4911 1488 4985 συμπαιζόντων
1538 4913 1888 4981 αὐτῶν,ἁλλ’

313 5005 661 5078 ειξλαδούμην
695 5004 802 5059 ἀπὸ
831 5005 1126 5077 προσώπου
1163 5005 1348 5077 χειρός
1382 5023 1498 5059 σου.
1534 5005 1691 5058 Κατὰ
1723 5005 1893 5076 μόνας

317 5098 624 5169 ἐκαθήμην,
652 5098 735 5152 ὅτι
776 5096 1005 5166 πικρίας
1053 5094 1415 5168 ἐνεπλήσθην.
1450 5113 1471 5147 ›
1501 5094 1614 5151 Καὶ
1650 5096 1678 5149 6
1704 5093 1892 5159 Δαυῖδ,

325 5210 344 5245 ι
374 5190 693 5264 Ἑμάκρυνα
712 5187 1055 5261 φυγαδεύων,
1077 5189 1173 5244 καὶ
1192 5186 1461 5262 ηὐλίσθην
1481 5188 1621 5259 ἐντῇ
1646 5188 1890 5259 ἐρήμῳ.»

1989 4911 2262 4984 propheta
2307 4908 2507 4976 Amos',
2569 4923 2695 4977 quae
2759 4904 2989 4961 instanti
3035 4911 3289 4973 tempore
3326 4897 3576 4971 contige-

1994 5012 2148 5069 runt,
2188 5016 2292 5058 suo
2314 5015 2419 5056 nos
2446 4998 2831 5071 praeerudiens
2861 4995 3107 5061 oraculo,
3138 4994 3217 5048 ait
3250 5010 3266 5047 :
3302 5010 3320 5044 ι
3355 4990 3415 5045 In
3443 4996 3578 5044 tem-

1994 5110 2131 5166 pore
2176 5093 2273 5148 illo
2320 5092 2639 5161 intelligens
2682 5087 2888 5152 silebit,
2934 5086 3063 5157 quia
3098 5092 3315 5155 tempus
3371 5079 3578 5136 malum

1994 5193 2081 5241 est
2128 5185 2197 5241 ‘7.
2227 5204 2247 5237 ι
2280 5182 2449 5239 Isaias
2492 5196 2717 5253 quoque
2752 5198 2767 5236 :
2808 5198 2825 5231 ι
2853 5177 2957 5246 Qui
2998 5176 3118 5233 odit
3147 5172 3494 5247 iniquitatem
3523 5177 3579 5225 et

318 5285 451 5349 Καὶ,
483 5282 754 5357 [Ἐθέμην
778 5283 839 5336 τὸ
870 5282 1077 5355 ἐνδυμά
1104 5300 1228 5353 μου,
1259 5278 1506 5357 cauom]
1536 5300 1555 5333 ι
1592 5280 1799 5352 ἐθέμην
1820 5280 1886 5350 τᾷ

2003 5293 2205 5334 manus
2245 5274 2458 5331 excutit
2494 5289 2525 5329 a
2559 5272 2932 5338 muneribus;
2988 5268 3084 5340 qui
3124 5266 3333 5324 claudit
3387 5264 3580 5321 oculos

323 5376 551 5448 στόματί
584 5394 688 5447 μου
739 5374 988 5446 φυλακὴν
1031 5376 1089 5429 ἐν
1115 5373 1193 5445 τῷ
1220 5379 1480 5448 συστῆναι
1508 5376 1600 5427 τὸν
1638 5374 1902 5445 ἀμαρτω-

1999 5386 2070 5425 ne
2115 5368 2299 5423 videat
2333 5367 2709 5436 iniquitatem,
2760 5364 2853 5419 hic
2894 5359 3168 5417 habitabit
3216 5358 3283 5414 in
3314 5357 3578 5428 spelunca

321 5445 435 5523 λὸν⁷
458 5445 701 5522 ἐναντίον
731 5445 833 5539 μου
865 5464 1190 5539 [ἐκωφὼθην
1245 5465 1339 5519 καὶ
1378 5445 1759 5534 ἐταπεινώθην
1808 5464 1886 5519 καὶ

1999 5461 2252 5526 excelsa;
2303 5458 2465 5529 panis
2513 5456 2567 5512 ei
2614 5456 2859 5517 dabitur,
2907 5460 2964 5509 et
2995 5467 3137 5524 aqua
3182 5451 3303 5522 ejus
3348 5445 3574 5539 ﬁdelis:

324 5561 559 5632 ἐσίγησα
587 5561 646 5628 ἐξ
679 5536 922 5629 ἀγαθῶν.
948 5559 1060 5614 Καὶ
1093 5536 1305 5630 πάλιν,]
1337 5557 1641 5630 ἐκωφώθην
1674 5556 1771 5611 καὶ
1804 5555 1886 5609 οὐ)

2000 5553 2206 5623 Regem
2258 5564 2386 5606 cum
2447 5548 2619 5622 gloria
2666 5547 2906 5613 videbit,
2962 5553 3019 5601 et
3072 5543 3219 5599 oculi
3269 5536 3579 5632 vestri_vi-

324 5652 517 5727 ῆνοιξα
543 5654 603 5707 τὸ
627 5653 807 5725 στόμα
838 5667 966 5724 μου,
996 5653 1080 5707 ὅτι
1109 5653 1174 5706 σὺ
1197 5649 1479 5721 ἐποίησας.
1512 5668 1531 5703 ι
1564 5648 1696 5716 Καὶ,
1733 5667 1751 5701 ι
1792 5646 1906 5703 Κύς

400 5812 445 5851 ιθ
478 5809 634 5868 Joan.
665 5825 754 5876 xv,
791 5809 872 5867 I9.
947 5808 993 5849 ⁸⁷
1030 5806 1198 5864 Amos
1248 5822 1303 5871 v,
1358 5803 1445 5859 I3.

2003 5646 2213 5701 dehunt
2244 5642 2546 5723 terramde
2581 5642 2761 5713 longe,
2792 5639 2973 5694 anima
3002 5644 3181 5692 vestra
3220 5628 3578 5688 meditabitur
3686 5674 3692 5680 .
