4040 6510
502 348 633 415 1747

1775 338 2145 402 ANTIOCHI
2185 336 2531 420 MONACHI

3642 334 3778 400 1748

504 467 761 523 timorem
800 463 867 516 ⁸⁸.
914 482 933 515 ι
994 463 1046 518 ls
1090 476 1161 518 ex
1206 459 1429 518 Domini
1470 473 1707 531 persona
1745 457 1925 513 dicit:
1958 474 1976 509 ι
2008 453 2084 510 Ad

2198 472 2313 526 ριος
2349 453 2657 519 κατοικίζει
2710 452 3081 527 μονοτρόπους
3112 453 3172 507 ὲν
3212 452 3368 522 οἴκῳ.
3412 470 3434 504 ι
3478 450 3647 525 Ἀνὴρ
3670 452 3780 521 γὰρ

503 564 669 629 quem
708 555 1027 626 respiciam,
1068 552 1176 610 nisi
1222 552 1293 609 ad
1335 550 1601 607 humilem
1651 558 1707 606 et
1744 549 1995 619 quietum
2026 556 2083 605 et

504 653 834 703 trementem
880 658 1166 702 sermones
1220 655 1376 697 meos
1410 640 1491 695 ⁸θῖ
1527 659 1546 693 ι
1594 638 1861 696 Jeremias
1906 638 2082 693 item:

506 759 526 792 ο
563 740 700 806 Quis
744 738 897 794 dabit
943 736 1079 792 mihi
1113 736 1171 790 in
1228 732 1530 790 solitudine
1569 731 1939 787 diversorium
1981 744 2087 785 no-

499 831 809 899 vissimum,
831 841 889 886 et
909 829 1289 899 derelinquam
1318 827 1582 898 populum
1605 826 1755 882 hunc
1783 826 1866 880 l"’?
1895 845 1913 877 ι
1946 826 2091 881 Rur-

501 937 598 979 sus
630 939 645 976 :
687 942 707 976 ι
736 920 857 978 Νοιι
892 922 1011 978 sedi
1046 938 1172 979 cum
1206 922 1622 978 colludentibus
1656 920 1755 985 eis,
1801 920 1897 975 sed
1929 935 2088 975 reve-

502 1014 646 1069 ritus
688 1029 810 1068 sum
837 1030 870 1069 a
897 1014 1036 1071 facie
1065 1030 1264 1070 manus
1308 1022 1436 1078 tuae,
1466 1012 1619 1069 solus
1644 1011 1928 1075 sedebam,
1959 1011 2089 1082 quia

503 1106 876 1161 amaritudine
906 1107 1153 1177 repletus
1196 1114 1321 1163 sum
1347 1110 1416 1161 δι.
1447 1127 1467 1159 ι
1514 1105 1691 1161 David
1725 1122 1741 1159 :
1779 1124 1797 1158 ι
1826 1104 2091 1177 Elongavi

506 1193 748 1266 fugiens,
768 1206 826 1253 et
849 1200 1027 1255 mansi
1058 1200 1116 1254 in
1142 1199 1442 1256 solitudine
1462 1200 1528 1253 ³³.
1564 1218 1583 1249 ι
1637 1199 1738 1253 Et:
1765 1217 1783 1249 ι
1806 1196 1970 1253 Posui
1999 1196 2086 1251 ori

505 1304 633 1345 meo
662 1291 1006 1359 custodiam;
1040 1292 1173 1347 dum
1211 1292 1548 1347 consisteret
1590 1298 1853 1360 peccator
1887 1289 2086 1343 adver-

506 1396 629 1435 sum
656 1397 770 1448 me,
798 1382 1051 1439 obmutui
1084 1392 1139 1440 et
1170 1399 1280 1438 non
1314 1383 1507 1453 aperui
1537 1397 1598 1437 os
1624 1396 1830 1444 meum,
1864 1379 1991 1451 quia
2027 1387 2085 1432 tu

509 1469 689 1529 fecisti
734 1475 803 1530 ⁸³.
832 1494 850 1527 ι
902 1475 971 1531 Ει
1024 1494 1038 1530 :
1078 1493 1098 1527 ι
1127 1474 1397 1529 Dominus
1432 1473 1683 1527 habitare
1731 1470 1866 1526 facit
1915 1469 2083 1524 unius

2188 547 2453 620 φρόνιμος
2496 545 2730 617 ἡσυχίαν
2787 547 2934 616 ἄγει.
2986 545 3118 611 Kai,
3160 564 3179 597 ι
3230 544 3556 613 ⁸Ἄνθρωπος
3617 543 3780 612 σοφὸς

2192 641 2409 711 σιγήσει
2458 639 2563 704 ἕως
2606 638 2824 711 καιροῦ.
2862 657 2883 690 ι
2950 638 3085 704 Καὶ,
3131 656 3150 689 ι
3177 635 3468 690 Γινώσκων
3516 634 3636 706 ἅμα
3685 635 3779 689 καὶ

2193 729 2438 797 σιωπῶν,
2478 749 2496 784 ι
2531 728 2675 784 κατὰ
2703 729 2804 800 τὴν
2830 728 3081 798 Γραφήν.
3114 728 3225 782 Kal
3250 729 3278 781 6
3318 726 3775 799 Ἐκκλησιαστὴς,

2198 838 2218 873 ι
2263 821 2391 875 Ἐὰν
2417 818 2637 892 πνεῦμα
2658 818 2749 873 τοῦ
2788 817 3197 886 ὲξουσιάζοντος
3222 817 3396 889 ἀναϐῇ
3425 817 3519 871 tati
3555 816 3619 869 σὲ
3641 855 3657 879 ,
3688 816 3778 869 τό-

2193 930 2297 968 πον
2350 931 2445 966 σου
2492 912 2567 983 μὴ
2591 912 2759 983 ἀφῇς.
2788 932 2808 964 ι
2842 913 2953 966 Καὶ
2973 914 3001 965 6
3038 911 3294 981 Ἰωάννης
3320 912 3380 965 ὲν
3403 911 3527 973 ταῖς
3546 910 3778 981 ὲρήμοις

2191 1004 2434 1078 διέτριψε
2472 1024 2489 1056 ι
2523 1005 2716 1075 μέχρις
2750 1004 2967 1075 ἡμέρας
3009 1002 3335 1070 ἀναδείξεως
3378 998 3549 1057 αὐτοῦ
3590 1019 3609 1052 ι
3640 1001 3780 1069 πρὸς

2191 1100 2283 1154 τὸν
2322 1099 2559 1169 Ἰσραήλ.
2606 1098 2665 1151 Ὀ
2712 1099 2767 1151 δὲ
2814 1097 3017 1167 Κύριος
3070 1099 3151 1161 είς
3208 1097 3389 1150 πάντα
3429 1094 3602 1158 τύπος
3644 1095 3779 1164 ἡμῖν

2193 1189 2508 1260 γενόμενος,
2534 1184 2602 1258 ἦν
2636 1187 2937 1258 ὑποχωρῶν
2961 1189 3017 1241 ὲν
3050 1188 3171 1248 ταῖς
3201 1187 3432 1257 ἐρήμοις
3481 1183 3579 1238 καὶ
3604 1200 3778 1254 um:-

2193 1282 2507 1354 ευχόμενος,
2545 1281 2640 1334 καὶ
2686 1282 2798 1344 τοῖς
2831 1280 3102 1351 μαθηταῖς
3136 1278 3302 1332 αὐτοῦ
3335 1277 3518 1347 ἐλεγεο
3552 1296 3570 1327 ι
3614 1274 3777 1329 Δεῦτε

2194 1375 2356 1444 ὑμεῖς
2390 1374 2470 1437 εἰς
2524 1371 2731 1443 ἔρημον
2771 1372 2958 1437 τόπον,
2992 1370 3089 1425 καὶ
3130 1368 3480 1424 ἀναπαύεσθε
3520 1368 3723 1434 ὀλίγον.
3755 1385 3773 1417 ι

2192 1465 2358 1536 Αύτῷ
2384 1467 2416 1535 ἡ
2446 1463 2572 1529 δόξα
2598 1465 2676 1527 εἰς
2709 1464 2834 1527 τοὺς
2855 1462 3082 1527 αίῶνας.
3124 1462 3323 1534 Ἀμήν.

507 1567 680 1621 moris
712 1567 768 1621 in
798 1567 963 1621 domo
984 1566 1050 1620 “.
1078 1585 1095 1618 ι
1127 1566 1223 1623 Vir
1247 1565 1396 1620 enim
1417 1564 1663 1635 prudens
1686 1563 1928 1634 quietem
1949 1561 2083 1632 agit.
2124 1560 2195 1614 Et
2231 1576 2245 1612 :
2288 1576 2307 1608 ι
2341 1557 2517 1612 Homo
2562 1557 2785 1628 sapiens
2848 1555 3037 1611 silebit
3096 1570 3272 1625 usque
3304 1554 3372 1608 ad
3410 1562 3629 1623 tempus
3658 1553 3726 1606 ".
3751 1569 3769 1601 ι

508 1658 573 1713 Et
606 1674 621 1713 :
654 1676 674 1708 ι
730 1657 836 1725 Qui
888 1657 1202 1728 intelligens
1229 1665 1331 1720 est,
1381 1657 1527 1712 idem
1555 1666 1614 1711 et
1657 1663 1803 1710 tacet
1833 1655 1901 1718 ⁵⁵,
1932 1674 1948 1704 ι
1990 1651 2296 1708 secundum
2320 1646 2686 1720 Scripturam.
2750 1648 3118 1704 Ecclesiastes
3179 1663 3193 1700 :

3256 1666 3272 1697 ι
3300 1647 3357 1702 Si
3412 1645 3645 1715 spiritus
3680 1659 3775 1713 po.

512 1758 769 1805 testatem
800 1750 1061 1806 habentis
1090 1751 1402 1806 ascenderit
1436 1766 1605 1820 super
1656 1757 1732 1816 te,
1766 1764 1836 1805 ne
1867 1746 2145 1804 dimiseris
2182 1746 2366 1801 locum
2398 1743 2465 1800 ⁸⁷.
2493 1766 2511 1797 ι
2555 1746 2797 1801 Joannes
2826 1744 2976 1800 enim
3007 1743 3065 1798 in
3102 1742 3337 1799 desertis
3368 1741 3533 1797 traxit
3566 1754 3775 1793 moram

516 1862 536 1893 ι
564 1842 635 1899 ad
663 1843 813 1899 diem
842 1859 1016 1913 usque
1049 1842 1384 1898 ostensionis
1431 1857 1545 1898 suae
1579 1842 1625 1877 ⁵⁸
1657 1861 1675 1895 ι
1750 1842 1819 1897 ad
1892 1840 2157 1912 populum
2195 1840 2385 1895 Israel.
2422 1839 2691 1894 Dominus
2723 1852 2966 1907 quoque,
3012 1838 3287 1892 virtutum
3330 1835 3579 1889 omnium
3620 1842 3778 1904 typus

510 1934 674 1990 nobis
720 1935 920 1999 factus,
964 1935 1021 1989 in
1056 1934 1385 1990 solitudines
1434 1933 1749 2000 secedebat,
1790 1941 1847 1988 et
1908 1932 2122 1995 orabat,
2166 1933 2394 2002 suisque
2425 1932 2645 1987 dicebat
2713 1930 3056 2002 discipulis:
3099 1949 3117 1982 ι
3147 1929 3341 1986 Venite
3368 1942 3467 1983 vos
3498 1927 3557 1983 in
3588 1925 3774 1982 deser-

509 2032 628 2080 tum
656 2026 865 2091 locum,
892 2032 950 2080 et
972 2023 1305 2094 requiescite
1326 2024 1612 2091 paululum
1631 2025 1698 2077 δν.
1731 2044 1747 2075 ›
1777 2023 1885 2094 lpsi
1910 2023 2083 2094 gloria
2123 2021 2178 2076 in
2213 2022 2434 2078 secula.
2472 2020 2669 2076 Amen.

916 2134 1129 2207 1192
1184 2136 1472 2192 HOMILIA
1518 2135 1652 2191 CIV.

1139 2247 1217 2301 De
1254 2247 1457 2319 vigilia.

578 2362 776 2432 Vigilia
809 2376 942 2416 sane
986 2372 1205 2416 scutum
1242 2362 1396 2417 mirae
1442 2350 1862 2435 magnitudinis,
1891 2372 1947 2418 et
1976 2365 2088 2419 ele-

412 2506 416 2517 ,
506 2454 659 2524 ganti
682 2453 885 2508 decore
913 2455 1275 2523 conspicuum
1304 2455 1467 2510 nobis
1499 2455 1774 2510 indultum
1801 2472 1831 2511 a
1867 2457 1980 2510 Deo
2002 2464 2088 2511 est

507 2547 775 2601 adversus
811 2546 1093 2601 diabolum
1136 2548 1367 2618 ejusque
1391 2548 1620 2614 milites,
1653 2548 1917 2602 nimirum
1951 2563 2085 2603 con-

510 2648 594 2694 tra
626 2640 856 2710 spiritus
890 2640 1059 2696 totius
1081 2640 1323 2696 artiﬁces
1350 2640 1729 2711 malignitatis.
1749 2641 1942 2712 Vigilia
1972 2641 2086 2695 ala-

507 2732 656 2786 crior
695 2733 776 2797 lit,
805 2733 980 2788 enitet
1026 2748 1092 2788 ac
1135 2732 1386 2788 ﬁrmatur
1426 2732 1577 2788 tenui
1611 2734 1842 2803 penuria
1875 2748 2084 2798 rerum,

508 2824 603 2880 sed
634 2832 691 2878 et
728 2825 986 2895 pervigili
1021 2840 1187 2880 sensu
1230 2841 1294 2899 ac
1341 2824 1600 2895 prudenti
1652 2841 1779 2880 cum
1808 2826 1921 2880 Deo
1949 2841 2085 2881 con-

506 2916 758 2985 greditur
780 2916 1125 2972 familiariter
1148 2934 1162 2970 :
1186 2925 1376 2970 contra
1402 2916 1667 2971 saturitas
1685 2918 1895 2973 ventris
1920 2926 2085 2988 atque

508 3007 734 3062 satietas
759 3007 837 3061 illi
871 3007 1088 3078 objacet
1107 3016 1160 3062 et
1179 3008 1521 3073 obluctatur,
1546 3022 1648 3062 nec
1680 3008 1735 3062 id
1765 3009 1964 3074 solum,
1988 3008 2085 3064 sed

507 3108 563 3155 et
594 3111 835 3181 ruentem
873 3101 1120 3155 timidam
1167 3086 1333 3155 efficit
1376 3116 1439 3156 ac
1471 3101 1826 3167 imbecillem,
1876 3108 1933 3156 et
1964 3116 2085 3171 quae

509 3192 655 3246 inter
683 3192 1047 3247 obscenarum
1072 3192 1393 3262 passionum
1433 3193 1675 3246 assultus
1718 3192 2082 3262 deprehensa,

510 3284 662 3338 nullo
692 3284 916 3354 negotio
942 3284 1171 3338 inferior
1202 3283 1260 3336 fit
1281 3292 1445 3354 atque
1470 3294 1835 3357 expugnatur.
1864 3303 1883 3337 ι
1913 3284 2086 3340 Oran-

506 3374 639 3431 dum
666 3374 837 3446 igitur
860 3390 931 3429 ne
948 3375 1073 3445 fuga
1088 3384 1276 3429 nostra
1295 3374 1387 3430 ﬁat
1409 3376 1590 3431 hieme
1611 3385 1706 3430 aut
1726 3376 1965 3431 Sabbato
1980 3378 2045 3442 ⁸ο,
2060 3396 2078 3427 ι

2708 2194 2713 2199 ς
2794 2135 3014 2190 ΛΟΓΟΣ
3050 2136 3169 2190 PA'.

2720 2249 2859 2318 Περὶ
2907 2249 3268 2320 ἀγρυπνίας.

2210 2380 2213 2381 ⁷
2276 2362 2585 2434 Ἀγρυπνία
2611 2360 2752 2432 μέγα
2774 2362 2938 2415 δπλον
2970 2363 3066 2415 καὶ
3098 2361 3261 2415 καλὸν
3291 2360 3425 2431 ἡμῖν
3463 2358 3619 2430 παρά
3640 2356 3769 2411 Θεοῦ

2192 2453 2495 2525 δεδώρηται
2520 2451 2663 2506 κατά
2696 2452 2792 2506 τοῦ
2834 2452 3106 2519 διαϐόλου,
3139 2451 3366 2505 καὶτῶν
3399 2449 3770 2523 στρατευομέ-

2193 2564 2300 2601 νων
2340 2545 2491 2616 αύτῷ
2540 2545 2833 2600 σκοτεινῶν
2882 2546 3027 2599 κατά
3064 2545 3163 2616 τῆς
3208 2544 3479 2614 πονηρίας
3526 2547 3769 2611 πνευμά.⁴

2193 2656 2323 2693 των.
2357 2638 2504 2709 Αὕτη
2536 2639 2593 2691 δὲ
2642 2638 3019 2710 φαιδρύνεται,
3070 2640 3165 2691 καὶ
3213 2636 3640 2707 ὕποστηρίζεται
3686 2632 3768 2686 διά

2193 2732 2292 2803 τῆς
2325 2731 2677 2800 όλιγοδεείας,
2726 2732 2820 2786 καὶ
2867 2731 3124 2804 νηφαλέῳ
3172 2732 3482 2801 φρονήματι
3527 2728 3607 2798 τῷ
3653 2727 3767 2798 Θεῷ

2193 2823 2536 2894 προσομιλεῖ.
2582 2823 2647 2876 'lI
2690 2824 2798 2896 γὰρ
2828 2824 3115 2896 χορτασία,
3163 2823 3259 2877 καὶ
3288 2825 3317 2877 6
3350 2824 3514 2893 κόρος
3550 2820 3653 2883 τῆς
3681 2836 3768 2888 γα-

2196 2918 2356 2988 στρὸς
2390 2918 2695 2971 ἀντίκειται
2715 2916 2885 2988 αὐτῷ.
2921 2918 2997 2972 Ού
3031 2917 3191 2987 μόνον
3207 2915 3283 2980 δὲ,
3307 2915 3446 2969 ἀλλά
3476 2914 3575 2967 καὶ
3602 2910 3765 2964 δειλόν

2194 3008 2289 3064 καὶ
2327 3009 2530 3080 ἀδρανῆ
2567 3010 2659 3063 τὸν
2692 3009 2816 3064 νοῦν
2841 3009 3236 3080 ἀπεργάζεται,
3268 3007 3364 3062 καὶ
3394 3007 3638 3078 εὐχερῶς
3666 3007 3763 3070 ἡτ-

2191 3100 2434 3173 τώμενον
2457 3106 2513 3155 ἐν
2545 3104 2665 3166 ταῖς
2691 3101 3017 3173 προσϐολαῖς
3050 3100 3158 3155 τῶν
3199 3101 3528 3171 ἀκαθάρτων
3558 3102 3762 3159 παθῶν.

2202 3212 2221 3246 ι
2258 3194 2557 3264 Εύξώμεθα
2585 3189 2700 3260 οὖν,
2740 3194 2827 3248 ἵνα
2858 3193 2934 3266 μὴ
2957 3194 3188 3264 γένηται
3219 3194 3253 3264 ἡ
3284 3193 3432 3261 φυγὴ
3464 3194 3624 3264 ἡμῶν
3655 3212 3763 3264 χει-

2196 3285 2373 3357 μῶνος
2412 3287 2446 3357 ἢ
2494 3285 2784 3357 Σαϐϐάτῳ,
2830 3304 2849 3336 ι
2893 3287 3172 3340 τουτέστιν
3209 3286 3266 3338 ὲν
3305 3288 3421 3349 τοῖς
3448 3287 3650 3341 πάθεσι
3675 3286 3765 3341 καὶ

2190 3380 2259 3449 τῇ
2300 3377 2606 3432 ἀναπαύσει
2634 3377 2815 3442 ὄντας.
2848 3378 2912 3431 Ei
2947 3377 3276 3449 στρατιῶται
3305 3377 3546 3450 Χριστοῦ
3576 3381 3765 3449 ἐσμεν,

508 3470 615 3524 hoc
647 3477 753 3533 est,
807 3468 941 3523 dum
978 3468 1250 3523 illidimur
1279 3469 1616 3539 importunis
1642 3470 1956 3537 affectibus,
1986 3483 2081 3529 aut

2191 3468 2288 3539 τὴν
2336 3468 2456 3521 όδδν
2508 3469 2609 3537 τῆς
2665 3468 2938 3532 ἀπαθείας
3009 3468 3108 3523 καὶ
3164 3467 3260 3521 τοῦ
3318 3469 3492 3523 κόπου
3542 3469 3769 3538 Θέλομεν

505 3561 752 3629 iacemus
788 3560 971 3615 securi
997 3561 1290 3616 malorum.
1315 3560 1372 3615 Si
1399 3560 1604 3616 Christi
1638 3562 1842 3618 milites
1874 3579 2085 3631 sumus,

506 3669 578 3709 ne
598 3652 946 3723 defugiamus
970 3664 1120 3708 recta
1152 3653 1391 3724 ingredi,
1423 3670 1531 3724 qua
1563 3654 1683 3725 (per
1717 3655 1985 3728 laborem)
2016 3657 2086 3712 ad

509 3743 967 3815 tranquillitatem
1018 3744 1368 3800 conscientia:
1398 3746 1748 3816 pertingitur,
1783 3762 1849 3802 ac
1871 3763 1973 3818 pro
2003 3749 2085 3804 vi-

510 3835 599 3889 rili
648 3850 774 3890 cum
818 3843 1012 3890 nostro
1042 3836 1401 3891 colluctatore
1433 3836 1842 3907 depraliemur.
1878 3839 1939 3893 In
1983 3839 2086 3895 ob-

509 3924 798 3979 servandis
842 3924 1118 3991 excubiis,
1172 3925 1219 3980 si
1270 3934 1482 3983 attente
1529 3943 1593 3983 ac
1645 3929 1950 3998 prudenter
2000 3931 2085 3985 vi-

504 4013 883 4084 gilaverimus,
913 4013 1225 4083 poterimus
1258 4015 1451 4085 utique
1480 4017 1712 4072 vulnere
1739 4019 2086 4074 atrocissime

506 4105 866 4161 consauciare
889 4104 1289 4160 adversarium.
1313 4106 1381 4161 Et
1410 4107 1496 4162 hac
1521 4108 1746 4178 quidem
1780 4111 2084 4166 secundum

506 4196 682 4252 Deum
732 4196 972 4277 virtutes
1029 4207 1188 4263 sunt,
1238 4198 1534 4264 nimirum,
1585 4200 1808 4271 vigilia,
1869 4202 2082 4267 oratio,

505 4286 835 4357 psalmodia,
885 4288 1138 4344 modesta
1181 4288 1500 4355 humilitas,
1551 4291 1915 4347 eucharistia.
1970 4292 2083 4359 Hae,

417 4426 421 4431 .
507 4380 757 4450 inquam,
796 4395 961 4436 arcus
984 4380 1125 4435 fiunt
1172 4382 1440 4437 adversus
1492 4383 1804 4451 inimicum,
1830 4384 2082 4455 laqueus,

507 4470 673 4540 ﬂagra
721 4472 928 4544 quibus
976 4472 1180 4528 misere
1221 4474 1629 4541 conscinditur,
1671 4475 1837 4532 modo
1888 4494 1956 4532 ne
2003 4478 2086 4531 in-

505 4564 779 4621 solentius
810 4564 1129 4631 efferamur,
1161 4564 1207 4620 si
1238 4566 1458 4635 quando
1492 4565 1639 4623 inter
1684 4569 1953 4624 orandum
2001 4569 2086 4623 fu-

506 4657 608 4711 sim
632 4657 796 4712 nobis
822 4656 1075 4712 deﬂuunt
1093 4657 1349 4729 lacryma:
1375 4675 1389 4711 :
1419 4674 1599 4730 neque
1630 4660 1780 4729 enim
1805 4677 1870 4715 ex
1899 4662 2081 4727 nobis,

2189 3558 2410 3612 ὁδεύειν
2445 3558 2540 3611 καὶ
2574 3559 2833 3631 ἀνδρείως
2872 3558 3127 3612 ἵστασθαι
3167 3559 3311 3613 κατά
3339 3560 3433 3613 τοῦ
3469 3559 3768 3617 ἀντιπάλου

2188 3652 2369 3724 ἡμῶν.
2414 3652 2540 3706 Ἐὰν
2570 3652 2679 3724 γὰρ
2704 3652 2762 3705 ἐν
2810 3654 2879 3724 τῇ
2914 3652 3196 3723 ἀγρυπνίᾳ
3242 3652 3524 3723 νηφόντως
3566 3668 3770 3723 γρηγο-

2188 3745 2395 3819 ρῶμεν,
2450 3745 2792 3816 δυνησόμεθα
2865 3745 3266 3816 χαλεπωτέρως
3313 3745 3525 3818 τρῶσαι
3580 3746 3766 3800 αὐτόν.

2186 3840 2257 3894 At
2283 3840 2391 3911 γὰρ
2421 3839 2561 3893 κατὰ
2593 3838 2727 3893 Θεὸν
2773 3838 2990 3911 ἀρεταὶ,
3021 3838 3299 3893 τουτέστιν
3328 3840 3605 3911 ἀγρυπνία
3624 3882 3639 3905 ,
3675 3840 3768 3895 καὶ

2186 3933 2342 4005 εὐχὴ,
2374 3933 2467 3986 καὶ
2500 3932 2808 4005 ψαλμῳδία,
2830 3933 2923 3986 καὶ
2951 3933 3445 4004 ταπεινοφροσύνη,
3479 3933 3580 3987 καὶ
3604 3934 3766 4003 εὐχα-

2187 4016 2397 4097 ριστία,
2426 4024 2556 4093 τόξα
2595 4025 2711 4097 και
2736 4023 2926 4093 παγίς,
2964 4023 3061 4079 κοιλ⁸
3107 4025 3371 4096 μάστιγες
3399 4025 3647 4093 γίνονται
3687 4025 3765 4097 τῷ

2186 4096 2383 4190 ἐχθρῷ.
2416 4117 2594 4173 Μόνον
2624 4096 3060 4189 μὴ’ὲπαρθῶμεν
3105 4118 3165 4170 ὲν
3192 4119 3260 4188 τῇ
3298 4120 3582 4190 προσευχῇ
3609 4118 3765 4188 ἡμῶν

2186 4208 2471 4279 ἐκχέοντες
2509 4208 2743 4280 δάκρυα.
2776 4209 2851 4262 Ού
2887 4208 2993 4280 γὰρ
3023 4208 3081 4275 ἐξ
3111 4208 3268 4279 ἡμῶν
3293 4210 3363 4262 τὰ
3388 4208 3625 4278 δάκρυα,
3651 4210 3761 4263 ἀλλ’

2184 4302 2251 4356 ὲκ
2294 4302 2394 4373 τῆς
2422 4300 2868 4374 ἐπιχορηγούσης
2914 4301 3157 4371 χάριτος,
3221 4300 3403 4356 Καλὸν
3458 4300 3554 4355 οὖν
3616 4303 3762 4357 ἐστιν

2186 4395 2565 4466 ἐπιμελεῖσθαι
2608 4395 2916 4459 σπουδαίως
2960 4393 3056 4448 τοῦ
3098 4395 3327 4462 ζεύγους
3376 4395 3476 4466 τῆς
3513 4395 3759 4467 νήψεως,

2186 4485 2279 4540 καὶ
2321 4485 2421 4556 τῆς
2463 4485 2794 4555 ὀλιγοσιτίας
2834 4486 2931 4556 τῆς
2982 4485 3451 4559 συνεπισχυούσης
3493 4488 3561 4556 τῇ
3589 4488 3760 4555 ἀγρυ-

2187 4579 2339 4651 πνίᾳ,
2373 4579 2611 4648 μάλιστα
2642 4581 2803 4651 ἡμεῖς
2833 4581 2882 4631 οἱ
2912 4580 2991 4642 είς
3036 4578 3167 4632 αὐτὸ
3190 4577 3348 4633 τοῦτο
3394 4579 3762 4650 στρατευόμε-

2185 4685 2288 4733 νοις
2324 4669 2412 4722 ἵνα
2448 4669 2526 4740 τῷ
2576 4669 3073 4740 στρατολογήσαντι
3114 4668 3434 4749 οάρέσωμεν.
3467 4669 3757 4740 Πολλαχῶς

505 4749 602 4805 sed
629 4765 695 4805 ex
727 4749 878 4805 illius
912 4750 1089 4821 gratia
1119 4750 1491 4818 corrivantur,
1522 4750 1617 4820 qui
1648 4752 1810 4807 nobis
1833 4768 1926 4807 eas
1955 4769 2081 4823 sup-

2191 4760 2297 4833 γὰρ
2337 4761 2366 4813 ὁ
2409 4761 2616 4833 Κύριος
2660 4764 2790 4833 περὶ
2824 4762 2997 4832 αὐτῆς
3032 4761 3338 4815 ἐντέλλεται
3365 4762 3528 4833 ἡμῖν’
3554 4764 3761 4835 Γρηγο-

505 4840 733 4911 peditat.
760 4842 1051 4912 Egregium
1085 4857 1218 4897 sane
1248 4842 1340 4906 sit,
1366 4842 1412 4898 si
1446 4844 1780 4914 impensiore
1814 4860 1948 4900 cura
1979 4861 2079 4916 par

2191 4856 2354 4923 ρεῖτε,
2404 4854 2499 4906 καὶ
2552 4853 2948 4925 προσεύχεσθε,
2987 4852 3129 4908 ὥστε
3169 4854 3456 4924 διαφυγεῖν
3485 4854 3635 4926 ὑμᾶς
3662 4857 3761 4920 τὶς

506 4936 641 4991 illud
705 4937 977 4992 virtutum
1027 4936 1432 5004 exercebimus,
1482 4936 1862 5005 sobrietatem,
1906 4948 1963 4993 et
2024 4938 2082 4992 in

2191 4944 2437 5017 μηχανὰς
2463 4946 2556 4999 τοῦ
2602 4944 2847 5019 Ἐχθροῦ.
2871 4945 3025 5001 Μετά
3058 4946 3274 5017 νήψεως
3307 4942 3401 5000 οὖν
3440 4948 3535 5001 καὶ
3564 4948 3762 5019 προθυ-

503 5030 774 5085 sumendo
831 5030 957 5085 cibo
1005 5029 1440 5101 parcimoniam;
1504 5031 1792 5101 utriusque
1833 5031 2079 5087 studium

2191 5038 2319 5107 μίας
2374 5035 2575 5108 ταύτην
2632 5036 3008 5108 ἐκτελέσωμεν
3062 5038 3122 5089 ὲν
3182 5036 3494 5103 κατανύξει,
3546 5037 3634 5094 ἴνα
3685 5038 3759 5108 μὴ

506 5122 793 5178 invalescit
829 5139 895 5178 ac
927 5124 1223 5180 roboratur
1265 5124 1588 5195 pervigilio;
1636 5134 1872 5193 utraque
1919 5124 2082 5179 nobis

2191 5129 2548 5200 ἀγρευθῶμεν
2579 5128 2636 5182 ἐν
2659 5146 2766 5182 τινι
2800 5129 2906 5183 ὑπὸ
2926 5129 3020 5183 τοῦ
3049 5129 3349 5199 δυσμενοῦς
3377 5131 3473 5183 καὶ
3493 5129 3758 5201 φθονεροῦ

505 5213 854 5298 potissimum
878 5216 1157 5280 convenit,
1186 5218 1284 5287 qui
1311 5218 1368 5272 in
1402 5216 1508 5271 hoc
1540 5215 1720 5287 ipsum
1753 5215 2077 5282 militamus,

2191 5221 2454 5276 διαϐόλου.
2521 5220 2581 5275 '0
2631 5219 2739 5291 γὰρ
2785 5220 2955 5286 ὄντως
3019 5206 3360 5293 στρατιώτης
3397 5222 3759 5292 περιφράττει

506 5317 565 5362 ιιι
608 5306 927 5377 placeamus
970 5309 1049 5364 illi
1097 5309 1192 5379 qui
1243 5325 1346 5364 nos
1391 5324 1505 5364 sua:
1551 5308 1809 5380 ascripsit
1840 5309 2073 5365 militiae.

2191 5313 2378 5383 ἑαυτὸν
2425 5314 2494 5384 τῇ
2538 5312 2814 5385 πανοπλία
2841 5313 2943 5383 τῆς
2989 5312 3369 5382 πνευματικῆς
3401 5313 3755 5382 παντευχίας.

502 5399 579 5453 De
606 5398 804 5470 vigilia
832 5398 981 5454 enim
1038 5416 1150 5456 non
1189 5417 1296 5455 uno
1336 5402 1460 5457 loco
1506 5402 1775 5457 Dominus
1806 5401 2073 5472 praecipit,

2191 5402 2293 5455 Καὶ
2317 5403 2482 5473 ἡμεῖς
2524 5397 2618 5456 οὖν
2650 5401 3004 5471 ἐνδυσώμεθα
3040 5400 3267 5471 θώρακα
3297 5399 3397 5470 τὴν
3434 5400 3619 5454 πίστιν
3659 5402 3759 5454 τοῦ

497 5506 631 5547 sane
674 5490 1012 5562 vigilandum
1041 5500 1099 5547 et
1132 5492 1404 5547 orandum
1452 5501 1513 5549 ut
1560 5493 1767 5550 inimici
1793 5494 2078 5553 machinas

2191 5492 2444 5564 Χριστοῦ,
2506 5493 2604 5547 καὶ
2661 5487 3098 5564 περικεφαλαίαν
3142 5490 3235 5545 τὸν
3288 5492 3525 5561 σταυρὸν
3566 5491 3756 5556 αὐτοῦ,

568 5647 613 5676 ⁵⁵³
651 5646 758 5701 lsa.
797 5660 984 5711 χχχιιι,
1016 5646 1212 5712 l5,18.
1289 5646 1334 5679 ⁸⁸
1370 5648 1472 5703 lsa.
1516 5664 1656 5713 Lm,
1702 5650 1759 5704 Ξ.
1832 5648 1880 5681 ⁸⁰
1903 5648 2084 5706 Jerem

2203 5689 2215 5709 ,
2246 5649 2299 5702 ‘2.
2378 5648 2421 5680 ⁵⁸
2462 5647 2665 5703 Jerem.
2700 5663 2790 5709 xv,
2826 5646 2912 5700 17.
2990 5647 3035 5693 δ’
3076 5646 3218 5702 Psal.
3249 5661 3358 5710 Liv,
3393 5646 3448 5702 8.
3524 5646 3572 5680 ⁸³
3604 5645 3753 5701 Psal.

498 5733 698 5782 xxxvii,
732 5719 786 5772 2.
893 5720 939 5750 ⁸⁸
974 5720 1120 5776 Psal.
1159 5734 1319 5785 vau,
1352 5718 1405 5772 7.
1507 5719 1552 5749 ⁸⁸
1609 5720 1777 5782 Eccli.
1815 5736 1904 5785 xx,
1944 5722 1994 5773 7.

2191 5718 2361 5774 Eccli.
2423 5734 2532 5787 χιιι,
2584 5718 2677 5774 28.
2788 5718 2834 5750 δ”
2864 5716 3047 5773 Ecclc.
3089 5734 3145 5785 ιι,
3178 5718 3230 5773 ιί.
3306 5720 3351 5752 ⁸⁸
3398 5718 3533 5775 Luc.
3574 5736 3612 5784 ι,
3658 5718 3751 5773 80.

502 5787 543 5819 ἐ’
580 5788 738 5843 Marc.
776 5805 853 5859 γι,
885 5790 973 5846 51.
1050 5791 1095 5824 ⁸ο
1126 5790 1315 5846 Matth.
1366 5804 1509 5856 κω,
1544 5788 1633 5842 2οο
