3960 6502
183 364 324 432 1749

1245 372 1573 433 HOMILIA
1611 374 1721 436 CV.
1750 397 1821 409 -
1845 374 1943 435 DE
1982 376 2435 439 PSALMODIA.

3311 370 3446 437 1750

180 480 390 535 ἀσπίδα
410 496 472 533 τε
492 480 590 535 xal
621 479 773 553 δόρυ,
806 479 905 553 τὴν
941 482 1022 548 είς
1062 481 1224 537 αὐτὸν
1258 484 1505 557 ἀγάπην,
1538 487 1634 539 καὶ
1654 485 1753 556 τὴν

1881 487 2094 544 :vadere
2135 491 2431 559 possimus.
2476 488 2617 544 Cum
2657 485 2961 543 sobrietate
3007 498 3139 555 ergo
3164 494 3219 541 et
3249 484 3447 538 alacri-

184 575 469 646 μάχαιραν
511 574 606 629 τοῦ
650 576 990 648 Πνεύματος,
1023 578 1052 631 ὃ
1084 578 1202 631 ἐστι
1248 578 1319 632 τὰ
1365 578 1523 647 λόγια
1572 576 1757 633 αὐτοῦ.

185 666 301 720 Kal
336 665 550 737 στῶμεν
582 664 727 719 κατά
756 666 850 721 τοῦ
882 666 1177 722 ἀντιπάλου
1220 667 1297 731 ὡς
1320 669 1559 737 γενναῖοι
1602 684 1764 738 στρα-

182 758 418 822 τιῶται,
446 757 515 811 δι’
564 757 906 829 ἀγρυπνιῶν,
948 756 1045 812 καὶ
1093 757 1379 829 νηστειῶν,
1410 757 1505 812 xal
1533 774 1766 829 προσευς-

184 851 321 921 χῶν·
349 850 531 913 καθὼς
560 852 655 904 καὶ
679 852 736 904 ἐν
768 852 890 914 ταῖς
912 850 1240 921 Παροιμίαις
1262 851 1593 919 γέγραπται,
1628 868 1645 900 ι
1673 848 1765 919 Μὴ

183 939 297 1010 δῷς
351 938 518 993 ὕπνον
564 941 679 1002 σοῖς
726 939 1052 1009 ὀφθαλμοῖς,
1108 939 1230 1009 μηδ’
1260 938 1625 1010 ἐπινυστάξῃς
1656 940 1766 1001 σοῖς

189 1032 506 1104 βλεφάροις,
538 1031 627 1097 ἵνα
659 1030 807 1105 σώζῃ
845 1031 1036 1103 ῶσπερ
1068 1030 1273 1100 δορκὰς
1298 1032 1363 1083 ἐκ
1408 1029 1643 1101 βρόχων,
1674 1027 1769 1081 καὶ

187 1122 381 1193 ῶσπερ
406 1123 595 1193 ὄρνεον
620 1123 685 1175 ἐκ
713 1122 960 1191 παγίδος.
999 1140 1017 1173 ι
1058 1122 1168 1175 Kal
1197 1121 1225 1174 6
1268 1120 1432 1174 Δαυῖδ
1461 1120 1521 1173 δέ
1578 1136 1766 1190 φησιν,

199 1236 219 1269 ι
262 1217 327 1270 El
353 1215 508 1270 δώσω
537 1214 707 1270 ὕπνον
736 1217 852 1279 τοῖς
890 1214 1189 1286 ὀφθαλμοῖς
1226 1231 1329 1286 μου
1364 1214 1457 1268 καὶ
1493 1214 1608 1277 τοῖς
1652 1212 1771 1283 βλε-

191 1311 390 1381 φάροις
422 1326 526 1380 μου
558 1308 889 1379 νυσταγμδν,
928 1307 1033 1371 ἕως
1072 1300 1134 1359 οὗ
1180 1307 1328 1379 εὕρω
1353 1306 1515 1360 τόπον
1545 1304 1621 1376 τῷ
1662 1307 1773 1359 Ku-

193 1404 323 1476 ρίῳ.
365 1422 386 1455 ι
424 1404 535 1457 Καὶ
581 1402 765 1469 πάλιν,
808 1420 827 1454 ι
867 1401 1248 1473 Ἠγρύπνησα,
1274 1399 1370 1454 καὶ
1408 1400 1674 1471 ἐγενόμην
1697 1398 1773 1463 ὡς

194 1495 479 1566 στρουθίον
513 1495 746 1567 μονάζον
775 1494 870 1547 ἐπὶ
898 1492 1171 1565 δώματος.
1212 1512 1231 1545 ι
1266 1521 1335 1533 -ο
1369 1511 1387 1543 ι
1428 1491 1628 1561 Ἐγγὺς
1663 1490 1774 1563 γὰρ

192 1587 402 1660 Κύριος
448 1589 561 1651 τοῖς
615 1586 1103 1658 συντετριμμένοις
1144 1586 1213 1657 τῇ
1262 1583 1479 1656 καρδίᾳ,
1511 1587 1607 1637 καὶ
1649 1584 1772 1647 τοὺς

192 1679 488 1743 ταπεινοὺς
531 1679 609 1751 τῷ
644 1677 917 1749 πνεύματι
962 1675 1148 1731 σώσει.
1182 1695 1200 1727 ι
1242 1676 1354 1729 Kal
1387 1671 1565 1741 αὖθις,
1610 1693 1629 1727 ι
1663 1675 1777 1729 Με-

195 1771 480 1825 σονύκτιον
520 1769 893 1841 ἐξηγειρόμην
934 1768 1029 1821 τοῦ
1066 1765 1509 1838 ἐξομολογεῖσθαι
1564 1782 1646 1819 σοι
1684 1765 1777 1817 ἐπὶ

192 1863 263 1919 τὰ
293 1863 537 1935 κρίματα
686 1825 1031 1930 δίκαιόσύνης
1066 1825 1183 1913 dou:
1222 1876 1241 1910 ι
1278 1825 1389 1912 Kal
1421 1857 1605 1921 πάλιν,
1642 1874 1662 1909 ι
1710 1857 1768 1911 '0
1808 1825 1849 1882 Β

189 1955 353 2020 Θεὸς,
392 1957 419 2009 6
458 1954 589 2017 Θεός
626 1969 752 2023 μου,
776 1951 914 2023 πρὸς
959 1950 1023 2003 σὲ
1076 1950 1331 2022 όρθρίζω,
1356 1947 1578 2020 ἐδίψησέ
1636 1965 1695 2002 σε
1734 1948 1768 2019 ή

190 2048 346 2117 ψυχή
394 2063 523 2117 μου.
556 2064 576 2099 ι
612 2044 744 2111 Kal,
787 2062 807 2096 ι
846 2041 1175 2114 Προέφθασα
1231 2044 1289 2095 ὲν
1326 2040 1504 2111 ampla
1529 2040 1623 2093 καὶ
1652 2040 1771 2093 ἐκέ-

192 2142 399 2212 κραξα.
432 2159 452 2194 ι
483 2139 616 2204 Καὶ,
648 2157 666 2193 ι
702 2136 1063 2209 Προέφθασαν
1096 2136 1145 2188 οί
1171 2133 1441 2204 ὀφθαλμοί
1476 2151 1580 2204 μου
1636 2130 1773 2203 πρὸς

189 2232 400 2305 ερθρον
426 2231 522 2285 τοῦ
560 2230 790 2301 μελετᾷν
817 2229 886 2284 τὰ
914 2227 1074 2296 λόγιά
1105 2244 1222 2281 σου.
1266 2244 1286 2280 ι
1332 2227 1443 2279 Kal
1486 2226 1599 2288 τοῖς
1645 2240 1773 2295 μετ-

190 2326 346 2393 όχοις
387 2322 553 2378 αὐτοῦ
589 2322 798 2391 ἐλεγεν,
859 2339 877 2373 ι
927 2320 1015 2373 Ἐν
1061 2321 1182 2383 ταῖς
1227 2318 1375 2385 νυξὶν
1407 2317 1648 2387 ἐπάρατε
1675 2315 1774 2380 τὰς

192 2417 391 2486 χεῖρας
425 2413 578 2485 ὑμῶν
610 2413 690 2477 είς
713 2398 783 2466 τά
805 2410 957 2481 ἅγια,
988 2412 1083 2466 καὶ
1107 2412 1384 2479 εὐλογεῖτε
1404 2408 1494 2462 τὸν
1512 2408 1733 2480 Κύριον.
1749 2427 1768 2461 ι

194 2506 314 2559 Kal
343 2507 371 2559 6
423 2506 764 2570 ’Δπόστολος,
804 2524 822 2557 ι
862 2506 942 2576 Τῇ
971 2506 1249 2575 προσευχῇ
1284 2502 1771 2574 προσκαρτερεῖτε,

190 2593 595 2665 γρηγοροῦντες
640 2596 698 2649 ἐν
732 2595 870 2666 αὐτῇ
906 2596 965 2647 ἐν
997 2594 1346 2666 εὐχαριστίᾳ.
1392 2612 1410 2645 ι
1448 2594 1558 2647 Kal
1588 2594 1774 2657 πάλιν,

200 2706 221 2738 ι
261 2688 699 2758 Προσευχόμενοι
734 2687 793 2740 ἐν
822 2685 987 2740 παντὶ
1031 2684 1209 2756 καιρῷ
1244 2685 1301 2739 ἐν
1348 2685 1645 2754 πνεύματι,
1684 2683 1779 2737 καὶ

194 2779 281 2841 είς
311 2777 444 2832 αὐτὸ
462 2776 634 2832 τοῦτο.
648 2775 1057 2849 ἀγρυπνοῦντες
1089 2777 1147 2830 ὲν
1173 2776 1320 2849 πάσῃ
1354 2774 1779 2847 προσκαρτερή-

197 2889 287 2925 σει
316 2872 413 2926 xal
443 2869 651 2942 δεήσει.
688 2890 707 2923 ι
739 2870 849 2924 Kal
876 2869 1005 2940 περὶ
1033 2866 1249 2931 ἑαυτοῦ,
1288 2885 1306 2919 ι
1361 2867 1448 2920 Ἔν
1479 2867 1690 2929 κόποις,
1723 2866 1780 2918 ἐν

194 2962 553 3035 ἀγρυπνίαις,
600 2964 660 3016 ἐν
692 2961 987 3033 νηστείαις.
1020 2979 1039 3012 ι
1069 2960 1179 3014 Kal
1227 2959 1447 3028 ἐπάγει,
1487 2978 1506 3011 ι
1556 2958 1694 3029 Περὶ
1724 2956 1782 3011 δὲ

194 3056 313 3111 τῶν
344 3054 550 3126 χρόνων
602 3054 697 3107 καὶ
738 3053 849 3107 τῶν
908 3052 1155 3124 καιρῶν,
1204 3052 1457 3121 ἀδελφοὶ,
1493 3052 1552 3104 οὐ
1592 3050 1782 3121 χρείαν

1866 588 1973 635 tate
1997 581 2172 650 ipsam
2196 584 2514 652 expleamus
2535 580 2777 652 vigiliam
2807 577 2860 633 in
2888 577 3201 633 humilitate
3220 584 3277 631 et
3298 590 3447 631 com-

1864 674 2165 743 punctione
2210 675 2415 741 cordis,
2465 691 2533 730 ne
2566 674 2675 727 ulla
2703 672 2757 726 in
2794 687 2853 727 re
2872 671 3119 726 obtineat
3154 670 3446 724 adversum

1864 780 1967 819 nos
2030 764 2387 821 infensissimi
2434 764 2716 822 venatoris
2773 774 2937 833 atque
2996 760 3167 816 invidi
3233 759 3443 814 diaboli

1865 858 2197 913 veteratoria
2227 857 2557 928 malignitas.
2590 855 2694 923 Qui
2726 856 2874 910 enim
2912 861 3174 908 strenuus
3222 859 3307 906 est
3339 849 3447 904 mi-

1865 950 1968 1013 les,
2035 950 2185 1003 omni
2246 964 2304 1003 se
2367 964 2653 1003 armorum
2710 961 2913 1018 genere
2970 943 3297 1007 communit,
3343 956 3449 997 nec

1868 1040 2171 1110 quidquam
2206 1039 2337 1095 facit
2363 1039 2562 1109 reliqui
2602 1055 2669 1094 ex
2714 1046 2980 1108 apparatu
3007 1042 3299 1090 armaturae
3332 1033 3447 1103 spi-

1871 1132 2089 1186 ritualis
2128 1148 2238 1202 quo
2269 1147 2381 1186 non
2433 1147 2492 1186 se
2526 1130 2918 1199 circnmsepiat
2960 1144 3023 1184 ac
3054 1128 3333 1183 obarmet.
3380 1125 3447 1179 Et

1870 1242 1973 1281 nos
2034 1227 2200 1298 igitur
2255 1226 2553 1280 induamur
2598 1225 2905 1288 thoracem,
2970 1223 3131 1277 fidem
3192 1220 3450 1276 videlicet

1871 1320 2101 1383 Christi,
2153 1327 2209 1375 et
2243 1320 2452 1390 galeam
2506 1333 2730 1373 crucem
2782 1317 2983 1387 ipsius,
3026 1324 3353 1386 scutumque
3391 1321 3452 1368 et

1872 1413 2110 1477 hastam,
2168 1412 2453 1467 ardentem
2510 1425 2641 1480 erga
2710 1409 2891 1478 ipsum
2955 1407 3321 1473 charitatem,
3396 1415 3453 1461 et

1874 1504 2118 1575 gladium
2166 1502 2428 1573 Spiritus,
2488 1502 2663 1571 ipsius
2694 1500 2924 1570 spiritus
2958 1498 3176 1568 eloquia
3219 1496 3453 1567 :sicque

1876 1596 2109 1652 accincti
2159 1596 2425 1650 adversus
2465 1594 2882 1650 colluctatorem
2932 1590 3321 1654 consistamus,
3365 1604 3453 1643 ar-

1877 1690 2045 1744 rectis
2076 1689 2277 1743 animis
2319 1696 2581 1756 tanquam
2608 1682 2863 1756 generosi
2900 1681 3128 1742 milites.
3155 1680 3321 1750 idque
3352 1694 3452 1749 per

1878 1780 2117 1851 vigilias,
2166 1778 2468 1837 orationes.
2496 1792 2561 1831 ac
2594 1774 2827 1847 jejunia,
2866 1773 3012 1828 sicut
3040 1782 3096 1827 et
3128 1772 3183 1827 in
3215 1771 3449 1827 Prover‘

1878 1871 1986 1925 biis
2047 1870 2319 1939 scriptum
2359 1877 2445 1922 est
2480 1884 2493 1920 :
2545 1884 2564 1917 ι
2597 1867 2674 1920 Ne
2726 1864 2950 1920 dederis
2992 1877 3244 1918 somnum
3281 1860 3458 1915 oculis

1877 1963 2007 2026 tuis,
2064 1976 2243 2031 neque
2295 1958 2562 2013 dormites
2606 1956 2881 2027 palpebris
2943 1956 3073 2018 tuis,
3135 1953 3346 2023 1193
3398 1960 3459 2006 ut

1877 2053 2107 2110 salveris
2156 2061 2415 2121 tanquam
2464 2050 2682 2104 damula
2730 2064 2797 2104 ex
2822 2047 3050 2117 laqueis,
3084 2054 3139 2101 et
3172 2039 3457 2114 'tanquam

1877 2146 1996 2202 avis
2026 2162 2095 2201 ex
2127 2145 2233 2200 reti
2267 2146 2331 2199 ".
2371 2163 2389 2197 ι
2441 2144 2533 2199 Ait
2572 2142 2704 2197 item
2750 2148 2807 2197 et
2848 2138 3022 2195 David
3060 2156 3074 2193 :
3110 2157 3127 2190 ‹
3153 2136 3211 2193 Si
3254 2137 3460 2192 dedero

1878 2251 2134 2292 somnum
2180 2234 2358 2289 oculis
2412 2234 2572 2297 meis,
2607 2240 2664 2288 et
2704 2228 2986 2300 palpebris
3018 2227 3158 2282 meis
3190 2225 3459 2280 dormita-

1882 2328 2111 2393 tionem,
2148 2327 2325 2381 donec
2364 2324 2645 2379 inveniam
2671 2323 2855 2377 locum
2896 2319 3133 2375 Domino
3184 2319 3250 2373 θ’.
3285 2336 3302 2368 ο
3347 2316 3461 2371 Ite.

1881 2437 2048 2475 rum:
2093 2438 2111 2472 ι
2143 2416 2377 2489 Vigilavi
2421 2424 2478 2471 et
2511 2415 2691 2471 factus
2743 2428 2863 2469 sum
2914 2412 3058 2466 sicut
3104 2407 3463 2481 passerculus

1882 2512 2167 2569 solitarius
2196 2511 2250 2563 in
2300 2517 2445 2564 tecto
2472 2508 2540 2561 “.
2579 2526 2596 2558 ι
2634 2505 2701 2560 Et
2746 2522 2759 2559 :
2796 2524 2814 2556 ι
2849 2504 3027 2573 Prope
3082 2510 3169 2556 est
3196 2499 3464 2555 Dominus

1884 2602 1953 2657 iis
2014 2601 2110 2671 qui
2155 2598 2394 2655 contrito
2461 2606 2592 2652 sunt
2634 2590 2821 2659 corde,
2870 2602 2925 2647 et
2977 2592 3216 2646 humiles
3265 2588 3466 2660 spiritu

1884 2690 2125 2747 salvabit
2153 2690 2219 2743 “.
2253 2707 2270 2740 ι
2323 2688 2539 2743 Rursus
2573 2702 2586 2739 :
2623 2704 2641 2737 ι
2678 2682 2857 2739 Media
2888 2690 3050 2736 nocte
3079 2679 3369 2751 surgebam
3397 2677 3466 2733 ad

1886 2781 2261 2839 confitendum
2297 2780 2399 2835 tibi
2442 2793 2612 2849 super
2646 2773 2857 2847 judicia
2902 2771 3133 2845 iustitia:
3184 2779 3292 2824 tua:
3328 2769 3397 2823 ⁸⁸.
3441 2787 3459 2819 ι

1886 2870 2094 2934 lterum
2132 2896 2145 2931 :
2193 2898 2211 2929 ι
2241 2878 2408 2942 Deus,
2443 2874 2590 2929 Deus
2630 2867 2811 2937 meus,
2845 2870 2914 2924 ad
2939 2878 2993 2924 te
3035 2867 3248 2923 deluce
3274 2864 3463 2935 vigilo.

1890 2970 2084 3025 Sitivit
2136 2967 2205 3024 ad
2253 2976 2305 3022 te
2355 2967 2543 3022 anima
2580 2980 2702 3019 mea
2749 2963 2815 3017 ⁸⁸.
2849 2982 2866 3013 ι
2902 2962 3016 3016 Et:
3054 2979 3072 3012 ι
3127 2958 3369 3014 Ρτωνοηί
3409 2958 3465 3011 in

1888 3062 2239 3129 maturitate,
2280 3069 2335 3118 et
2375 3057 2639 3125 clamavi;
2680 3051 3234 3127 praeveneruntoculi
3259 3050 3367 3104 mei
3400 3050 3467 3105 ad

197 3147 360 3217 ἔχετε
387 3145 515 3217 ύμῖν
542 3145 799 3218 γράφειν.
830 3143 994 3197 Αὐτοὶ
1026 3144 1134 3217 γὰρ
1177 3143 1425 3215 ἀκριϐῶς
1466 3142 1644 3195 οἴδατε
1700 3142 1778 3195 ὅτι

1891 3154 2215 3217 diluculum,
2243 3162 2302 3207 ut
2323 3150 2622 3205 meditarer
2649 3146 2867 3217 eloquia
2895 3154 2987 3200 tua
3019 3145 3085 3197 ⁸⁷.
3116 3162 3133 3195 ι
3169 3144 3220 3198 ls
3241 3143 3296 3198 in
3321 3158 3472 3198 com-

199 3240 237 3309 ἠ
270 3236 453 3310 ἡμέρα
487 3236 694 3306 Κυρίου
732 3236 807 3298 ὡς
834 3235 1098 3304 κλέπτης,
1145 3234 1203 3289 ἐν
1237 3235 1395 3288 νυκτὶ
1424 3232 1597 3297 οὕτως
1630 3232 1785 3304 ἔρχε-

200 3348 324 3384 ται.
375 3328 543 3383 Ὅταν
577 3328 634 3382 δὲ
668 3327 925 3399 λέγωσιν,
958 3328 1163 3399 Εἰρήνη
1192 3326 1288 3380 καὶ
1330 3326 1635 3395 ἀσφάλεια,
1663 3326 1786 3379 τότε

203 3422 476 3492 αἰφνίδιος
499 3421 683 3485 αὐτοῖς
713 3419 934 3491 ὄλεθρος
956 3419 1266 3490 ἐφίσταται,
1297 3417 1447 3474 ὥσπε
1456 3437 1487 3490 ρ
1514 3420 1547 3489 ή
1570 3418 1697 3471 ὠδὶν
1718 3420 1785 3489 τῇ

201 3518 265 3569 ἐν
301 3514 500 3586 γαστρὶ
518 3512 741 3585 ἐχούσῃ,
765 3513 862 3569 καὶ
891 3512 952 3566 οὐ
980 3512 1056 3583 μή
1086 3510 1394 3581 ἐκφύγωσι.
1425 3530 1443 3563 ι
1476 3510 1586 3564 Kal
1607 3505 1789 3577 αὖθις,

210 3608 391 3680 «Ἀρα
419 3602 514 3660 οὗν
535 3604 611 3679 μὴ
628 3604 987 3676 καθεύδωμεν
1014 3603 1089 3667 ὡς
1117 3602 1315 3669 λοιποὶ,
1341 3602 1479 3657 άλλά
1506 3600 1793 3673 γρηγορῶ-

207 3718 315 3771 μεν
336 3700 426 3753 καὶ
444 3700 754 3771 νήφωμεν.»
779 3698 929 3751 Kal6
959 3694 1554 3767 Κύριος,ιῐ“ρηγορεῖτε
1576 3689 1690 3761 οὖν,
1712 3695 1792 3748 ὅτι

202 3794 311 3847 οὐκ
338 3792 518 3847 οῖδατε
545 3790 676 3862 ποία
706 3788 825 3862 ῶρᾳ
853 3791 881 3842 6
902 3786 1108 3859 Κύριος
1129 3787 1284 3858 ὑμῶν
1312 3784 1551 3857 ἔρχεται.
1582 3786 1793 3841 Ἐκεῖνο

202 3884 265 3938 δὲ
301 3880 624 3951 γινώσκετε,
665 3882 749 3934 ὅτι
772 3881 822 3933 εί
853 3878 971 3952 ᾔδει
998 3880 1026 3932 6
1050 3876 1435 3948 οἰκοδεσπότης
1461 3876 1591 3949 ποίᾳ
1627 3876 1796 3946 φυλα-

205 3978 281 4046 κῇ
305 3976 335 4028 6
359 3974 600 4046 κλέπτης
625 3971 871 4045 ἔρχεται,
901 3970 1280 4042 ἐγρηγόρησεν
1300 3968 1388 4034 ἂν,
1414 3970 1508 4022 xal
1528 3968 1627 4023 οὐκ
1646 3968 1795 4022 είασε

206 4070 530 4141 διορυγήναι
569 4066 671 4139 τὴν
710 4064 891 4119 οἰκίαν
944 4061 1137 4118 αὑτοῦ.
1178 4081 1197 4114 ι
1236 4062 1345 4115 Kal
1379 4060 1565 4126 πάλιν,
1604 4078 1623 4111 ι
1661 4060 1799 4129 Γρη-

207 4165 447 4235 γορεῖτε,
479 4160 574 4216 καὶ
594 4156 987 4233 προσεύχεσθε,
1019 4153 1109 4209 ῖνα
1140 4154 1216 4225 μὴ
1251 4151 1534 4223 εἰσέλθητε
1567 4153 1648 4215 είς
1674 4168 1797 4204 πει-

215 4254 453 4328 ρασμόν.
493 4272 513 4307 ι
553 4253 667 4308 Kal
699 4250 885 4317 πάλιν,
929 4268 948 4302 ι
983 4247 1271 4319 Μακάριος
1298 4248 1329 4300 6
1350 4244 1537 4309 δοῦλος
1566 4246 1794 4311 ἐκεῖνος,

207 4346 271 4401 δν
304 4345 473 4400 ἐλθὼν
505 4345 535 4399 6
568 4344 775 4417 Κύριος
842 4340 1010 4397 αὑτοῦ
1058 4340 1281 4411 εὑρήσει
1319 4336 1464 4392 οὕτω
1517 4334 1796 4389 ποιοῦντα.

1886 3262 2055 3303 mune
2080 3246 2198 3301 suis
2233 3242 2455 3298 dicebat
2489 3258 2502 3296 :
2546 3259 2564 3292 ι
2588 3239 2651 3294 In
2697 3236 2959 3293 noctibus
2989 3234 3253 3291 extollite‘
3275 3248 3472 3289 manus

1886 3349 2101 3395 vestras
2144 3336 2200 3391 in
2247 3342 2437 3391 sancta
2478 3350 2492 3387 :
2528 3340 2585 3387 et
2640 3326 2954 3386 benedicite
3010 3328 3305 3389 Dominum
3357 3327 3423 3377 ⁸⁸.
3449 3345 3465 3376 ι

1888 3430 2185 3501 Apostolus
2222 3445 2234 3481 :
2271 3445 2291 3478 ι
2326 3422 2577 3481 Orationi
2631 3415 2854 3485 instate,
2898 3418 3192 3490 vigilantes
3216 3418 3272 3472 in
3320 3431 3385 3470 ea
3416 3414 3474 3468 in

1891 3517 2193 3589 gratiarum
2227 3515 2449 3569 actione
2470 3514 2538 3567 θ’.
2578 3531 2596 3565 ι
2626 3513 2876 3567 Iterum:
2919 3528 2937 3560 ι
2975 3512 3211 3563 Orantes
3239 3506 3295 3560 in
3320 3505 3473 3559 omni

1892 3619 2140 3680 tempore
2204 3606 2263 3662 in
2311 3606 2509 3677 spiritu
2549 3622 2563 3659 :
2613 3613 2670 3660 et
2711 3603 2768 3658 in
2813 3602 2921 3657 hoc
2968 3601 3150 3671 ipsum
3185 3598 3476 3670 vigilantes

1892 3697 1951 3753 in
1998 3695 2150 3752 omni
2192 3695 2456 3752 instantia
2513 3702 2571 3751 et
2616 3691 2999 3750 obsecratione
3023 3690 3093 3745 ".
3134 3707 3154 3742 ι
3204 3687 3354 3743 ldem
3406 3685 3478 3741 de

1894 3791 2076 3861 seipso
2108 3806 2121 3844 :
2158 3808 2176 3841 ι
2210 3789 2271 3843 ln
2311 3787 2623 3853 laboribus,
2656 3788 2714 3842 in
2744 3786 2972 3857 vigiliis,
3000 3783 3055 3838 in
3086 3780 3314 3853 jejuniis
3352 3778 3421 3833 τί.
3452 3796 3472 3829 ι

1894 3882 2156 3938 luducit:
2200 3900 2218 3933 ι
2252 3881 2344 3949 ,Πε
2396 3879 2747 3950 temporibus
2788 3886 2846 3932 et
2898 3874 3217 3939 momentis,
3254 3872 3478 3937 fratres,

1896 3991 2007 4030 non
2050 3989 2275 4029 necesse
2320 3972 2537 4028 habetis
2564 3980 2626 4027 ut
2678 3969 2915 4026 scribam
2954 3967 3114 4022 vobis
3148 3985 3161 4020 :
3198 3964 3301 4035 ipsi
3331 3962 3479 4017 enim

1898 4068 2194 4140 diligenter
2244 4066 2419 4131 scitis,
2475 4065 2606 4136 quia
2655 4063 2774 4118 dies
2809 4061 3051 4123 Domini.
3095 4060 3240 4114 sicut
3286 4057 3375 4111 fur
3424 4056 3480 4111 in

1898 4170 2083 4225 nocte,
2117 4160 2193 4214 ita
2229 4159 2433 4215 veniet.
2496 4157 2635 4213 Cum
2667 4155 2819 4212 enim
2853 4153 3098 4209 dixerint
3127 4170 3140 4206 :
3172 4151 3283 4206 Pax
3310 4158 3366 4204 et
3389 4163 3481 4205 se-

1899 4250 2130 4315 curitas,
2173 4258 2305 4303 tunc
2336 4249 2660 4319 repentinus
2687 4246 2770 4302 eis
2800 4243 3157 4315 superveniet
3193 4236 3480 4305 interitus,

1901 4339 2225 4395 sicutdolor
2256 4340 2313 4394 in
2349 4348 2510 4395 utero
2529 4337 2808 4400 habentis,
2838 4344 2895 4391 et
2931 4351 3040 4390 non
3071 4334 3338 4407 effugient
3363 4336 3431 4391 τ’.
3458 4355 3477 4388 ι

210 4440 548 4511 Γρηγορεῖτε
589 4432 705 4500 οὖν,
752 4437 837 4490 ὅτι
887 4433 987 4487 οὐκ
1042 4433 1220 4486 οἴδατε
1262 4431 1362 4501 τὴν
1405 4429 1641 4502 ἡμέραν,
1673 4428 1778 4482 οὗτε

1901 4433 1971 4488 Et
1993 4447 2237 4499 rursus,¢
2268 4431 2346 4487 Ne
2368 4431 2536 4503 igitur
2554 4429 2895 4485 dormiamus
2916 4428 3059 4484 sicut
3077 4436 3134 4482 et
3157 4430 3363 4491 caeteri,
3387 4429 3484 4485 sed

205 4532 316 4603 τὴν
345 4530 513 4603 ὥραν.
570 4548 589 4582 ι
625 4527 783 4599 Αὐτῷ
825 4528 860 4597 ή
889 4524 1016 4591 δόξα
1044 4520 1123 4588 είς
1160 4524 1288 4587 τοὺς
1318 4522 1544 4585 αἰῶνας.
1597 4522 1774 4591 Ἀμήν

1900 4525 2192 4596 vigilemus
2210 4532 2267 4579 et
2292 4523 2464 4579 sobrii
2485 4524 2677 4579 simus.
2706 4541 2723 4574 ›
2747 4522 3012 4577 Dominus
3029 4521 3160 4575 item
3185 4538 3197 4574 :
3225 4519 3485 4592 «Vigilate

205 4624 409 4693 igitur,
442 4621 570 4692 quia
595 4618 819 4677 nescitis
840 4632 947 4687 qua
973 4616 1107 4669 hora
1130 4613 1395 4668 Dominus
1426 4619 1609 4667 vester
1637 4614 1823 4669 veniet
1857 4634 1870 4670 :
1911 4616 2046 4671 illud
2072 4623 2257 4671 autem
2275 4615 2495 4678 scitote,
2526 4613 2653 4683 quia
2691 4612 2736 4667 si
2764 4613 2929 4668 sciret
2953 4612 3345 4685 paterfamilias
3373 4626 3481 4682 qua

204 4714 409 4786 vigilia
440 4713 526 4768 fur
556 4712 791 4774 veniret,
820 4707 1072 4778 vigilaret
1099 4704 1289 4773 utique
1318 4709 1373 4756 et
1398 4717 1507 4757 non
1525 4702 1732 4758 sineret
1754 4706 1966 4774 perfodi
1997 4706 2223 4761 domum
2252 4720 2407 4761 suam
2427 4704 2490 4758 ".
2515 4723 2532 4755 ι
2554 4704 2760 4757 lterum
2792 4719 2805 4755 :
2846 4721 2863 4754 ι
2902 4703 3131 4773 Vigilate
3151 4711 3206 4756 et
3228 4713 3400 4766 orate,
3421 4718 3483 4765 ut

206 4823 332 4864 non
358 4804 575 4860 intretis
606 4800 1045 4858 intentationem
1066 4796 1136 4851 “.
1166 4797 1412 4850 nllursus
1442 4812 1455 4847 :
1492 4812 1510 4845 ι
1542 4795 1742 4850 Beatus
1770 4796 1861 4852 ille
1892 4815 2107 4861 servus.
2147 4815 2313 4870 quem
2340 4814 2465 4853 cum
2488 4796 2704 4851 venerit
2742 4795 3007 4850 Dominus
3045 4797 3185 4867 ejus,
3210 4795 3484 4851 invenerit

210 4903 296 4958 ita
345 4896 661 4953 facientem.
717 4892 954 4965 Vigilate
993 4903 1147 4960 ergo,
1178 4886 1310 4957 quia
1339 4885 1567 4941 nescitis
1616 4885 1762 4943 diem
1804 4904 1982 4961 neque
2030 4892 2225 4947 horam
2260 4892 2329 4946 ".
2360 4909 2379 4943 ι
2416 4889 2527 4962 Ipsi
2564 4888 2738 4959 gloria
2780 4888 2837 4942 in
2887 4887 3104 4943 sarcula.
3148 4888 3344 4943 Amen.

821 4999 1041 5055 ΛΟΓΟΣ
1075 4995 1199 5051 PE’.

2470 4976 2758 5033 HOMILIA
2809 4976 2917 5032 CV.

732 5092 873 5161 Περὶ
908 5086 1284 5160 ψαλμῳδίας.

2260 5068 2263 5069 ⁷
2466 5067 2543 5121 De
2582 5065 2906 5137 psalmodia.

306 5188 372 5243 Ἦ
420 5182 714 5258 ψαλμῳδία
752 5159 1070 5253 ἐρ’γονίέστὶ.
1118 5175 1227 5231 τῶν
1274 5175 1584 5248 ἀσωμάτων
1638 5174 1778 5231 δυνά·

1974 5163 2286 5223 Psalmodia
2307 5169 2394 5219 est
2420 5177 2560 5232 opus
2588 5160 3046 5230 incorporearum
3077 5159 3345 5227 virtutum
3372 5160 3487 5215 Deo

220 5300 377 5356 μεων
404 5282 513 5335 τῶν
552 5274 1036 5347 λειτουργούντων,
1068 5270 1164 5325 xal
1193 5270 1622 5341 παρισταμένων
1646 5270 1778 5323 ἀδια·

1906 5258 2411 5317 administrantium
2462 5264 2518 5311 et
2565 5253 2838 5309 indivulse
2888 5250 3289 5316 assistentium,
3330 5251 3486 5317 juxta

217 5342 463 5437 λείπτως
490 5372 570 5444 τῷ
605 5342 751 5442 Θεῷ,
776 5342 918 5422 κατά
956 5367 1016 5419 τὸ
1055 5362 1369 5436 εἰρημένον,
1407 5380 1425 5414 ι
1470 5363 1685 5415 Αἰνεῖτε
1712 5360 1778 5413 τδε

1908 5352 2052 5424 quod
2088 5350 2330 5406 dicitur:
2366 5344 2645 5402 «Laudate
2662 5343 2955 5400 Dominum
2990 5342 3057 5398 de
3088 5342 3261 5409 cmlis,
3297 5357 3488 5395 omnes

222 5433 460 5541 Κύριον-
484 5433 553 5521 ιιὲ
571 5433 992 5535 τῶν-οὐρανῶν,
1021 5433 1222 5522 πάντες
1266 5457 1317 5511 οῑ
1362 5455 1583 5527 ἄγγελοι
1618 5454 1778 5510 αὐτοῦ

1910 5442 2088 5516 angeli
2133 5441 2273 5513 ejus,
2308 5447 2364 5495 et
2393 5453 2587 5494 omnes
2628 5436 2863 5491 virtutes
2910 5436 3032 5507 ejus
3058 5434 3124 5489 ".
3155 5452 3173 5485 ι
3234 5433 3437 5487 lterum
3470 5448 3485 5485 :

296 5652 340 5686 ⁶¹
368 5651 528 5707 Prov.
564 5663 639 5714 vl,
674 5646 726 5701 5.
802 5647 849 5679 ⁶²
876 5644 1020 5701 Psal.
1050 5643 1300 5709 cxxx1,4.
1350 5639 1559 5714 “Psal.
1589 5636 1741 5714 91,8.

1895 5632 2257 5714 Psal.-sign},
2290 5626 2374 5681 l9.
2450 5618 2969 5714 “:(Psalq.'c'§vlnl,62.
3046 5615 3092 5714 ζ’
3122 5612 3408 5714 Ρξξιὶιεξξι,
3434 5608 3490 5663 ‘2.

299 5681 338 5686 ’⁷
368 5681 528 5707 Γιυν.
572 5681 616 5702 'l
674 5681 726 5701 υ·
879 5681 901 5701 ι
922 5681 1020 5699 aulo
1051 5681 1204 5699 υιιδιλι
1246 5681 1300 5697 το
1417 5681 1439 5697 ι
1460 5681 1559 5695 guu-
1590 5681 1636 5691 υ.
1690 5681 1741 5691 ν.

217 5725 266 5755 ⁸⁷
306 5722 448 5777 Psal.
474 5689 813 5781 cxvm’,°N7.
889 5716 935 5748 ⁸⁸
961 5716 1104 5769 Psal.
1135 5684 1351 5777 cxgxm,
1383 5711 1439 5765 ‘2.
1514 5712 1557 5742 ⁵³
1581 5681 1773 5781 Co’loss

1881 5681 2323 5781 ,_'_9I.:7°'.i«:phl~,s.
2359 5696 2580 5781 \'I_,”l8'.~
2628 5693 2744 5781 ’ωλι
2760 5681 2902 5781 ρος.
2935 5703 3011 5751 γι,
3047 5686 3099 5738 5.
3176 5684 3217 5781 ζ’
3250 5681 3489 5781 ιωΤΙιυδδ.

222 5811 281 5859 ν,
306 5753 448 5858 ἒῗέῖ
474 5753 1522 5852 ντξἰῑιῖιῑιΐ...νςῑξίιιῑῖητιιεῑίιι..
1556 5753 1778 5843 ιξξπῖη

1881 5753 2353 5835 ’ἾιῙ-Μίηιιῖιιχχιν,
2397 5753 2484 5831 4⁷6,
2515 5766 2601 5821 47.
2679 5764 2724 5795 ⁷⁸
2760 5762 2898 5817 Psal.
2929 5772 3140 5820 csum,
3178 5754 3231 5819 1,
3268 5753 3320 5807 2.
