4040 6516
504 349 635 416 1751
1778 336 2144 399 ANTIOCHI
2184 333 2530 396 MONACHI
3638 332 3767 398 1752

505 482 523 512 ι
563 455 809 513 Laudate
851 452 1171 521 Dominum,
1208 464 1403 506 omnes
1433 449 1612 521 angeli
1659 450 1803 521 ejus,
1829 453 2078 519 potentes

2189 438 2285 497 καὶ
2316 446 2489 499 πᾶσαι
2514 446 2572 500 ai.
2603 445 2865 521 δυνάμεις
2892 446 3081 502 αὐτοῦ.
3119 464 3137 497 ι
3170 444 3284 501 Καὶ
3318 445 3509 514 πάλιν,
3542 466 3560 500 ι
3597 448 3763 501 Εὐλο-

433 534 442 540 ’
496 550 724 615 virtute,
764 546 1033 609 facientes
1066 542 1301 600 verbum
1348 540 1472 613 ejus
1504 559 1518 597 :
1548 539 1864 598 benedicite
1893 537 2078 594 Domi-

2185 536 2333 603 γεῖτε
2389 535 2482 588 τὸν
2537 534 2763 609 Κύριον,
2797 536 2999 600 πάντες
3033 537 3254 607 ἄγγελοι
3308 536 3499 605 αὐτοῦ,
3552 538 3767 594 δυνατοὶ

497 657 656 709 num,
685 655 878 701 omnes
904 638 1138 694 virtutes
1169 636 1311 707 ejus,
1340 633 1581 691 ministri
1600 633 1740 706 eius,
1777 631 1873 709 qui
1896 630 2078 716 facitis

2189 627 2358 698 ίσχύῖ,
2392 622 2685 692 ποιοῦντες
2706 630 2799 682 τὸν
2830 628 2989 699 λόγον
3015 628 3205 684 αὐτοῦ’
3234 630 3507 700 εὐλογεῖτε
3528 631 3621 684 τὸν
3651 630 3764 685 K6-

498 731 843 786 voluntatem
875 729 997 800 ejus
1040 727 1107 780 ⁷⁷.
1141 745 1159 778 ι
1193 724 1311 779 Hoc
1353 723 1543 797 operis
1587 722 1856 795 competit
1889 729 1947 781 et
1975 721 2078 777 ho—

2190 737 2325 792 ριον,
2375 722 2550 777 πᾶσαι
2588 722 2645 775 αί
2681 722 2941 795 δυνάμεις
2979 722 3165 791 αὐτοῦ,
3217 722 3525 794 λειτουργοὶ
3574 724 3763 791 αὐτοῦ,

500 821 745 878 minibus
767 838 780 875 :
803 840 820 873 ι
840 818 1031 875 Omnis
1047 818 1195 874 enim
1213 814 1642 887 spirituslaudet
1657 814 1948 870 Dominum
1965 810 2031 867 ⁷⁸.
2053 831 2072 864 ι

2186 811 2472 874 ποιοῦντες
2503 812 2566 866 τὸ
2596 811 2811 885 θέλημα
2840 811 3029 867 αὐτοῦ.
3072 832 3091 865 ι
3149 811 3414 885 ’Δρμόζει
3450 813 3510 868 δέ
3537 813 3634 867 καὶ
3665 816 3768 868 παρ

498 912 782 977 Monachis
806 918 990 967 autem
1020 908 1286 978 peculiari
1331 907 1567 981 quadam
1601 903 1964 977 praerogativa
1992 904 2078 958 vel

2186 920 2271 955 σιν
2300 901 2635 974 ἀνθρώποις·
2665 920 2684 959 t
2716 904 2873 959 Πᾶσα
2913 903 3023 976 γὰρ
3049 904 3187 976 πνοὴ
3217 905 3492 959 αἰνεσάτω
3521 905 3614 959 τὸν
3652 906 3771 959 Κύ-

498 1006 555 1062 ὶη
583 1005 780 1080 primis
823 1003 1123 1073 convenit;
1155 1002 1306 1074 quod
1348 1002 1664 1061 institutum
1698 1001 1824 1057 vita:
1850 1011 2078 1068 prorsus

2187 1011 2304 1065 ριον
2343 1015 2361 1047 ο
2428 996 2819 1065 κατεξαίρετον
2847 997 2905 1052 δὲ
2929 1000 3044 1062 τοῖς
3087 1000 3366 1069 μοναχοίς,
3397 1000 3514 1063 τοῖς
3551 1001 3646 1052 τὸν
3670 1001 3770 1068 ἁγ-

495 1098 760 1170 αηεοιίοαξ
813 1096 1058 1152 ultronei
1120 1095 1478 1167 delegerunt;
1536 1090 1752 1166 1194
1803 1110 1823 1144 ι
1878 1091 2078 1146 Beatus

2183 1087 2404 1156 γελικὸν
2452 1088 2897 1161 ἐπανῃρημένοις
2946 1086 3081 1158 βίον
3138 1106 3157 1140 ι
3205 1090 3492 1162 Μακάριος
3536 1090 3679 1161 γὰρ.
3710 1091 3771 1155 ὃς

495 1192 648 1253 enim
690 1190 788 1263 qui
832 1189 1195 1246 meditabitur
1224 1187 1279 1242 in
1323 1188 1442 1261 lege
1484 1186 1705 1241 Domini
1745 1184 1836 1240 die
1876 1200 1942 1241 ac
1972 1201 2075 1241 no-

2188 1180 2477 1253 μελετήσει
2522 1181 2581 1233 tv
2626 1180 2777 1251 νόμῳ
2829 1180 3040 1251 Κυρίου
3076 1181 3295 1253 ἡμέρας
3339 1183 3437 1237 καὶ
3483 1184 3702 1248 νυκτός.
3744 1200 3764 1235 ι

497 1293 585 1343 etc
610 1285 679 1338 ".
712 1304 730 1337 ι
755 1285 855 1343 Et:
894 1303 913 1335 ‹
940 1282 1045 1351 Qui
1082 1280 1292 1336 timetis
1316 1279 1634 1345 Dominum,
1663 1279 1885 1337 laudate
1911 1295 2075 1347 eum;

497 1376 817 1431 universum
854 1388 1041 1429 semen
1068 1374 1260 1436 Jacob,
1286 1371 1593 1443 glorificate
1622 1386 1749 1426 eum
1774 1369 1842 1425 ⁸⁸.
1876 1390 1894 1423 ι
1928 1372 2080 1426 Psal-

497 1463 684 1520 modia
730 1479 863 1519 sane
910 1464 1038 1541 juge
1089 1470 1174 1521 est
1234 1461 1592 1527 sacrificium,
1637 1472 1694 1519 et
1745 1460 2076 1519 sacrificium

497 1556 698 1613 laudis.
747 1556 921 1612 Debet
954 1555 1279 1620 monachus,
1311 1553 1444 1610 dum
1477 1554 1651 1609 sacris
1681 1562 1966 1625 operatur,
1996 1554 2078 1609 di-

495 1648 657 1706 vinas
677 1658 734 1705 et
762 1647 1009 1722 legitima
1045 1648 1331 1706 sanctione
1375 1647 1707 1703 constitutas
1730 1646 1924 1702 laudes
1952 1646 2078 1701 red-

495 1742 630 1798 dere
680 1742 795 1798 Deo
843 1742 1051 1814 jugiter
1095 1750 1153 1796 et
1209 1740 1511 1813 indirupte.
1566 1760 1584 1794 ι
1622 1739 1972 1806 Benedicam,
2000 1740 2078 1797 ait

500 1832 695 1898 David,
712 1808 1011 1888 Dominum
1037 1831 1095 1888 in
1113 1831 1262 1887 omni
1283 1808 1551 1902 tempore,
1574 1846 1793 1903 semper
1815 1831 1936 1886 laus
1955 1831 2077 1902 ejus
2111 1808 2152 1865 Β

499 1927 556 1983 in
588 1942 687 1984 ore
728 1941 854 1983 meo
881 1926 949 1983 ⁸³.
982 1944 1002 1977 ›
1034 1925 1340 1981 Audiamus
1370 1924 1504 1996 quid
1523 1939 1626 1980 nos
1653 1924 1996 1990 cohortetur,
2020 1934 2083 1980 ut

498 2017 809 2074 faciamus:
854 2036 873 2070 ι
904 2017 1127 2074 Psallite
1169 2016 1283 2072 Deo
1323 2024 1535 2080 nostro,
1579 2016 1831 2088 psallite;
1862 2017 2081 2087 psallite

500 2112 633 2183 Regi
655 2118 865 2177 nostro,
890 2111 1107 2182 psallite
1130 2111 1473 2183 sapienter"
1488 2153 1504 2177 ,
1523 2141 1593 2151 —
1609 2110 1825 2181 psallite
1848 2110 2083 2165 Domino

500 2202 557 2259 in
601 2202 816 2261 cithara
859 2210 916 2259 et
966 2217 1103 2258 voce
1153 2201 1349 2272 psalmi
1390 2201 1458 2255 ⁸³.
1490 2220 1509 2254 ι
1562 2199 1670 2261 Sed
1712 2210 1768 2255 et
1813 2218 1826 2255 :
1882 2220 1901 2253 ι
1935 2200 2081 2257 Bene

499 2294 714 2367 psallite
736 2294 787 2351 ei
806 2294 864 2350 in
882 2293 1280 2351 vociferatione
1295 2292 1365 2361 ⁸⁸;
1384 2310 1510 2346 ι-ι
1535 2291 1903 2349 Exsultabunt
1929 2291 2079 2347 enim

497 2384 645 2445 labia
676 2400 799 2447 mea
830 2384 962 2441 dum
984 2393 1285 2442 cantavero
1318 2386 1440 2454 tibi,
1475 2395 1533 2446 et
1561 2385 1745 2441 anima
1768 2400 1889 2441 mea
1913 2400 2079 2456 quam

498 2478 783 2535 redemisti
815 2480 883 2533 ".
912 2479 1178 2535 "Rursus
1214 2498 1227 2533 :
1278 2498 1297 2532 ι
1332 2479 1557 2535 Psallite
1598 2479 1855 2545 Domino,
1901 2480 2078 2536 sancti

495 2571 618 2642 ejus
639 2570 709 2625 '“.
740 2590 759 2627 ι
798 2572 869 2628 Et
896 2585 912 2627 :
943 2591 962 2626 ι
991 2570 1208 2629 Servite
1231 2571 1462 2628 Domino
1487 2572 1543 2626 in
1565 2572 1785 2638 timore,
1808 2582 1866 2629 et
1894 2574 2081 2629 exsul—

498 2670 611 2719 tate
637 2662 689 2719 ei
713 2661 771 2719 in
799 2672 1041 2721 tremore
1072 2662 1140 2718 ⁸⁷.
1175 2680 1195 2714 ι
1235 2694 1307 2707 -
1328 2680 1348 2714 ι
1380 2662 1528 2721 Laus
1559 2663 1711 2720 enim
1741 2663 1862 2735 ejus
1898 2664 1954 2721 in
1983 2680 2079 2721 ec-

497 2751 667 2815 clesia
693 2761 1017 2811 sanctorum
1049 2754 1119 2811 ⁸⁸.
1158 2772 1177 2808 ι
1215 2755 1282 2812 Et
1312 2772 1373 2810 ιι
1402 2754 1525 2815 Filii
1556 2754 1691 2813 Sion
1719 2757 1999 2817 exsultent
2023 2757 2081 2815 in

499 2847 646 2918 ltege
677 2862 784 2906 suo
823 2847 891 2902 ⁸⁸.
931 2866 949 2898 ι
971 2878 1042 2888 -
1064 2868 1082 2902 ι
1118 2848 1233 2922 Ego
1262 2856 1448 2911 autem
1479 2850 1717 2907 cantabo
1761 2858 1817 2905 et
1849 2850 2079 2922 psallam

497 2928 554 2995 in
584 2939 760 3009 gloria
777 2956 899 2999 mea
921 2941 991 3009 ’°,
1019 2959 1040 2995 ι
1068 2969 1140 2984 --
1168 2960 1186 2994 ι
1210 2942 1341 3012 quia
1363 2942 1643 2999 concaluit
1667 2957 1767 2999 cor
1790 2959 1976 2999 meum
1997 2944 2081 3005 in.

498 3042 581 3087 ira
599 3046 708 3098 me,
733 3040 791 3090 et
820 3033 878 3088 in
892 3032 1254 3091 meditatione
1280 3049 1400 3091 mea
1437 3034 1763 3093 exardeseet
1791 3036 1937 3107 ignis
1957 3036 2025 3107 ’f.
2054 3054 2073 3089 ι

2184 1273 2317 1338 Καὶ,
2366 1292 2384 1325 ι
2421 1274 2483 1327 Οί
2512 1271 2841 1344 φοϐούμενοι
2894 1272 2987 1326 τὸν
3028 1272 3255 1346 Κύριον,
3280 1274 3538 1330 αίνέσατε
3576 1276 3767 1330 αὐτόν’

2183 1364 2329 1419 ἅπαν
2360 1363 2420 1419 τὸ
2447 1362 2671 1435 σπέρμα
2710 1361 2928 1431 Ἰακὼϐ,
2956 1362 3219 1428 δοξάσατε
3243 1364 3425 1418 αὐτόν.
3448 1384 3467 1417 ι
3490 1366 3557 1419 Ἦ
3584 1365 3773 1437 ψαλμ-

2183 1455 2323 1527 ῳδία
2366 1455 2550 1509 τοίνυν
2592 1455 2752 1509 θυσία
2778 1456 2928 1509 ἐστὶν
2951 1456 3331 1528 ἐνδελεχισμοῦ
3356 1458 3451 1511 καὶ
3481 1459 3769 1523 αίνέσειυςο

2184 1548 2327 1603 κατὰ
2353 1547 2433 1609 τὸ.
2471 1547 2631 1601 θυσία
2654 1547 2913 1611 αἰνέσεως
2934 1546 3152 1613 δοξάσει
3200 1565 3288 1619 με.
3309 1568 3329 1602 ι
3372 1550 3509 1615 Καὶ,
3552 1567 3572 1601 ι
3592 1550 3771 1607 Θῦσον

2183 1639 2267 1711 τῷ
2289 1639 2408 1710 Θεῷ
2427 1639 2621 1694 θυσίαν
2647 1638 2931 1701 αἰνέσεως.
2964 1657 2984 1690 ι
3004 1640 3288 1710 Χρεωστετ
3328 1637 3424 1697 οῦν
3468 1641 3497 1693 6
3534 1641 3772 1711 μοναχὺς

2186 1728 2481 1803 ἐνδελεχῶς
2528 1730 2625 1787 καὶ
2656 1729 3020 1796 ἀδιαλείπτως
3051 1730 3359 1803 ἱερουργεῖν
3392 1732 3475 1803 τῷ
3518 1731 3644 1803 Θεῷ
3667 1734 3770 1796 τάς

2183 1820 2580 1892 νενομισμένας
2604 1820 2772 1876 αὐτοῦ
2794 1821 3137 1891 -δοξολογίας,
3168 1842 3187 1875 ι
3217 1822 3514 1895 Εὐλογήσω
3538 1822 3651 1895 γάρ
3675 1823 3770 1877 τὸν

2182 1913 2390 1985 Κύριον
2424 1914 2482 1967 ἐν
2510 1914 2673 1968 παντὶ
2702 1912 2903 1985 καιρῷ.
2928 1913 3028 1969 Διὰ
3058 1913 3260 1978 παντὸς
3289 1916 3324 1987 ή
3364 1915 3574 1979 αῖνεσις
3597 1914 3769 1969 αὐτοῦ

2182 2007 2242 2059 tv
2271 2005 2352 2077 τῷ
2381 2004 2610 2077 στόματί
2642 2022 2767 2076 μου.
2801 2025 2820 2057 ι
2884 2003 3236 2077 ’Δκούσωμεν
3264 2004 3358 2060 τοῦ
3392 2004 3557 2058 Δαυῖδ
3587 2021 3771 2075 παρα-

2181 2098 2542 2170 κελευομένου
2570 2099 2990 2170 ἠμῖνοιΨάλατε
3018 2098 3097 2172 τῷ
3125 2097 3245 2169 Θεῷ
3275 2098 3670 2169 ἡμῶν,ψάλατε
3689 2096 3768 2167 τῷ

2182 2188 2403 2247 Βασιλεῖ
2426 2188 2608 2261 ἡμῶν,
2655 2188 2864 2262 ψάλατε
2894 2190 3132 2254 συνετῶς
3168 2202 3185 2219 ⁸
3215 2188 3424 2260 ψάλατε
3461 2188 3542 2260 τῷ
3574 2188 3767 2258 Κυρίῳ

2181 2276 2239 2330 tv
2264 2276 2467 2349 κιθάρᾳ
2498 2278 2591 2331 καὶ
2628 2280 2781 2351 φωνῇ
2807 2278 3047 2353 ψαλμοῦ.
3090 2298 3109 2333 ι
3156 2278 3317 2333 Ἀλλὰ
3340 2279 3454 2344 καὶ,
3488 2297 3509 2331 ι
3540 2278 3765 2332 Ψάλατε

2181 2368 2331 2443 αὐτῷ
2350 2371 2410 2427 ἐν
2432 2370 2895 2445 άλαλαγμῷ.›--ι
2918 2372 3363 2442 ’Δγαλλιάσονται
3378 2372 3448 2427 τὰ
3475 2371 3631 2444 χείλη
3661 2388 3764 2443 μου

2180 2461 2309 2517 ὅταν
2338 2462 2606 2534 ψάλλωσι,
2639 2464 2735 2519 καὶ
2766 2466 2799 2535 ἡ
2829 2463 2977 2537 ψυχή
3006 2481 3109 2536 μου
3134 2464 3204 2536 ἢν
3237 2464 3559 2537 ἐλυτρώσω.
3599 2484 3619 2515 ι
3652 2464 3762 2521 Καὶ

2180 2548 2356 2621 αὖθις,
2394 2574 2413 2607 ι
2439 2554 2660 2610 Ψάλατε
2704 2555 2783 2627 τῷ
2812 2556 3025 2627 Κυρίῳ,
3073 2559 3124 2610 ot
3162 2557 3302 2609 ὅσιοι
3331 2554 3521 2610 αὐτοῦ.
3560 2575 3579 2607 ι
3628 2557 3759 2620 Καὶ,

2187 2665 2207 2697 ι
2260 2645 2593 2703 Δουλεύσατε
2625 2646 2706 2719 τῷ
2751 2646 2941 2721 Κυρίῳ
2984 2646 3042 2699 ἐν
3094 2645 3268 2716 φόϐῳ.
3300 2649 3394 2699 καὶ
3426 2644 3760 2715 ἀγαλλιᾶσθε

2184 2738 2336 2812 αὐτῷ
2364 2739 2423 2793 ἐν
2464 2739 2675 2813 τρόμῳ.
2715 2738 2781 2793 Ἦ
2805 2739 2916 2811 γὰρ
2957 2741 3162 2811 αῐνεσις
3197 2740 3363 2797 αὐτοῦ
3392 2742 3453 2795 ἐν
3493 2740 3763 2813 ἐκκλησίᾳ

2182 2830 2365 2887 ὁσίων.
2408 2849 2428 2887 ι
2464 2828 2594 2897 Kat,
2629 2850 2647 2883 ι
2681 2832 2745 2887 Οί
2780 2832 2885 2885 υἱοὶ
2919 2830 3056 2886 Σιὼν
3086 2832 3540 2901 ἀγαλλιάσθωσαν
3570 2834 3666 2886 ἐπὶ
3686 2833 3761 2902 τῷ

2183 2923 2403 2980 Βασιλεῖ
2429 2924 2631 2979 αὐτῶν.
2664 2924 2805 2995 Ἐγὼ
2831 2925 2887 2981 δέ
2914 2926 3116 2999 ᾄσομαι
3145 2926 3241 2981 καὶ
3268 2926 3424 2995 ψαλῶ
3454 2927 3510 2980 tv
3540 2929 3609 3001 τῇ
3637 2925 3761 2997 δόξῃ

2185 3033 2315 3089 μου,
2344 3018 2429 3071 ὅτι
2456 3016 2769 3089 ἐθερμάνθη
2797 3020 2831 3089 ἡ
2878 3019 3077 3091 καρδία
3104 3036 3209 3093 μου
3240 3019 3392 3081 ἐντός
3424 3036 3556 3090 μου,
3580 3018 3678 3072 καὶ
3705 3020 3760 3071 tv

496 3124 566 3183 Et
593 3142 605 3180 :
652 3142 671 3181 ι
704 3112 895 3182 Dulcia
930 3125 1187 3185 faucibus
1232 3127 1373 3185 meis
1398 3127 1619 3198 eloquia
1649 3135 1746 3189 tua
1769 3144 1937 3199 super
1963 3129 2072 3186 mel

2180 3110 2245 3178 τῇ
2273 3109 2472 3183 μελέτῃ
2499 3125 2599 3179 μου
2629 3110 3030 3183 ἐκκαυθήσεται
3044 3110 3209 3182 πῦρ.)
3240 3112 3372 3174 Kat,
3395 3112 3659 3168 «Γλυκεῖα
3681 3110 3756 3184 τῷ

495 3214 581 3271 ori
628 3230 752 3273 meo
795 3216 877 3284 ";
911 3235 930 3275 ι
959 3246 1031 3257 -—
1065 3235 1088 3274 ε
1121 3217 1204 3276 sic
1252 3218 1578 3279 benedicam
1612 3228 1668 3276 te
1699 3220 1755 3279 in
1780 3222 1904 3284 ,vita
1933 3236 2074 3288 mea,

493 3304 811 3363 innomiue
845 3314 943 3363 tuo
970 3305 1169 3369 levabo
1202 3323 1399 3365 manus
1414 3310 1823 3381 meas,»quia,c
1850 3310 1994 3369 sicut
2011 3326 2079 3367 ex

496 3395 659 3468 adipe
685 3404 743 3453 et
772 3398 1111 3471 pinguedine
1141 3401 1421 3471 repleatur
1463 3402 1649 3459 anima
1681 3418 1803 3464 mea
1826 3413 1883 3461 et
1918 3403 2079 3470 labiis

494 3486 883 3549 exsultationis
929 3490 1181 3550 laudabit
1219 3507 1283 3548 os
1323 3507 1509 3549 meum
1552 3493 1621 3549 ”.
1661 3512 1681 3551 ι
1738 3495 1876 3555 Nam
1906 3514 1925 3547 ι
1960 3506 2078 3553 tor-

497 3585 656 3633 rente
688 3579 989 3650 voluptatis
1020 3589 1130 3641 tua:
1169 3581 1388 3657 potabis
1416 3598 1513 3641 eos
1549 3584 1616 3652 “,
1643 3604 1663 3637 ι
1703 3585 1800 3657 qui
1835 3588 2079 3658 psallunt

497 3669 621 3725 tibi.
670 3668 776 3725 Sed
838 3671 972 3749 quid
1016 3688 1241 3732 necesse
1277 3674 1351 3730 sit
1381 3674 1437 3735 in
1476 3675 1718 3735 medium
1748 3677 2079 3750 depromere

495 3762 713 3834 singula
759 3779 994 3835 qumque
1033 3780 1100 3820 ex
1146 3766 1356 3825 Davide
1400 3768 1740 3839 testimonia,
1794 3773 1932 3833 nulli
1964 3788 2077 3833 non

496 3864 743 3913 vestrum
774 3871 1039 3927 persuasa
1066 3873 1131 3914 ac
1161 3869 1475 3929 perspecta,
1504 3861 1712 3931 quibus
1752 3878 1856 3923 nos
1880 3864 2078 3922 beatus

497 3945 590 4003 ille
636 3947 893 4007 hortatur
915 3947 985 4004 ad
1030 3949 1425 4021 psallendum?
1458 3960 1556 4007 aut
1582 3963 1736 4012 certe
1773 3945 2078 4029 quid'opus

497 4046 559 4092 ut
588 4037 860 4109 explicem
900 4047 1172 4111 quantum
1204 4041 1394 4111 gratiae
1436 4052 1495 4103 et
1533 4044 1839 4115 spiritualis
1870 4047 2077 4106 laetitia:

497 4128 777 4187 inseratur
805 4128 960 4191 cordi
985 4131 1106 4203 ejus
1129 4132 1226 4202 qui
1250 4147 1377 4193 cum
1402 4137 1829 4205 compunctione
1857 4148 1915 4195 et
1947 4156 2077 4210 per-

494 4218 647 4289 vigili
689 4210 998 4277 attentione
1024 4213 1209 4292 psallit
1239 4224 1516 4285 Domino?
1537 4227 1757 4287 Norunt
1787 4230 1949 4301 plane
1978 4231 2074 4303 qui

492 4310 813 4373 didicerunt
859 4313 1108 4373 doctrice
1152 4317 1498 4388 experientia
1526 4337 1541 4376 :
1569 4336 1642 4378 ne
1672 4322 1762 4381 cui
1800 4323 1945 4380 forte
1970 4341 2074 4381 nu-

421 4482 424 4486 .
493 4420 598 4477 gax
626 4405 816 4464 videar
849 4414 907 4463 et
926 4406 1162 4466 blatero.
1188 4408 1333 4467 Sane
1364 4410 1422 4467 in
1442 4427 1512 4471 eo
1541 4414 1809 4484 temporis
1833 4418 2073 4474 articulo

2179 3196 2415 3270 λάρυγγί
2437 3215 2537 3270 μου
2558 3198 2625 3253 τὰ
2651 3199 2807 3268 λόγιά
2832 3216 2925 3253 σου
2942 3200 3082 3272 ὐπέρ
3109 3200 3229 3273 μέλι
3247 3200 3325 3274 τῷ
3342 3202 3575 3276 στόματί
3601 3220 3755 3274 μουοι

2178 3317 2250 3330 —-
2290 3308 2309 3342 ι
2349 3289 2535 3355 οὕτως
2573 3290 2857 3363 εὐλογήσω
2890 3309 2949 3347 σε
2982 3294 3041 3347 ἐν
3065 3297 3131 3365 τῇ
3164 3295 3277 3368 ζωῇ
3321 3310 3448 3366 μου,
3486 3296 3582 3350 xat
3609 3297 3669 3349 tv
3686 3296 3759 3367 τῷ

2178 3382 2403 3454 ὀνόματί
2432 3400 2525 3436 σου
2552 3383 2670 3456 ἀρῶ
2699 3386 2799 3451 τὰς
2825 3385 3013 3458 χεῖράς
3046 3402 3168 3458 μου·
3199 3386 3284 3440 ὅτι
3329 3385 3406 3451 ὡς
3438 3388 3507 3441 ἐκ
3536 3388 3758 3453 στέατος

2178 3476 2276 3531 καὶ
2311 3476 2566 3548 πιότητος
2596 3478 2943 3552 ἐμπλησθείη
2990 3481 3024 3551 ὴ
3080 3478 3229 3551 ψυχή
3283 3498 3410 3553 μου,
3468 3481 3568 3536 καὶ
3609 3484 3758 3555 χείλη

2178 3572 2552 3641 ἀγαλλιάσεως
2579 3571 2786 3626 αἰνέσει
2825 3574 2886 3626 τὸ
2927 3574 3102 3645 στόμα
3137 3592 3263 3646 μου.
3300 3593 3319 3626 ι
3360 3605 3429 3621 ε-
3460 3594 3481 3627 ι
3520 3576 3628 3629 Τὸν
3654 3577 3757 3646 γάρ

2177 3663 2515 3736 χειμάρρουν
2541 3664 2641 3734 τῆς
2662 3666 2876 3736 τρυφῆς
2909 3682 3001 3720 σου
3024 3668 3233 3730 ποτιεῖς
3266 3666 3465 3732 αὐτοὺς
3490 3668 3756 3738 »ψάλλον-

2177 3755 2277 3821 τάς
2300 3773 2403 3811 σοι.
2441 3755 2604 3821 vim
2628 3756 2683 3810 τι
2723 3756 2829 3829 χρὴ
2863 3758 3042 3822 πάσας
3080 3757 3180 3823 τὰς
3226 3760 3356 3832 περὶ⁸
3396 3758 3493 3813 τοῦ
3537 3760 3754 3831 ψάλλειν

2178 3847 2271 3902 τοῦ
2302 3847 2464 3903 Δαυῖδ
2493 3848 2839 3920 παραθέσθαι
2867 3851 3201 3923 μαρτυρίας,
3226 3850 3294 3916 ἃς
3318 3852 3529 3917 πάντες
3555 3855 3751 3919 ἴσασιν,

2176 3942 2212 4016 ἦ
2249 3943 2377 4014 περὶ
2432 3941 2534 4013 τῆς
2580 3941 2801 4015 χάριτος
2838 3943 2935 3997 καὶ
2968 3944 3310 4017 εὐφροσύνης
3340 3948 3437 4018 τῆς
3475 3947 3755 4017 ἐγγινομέ-

2180 4052 2276 4105 νης
2299 4036 2358 4088 ἐν
2384 4036 2451 4107 τῇ
2486 4034 2688 4106 καρδίᾳ
2737 4034 2847 4088 τῶν
2899 4036 3041 4106 μετὰ
3083 4036 3430 4102 κατανύξεως
3475 4038 3758 4109 νηφαλέως

2176 4128 2490 4199 ψαλλόντων
2530 4128 2935 4203 eumenen;
2968 4128 3065 4183 καὶ
3104 4127 3268 4182 τοῦτο
3294 4130 3403 4200 γάρ
3432 4130 3754 4185 ἐπίστανται

2176 4222 2225 4275 οἱ
2256 4220 2679 4293 πεπειραμένοι,
2720 4221 2935 4293 μήποτε
2976 4222 3073 4276 καὶ
3099 4222 3390 4295 ἀδόλεσχος
3417 4222 3614 4294 κριθῶ.
3644 4224 3754 4277 Κα-

2176 4312 2267 4368 λὸν
2292 4307 2386 4367 οὖν
2410 4314 2560 4368 ἐστιν
2586 4314 2645 4367 ἐν
2672 4313 2848 4386 καιρῷ
2878 4316 3108 4389 μνήμης
3142 4315 3278 4369 Θεοῦ
3314 4314 3751 4371 πολυπλασιάσαι

2176 4405 2381 4477 δέησιν,
2418 4406 2504 4460 ἴνα
2533 4407 2661 4462 ὅταν
2682 4406 3074 4478 ἐπιλαθώμεθα
3099 4408 3389 4482 ὑπομνήσῃ
3418 4409 3566 4479 ἡμᾶς
3593 4410 3622 4462 6
3649 4408 3756 4461 Κύ-

493 4512 607 4569 quo
650 4498 918 4559 memoria
965 4500 1284 4561 celebratur
1343 4504 1544 4565 divinae
1588 4479 1804 4577 laudis,
1859 4510 2072 4580 juverit

2179 4516 2313 4573 ριος.
2341 4500 2451 4553 Καὶ
2482 4499 2716 4565 εὐτόνως
2748 4500 2986 4568 στῶμεν,
3014 4479 3314 4572 ἀγαπητοὶ,
3444 4500 3749 4571 ψαλμῳδίᾳο

494 4588 866 4661 multiplicare
900 4591 1369 4665 deprecationem,
1414 4606 1477 4653 ut
1516 4598 1666 4668 quod
1698 4615 1799 4671 per
1837 4602 2075 4662 oblivio-

495 4693 622 4739 nem
661 4680 934 4738 exeiderit
976 4684 1268 4753 memoria,
1335 4686 1455 4761 ipse
1492 4687 1763 4749 Dominus
1814 4690 2073 4765 dignetur

493 4785 786 4845 suggerere
824 4792 839 4829 :
874 4783 1041 4850 atque
1092 4776 1192 4845 ita,
1243 4778 1577 4847 charissimi,
1612 4781 1669 4839 in
1715 4785 2075 4845 concinendis

494 4864 717 4933 psalmis
739 4871 937 4927 attenti
956 4869 1338 4939 persistamus,
1354 4887 1687 4946 oremusque
1704 4892 1840 4936 voce
1856 4890 2072 4938 exserta

492 4963 551 5010 et
604 4960 908 5025 constanti,
958 4962 1198 5020 aversati
1250 4964 1501 5021 studium
1542 4981 1708 5024 omne
1748 4972 2070 5031 multifaria:

493 5047 842 5117 cogitationis
860 5058 918 5106 et
936 5053 1171 5110 curiosa:
1202 5054 1612 5114 sollicitudinis.
1652 5060 1780 5115 Haec
1799 5061 1948 5117 enim
1976 5079 2067 5118 so-

494 5136 701 5196 lemnis
735 5145 1081 5201 consuetudo
1110 5146 1456 5205 demonibus
1488 5147 1813 5217 inolevit,.si
1846 5154 2071 5223 quando

2174 4591 2273 4645 καὶ
2298 4590 2732 4664 προσευξώμεθα
2762 4591 2995 4663 εὐτόνως
3021 4593 3497 4665 ἀποστρεφόμενοι
3522 4592 3621 4657 τάς
3646 4592 3753 4645 τῶν

2174 4685 2451 4757 λογισμῶν
2497 4686 2594 4741 καὶ
2633 4685 2931 4759 φροντίδων
2974 4685 3219 4751 ἐπάξεις.
3262 4684 3503 4739 Είώθασι
3550 4684 3660 4755 γάρ
3704 4685 3752 4736 οἱ

2174 4760 2451 4849 δαίμονες,
2478 4779 2608 4834 ὅταν
2651 4777 2805 4835 ἴδωσί
2850 4796 2975 4835 τινα
3026 4776 3326 4851 προθύμως
3375 4776 3683 4848 ψάλλοντα,
3717 4776 3749 4845 ἢ

2176 4871 2641 4943 προσευχόμενον,
2665 4869 2786 4925 τότε
2810 4870 3127 4926 ὑποτιθέναι
3146 4872 3400 4940 νοήματα
3423 4869 3588 4922 τινῶν
3609 4884 3748 4939 πρα·

2178 4965 2407 5036 γμάτων
2438 4963 2599 5035 δῆθεν
2643 4962 2982 5032 ἀναγκαίωνο
3010 4961 3288 5026 κινοῦντες
3317 4962 3409 5016 τὸν
3453 4959 3581 5013 νοῦν
3617 4960 3747 5031 πρὸς

2178 5058 2407 5129 ζήτησιν
2440 5056 2644 5120 αὐτῶν,
2688 5055 2777 5109 ἵνα
2821 5054 3009 5127 χυθεὶς
3046 5055 3075 5107 6
3106 5052 3231 5115 νοῦς
3262 5052 3399 5125 πρὸς
3442 5050 3544 5121 τὴν
3572 5050 3747 5103 αὐτῶν

2168 5150 2413 5220 ἔρευναν,
2443 5147 2687 5219 ἀπολέσῃ
2713 5146 2814 5217 τὴν
2836 5146 3147 5217 γλυκύτητα
3169 5147 3268 5215 τῆς
3294 5142 3635 5215 ψαλμῳδίας.
3655 5141 3748 5194 Διὰ

496 5244 667 5283 unum
710 5230 953 5302 aliquem
998 5235 1243 5293 viderint
1292 5237 1480 5293 animo
1528 5238 1697 5297 alacri
1747 5239 2069 5309 psallentem

2179 5240 2217 5294 ti
2246 5244 2311 5295 ἐκ
2342 5240 2611 5311 στόματος
2641 5238 2751 5291 τῶν
2782 5237 2995 5310 νηπίων
3026 5237 3196 5291 ὄντων
3220 5238 3289 5307 τῇ
3311 5234 3480 5305 κακίᾳ
3514 5233 3742 5293 πιστῶν,

494 5329 591 5377 aut
636 5321 919 5390 orantem;
961 5326 1325 5398 cogitationes
1361 5337 1492 5385 tunc
1528 5339 1832 5401 suggerunt
1884 5347 2069 5387 rerum

2179 5335 2194 5386 5
2230 5331 2465 5402 Χριστὸς
2500 5329 2819 5402 καταρτίςει
2870 5330 2961 5383 τὸν
3009 5324 3158 5383 αἶνον
3178 5367 3192 5392 ,
3224 5326 3258 5398 ἦ
3289 5327 3512 5389 πάντως
3542 5326 3630 5378 ἵνα
3658 5322 3745 5378 διὰ

494 5421 793 5483 prospectu
856 5414 978 5487 ipso
1036 5420 1502 5487 necessariarum,
1554 5430 1798 5479 mentem
1843 5424 2064 5480 interim

2179 5424 2264 5497 τῆς
2292 5424 2615 5498 ψαλμφδίας
2644 5423 2926 5497 καταλύσῃ
2955 5421 3149 5494 ἐχθρὸν
3179 5421 3289 5497 καὶ,
3317 5417 3618 5489 ἐκδικητὴν
3648 5434 3743 5470 τυ-

561 5594 609 5627 ⁷⁷
638 5593 912 5657 Psal.'cu,
963 5591 1053 5655 20,
1088 5591 1175 5646 21.
1253 5592 1298 5624 ⁷⁸
1347 5593 1489 5649 Psal.
1519 5612 1601 5661 CL,
1645 5596 1697 5652 6.
1775 5598 1821 5631 "
1856 5599 1998 5654 Psal.
2034 5616 2070 5661 ι,

2234 5601 2281 5632 ⁸ο
2328 5600 2470 5655 Psal.
2525 5615 2634 5660 xxi,
2683 5599 2776 5653 2.5.
2852 5598 2893 5629 ⁸¹
2935 5599 3077 5653 Psal.
3132 5614 3315 5662 xxxiii,
3368 5597 3425 5651 2.
3500 5597 3547 5627 "
3598 5594 3739 5650 Psal.

492 5679 631 5735 xxvi,
663 5665 713 5735 7.
791 5664 838 5695 ⁸⁸
881 5664 1023 5719 Psal.
1072 5678 1236 5735 xcvn,
1285 5662 1338 5718 6.
1413 5665 1460 5695 "
1497 5666 1637 5720 Psal.
1682 5684 1847 5735 xxxii,
1881 5669 1935 5723 5.
2011 5670 2057 5701 ⁸³

2179 5672 2235 5725 ιΙ.
2279 5686 2399 5734 Lxx,
2445 5670 2535 5724 εδ.

2019 5741 2061 5771 ⁹¹
2098 5741 2239 5797 Psal.
2282 5757 2503 5806 xxxvm,
2542 5742 2591 5795 ί.
2668 5744 2712 5775 θ’
2750 5740 2889 5795 Psal.
2923 5754 3104 5807 εδει-ιιι,
3150 5736 3264 5793 ιυδ.

491 5734 532 5759 ⁸⁸
569 5734 711 5788 Psal.
738 5750 913 5798 cxux,
947 5735 994 5788 l.
1071 5733 1116 5766 ⁸³
1152 5733 1288 5788 ibid.
1328 5734 1385 5789 2.

514 5737 532 5809 ξ
569 5737 994 5809 Ρξειίηᾳιριηι.
1071 5737 1116 5766 ⁸⁹
1152 5737 1288 5809 ibid.
1328 5737 1385 5789 ‘2.
1460 5737 1507 5767 ¹¹⁰
1546 5737 1687 5792 Psal.
1730 5755 1855 5805 cvu,
1888 5740 1941 5794 2.

491 5803 544 5867 5,
593 5802 645 5858 6.
721 5804 767 5837 “
814 5804 957 5864 Psal.
995 5821 1153 5872 xxxv,
1210 5806 1263 5861 9.

3242 5670 3287 5700 ⁸⁷
3656 5665 3737 5717 Η.

3242 5765 3264 5791 ι.
3553 5780 3563 5791 .
3606 5752 3734 5794 ull.

3553 5780 3563 5791 .
3606 5752 3734 5800 ιλιι,

2637 5671 2685 5701 ⁸³
2720 5669 2861 5723 Psal.
2895 5684 3040 5731 xux,
3083 5670 3133 5723 5.
