4040 6518
319 335 455 401 i753

1340 346 1671 411 HOMILIA
1708 351 1820 413 CV.
1857 366 1924 389 ’δ’
1952 355 2051 416 DE
2092 358 2553 425 PSALMODIA.

3447 360 3582 429 1754

319 453 612 547 ραννοῦντα
662 454 938 524 μεγάλως,
994 477 1015 511 ι
1064 458 1290 531 Ἐχθρδν
1346 463 1447 533 μὲν
1496 465 1605 519 τῶν
1654 466 1888 537 ἀρετῶν,

1995 473 2282 540 psallentis
2302 477 2532 546 perth
2547 475 2656 531 alio
2672 475 3032 547 detorquent,
3052 476 3251 545 nempe
3286 474 3356 531 ad
3390 492 3583 533 rerum
3650 518 3653 519 ν

317 543 608 617 ἐκδικητὴν
659 547 717 599 δὲ
768 549 1003 618 κακίας,
1075 551 1343 609 διάϐολον.
1399 573 1417 608 ι
1512 555 1723 612 Οὐκοῦν
1794 559 1891 613 καὶ

316 637 476 709 ἡμεῖς
503 638 766 711 ἁπλότητι
809 642 1087 707 αἰνοῦντες
1114 644 1206 697 τὸν
1250 645 1475 718 Κύριον,
1512 650 1892 720 συντρίὸωμέν

314 742 373 779 τε
424 729 518 782 καὶ
570 730 930 803 καταλύωμεν
983 735 1051 788 τὰ
1092 738 1464 809 μηχανήματα
1512 738 1607 793 τοῦ
1645 740 1891 814 Ἐχθροῦ.

318 821 501 875 Ἔστω
527 818 621 877 οὖν
643 825 672 877 ὁ
689 824 901 897 ψαλμὸς
925 829 1174 899 συνεχής.
1197 830 1329 895 Θεὸς
1349 830 1458 903 γὰρ
1487 832 1894 904 ὀνομαζόμενος

314 913 609 982 φυγαδεύει
647 917 932 989 δαίμονας.
977 921 1089 975 Καὶ
1116 922 1278 977 τοῦτο
1307 925 1610 994 ἀναγκαῖον
1640 927 1891 998 ὑπομνῆ-

316 1019 406 1055 σαι
439 1004 619 1074 ὑμᾶς,
670 1007 809 1081 ὅπερ
862 1009 1037 1075 οὐδεὶς
1082 1012 1286 1081 ἀγνοεῖ.
1331 1012 1456 1067 Ὀτι
1506 1016 1539 1086 ἡ
1598 1014 1893 1087 ψαλμῳδία

500 1100 679 1195 κανῶν
708 1098 947 1195 λέγεται.
985 1103 1197 1195 ξῼσπερ
1214 1099 1322 1195 ρῦν
1354 1106 1383 1159 ὁ
1410 1107 1654 1179 γεωργὸς
1690 1109 1785 1163 ἐὰν
1817 1107 1892 1180 μή

312 1187 388 1258 δῷ
420 1191 502 1252 είς
531 1190 756 1262 πλήρεις
791 1193 888 1246 καὶ
916 1193 1081 1249 καλὸν
1112 1187 1435 1251 τὸν’κανόνα
1457 1197 1649 1262 αὐτοῦ,
1679 1200 1757 1263 είς
1791 1217 1893 1269 φυ-

310 1278 485 1350 λακὴν
532 1280 891 1354 βληθήσεται,
926 1284 1022 1339 καὶ
1056 1288 1348 1357 κρεμᾶται,
1398 1288 1493 1342 καὶ
1516 1288 1753 1360 δέρεται,
1787 1290 1893 1356 ἕως

311 1366 372 1426 οὗ
397 1371 579 1442 ἀποδῷ
614 1378 795 1428 πᾶσαν
825 1375 925 1446 τὴν
956 1378 1178 1448 ὀφειλὴν
1206 1378 1395 1434 αὐτοῦ’
1431 1380 1574 1436 οὕτω
1600 1383 1695 1437 καὶ
1726 1386 1753 1439 ὀ
1790 1401 1890 1455 μου

215 1483 222 1495 ι
316 1464 659 1533 ναχδς,ὂταν
692 1468 943 1542 ἀμελήσῃ
997 1471 1109 1524 τοῦ
1144 1472 1371 1537 κανόνος
1432 1475 1623 1540 αὑτοῦ,
1683 1476 1889 1543 εὐθέως

309 1552 858 1623 ὲγκαταλιμπάνεται
894 1558 998 1611 ὑπὸ
1041 1559 1144 1631 τῆς
1171 1560 1420 1632 χάριτος,
1467 1566 1564 1619 καὶ
1596 1566 1890 1639 παραδίδο-

308 1662 397 1700 ται
428 1649 542 1711 τοῖς
584 1647 801 1721 ἐχθροῖς
831 1651 1020 1716 αὐτοῦ,
1073 1653 1167 1707 καὶ
1197 1655 1387 1710 πίπτει
1413 1656 1520 1711 ὑπὸ
1545 1660 1676 1724 τοὺς
1712 1660 1887 1726 πόδας

309 1738 496 1793 αὐτοῦ.
532 1742 641 1794 Καὶ
671 1743 1027 1815 ἐπιφέρονται
1069 1747 1219 1819 αὐτῷ
1249 1749 1459 1819 θλίψεις
1489 1752 1706 1817 πολλαὶ,
1744 1752 1886 1807 ὥστε

310 1832 535 1901 κράζειν
563 1835 744 1891 αὐτόν·
777 1853 796 1887 ι
834 1813 1102 1907 Κύριε,τί
1134 1813 1555 1913 ἐπληθύνθησαν
1589 1845 1641 1897 οἱ
1669 1813 1885 1926 θ’λίὸοντ
1918 1813 1961 1869 Β

307 1927 400 1992 τές
428 1946 495 1998 με
519 1971 533 1994 ,
560 1933 653 1983 καὶ
686 1931 903 1999 λέγουσι
929 1935 994 2004 τῇ
1018 1932 1165 2006 ψυχῇ
1193 1951 1320 2004 μου,
1354 1937 1469 1991 Οὐκ
1495 1937 1612 1992 ἔστι
1642 1942 1888 2012 σωτηρία

306 2020 476 2073 αὑτοῦ
503 2023 561 2076 ὲν
586 2022 664 2094 τῷ
686 2024 806 2095 Θεῷ
832 2024 997 2079 αὐτοῦ
1024 2042 1070 2092 ;›
1124 2025 1306 2095 Ἀλλὰ,
1343 2045 1363 2080 ι
1392 2028 1544 2099 Ταχὺ
1568 2030 1888 2085 είσόικουσόν

310 2129 433 2183 μου,
456 2113 649 2185 Κύριε,
684 2117 767 2170 ὅτι
807 2115 1021 2182 ἐξέλιπε
1046 2117 1108 2171 τὸ
1129 2117 1349 2190 πνεῦμά
1378 2135 1504 2189 μου.
1539 2139 1558 2174 ι
1583 2122 1717 2187 Καὶ,
1745 2143 1763 2175 ι
1794 2125 1887 2195 Μὴ

305 2205 659 2279 ἀποστρέψῃς
708 2209 770 2261 τὸ
815 2210 1108 2281 πρόσωπόν
1172 2229 1268 2269 σου
1326 2213 1423 2268 ἀπ’
1459 2215 1619 2286 ἐμοῦ,
1672 2207 1761 2269 ἵνα
1810 2219 1887 2289 μὴ

306 2298 737 2372 ὁ;ιοιωθήσωμαι
761 2304 875 2367 rei;
907 2302 1332 2361 καταϐαίνουσιν
1373 2307 1455 2371 είς
1500 2306 1722 2371 λάκκον,
1767 2329 1785 2362 ι
1820 2341 1889 2352 -

313 2393 689 2466 «ὅτιὲπλήσθη
726 2395 911 2449 κακῶν
941 2396 1134 2468 ήψυχή
1167 2415 1296 2468 μου,
1322 2398 1415 2453 καὶ
1444 2400 1478 2470 ή
1520 2400 1634 2472 ζωή
1664 2418 1767 2472 μου
1807 2402 1887 2474 τῷ

307 2483 410 2556 ᾅδῃ
444 2486 661 2556 ῆγγισε.
700 2505 719 2539 ι
766 2487 949 2542 Ταῦτα
980 2488 1160 2560 τυχὼν
1193 2489 1381 2562 βοήσει
1421 2492 1559 2564 πρὸς
1594 2494 1803 2566 Κύριον
1830 2497 1889 2550 ὲν

305 2576 384 2647 τῷ
414 2577 691 2632 θλίϐεσθαι
725 2580 946 2651 ἀμελῶν
975 2582 1405 2652 ἀπαραλείπτως
1426 2584 1518 2638 τὸν
1550 2586 1756 2641 κανόνα
1784 2588 1887 2641 αὐ-

306 2669 401 2723 τοῦ
444 2671 736 2728 ἀποδοῦναι
775 2673 853 2746 τῷ
882 2674 1021 2745 Θεῷ’
1051 2677 1146 2730 καὶ
1190 2679 1255 2730 ὲκ
1293 2679 1748 2750 παραχωρήσεως
1777 2683 1890 2745 τοῖς

308 2764 577 2835 Θλιίὶεροῖς
607 2770 1096 2840 ἑμπαιδευόμενος.
1128 2770 1359 2842 Ἀδηλον
1386 2771 1444 2826 δὲ
1473 2773 1525 2826 εί
1568 2772 1887 2838 ἀκούσεται,

310 2879 330 2909 ι
383 2861 470 2913 Ἐν
513 2859 689 2931 θλίψει
752 2862 1068 2921 ὲπεκαλὲσω
1119 2880 1209 2932 με,
1234 2863 1329 2916 καὶ
1377 2864 1700 2935 ἐρρυσάμην
1737 2880 1820 2919 σε.
1862 2884 1881 2916 ι

317 2951 478 3006 Ἀλλὰ
528 2953 602 3024 μὴ
639 2955 783 3009 εἴποι
816 2953 986 3026 αὐτῷ,
1033 2974 1051 3006 ι
1093 2956 1208 3009 Οὐκ
1236 2950 1357 3008 οἶδά.
1403 2970 1486 3008 σε’
1537 2956 1752 3009 ἀπόστα
1792 2957 1890 3011 ἀπ’

306 3046 463 3119 ἐμοῦ,
494 3047 701 3117 ὲργάτα
733 3047 832 3112 τῆς
877 3046 1105 3117 ἀνομίας
1137 3061 1152 3077 ο
1183 3065 1202 3099 ι
1239 3047 1321 3099 ὅτι
1369 3047 1469 3100 οὐκ
1514 3046 1755 3118 ἤκουσας
1789 3047 1887 3117 τῆς

1994 565 2214 623 illarum
2260 568 2597 639 indaginem,
2630 577 2694 623 ut
2728 567 2817 623 vel
2848 567 2930 623 sic
2955 566 3088 622 dum
3127 567 3195 621 ad
3225 583 3419 623 earum
3455 583 3577 638 per-

1994 661 2391 717 scrutationem
2436 663 2597 718 auxia
2635 661 2941 727 diducitur,
2975 661 3145 718 totius
3175 654 3370 732 perdat
3397 663 3582 717 dulce-

1995 755 2180 811 dinem
2200 755 2541 826 psalmodiaa.
2561 755 2731 826 Cujus
2755 754 2837 809 rei
2859 754 3054 826 gratia,
3073 753 3333 809 Christus
3357 754 3579 809 laudem

1993 862 2060 903 ex
2090 863 2185 903 ore
2220 848 2489 915 ﬁdelium,
2521 849 2620 904 sed
2653 849 2863 904 malitia
2896 848 3254 918 parvulorum
3298 847 3583 918 prodeun-

1994 946 2105 994 tem
2148 938 2363 1009 perﬁcit
2417 958 2431 994 :
2477 948 2576 994 aut
2632 947 2807 1004 certe,
2857 953 2959 1008 per
3003 937 3375 1009 operatoriam
3417 945 3581 1006 atque

1992 1027 2267 1085 ellieacem
2290 1031 2401 1084 vim
2427 1029 2748 1100 psalmodire
2764 1029 3055 1084 inimicum
3076 1039 3134 1085 et
3156 1030 3395 1085 ultorem
3425 1044 3561 1098 pror

1993 1122 2392 1187 sus'destruet,
2428 1139 2526 1178 sua
2568 1122 2865 1177 adversum
2910 1138 3015 1177 nos
3060 1121 3353 1194 tyrannide
3390 1137 3583 1191 super-

1993 1213 2120 1268 hius
2148 1214 2595 1269 insolescentem.
2634 1230 2653 1264 ι
2686 1212 2983 1266 Inimicum
3009 1212 3247 1267 dixerim
3284 1212 3578 1277 virtutum,

1994 1306 2228 1361 ultorem
2246 1320 2380 1360 vero
2396 1306 2513 1361 sive
2534 1304 2885 1360 defensorem
2903 1304 3147 1369 malitiae,
3172 1304 3456 1359 diabolum
3473 1306 3541 1358 ’⁵.
3554 1322 3575 1357 ι

1996 1396 2209 1467 1195
2244 1396 2357 1451 Nos
2392 1396 2562 1467 igitur
2603 1397 2659 1451 in
2694 1395 2798 1450 hac
2843 1404 3035 1449 nostra
3074 1395 3433 1465 simplicitate
3456 1396 3577 1451 lau-

1991 1488 2157 1545 dibus
2175 1488 2631 1545 concelebrantes
2660 1487 2984 1553 Dominum,
3017 1488 3352 1543 veteratoris
3372 1485 3603 1542 inimici

1991 1580 2399 1639 commentitias
2431 1593 2626 1637 omnes
2674 1568 2962 1635 machinas
3008 1587 3381 1643 conteramus,
3414 1594 3578 1650 pror-

1991 1689 2226 1743 sumque
2276 1673 2665 1728 demoliamur.
2721 1672 2805 1726 Sit
2837 1686 2970 1726 sane
3016 1673 3073 1725 in
3106 1686 3207 1725 ore
3248 1679 3347 1725 tuo
3376 1687 3580 1742 perpes

1991 1784 2055 1822 ac
2082 1767 2231 1838 jugis
2256 1767 2525 1837 psalmus.
2548 1766 2714 1830 Deus,
2741 1765 2872 1820 dum
2899 1764 3228 1818 nominatim
3253 1765 3575 1827 advocatur,

1989 1861 2266 1916 daemones
2294 1858 2393 1913 abs
2414 1866 2466 1913 te
2506 1857 2800 1913 submovet
2823 1856 3042 1927 longius
3066 1871 3130 1911 ac
3164 1856 3435 1927 proﬂigat.
3468 1854 3577 1909 Sed

1988 1961 2045 2008 et
2074 1951 2447 2007 necessarium
2499 1950 2679 2016 vobis,
2740 1958 2801 2004 ut
2849 1949 3001 2003 illius
3052 1964 3315 2003 renovem
3371 1964 3579 2003 memo-

1988 2044 2154 2109 riam,
2182 2041 2329 2112 quod
2359 2040 2577 2109 alioqui,
2592 2055 2757 2095 nemo
2790 2047 3039 2095 vestrum
3067 2049 3171 2104 est,
3202 2040 3295 2109 qui
3324 2040 3575 2110 ignoret:

1986 2151 2115 2191 nam
2150 2133 2457 2205 psalmodia
2482 2148 2661 2187 canon
2688 2138 2878 2189 noster
2916 2131 3143 2187 dicitur.
3197 2131 3342 2186 Sane
3385 2146 3580 2201 quem-

1987 2228 2287 2285 admodum
2342 2241 2487 2282 unus
2518 2225 2723 2295 aliquis
2763 2225 3024 2296 agricola,
3071 2224 3177 2279 nisi
3219 2240 3380 2280 suum
3408 2239 3578 2279 cauo-

1988 2332 2116 2375 nem
2171 2316 2399 2386 plenum
2455 2330 2520 2369 ac
2556 2314 2766 2369 bonum
2809 2312 3140 2375 reddiderit,
3189 2313 3247 2368 in
3297 2328 3577 2368 carcerem

1988 2408 2308 2479 conjicitur,
2366 2405 2749 2476 suspenditur,
2779 2403 3162 2460 conscinditur
3200 2403 3407 2475 ﬂagris,
3441 2419 3581 2474 quo-

1990 2523 2167 2577 usque
2193 2521 2358 2561 omnc
2386 2503 2700 2559 reddiderit
2735 2501 3000 2558 creditori
3036 2500 3309 2565 debitum,
3340 2500 3414 2553 ita
3444 2514 3580 2554 con-

1990 2599 2167 2669 tinget
2193 2596 2489 2662 monacho,
2521 2610 2648 2649 cum
2677 2608 2780 2664 per
2802 2593 3151 2650 oscitantiam
3184 2592 3289 2648 sibi
3318 2593 3575 2662 praescri-

1989 2698 2147 2762 ptum
2209 2685 2579 2743 transmiserit
2631 2700 2921 2740 canonem.
2958 2685 3009 2739 ls
3040 2683 3187 2739 enim
3232 2683 3406 2753 gratia
3451 2696 3577 2736 mox

1990 2780 2335 2846 destituitur,
2387 2779 2504 2834 suis
2560 2776 2837 2833 addicitur
2886 2774 3148 2839 inimicis,
3188 2774 3410 2828 illorum
3454 2787 3580 2827 suc-

1990 2877 2204 2935 cumbit
2236 2874 2473 2946 pedibus
2515 2879 2573 2927 et
2600 2872 2978 2942 proculcatur,
3018 2885 3122 2924 nec
3163 2884 3285 2923 unae
3319 2865 3573 2922 aﬂlictio-

1990 2984 2125 3026 num
2154 2966 2411 3038 procellae
2436 2964 2600 3019 talem
2622 2963 2973 3029 adoriuntur,
2996 2962 3069 3017 ita
3105 2970 3165 3015 ut
3197 2959 3574 3015 vociferetur:

1999 3082 2019 3117 ι
2052 3062 2308 3127 Domine,
2340 3058 2475 3129 quid
2506 3058 2854 3129 multiplicati
2885 3066 3016 3113 sunt
3044 3058 3137 3126 qui
3170 3056 3435 3111 tribulant
3464 3069 3574 3119 me,

306 3140 496 3209 φωνῆς
529 3156 655 3207 μου,
691 3139 814 3194 οὐδὲ
857 3139 1163 3208 προσέσχες
1195 3151 1306 3208 μοι·
1349 3156 1367 3188 ι
1406 3139 1468 3191 Et
1497 3137 1608 3208 γὰρ
1638 3138 1879 3208 ἤκουσάς

1988 3166 2040 3213 et
2063 3154 2257 3209 dicunt
2295 3150 2494 3206 animae
2529 3164 2696 3204 meae:
2734 3147 2855 3202 Non
2884 3157 2970 3202 est
3018 3148 3179 3202 salus
3219 3146 3323 3216 ipsi
3371 3146 3424 3199 in
3462 3145 3576 3200 Deo

306 3249 436 3300 μου,
464 3231 523 3284 ὲν
546 3229 625 3301 τῷ
661 3229 849 3302 μηδενὶ
876 3230 942 3284 ἂν
972 3230 1100 3292 τοὺς
1142 3227 1369 3300 ἐχθρούς
1394 3246 1486 3282 σου
1514 3229 1879 3283 ὲταπείνωσα.

303 3324 414 3378 Καὶ
462 3324 557 3377 ἐπὶ
593 3323 718 3386 τοὺς
752 3321 1034 3385 θλίϐοντάς
1065 3338 1123 3374 σε
1167 3320 1432 3375 ἐπέϐαλον
1475 3321 1542 3375 ἂν
1581 3321 1682 3394 τὴν
1724 3322 1885 3393 χεῖρά

306 3432 432 3487 μου.
482 3433 501 3467 ι
534 3414 636 3468 Διὰ
668 3413 826 3468 τοῦτο
875 3412 1236 3479 ἐξαπέστειλά
1276 3430 1337 3466 σε
1370 3412 1702 3484 πορεύεσθαι
1742 3414 1885 3468 κατὰ

302 3510 371 3565 τὰ
400 3507 807 3579 ἐπιτηδεύματα
832 3505 932 3577 τῆς
961 3507 1189 3577 καρδίας
1216 3506 1542 3575 σου.Ἦμεῖς
1556 3504 1612 3559 δὲ
1635 3504 1884 3558 ἀκούσω-

307 3618 405 3674 μεν
438 3601 636 3672 μᾶλλον
673 3603 768 3656 τοῦ
817 3601 1034 3655 Παύλου
1063 3600 1335 3669 λέγοντος,
1376 3619 1396 3653 ι
1450 3601 1507 3655 '0
1539 3599 1709 3669 Λόγος
1736 3600 1884 3652 ἐνοι-

305 3694 470 3749 κείτω
506 3696 563 3748 ὲν
593 3694 721 3765 ὑμῖν
752 3692 1045 3756 πλουσίως,
1090 3692 1147 3745 ὲν
1176 3693 1325 3765 πάσῃ
1352 3692 1513 3765 σοφίᾳ
1539 3692 1884 3756 διδάσκοντες

307 3788 402 3840 καὶ
453 3785 832 3850 νουθετοῦντες
877 3787 1109 3850 ἑαυτοὺς
1149 3785 1385 3857 ψαλμοῖς
1424 3788 1520 3839 καὶ
1563 3784 1752 3856 ὕμνοις
1790 3786 1885 3838 καὶ

305 3879 472 3952 ᾠδαῖς
516 3880 938 3951 πνευματικαῖς.
973 3897 992 3930 ι
1025 3879 1137 3933 Καὶ
1162 3875 1337 3945 αὖθις,
1385 3897 1403 3929 ι
1434 3878 1704 3941 Ἕκαστος
1727 3877 1882 3947 ὑμῶν

304 3973 410 4046 ψαλ
421 3976 518 4046 μὸν
550 3972 685 4045 ἔχει,
729 3972 948 4044 διδαχὴν
978 3971 1115 4044 ἔχει,
1146 3972 1489 4042 ἀποκάλυψιν
1528 3972 1662 4043 ἔχει.
1696 3972 1884 4027 Πάντα

304 4068 397 4124 οὖν
432 4070 569 4141 πρὸς
607 4068 897 4141 οἰκοδομήν
929 4068 1185 4138 γινέσθω.
1224 4088 1243 4123 ›
1295 4069 1375 4123 Δι’
1419 4068 1587 4124 αὐτοῦ
1631 4065 1726 4126 οὖν
1754 4071 1885 4125 ἀνα.

306 4161 561 4233 φέρωμεν
591 4161 784 4215 θυσίαν
808 4161 1069 4223 αἰνέσεως
1092 4160 1181 4215 διὰ
1209 4161 1413 4225 παντὸς
1445 4160 1525 4233 τῷ
1559 4161 1702 4233 Θεῷ,
1722 4179 1883 4217 τουτ-

1984 3250 2105 3321 cjus
2124 3246 2211 3299 "il
2239 3263 2259 3297 ι
2277 3242 2549 3300 Caeterum
2576 3258 2591 3295 :
2622 3260 2640 3292 ι
2672 3240 2952 3296 Velociter
2969 3239 3170 3294 exaudi
3192 3254 3300 3302 me,
3320 3239 3571 3302 Domine,

1984 3341 2113 3412 quia
2145 3336 2348 3393 defecit
2394 3333 2625 3405 spiritus
2654 3346 2811 3386 meus
2848 3330 2917 3384 ⁸⁷.
2949 3348 2967 3379 ι
3005 3328 3114 3382 Et:
3158 3345 3177 3379 ι
3211 3327 3290 3381 Ne
3353 3334 3569 3379 avertas

1984 3435 2179 3494 faciem
2212 3441 2362 3486 tuam
2402 3443 2433 3483 a
2456 3442 2567 3493 me,
2599 3435 2663 3481 ut
2689 3440 2760 3480 ne
2793 3423 3069 3479 assimiler
3101 3418 3553 3477 descendentibus

1985 3528 2043 3583 in
2060 3528 2242 3581 lacum
2274 3521 2343 3586 ⁸⁸,
2375 3538 2395 3571 ι
2420 3546 2492 3559 -
2527 3534 2546 3567 ι
2572 3514 2703 3585 quia
2726 3515 2935 3584 repleta
2957 3521 3043 3568 est
3066 3510 3224 3565 malis
3243 3506 3425 3561 anima
3451 3516 3575 3556 mea

1983 3625 2040 3673 et
2053 3615 2167 3671 vita
2180 3627 2302 3668 mea
2319 3609 2536 3665 inferno
2551 3602 3012 3676 appropinquavit
3023 3601 3111 3653 η’.
3126 3617 3143 3649 ι
3173 3597 3236 3651 Ει
3261 3597 3375 3651 haec
3390 3592 3576 3664 quivis

1984 3708 2115 3763 dum
2146 3703 2442 3761 afﬂictione
2465 3700 2706 3771 angitur,
2728 3692 3127 3752 vociferabitur
3149 3689 3218 3745 ad
3248 3687 3571 3743 Dominum.

1983 3800 2089 3867 Qui
2112 3808 2383 3853 canonem
2404 3790 2612 3861 alioqui
2646 3804 2758 3843 non
2785 3783 3156 3842 omittendum
3181 3779 3413 3850 negligit
3440 3774 3540 3832 red

1984 3892 2117 3948 dere
2154 3891 2290 3953 Deo,
2339 3894 2399 3942 et
2441 3900 2542 3955 per
2596 3879 2704 3937 hoc
2753 3878 2904 3949 quod
2951 3876 3022 3931 ab
3065 3889 3233 3945 opere
3263 3872 3359 3927 Dei
3393 3869 3575 3940 digre-

1984 3982 2136 4038 ditur
2174 3994 2241 4034 ac
2291 3974 2537 4039 secedit,
2587 3968 2949 4025 tribulatione
3003 3962 3295 4033 multiplici
3349 3959 3575 4016 attritus

1984 4071 2272 4136 eruditur;
2306 4068 2581 4123 incertum
2603 4076 2852 4133 prorsus,
2881 4059 2929 4113 si
2960 4056 3155 4111 audire
3189 4052 3326 4108 illud
3356 4065 3577 4122 prome-

1984 4164 2201 4220 rebitur
2236 4177 2251 4215 :
2292 4177 2311 4211 ι
2338 4159 2399 4212 ιιι
2425 4153 2789 4211 tribulatione
2818 4147 3085 4204 invocasti
3108 4160 3219 4207 me,
3253 4152 3310 4198 et
3340 4140 3572 4197 liberavi

192 4826 195 4827 '
304 4814 407 4881 τὴν
432 4811 790 4883 ψαλμῳδίαν,
843 4811 921 4873 ὼς
976 4810 1179 4862 κανόνα
1224 4806 1686 4877 ὲποφειλόμενον,
1742 4809 1886 4864 οὓτω

1984 4264 2064 4313 te.
2094 4274 2113 4308 ι
2149 4250 2468 4309 Periculum
2520 4246 2693 4311 enim,
2738 4258 2808 4298 ne
2836 4240 2970 4297 huic
3011 4236 3345 4309 respondeat
3378 4232 3571 4289 Domi-

306 4256 423 4309 έστι
451 4255 660 4327 καρπὸν
690 4254 918 4327 χειλέων
948 4252 1358 4325 ὁμολογούντων
1385 4253 1465 4325 τῷ
1508 4254 1734 4324 ὀνόματι
1780 4256 1881 4308 αὖ·

1984 4365 2092 4405 nus
2119 4365 2133 4403 :
2170 4364 2189 4398 ι
2219 4345 2342 4401 Non
2366 4341 2499 4397 novi
2527 4349 2603 4406 te,
2628 4336 2855 4395 discede
2887 4351 2918 4389 a
2952 4330 3335 4401 me,operarie
3364 4326 3576 4396 iniqui-

302 4349 420 4406 τοῦ.
456 4350 585 4413 Καὶ,
621 4366 641 4404 ι
682 4345 1084 4419 Παραστήσατε
1130 4346 1201 4400 τὰ
1244 4344 1472 4416 σώματα
1505 4345 1661 4415 ὑμῶν
1691 4346 1884 4400 θυσίαν

306 4443 508 4509 ζῶσαν,
550 4439 732 4510 ἁγίαν,
763 4438 1058 4511 εὐάρεστον
1087 4437 1166 4512 τῷ
1197 4436 1338 4508 Θεῷ,
1379 4438 1481 4507 τὴν
1525 4438 1751 4510 λογικὴν
1791 4438 1886 4492 λα-

1988 4440 2117 4497 tatis
2160 4439 2241 4504 ’νς
2272 4453 2290 4487 ι
2323 4433 2453 4505 quia
2492 4446 2607 4488 non
2646 4427 2849 4485 audisti
2880 4441 3072 4482 vocem
3102 4438 3304 4486 meam,
3342 4435 3447 4475 nec
3476 4435 3575 4474 au-

306 4534 493 4605 τρείαν
531 4532 705 4603 ὑμῶν.
743 4550 763 4583 ι
797 4529 939 4599 Φησὶ
970 4530 1028 4583 δὲ
1068 4529 1165 4583 καὶ
1195 4531 1223 4583 ὁ
1259 4529 1548 4596 Ἰάκωϐος,
1589 4550 1608 4582 ι
1652 4530 1885 4602 Ἀθυμεῖ

1988 4547 2105 4587 rem
2142 4524 2508 4585 commodasti
2537 4521 2725 4578 verbis
2759 4518 2899 4575 meis
2928 4534 2942 4573 :
2978 4536 2997 4569 ι
3036 4515 3093 4570 Si
3136 4513 3287 4570 enim
3321 4511 3575 4567 audisses

304 4644 389 4681 rt:
422 4625 481 4678 ὲν
505 4625 633 4695 ὑμῖν
661 4640 676 4692 ;
707 4621 1118 4696 προσευξάσθω·
1147 4621 1375 4692 εὐθυμεῖ
1404 4640 1490 4686 τις
1516 4640 1530 4687 ;
1559 4622 1830 4682 ψαλλέτω.
1857 4644 1878 4679 ι

1988 4630 2103 4690 me;
2123 4637 2226 4694 pro
2264 4618 2445 4675 nihilo
2490 4614 2756 4671 inimicos
2784 4621 2912 4667 tuos
2941 4609 3136 4678 utique
3165 4605 3570 4667 humiliassem,

318 4720 484 4784 ’Δλλ’,
516 4718 707 4790 ὥσπερ
732 4718 980 4789 εἴπομεν,
1015 4716 1099 4770 ὅτι
1118 4716 1260 4771 κατὰ
1289 4717 1468 4788 χρέως
1499 4716 1885 4788 ἀπαιτούμεθα

1988 4727 2038 4774 et
2065 4731 2235 4786 super
2269 4710 2679 4768 tribulanteste
2707 4706 2984 4761 misissem
3019 4714 3243 4756 manum
3277 4713 3456 4753 meam
3484 4699 3522 4751 ί.
3547 4715 3567 4749 ι

1984 4813 2226 4880 Propter
2262 4806 2373 4860 hoc
2403 4801 2545 4874 ejeci
2593 4811 2671 4865 te,
2709 4806 2773 4853 ut
2815 4812 2913 4852 eas
2955 4792 3267 4850 secundum
3303 4789 3572 4845 adinven-

1985 4904 2169 4959 tiones
2191 4898 2380 4962 cordis
2402 4896 2508 4951 tui.
2538 4894 2652 4950 Nos
2678 4906 2816 4948 vero
2844 4888 3080 4945 Paulum
3106 4885 3282 4955 magis
3306 4881 3575 4939 exaudia-

1982 5010 2110 5052 mus
2144 4993 2425 5048 dicentem
2473 5005 2489 5043 :
2554 4984 2849 5042 «Verbum
2896 4982 2993 5037 Dei
3044 4978 3260 5035 habitet
3308 4977 3367 5031 in
3419 4975 3575 5028 vobis

311 5067 587 5152 σικακίας.
634 5087 746 5157 Οὐχ
778 5085 977 5153 ὡραῖος
1008 5084 1119 5154 γὰρ
1150 5077 1299 5146 αἶνος
1337 5082 1397 5136 ὲν
1432 5081 1672 5152 στόματι
1701 5085 1884 5156 ἁμαρ..

1988 5086 2354 5150 abundanter,
2390 5083 2447 5138 in
2478 5079 2631 5136 omni
2676 5076 2952 5149 sapientia
2982 5074 3251 5130 docentes
3284 5079 3342 5125 et
3379 5067 3574 5123 admo-

309 5178 503 5235 τωλοῦ.
543 5179 672 5235 Ἐὰν
706 5175 801 5232 οὖν
843 5177 970 5247 ἔχῃς
996 5194 1047 5229 τι
1079 5176 1220 5230 κατὰ
1249 5174 1344 5230 τοῦ
1377 5174 1609 5243 ἀδελφοῦ
1643 5193 1762 5242 σου,
1792 5178 1889 5231 καὶ

1988 5187 2187 5235 nentes
2203 5173 2578 5243 vosmetipsos
2607 5170 2665 5225 in
2708 5167 2938 5239 psalmis
2960 5175 3020 5222 et
3050 5162 3285 5220 canticis
3314 5160 3576 5231 spiritua-

244 5330 247 5334 -
314 5276 391 5347 μὴ
426 5274 787 5345 συγχωρήσῃς
827 5270 999 5340 αὐτῷ,
1056 5271 1116 5323 οὐ
1172 5268 1248 5342 μὴ
1283 5269 1644 5342 προσδεχθείη
1691 5270 1822 5324 ποτὲ
1854 5272 1887 5340 ή

1988 5273 2138 5329 libus
2185 5274 2227 5325 ⁸.
2260 5289 2278 5322 ι
2332 5269 2553 5324 Rursus
2589 5282 2602 5319 :
2646 5282 2664 5317 ι
2702 5261 3098 5332 Unusquisque
3145 5266 3394 5313 vestrum
3424 5252 3573 5323 psal—

309 5345 597 5437 ᾴιαλμῳδία
635 5381 751 5429 σου,
786 5361 820 5432 ἢ
851 5364 884 5432 ἡ
928 5362 1205 5433 προσευχή
1236 5377 1331 5415 σου
1362 5359 1459 5415 καὶ
1484 5361 1517 5431 ἡ
1547 5361 1884 5433 ἐλεημοσύνη

1991 5380 2142 5420 mum
2163 5364 2350 5426 habet,
2376 5357 2687 5415 doctrinam
2736 5354 2924 5419 habet,
2960 5348 3334 5423 apocalypsim
3373 5345 3573 5406 habet;

310 5472 429 5521 σου,
490 5456 584 5510 καὶ
637 5455 706 5509 τὰ
758 5452 947 5519 λοιπὰ,
990 5452 1027 5508 θ.
1065 5453 1241 5517 δοκεῖς
1269 5454 1467 5509 ποιεῖν.
1514 5454 1752 5527 ’Λκούσῃ
1778 5454 1886 5527 γὰρ

2002 5457 2187 5512 omnia
2224 5456 2394 5527 igitur
2446 5452 2514 5508 ad
2561 5448 2987 5506 aediﬁcationem
3018 5445 3151 5500 ﬁant
3175 5444 3217 5497 ³.
3260 5462 3279 5495 ι
3333 5440 3416 5496 Ob
3460 5438 3570 5527 hoc

311 5550 463 5622 παρὰ
509 5548 605 5603 τοῦ
643 5548 917 5619 Σωτῆρος,
954 5566 973 5599 ι
1012 5546 1254 5615 Ὕπαγε,
1301 5545 1521 5617 πρῶτον
1569 5526 1889 5618 διαλλάγηθι

1995 5564 2127 5604 sane
2162 5526 2276 5603 Deo
2305 5544 2461 5601 nullo
2490 5557 2604 5598 non
2655 5548 2907 5610 tempore
2960 5536 3321 5594 exhibeamus
3363 5526 3574 5587 sacriﬁ-

307 4904 807 4977 κεχρεωστήκαμεν
844 4902 1075 4971 ἄμωμον
1106 4898 1267 4953 αὐτὸν
1308 4900 1405 4952 καὶ
1447 4898 1679 4953 ἄσπιλον
1710 4918 1885 4972 προσ-

308 4999 519 5069 φέρειν.
542 4995 800 5051 Τουτέστι
820 4992 989 5065 χωρὶς
1013 4990 1207 5064 ὀργῆς,
1235 4991 1330 5045 καὶ
1355 4990 1722 5063 διαλογισμῶν
1749 5011 1887 5065 μνη-

383 5729 430 5761 ’⁵
461 5727 605 5782 Psal.
650 5688 764 5789 vin,
794 5728 845 5781 5.
921 5725 967 5757 ⁸⁸
998 5725 1142 5779 PSal.
1189 5740 1351 5788 xxxv,
1384 5725 1441 5778 9..
1516 5726 1560 5758 "
1592 5725 1736 5780 Psal.
1774 5725 2019 5788 (231.11,.7.
2095 5726 2143 5759 ⁸⁸
2178 5725 2293 5781 ibid
2358 5725 2420 5757 (θ’
2458 5722 2601 5779 i‘sal.
2637 5735 2882 5777 nam".
2917 5716 2969 5771 4.
3044 5717 3088 5747 θ’
3119 5712 3259 5769 l’sal.
3311 5727 3443 5781 xm,
3501 5711 3560 5767 7.

315 5800 330 5831 ⁸
366 5800 508 5856 ΡειιΙ.
552 5811 713 5867 uxr,
768 5797 855 5852 15.
933 5797 953 5847 ἓ
995 5797 1207 5853 Coloss.
1252 5812 1332 5861 ιιι,
1376 5797 1462 5852 16.
1543 5796 1562 5828 ³
1603 5796 1620 5850 l
1669 5795 1795 5851 Cur.
1842 5813 1952 5863 xxv,
1985 5798 2073 5851 26.
