4040 6566
483 389 622 457 1155
880 396 883 397 ί
1741 378 2123 461 ΑΝΤΙοαΗϊ
2150 398 2500 460 MONACHI
3606 392 3749 457 1756

465 498 615 555 cium
658 497 883 556 laudis:
917 501 1026 557 hoc
1049 510 1157 568 est,
1192 502 1441 559 fructum
1476 503 1753 581 lahiorum
1778 505 2053 562 confiten-

2167 504 2229 578 τῷ
2251 502 2463 577 ἀδελφῷ
2496 519 2615 573 σου,
2648 500 2745 556 καὶ
2773 501 2896 555 τότε
2947 500 3121 557 ἐλθὼν
3155 501 3436 574 πρόσφερε
3473 501 3536 554 τδ
3574 500 3747 572 δῶρόν

468 592 611 647 tium
634 593 848 648 nomini
874 593 1072 664 ipsius,
1092 603 1149 649 et
1188 613 1201 649 :
1234 614 1252 648 ι
1290 596 1561 653 Exhibete
1592 613 1828 670 corpora
1856 607 2045 654 vestra

2167 616 2269 653 που.
2306 617 2325 651 ι
2360 596 2526 653 Γενοῦ
2569 600 2628 651 ὲν
2657 598 2722 668 τῇ
2749 594 3046 667 ψαλμῳδίᾳ
3083 613 3180 649 σου
3219 594 3450 659 ἄκακος,
3482 594 3583 649 καὶ
3608 594 3745 648 ἀκέ-

468 683 712 738 hostiam
761 685 1056 751 viventem,
1090 696 1360 753 sanctam,
1402 688 1856 760 beneplacentem
1914 691 2049 757 Deo,

2167 708 2322 757 ιαιος,
2368 691 2444 754 ὠς
2479 692 2528 745 oi
2560 689 2751 752 παῖδες
2783 686 2892 741 τῶν
2928 686 3220 759 Ἐϐραίων,
3266 688 3464 750 οῖτινες
3499 686 3750 755 ὑπήντη-

471 775 805 832 rationabile
850 777 1180 847 obsequium
1222 790 1471 834 vestrum
1521 780 1563 834 ⁸.
1600 801 1618 833 ι
1659 782 1751 835 Ait
1784 791 1965 835 autem
1999 788 2055 834 et

2167 801 2252 837 ταν
2280 782 2360 853 τῷ
2392 781 2581 853 Κυρίῳ
2643 782 2781 851 μετά
2826 781 3037 835 κλάδων
3078 780 3175 832 καὶ
3222 779 3427 850 βαϊων,
3465 776 3747 844 λέγοντες,
3830 840 3843 851 ⁸

469 865 744 922 Jacobus:
768 868 1080 925 «Tristatur
1103 870 1229 939 quis
1258 871 1314 925 in
1332 872 1529 927 vobis?
1556 881 1678 928 oret
1705 890 1719 939 ;
1747 888 1906 943 aquo
1934 870 2056 925 aui-

2167 893 2180 927 l
2225 873 2458 928 Ὠσαννά
2480 876 2538 927 ὲν
2556 875 2671 937 τοῖς
2701 872 2947 943 ὑψίστοις
2966 890 2980 905 ο
3000 871 3380 949 ἐὐλογημένος
3397 871 3425 922 6
3448 868 3745 939 ἐρχόμενος

474 974 565 1014 mo
584 968 670 1015 est
692 961 859 1031 quis?
880 964 1155 1031 psallat‘a
1170 962 1374 1018 Verum
1394 975 1456 1020 ut
1472 965 1736 1031 diximus,
1756 968 1884 1036 quia
1913 964 2060 1020 sicut

2167 970 2213 1021 ὲν
2243 967 2471 1039 ὀνόματι
2504 966 2735 1038 Κυρίου.
2775 984 2794 1016 ι
2829 962 2988 1035 Αὐτῷ
3035 965 3069 1035 ἡ
3097 963 3225 1028 δόξα
3253 964 3333 1026 είς
3358 960 3487 1025 τοὺς
3518 958 3747 1022 αἰῶνας.

471 1067 541 1105 ex
564 1051 753 1108 debito
779 1056 1080 1125 repetimus
1096 1057 1484 1128 psalmodiam,
1504 1068 1768 1129 tanquam
1791 1074 2062 1115 canonem
2172 1059 2367 1131 Ἀμήν.

474 1140 747 1212 debitum,
777 1146 849 1201 ita
885 1148 1034 1203 illam
1065 1150 1366 1205 debuimus
1432 1142 1983 1223 irreprehensihilem
2014 1154 2464 1224 inculpatamque
2504 1151 2708 1206 offerre
2740 1167 2754 1204 :
2790 1148 2899 1204 hoc
2936 1155 3023 1203 est
3047 1188 3062 1214 ,
3128 1147 3272 1202 citra
3344 1147 3488 1199 iram
3535 1144 3749 1214 cogita—

477 1234 768 1306 tionesque
804 1250 1043 1310 acceptae
1066 1242 1234 1297 ullius
1261 1243 1479 1314 injuria:
1513 1263 1525 1296 :
1571 1262 1753 1315 neque
1775 1247 1925 1302 enim
1958 1246 2208 1317 speciosa
2249 1245 2368 1302 laus
2417 1253 2505 1300 est
2566 1244 2623 1298 in
2664 1258 2760 1298 ore
2815 1240 3127 1312 peccatoris
3145 1242 3187 1295 ⁸.
3214 1237 3373 1305 Quod
3401 1237 3449 1291 si
3480 1237 3751 1291 adversus

412 1319 417 1324 ’
479 1324 709 1383 fratrem
748 1339 903 1385 tuum
946 1334 1229 1404 quidpiam
1280 1336 1565 1404 habueris,
1639 1339 1857 1410 1196
1901 1342 2006 1393 nec
2068 1338 2119 1392 ei
2157 1354 2225 1392 cx
2282 1336 2470 1392 animo
2520 1336 2845 1399 indulseris,
2908 1348 3194 1404 nunquam
3248 1341 3341 1385 tua
3385 1328 3751 1399 acceptabilis

482 1422 651 1479 fuerit
702 1426 784 1479 vel
824 1428 1153 1495 psalmodia,
1182 1430 1270 1484 vel
1304 1430 1506 1496 oratio,
1541 1432 1659 1486 sive
1692 1433 2061 1503 eleemosyna,
2101 1440 2157 1486 et
2198 1440 2395 1488 caetera
2466 1429 2737 1501 ejusmodi
2796 1443 2921 1499 qum
2964 1437 3017 1483 te
3085 1425 3271 1482 credis
3309 1426 3454 1480 bona
3504 1423 3747 1478 efﬁcere.

480 1518 628 1575 Voce
660 1518 810 1573 enim
845 1518 1145 1575 Salvatoris
1177 1521 1372 1576 audies
1393 1522 1501 1578 dici
1528 1523 1660 1578 tibi:
1686 1543 1704 1576 ι
1732 1524 1882 1579 Vade
1934 1523 2089 1594 prius
2128 1522 2477 1578 reconciliari
2504 1521 2665 1576 fratri
2724 1529 2842 1585 tuo,
2872 1530 2928 1576 et
2960 1530 3092 1575 tunc
3112 1518 3346 1574 veniens
3372 1518 3515 1574 oﬂer
3544 1522 3749 1572 munus

480 1618 635 1663 tuum
659 1612 702 1664 ".
733 1611 1010 1666 ipsalmos
1034 1620 1157 1668 tuos
1186 1613 1319 1667 dum
1353 1616 1626 1682 concinis,
1651 1617 1918 1671 innocens
1948 1626 2070 1671 esto
2108 1625 2167 1671 et
2205 1616 2458 1687 simplex,
2498 1622 2563 1671 ut
2594 1616 2669 1670 illi
2742 1616 3099 1670 Helirazorum
3141 1614 3323 1683 pueri,
3369 1613 3464 1683 qui
3522 1611 3747 1683 quidem

479 1702 715 1758 Domino
744 1714 1109 1759 occurrerunt
1144 1721 1267 1760 cum
1310 1708 1481 1762 ramis
1516 1718 1569 1763 et
1607 1710 1854 1779 psalmis,
1889 1709 2179 1764 dicentes:
2209 1728 2228 1762 ι
2264 1707 2523 1764 Hosanna
2559 1708 2616 1763 in
2651 1706 2939 1763 altissimis
2981 1705 3351 1761 :benedictus
3379 1705 3475 1776 qui
3509 1704 3663 1759 venit
3690 1705 3749 1759 in

483 1797 704 1851 nomine
732 1796 952 1851 Domini
984 1798 1026 1850 ⁸.
1067 1815 1086 1847 ι
1139 1794 1248 1867 lpsi
1290 1798 1463 1868 gloria
1500 1798 1556 1852 in
1594 1800 1819 1855 Stccula.
1854 1800 2057 1854 Amen.

1043 1929 1330 1986 IIOMILIA
1355 1931 1491 1988 CVI.

2762 1938 2984 1991 ΛΟΓΟΣ
3012 1939 3152 2005 Ρςν.

1075 2044 1156 2098 De
1196 2047 1459 2101 oratione.
1802 2116 1806 2119 η

2678 2050 2818 2121 Περὶ
2850 2048 3223 2119 προσευχῆς.

550 2158 758 2213 Vacare
798 2157 1036 2212 orationi
1068 2157 1343 2213 indivulse
1368 2174 1434 2214 ac
1458 2158 1665 2230 jugiter
1698 2174 1826 2214 cum
1860 2159 2059 2230 primis

480 2249 854 2304 necessarium
888 2256 945 2303 et
991 2248 1153 2302 nobis
1186 2264 1455 2318 perquam
1494 2250 1821 2321 frugiferum
1876 2258 1981 2305 est.
2015 2252 2061 2303 A

479 2342 594 2396 Deo
629 2342 801 2412 igitur
826 2350 883 2395 et
908 2340 1070 2395 Patre
1093 2341 1312 2395 Domini
1336 2342 1513 2396 nosui
1537 2343 1666 2397 Jesu
1689 2343 2058 2413 postulemus.

478 2431 640 2486 nobis
688 2441 750 2486 ut
774 2425 1086 2502 'impertiat
1117 2429 1535 2500 intelligentiam
1561 2431 1927 2500 spiritualem,
1953 2447 2062 2502 qua

478 2523 651 2595 veluti
674 2523 1059 2579 conciliatrice
1075 2532 1134 2579 et
1163 2524 1359 2578 attenti
1384 2523 1559 2578 simus
1573 2534 1630 2578 et
1652 2523 1971 2593 pervigiles,
1992 2524 2062 2579 ab

480 2616 599 2685 ipso
616 2624 677 2670 ut
692 2617 973 2686 postulare
990 2617 1311 2671 noverimus
1323 2615 1443 2684 ejus
1458 2616 1803 2671 voluntatem
1828 2616 1882 2670 in
1902 2617 2064 2673 nobis

480 2708 620 2762 fieri.
645 2709 1001 2778 Spiritualem
1024 2710 1203 2765 lucem
1224 2724 1344 2779 quae
1360 2725 1490 2765 vera
1509 2718 1595 2765 est
1610 2710 1726 2775 lux,
1747 2725 1868 2778 qua:
1892 2719 1947 2765 et
1962 2729 1980 2761 ι
2001 2710 2066 2764 il-

478 2800 715 2855 luminat
737 2817 962 2866 omnem
1004 2802 1282 2856 hominem
1306 2801 1623 2857 venientem
1651 2801 1704 2855 in
1736 2802 1882 2856 hunc
1910 2818 2068 2855 mun-

477 2894 609 2948 dum
641 2897 685 2960 ',
708 2914 726 2946 ι
760 2895 925 2966 jussit
964 2894 1080 2964 ipse
1124 2902 1184 2950 ut
1229 2902 1547 2965 peteremus
1576 2894 1734 2950 nobis
1764 2893 2064 2964 indulgeri.

477 2984 708 3051 Quando
726 2987 1305 3056 igitursacrosauctam
1317 2995 1373 3042 et
1390 2988 1554 3042 unius
1569 2988 1925 3058 ejusdemque
1938 2984 2069 3041 sub-

481 3079 698 3133 stantia:
723 3081 1043 3135 invocamus
1081 3080 1434 3144 Trinitatem,
1467 3080 1794 3135 castissimis
1838 3077 2068 3148 quidem

480 3170 824 3226 orationibus
837 3178 895 3226 et
915 3187 1035 3242 qua:
1059 3171 1199 3227 nihil
1217 3171 1481 3227 insinceri
1496 3171 1730 3226 habeant
1744 3170 2065 3234 admistum,

2228 2160 2305 2215 T6
2338 2159 2621 2233 σχολάζειν
2651 2163 2719 2231 τῇ
2749 2159 3397 2233 ἀδιαλείπτῳξπροσευχῇ,
3439 2161 3745 2229 ἀναγκαῖον

2161 2252 2258 2307 καὶ
2305 2252 2586 2321 ὲπωφελὲς
2635 2252 2768 2323 ἡμῖν
2816 2252 3078 2323 ὑπάρχει.
3136 2253 3464 2322 Δίτήσωμεν
3510 2248 3606 2307 οῦν
3655 2253 3745 2306 τὸν

2162 2345 2295 2399 Θεὸν
2328 2346 2426 2399 καὶ
2458 2345 2684 2417 Πατέρα
2718 2345 2813 2400 τοῦ
2845 2347 3055 2417 Κυρίου
3084 2347 3245 2416 ἡμῶν
3284 2346 3464 2417 Ἰησοῦ
3497 2346 3740 2419 Χριστοῦ

2161 2437 2345 2492 δοῦναι
2398 2439 2533 2510 ἡμῖν
2584 2438 2799 2493 σύνεσιν
2842 2440 3258 2510 πνευματικήνο
3324 2440 3467 2493 ὥστε
3549 2441 3741 2510 νήφειν

2162 2534 2257 2587 καὶ
2305 2532 2688 2605 ἐγρηγορέναι,
2719 2530 2815 2585 τοῦ
2862 2532 3034 2585 αίτεῖν
3069 2531 3199 2602 παρ’
3228 2529 3395 2586 αὐτοῦ
3436 2532 3496 2584 τὸ
3526 2530 3740 2599 θέλημα

2163 2621 2330 2676 αὐτοῦ
2378 2621 2635 2692 γενέσθαι
2686 2622 2745 2674 ὲν
2789 2622 2944 2692 ἡμῖν.
3007 2619 3176 2674 Τοῦτο
3215 2620 3326 2693 γάρ
3370 2621 3505 2675 αὐτὸ
3550 2620 3579 2672 6
3608 2620 3743 2683 Θεὸς

2165 2714 2259 2767 καὶ
2292 2712 2484 2784 Σωτὴρ
2514 2712 2673 2783 ἡμῶν
2705 2712 2767 2765 τὸ
2792 2712 3166 2783 πνευματικὸν
3193 2713 3310 2783 φῶς
3340 2714 3400 2766 τὸ
3425 2714 3484 2768 ὃν
3518 2713 3581 2767 τὸ
3606 2715 3738 2783 ἁλη-

2167 2804 2344 2870 θινδν,
2392 2822 2413 2856 ι
2452 2804 2480 2857 ὃ
2527 2802 2755 2873 φωτίζει
2802 2802 2981 2856 πάντα
3011 2804 3300 2875 ἄνθρωπον
3332 2804 3632 2875 ἐρχόμενον
3664 2807 3744 2869 εἰς

2166 2895 2256 2948 τὸν
2286 2894 2513 2965 κόσμον,
2543 2912 2563 2947 ι
2608 2893 2914 2947 ἐνετείλατο
2940 2897 3073 2967 ἡμῖν
3102 2898 3296 2951 αἰτεῖν.
3329 2896 3459 2949 Ὅτε
3491 2892 3588 2949 οῦν
3619 2897 3737 2949 ἔπι-

2168 2987 2485 3059 καλούμεθα
2536 2987 2635 3059 τὴν
2682 2988 2844 3056 ἀγίαν
2893 2990 2988 3043 καὶ
3028 2988 3316 3059 ὁμοούσιον
3352 2990 3568 3062 Τριάδα
3606 3008 3740 3043 παν·

2169 3079 2348 3147 αγίοις
2397 3078 2496 3149 μὲν
2548 3079 2771 3149 εὐχαῖς,
2836 3079 3221 3153 ἀνεπιθολώτῳ
3260 3081 3317 3135 δὲ
3365 3081 3477 3154 νῷ,
3535 3082 3629 3136 καὶ
3676 3086 3739 3153 τῇ

2171 3171 2310 3244 πρὸς
2347 3170 2500 3225 θείαν
2543 3170 2737 3225 ἕνωσιν
2780 3172 3211 3245 ἐπιτηδειότητι,
3268 3174 3391 3228 τότε
3441 3176 3537 3229 καὶ
3582 3177 3740 3246 ἡμεῖς

482 3269 670 3315 mente
711 3276 843 3316 vero
878 3240 1105 3317 minime
1152 3262 1497 3327 turbulenta,
1549 3270 1718 3332 atque
1766 3260 2055 3331 aptissima

2167 3240 2316 3319 αὐτοὶ
2356 3264 2676 3337 πάρεσμεν,
2728 3266 2823 3319 καὶ
2860 3240 3332 3337 ἀντιλαμϐάνομεν
3362 3267 3429 3321 τὰ
3460 3240 3742 3339 πανάρετα

484 3351 689 3406 unione
734 3352 803 3407 ad
852 3352 1097 3408 divinam
1144 3354 1670 3425 contemplationem
1721 3360 1901 3409 :tunc
1950 3367 2060 3409 nos

2167 3357 2307 3429 δῶρα
2351 3357 2421 3412 τά
2463 3358 2593 3428 περὶ
2635 3357 2806 3428 αὐτὴν
2855 3357 3148 3429 ἱδρυμένα,
3206 3360 3239 3429 ὴ
3281 3359 3560 3431 προσευχὴ
3606 3359 3741 3429 ὑψη-

485 3443 656 3498 Ιιραιεε
692 3443 953 3500 Trinitati
986 3446 1216 3516 propius
1257 3446 1637 3518 adjungimur,
1695 3455 1752 3502 et
1793 3462 1895 3517 pro
1923 3461 2062 3517 qua-

484 3533 743 3605 licunque
765 3536 956 3592 labore
978 3538 1122 3592 dona
1155 3537 1456 3607 recipimus
1482 3537 1789 3610 omnigenae
1814 3536 2059 3602 virtutis,

482 3642 608 3696 quae
635 3642 737 3682 nos
761 3643 893 3700 erga
925 3628 1073 3684 illam
1100 3629 1273 3685 solide
1302 3645 1368 3685 ac
1395 3630 1673 3685 stabiliter
1709 3630 2058 3685 conﬁrment.

484 3717 673 3774 Oratio
711 3728 938 3776 caeteras
968 3722 1203 3777 virtutes
1230 3721 1391 3777 facile
1420 3722 1824 3792 antegreditur,
1859 3723 1905 3777 si
1946 3737 2064 3776 mo-

487 3811 558 3865 do
602 3827 700 3867 sua
727 3812 883 3867 illimi
912 3814 1151 3883 puritate
1185 3816 1298 3871 Deo
1322 3816 1681 3888 propinquat.
1713 3816 1857 3873 Sane
1884 3818 2063 3874 oratio

488 3906 936 3962 mansuetudinis
981 3916 1039 3962 et
1076 3908 1445 3965 inirascentite
1480 3926 1729 3981 germen.
1763 3909 1953 3967 Oratio
1981 3919 2066 3966 est

487 4003 545 4049 et
578 3996 759 4065 gaudii
784 4007 842 4053 et
874 4001 1173 4070 gratiarum
1205 4002 1443 4056 actionis
1484 4002 1720 4057 tute’lare
1752 4018 2067 4073 propugna-

487 4087 697 4154 culum,
732 4089 971 4150 tristitia:
1000 4106 1131 4147 vero
1170 4100 1225 4147 ct
1250 4094 1723 4163 pusillanimitatis
1761 4096 2063 4150 amuletum

490 4186 948 4245 praesentaneum.
983 4179 1137 4235 Mens
1166 4180 1340 4250 igitur
1376 4181 1758 4253 componenda
1808 4191 1895 4239 est
1932 4198 2064 4238 ora-

490 4270 659 4324 tionis
705 4279 970 4341 tempore,
1018 4282 1076 4355 et
1109 4273 1481 4330 conﬁrmanda
1532 4282 1592 4329 ut
1636 4291 1708 4331 ne
1742 4276 2065 4347 obstrepera

490 4363 562 4417 sit
589 4372 890 4420 autsecum
919 4366 1286 4423 tumultuetur
1302 4376 1361 4423 et
1390 4367 1739 4424 insusurret:
1760 4376 1891 4424 tunc
1914 4369 2062 4424 enim

490 4458 697 4528 poterit
736 4459 861 4528 quis
901 4460 1195 4516 sinceriter
1224 4475 1407 4517 orare.
1440 4460 1651 4528 Oratio,
1682 4461 1953 4517 familiare
1979 4469 2066 4517 est

2158 3448 2353 3521 λοτέρα
2404 3447 2664 3518 τυγχάνει
2720 3448 2911 3502 πασῶν
2948 3448 3056 3507 τῶν
3092 3448 3329 3518 ἀρετῶν,
3352 3448 3575 3520 καθαρά
3606 3443 3738 3503 οῦσα

2159 3542 2256 3596 καὶ⁸
2285 3541 2405 3613 Θεῷ
2435 3541 2730 3612 ὲγγίζουσα
2749 3558 2763 3573 ο
2790 3541 3086 3613 προσευχὴ
3115 3542 3224 3612 γάρ
3255 3543 3392 3608 ἐστι,
3428 3542 3742 3614 πραότητος

2159 3634 2256 3689 καὶ
2307 3635 2611 3706 ἀοργησίας
2666 3632 2999 3704 βλάστημα,
3066 3636 3343 3707 προσευχὴ
3395 3635 3538 3699 ἐστι,
3569 3637 3744 3707 χαρᾶς

2165 3724 2259 3777 καὶ
2302 3724 2656 3796 εὐχαριστίας
2690 3724 3016 3795 πρόϐλημα,
3076 3724 3323 3796 ἀλέξημα
3350 3725 3619 3798 δξλύπης
3652 3727 3744 3779 καὶ

2161 3816 2417 3889 ἀθυμίας.
2471 3818 2594 3890 Χρὴ
2625 3813 2722 3871 οῦν
2754 3817 2953 3888 στῆσαι
2982 3818 3077 3871 τὸν
3104 3817 3231 3872 νοῦν
3258 3818 3405 3872 κατὰ
3431 3819 3524 3872 τὸν
3549 3819 3743 3891 καιρὸν

2159 3910 2260 3979 τῆς
2296 3908 2497 3980 εὐχῆς,
2549 3910 2647 3963 καὶ
2704 3909 2890 3982 φωνὴν
2939 3908 3169 3963 ἄλαλον·
3223 3910 3345 3964 τότε
3389 3910 3620 3964 δύναταί
3660 3928 3742 3973 τις

2164 3998 2597 4070 προσεύξασθαι.
2618 3999 2681 4054 Ἦ
2703 4000 2815 4073 γάρ
2838 4000 3117 4072 προσευχὴ
3144 4001 3333 4072 ὁμιλία
3359 4002 3477 4055 ἐστὶ
3496 4001 3640 4074 πρὸς
3654 4001 3743 4055 τὸν

2162 4089 2317 4145 Θεὸν.
2367 4088 2535 4155 Ποίας
2577 4085 2671 4145 οῦν
2715 4090 2889 4145 δεῖται
2936 4091 2965 4143 6
3006 4090 3132 4154 νοῦς
3172 4093 3609 4159 καταστάσεως,
3656 4094 3741 4145 ἵνα

2161 4183 2365 4255 δυνηθῇ
2437 4184 2649 4255 ὁμιλεῖν
2705 4182 2784 4255 τῷ
2820 4184 2937 4257 ἰδίῳ
2968 4186 3212 4258 Δεσπότῃ
3249 4185 3479 4258 μηδενὸς
3513 4185 3740 4256 ὲμποδίο

2164 4272 2349 4339 ζοντος
2382 4272 2493 4327 τῶν
2528 4273 2697 4342 ξένων
2726 4274 3046 4347 λογισμῶν;
3102 4276 3136 4347 ἠ
3191 4275 3330 4346 μετὰ
3367 4275 3603 4340 πένθους
3649 4276 3742 4329 καὶ

2163 4365 2225 4417 ὲν
2268 4362 2543 4434 πνεύματι
2590 4365 2909 4437 προσευχὴ,
2966 4366 3141 4437 τροφὴ
3202 4365 3293 4418 τοῦ
3336 4364 3432 4418 νοῦ
3478 4365 3737 4436 ὑπάρχει,

2164 4454 2355 4528 ῶσπερ
2388 4456 2436 4513 ηὸ
2478 4455 2644 4530 ἄρτος
2691 4454 2789 4509 τοῦ
2831 4455 3104 4527 σώματος.
3158 4456 3446 4526 Μακάριος
3472 4452 3569 4511 οῦν
3597 4458 3741 4510 ἐστιν

490 4552 694 4607 mentis
730 4568 853 4609 cum
897 4552 1008 4608 Deo
1036 4554 1374 4625 colloquium
1412 4571 1426 4607 :
1460 4569 1573 4624 quo
1611 4554 1782 4625 igitur
1828 4554 1885 4609 in
1915 4562 2059 4610 statu

2167 4549 2194 4602 6
2221 4549 2345 4612 νοῦς
2364 4589 2379 4617 ,
2432 4548 2493 4612 ὃς
2540 4548 2684 4601 κατά
2726 4547 2821 4601 τὸν
2855 4548 3048 4619 καιρὸν
3077 4548 3178 4619 τῆς
3206 4547 3521 4619 προσευχῆς
3546 4549 3741 4619 ἀπερι-

490 4658 718 4699 necesse
747 4652 835 4699 est
880 4654 939 4698 ut
978 4659 1038 4700 se
1089 4661 1245 4701 mens
1300 4645 1656 4701 constabiliat
1703 4653 1761 4701 et
1805 4648 2060 4712 adornet,

490 4734 572 4789 sic
597 4733 941 4789 familiariter
966 4749 1091 4789 cum
1124 4736 1353 4805 proprio
1383 4735 1618 4791 Domino
1652 4737 2064 4807 congressum?

489 4827 763 4882 Nimirum
819 4827 866 4883 si
917 4828 1057 4882 nihil
1108 4843 1228 4883 eam
1295 4828 1662 4899 interpellarit
1706 4838 2060 4884 externarum

491 4920 909 4991 cogitationum.
939 4919 1128 4975 Oratio
1176 4935 1305 4976 cum
1354 4921 1510 4975 luctu
1546 4920 1840 4991 conjuncta
1884 4930 1942 4976 et
1993 4921 2062 4975 ad

491 5008 663 5063 Deum
701 5009 874 5064 effusa
911 5009 969 5064 in
1019 5010 1238 5080 spiritu,
1268 5009 1532 5065 alimonia
1557 5011 1760 5067 mentis
1784 5020 1890 5076 est,
1920 5010 2064 5066 haud

491 5116 651 5157 secus
677 5117 743 5157 ac
783 5104 943 5172 panis
970 5104 1207 5172 corpori.
1239 5103 1404 5159 Beata
1450 5118 1582 5160 sane
1618 5120 1780 5160 mens
1810 5105 1902 5160 cui
1928 5112 2069 5159 tem-

493 5208 632 5263 pore
657 5195 929 5250 orationis
949 5196 1135 5251 datum
1155 5204 1262 5261 est,
1295 5197 1461 5251 nullis
1492 5211 1552 5253 se
1574 5188 2064 5269 interpellantibus

496 5285 732 5340 remoris
760 5286 935 5340 Deum
966 5303 1127 5356 posse
1169 5288 1395 5357 alloqui.
1434 5288 1585 5345 Talis
1614 5288 1851 5360 perinde
1878 5305 1937 5345 se
1963 5289 2066 5344 ha-

496 5374 613 5438 bet,
646 5384 705 5430 ut
738 5374 937 5445 aquilae
986 5377 1191 5445 pullus,
1228 5378 1361 5432 dum
1400 5393 1523 5434 sese
1554 5378 1611 5433 in
1639 5379 1873 5435 sublime
1901 5379 2067 5434 attol-

498 5468 583 5525 lit.
607 5468 744 5525 'l‘ota
775 5471 923 5525 enim
944 5470 1089 5526 felici
1120 5487 1322 5542 nempe
1356 5487 1421 5528 ac
1448 5471 1635 5527 divina
1662 5473 2070 5544 permutatione

497 5578 531 5617 a
572 5578 632 5618 se
681 5562 945 5629 alienata,
998 5563 1224 5619 radioso
1263 5564 1558 5634 splendore
1608 5563 1950 5620 intermicat.
1985 5563 2067 5618 Ad

499 5647 809 5711 orationem
855 5655 989 5713 dum
1031 5655 1420 5723 consistemus,
1453 5671 1555 5713 ceu
1584 5657 1909 5730 praedictum
1948 5666 2068 5725 cst;

2169 4641 2427 4705 σπάστως
2456 4639 2535 4711 τῷ
2560 4639 2680 4711 Θεῷ
2706 4640 3051 4711 προσομιλεῖ.
3079 4640 3137 4693 '0
3163 4639 3406 4703 τοιοῦτος
3426 4639 3503 4703 ὡς
3526 4642 3743 4701 νεοσσὸς

2168 4730 2330 4787 ἀετοῦ
2374 4733 2456 4795 είς
2492 4731 2629 4802 ὕψος
2672 4732 2922 4803 αῐρεταιο
2974 4731 3071 4785 καὶ
3105 4732 3243 4794 ὅλως
3273 4730 3647 4802 ἠλλοιωμένος
3679 4733 3742 4802 τῇ

2168 4821 2262 4877 τοῦ
2310 4821 2446 4877 Θεοῦ
2499 4820 2787 4876 ἀλλοιώσει
2836 4822 3138 4893 φωτοειδὴς
3182 4822 3415 4891 γίνεται.
3471 4822 3588 4876 Καὶ
3621 4824 3744 4877 ὅταν

2167 4917 2248 4980 είς
2276 4915 2443 4987 εὐχὴν
2476 4915 2716 4986 στῶμεν,
2749 4917 2824 4986 μὴ
2852 4916 3139 4985 εὐξώμεθα
3170 4915 3328 4985 ὴμῶν
3357 4916 3573 4988 θέλημα
3598 4916 3746 4985 γενέ-

2170 5008 2316 5074 σθαι,
2354 5007 2540 5073 καθὼς
2571 5007 2824 5080 εἴρηται,¹
2852 5007 2992 5062 ἀλλὰ
3018 5007 3081 5061 τὺ
3106 5008 3200 5061 τοῦ
3228 5007 3364 5061 Θεοῦ
3385 5024 3401 5039 ·
3437 5008 3623 5073 καθὼς
3653 5009 3745 5064 καὶ

2167 5100 2530 5173 ἐδιδάχθημεν
2550 5116 2565 5132 ’
2613 5120 2632 5152 ι
2663 5100 2959 5172 Γενηθήτω
2987 5099 3051 5154 τὸ
3082 5100 3297 5172 θέλημά
3328 5118 3422 5155 σου
3450 5119 3469 5153 ι
3511 5102 3570 5155 ὲν
3602 5103 3744 5174 ἐμοὶ,

2166 5193 2263 5246 καὶ
2292 5192 2388 5246 ἐπὶ
2419 5193 2585 5247 παντὶ
2610 5192 2937 5265 πράγματι,
2968 5192 3060 5247 ἵνα
3088 5191 3263 5257 οὕτως
3290 5194 3453 5248 αὐτὸν
3479 5194 3743 5264 αἰτῶμεν,

2164 5285 2313 5349 ὅπως
2338 5283 2400 5337 τὸ
2426 5282 2593 5338 αὐτοῦ
2621 5284 2850 5356 γένηται
2873 5283 3109 5356 θέλημα.
3137 5284 3296 5337 Θέλει
3319 5284 3430 5355 γὰρ
3454 5284 3517 5337 τὸ
3540 5284 3745 5352 ἀγαθὸν

2170 5376 2265 5432 καὶ
2296 5376 2576 5448 συμφέρον
2606 5379 2673 5448 τῇ
2701 5376 2873 5448 ψυχῇ.
2926 5377 3122 5447 Ἡμεῖς
3153 5377 3212 5431 δὲ
3253 5378 3315 5430 οὐ
3345 5376 3565 5439 πάντως
3590 5374 3747 5429 τοῦτο

2178 5468 2469 5542 ζητοῦμεν,
2511 5470 2713 5541 μᾶλλον
2743 5469 2801 5524 δὲ
2831 5467 3192 5540 ταλανίςομεν
3224 5469 3453 5545 ἑαυτοὺς
3484 5468 3581 5522 καὶ
3612 5469 3745 5538 μετὰ

2179 5561 2381 5617 πολλοῦ
2412 5561 2673 5626 πένθους·
2712 5563 2796 5616 ὃτι
2832 5559 3005 5623 οὕτως
3029 5562 3334 5634 ἀκάθαρτοι
3360 5562 3518 5626 ὅντες
3540 5558 3745 5632 τολμῶ-

2178 5672 2279 5729 μεν
2309 5654 2503 5728 Κυρίῳ
2528 5652 2791 5709 Σα66αὼθ
2824 5656 3178 5728 παριστάναι.
3214 5655 3272 5711 '0
3300 5655 3625 5728 βουλόμενος
3650 5648 3743 5708 οὖν

571 5811 597 5847 ⁸
633 5813 790 5873 Rom.
824 5832 918 5884 xu,
950 5818 997 5873 l.
1074 5819 1092 5851 ⁵
1136 5818 1250 5876 Jac.
1291 5836 1344 5887 ν,
1389 5819 1471 5876 l3.
1549 5819 1568 5853 ⁶
1602 5818 1772 5877 Eccli.
1812 5837 1902 5886 xv,
1944 5821 1995 5878 9.

2167 5816 2316 5874 latth.
2351 5833 2404 5883 ν,
2442 5776 2534 5874 εἰ.
2608 5818 2629 5851 ⁸
2683 5816 2871 5875 Matth.
2916 5835 3023 5885 χχι,
3056 5818 3110 5874 9.
3186 5819 3207 5853 ’
3243 5817 3403 5875 Joan.
3456 5833 3494 5884 ι,
3548 5817 3599 5874 9.
