4040 6536
282 350 412 412 1757

273 550 526 622 δακρύων
575 550 1006 622 προσευξάσθω,
1067 551 1156 607 ἵνα
1202 552 1291 606 διὰ
1337 552 1433 608 τοῦ
1476 553 1709 619 πένθους
1764 555 1853 620 ἐξι-

275 644 540 718 ημερώσῃ
593 645 693 716 τὴν
744 645 1010 716 ἁγιότητα
1064 645 1168 716 τῆς
1217 646 1431 718 ψυχῆς,
1484 649 1579 703 καὶ
1611 648 1856 724 τυγχάνῃ

1334 353 1663 416 HOMILIA
1702 355 1846 418 CVI.
1868 381 1940 393 -

276 454 531 547 καθαρῶς
576 456 1010 530 προσεύξασθαι,
1042 458 1311 531 πρότερον
1356 460 1501 533 ὑπὲρ
1535 461 1858 533 συνεργείας

1975 482 2035 523 ne
2058 484 2282 528 oremus
2308 477 2586 546 propriam
2613 478 2818 548 expleri
2847 480 3211 555 voluntatem,
3242 490 3415 560 magis
3440 506 3541 546 au-
3629 493 3643 519 ‘

2486 14 2509 21 μ.
2516 14 2531 19 -
2556 12 2595 19 »κν
2602 12 2621 21 μ
2630 0 3287 21 m—HM;
3294 0 3539 17 ων-

1960 357 2058 420 DE
2097 361 2507 431 ORATIONE.
3407 373 3546 447 ηδε

1964 568 2073 614 tem
2118 576 2241 617 eam
2296 580 2419 634 quae
2468 567 2566 622 Dei
2614 579 2720 634 est,
2762 571 2923 640 juxta
2980 574 3290 632 doctrinam
3352 581 3540 639 illam:

1964 670 1983 703 ι
2012 652 2134 707 Fiat
2162 655 2418 713 voluntas
2460 667 2551 714 tua
2589 661 2635 693 ¹⁶
2672 680 2690 712 ι
2720 662 2773 716 in
2806 679 2893 719 me
2938 675 2995 721 et
3031 666 3084 720 in
3133 682 3196 723 re
3240 671 3488 739 qualibet
3525 691 3539 727 :
3615 650 3619 655 ξ

274 741 374 811 τῆς
402 737 739 809 ἀκραιφνοῦς
772 739 1106 810 προσευχῆς.
1154 740 1265 793 Kal
1293 738 1402 811 γὰρ
1432 741 1465 811 ἡ
1492 738 1731 812 ἐμμονος
1761 741 1857 795 καὶ

1975 744 2147 815 sicque
2179 747 2248 801 ab
2281 764 2347 804 eo
2386 750 2769 822 deposcamus,
2824 763 2886 810 ut
2939 756 3062 827 ejus
3118 758 3215 814 ﬁat
3261 737 3540 818 voluntas.

282 832 508 905 συνεχὴς
526 832 827 903 προσευχὴ,
842 831 931 885 διὰ
958 832 1057 903 τῆς
1086 830 1224 903 πρὸς
1246 829 1380 885 Θεὸν
1403 832 1644 903 ὁμιλίας,
1663 833 1726 885 ἐκ
1748 831 1858 885 τῶν

280 925 379 997 μὲν
437 922 751 995 ἐγκοσμίων
811 923 1181 994 φρονημάτων
1242 922 1490 995 ἁρπάζει
1543 923 1636 977 τὸν
1694 923 1857 989 νοῦν,

276 1013 398 1086 Θεῷ
423 1015 479 1069 δέ
510 1014 678 1068 αὐτὸν
708 1015 1030 1086 παρίστησι,
1063 1015 1160 1067 καὶ
1182 1014 1278 1069 διὰ
1302 1015 1401 1085 τῆς
1431 1016 1515 1078 εἰς
1538 1014 1673 1069 Θεὸν
1696 1015 1862 1083 ἐγγύ-

275 1126 464 1181 τητος,
499 1107 793 1172 εὐλαϐείας
818 1125 879 1162 τε
909 1106 1073 1162 αὐτὸν
1102 1108 1196 1160 καὶ
1221 1108 1516 1179 ὴπιότητος
1544 1107 1858 1180 ἐμπιμπλᾷ.

277 1201 463 1272 Χωρὶς
500 1200 557 1254 δὲ
591 1199 1106 1272 ταπεινοφροσύνης
1150 1199 1250 1253 οὐκ
1283 1200 1433 1255 ἔστιν
1468 1199 1863 1271 εὐπρόσδεκτον

276 1292 533 1362 γενέσθαι
595 1297 929 1365 προσευχήν.
997 1311 1015 1345 ι
1059 1291 1391 1362 Ἐπέϐλεψεν
1445 1292 1588 1365 γὰρ,
1658 1293 1862 1365 φησὶν,

280 1386 373 1440 ἐπὶ
406 1386 507 1456 τὴν
531 1385 846 1458 προσευχὴν
892 1384 1002 1439 τῶν
1046 1385 1354 1451 ταπεινῶν,
1401 1385 1494 1437 καὶ
1536 1385 1863 1451 ἐξουδένωσε

285 1479 375 1551 τὴν
419 1478 606 1549 δέησιν
648 1478 849 1534 αὐτῶν.
879 1497 898 1530 ι
940 1478 1242 1550 Τοιγαροῦν
1275 1478 1303 1530 6
1334 1476 1504 1530 θέλων
1542 1477 1640 1547 τὴν
1669 1476 1863 1531 ἐαυτοῦ

280 1572 577 1642 καθαρίσαι
606 1570 856 1643 καρδίαν,
885 1574 952 1643 τῇ
985 1571 1174 1641 μνήμῃ
1202 1569 1294 1622 τοῦ
1318 1568 1520 1639 Κυρίου
1550 1569 1640 1622 διὰ
1664 1569 1864 1633 παντὸς

280 1664 631 1737 διαπυρούτω
664 1665 838 1736 αὐτὴν
862 1706 878 1732 ,
932 1666 1093 1718 τοῦτο
1120 1664 1285 1734 μόνον
1319 1663 1552 1734 μελέτην
1579 1663 1675 1717 καὶ
1701 1663 1865 1732 ἔργον

280 1759 563 1814 ἄπαυστον
609 1757 770 1829 ἔχων.
828 1758 903 1812 Οὐ
955 1756 1064 1828 γὰρ
1119 1755 1250 1809 ποτέ
1299 1755 1398 1826 μὲν
1448 1754 1707 1826 εὔχεσθαι
1742 1755 1864 1823 -δεῖ,

280 1850 417 1904 ποτὲ
455 1849 514 1904 δὲ
558 1849 671 1921 μὴ,
722 1849 849 1913 τούς
894 1848 993 1921 τὴν
1034 1848 1244 1902 ἑαυτῶν
1290 1846 1531 1918 σαπρίαν
1568 1844 1862 1901 ἀποϐαλεῖν
1898 1835 1939 1890 Β

280 1942 570 2006 ἐθέλοντας
590 1959 618 2008 ,·
666 1943 784 1998 ἀλλ’
827 1942 916 1997 ἀεὶ
964 1943 1032 2013 τῇ
1079 1942 1355 2012 προσευχῇ
1393 1939 1678 2010 σχολάζειν
1713 1940 1773 1991 έν
1796 1940 1862 2008 τῇ

281 2036 516 2107 τηρήσει
543 2034 639 2089 τοῦ
665 2036 782 2104 νοῦ,
811 2036 918 2090 κᾶν
943 2033 1049 2099 ἐξω
1076 2050 1181 2086 που
1209 2032 1321 2087 τῶν
1348 2029 1658 2103 εὐκτηρίων
1682 2029 1868 2100 δωμά-

281 2145 393 2182 των
418 2127 796 2200 αὐλιζὼμεθα.
831 2128 928 2180 Ὃν
951 2125 1156 2197 τρόπον
1184 2122 1293 2196 γὰρ
1319 2124 1347 2176 6
1373 2121 1543 2175 θέλων
1569 2118 1867 2189 καθαρίσαι

280 2223 540 2295 χρυσίον,
586 2221 681 2276 ἐάν
708 2220 812 2274 κᾶν
842 2217 980 2289 πρὸς
1004 2215 1180 2289 βραχὺ
1208 2215 1269 2269 τὸ
1293 2213 1407 2286 πῦρ
1436 2213 1576 2286 ἐάσῃ
1604 2210 1869 2283 σχολάσαι

281 2319 381 2375 τοῦ
427 2315 798 2390 χωνευτηρίου
818 2355 833 2378 ,
888 2311 1158 2385 σκληρίαν
1187 2310 1363 2365 πάλαι
1391 2311 1457 2381 τῇ
1487 2307 1871 2381 καθαιρομένῃ

284 2413 391 2487 ὕλῃ
441 2411 702 2482 ἐμποιεί’
765 2408 909 2463 οῦτω
955 2407 1051 2461 καὶ
1103 2407 1132 2460 6
1180 2404 1313 2459 ποτὲ
1362 2403 1460 2473 μὲν
1519 2401 1870 2474 μεμνημένος

282 2506 382 2560 τοῦ
431 2502 604 2569 Θεοῦ,
658 2501 792 2556 ποτε
830 2501 888 2555 δέ
944 2500 1043 2572 μή.
1106 2499 1218 2553 Kal
1261 2498 1399 2567 ὅπερ
1444 2495 1596 2549 δοκεί
1636 2494 1870 2549 κτᾶσθαι

283 2598 376 2653 διὰ
403 2597 506 2668 τῆς
533 2594 725 2667 εὐχῆς,
761 2593 926 2649 τοῦτο
949 2591 1248 2647 ἀπόλλυσιν
1273 2590 1364 2645 διὰ
1389 2590 1489 2661 τῆς
1512 2588 1869 2660 χαυνότητος.

287 2692 403 2745 Kal
446 2691 507 2745 δν
536 2690 737 2763 τρόπον
773 2686 1131 2759 ἁψηλάφητον
1163 2684 1309 2738 ποιεῖ
1340 2682 1434 2736 τὸν
1464 2682 1682 2754 σίδηρον
1714 2682 1748 2753 ὴ
1776 2678 1871 2733 τοῦ

286 2783 467 2854 πυρὸς
501 2783 770 2849 συνάφεια
792 2821 808 2845 ,
844 2778 1019 2842 οὕτως
1052 2778 1108 2831 αἱ
1137 2776 1340 2830 πυκναὶ
1364 2777 1668 2860 προσευχαὶ
1698 2775 1875 2846 ἐρρω-

289 2877 625 2948 μενέστερον
670 2867 1161 2944 παρασκευάζουσι
1196 2868 1290 2923 τὸν
1324 2866 1452 2922 νοῦν
1499 2867 1581 2932 είς
1610 2866 1701 2921 τὸν
1733 2865 1876 2922 κατὰ

285 2968 389 3024 τοῦ
436 2966 666 3040 Ἐχθροῦ
698 2964 957 3035 πόλεμον.
999 2962 1110 3017 Kal
1127 2961 1318 3033 ὥσπερ
1352 2962 1380 3014 6
1412 2959 1634 3031 σίδηρος
1664 2958 1870 3031 πυρού-

290 3078 461 3133 μενος
513 3056 963 3131 μεταμορφοῦται
1019 3054 1158 3127 πρὸς
1203 3056 1305 3125 τὴν
1345 3052 1443 3108 τοῦ
1476 3053 1650 3123 πυρὸς
1683 3052 1873 3123 χρόαν,

285 3151 440 3208 οὕτω
466 3152 562 3205 καὶ
597 3153 626 3205 6
652 3150 780 3214 νοῦς
812 3147 1109 3219 φωτίζεται
1139 3150 1203 3201 ἐκ
1228 3149 1330 3217 τῆς
1356 3146 1549 3215 αἴγλης
1578 3143 1674 3199 τοῦ
1703 3143 1876 3214 πυρὸς

286 3249 396 3318 τῆς
446 3246 707 3318 χάριτος,
770 3261 789 3295 ι
831 3242 860 3297 ὃ
896 3238 1060 3314 ἦλθεν
1102 3243 1131 3296 6
1161 3241 1355 3312 Σωτὴρ
1378 3240 1535 3311 ἡμῶν
1569 3238 1750 3309 βαλεῖν
1782 3238 1875 3291 ἐπ)⁸

287 3338 396 3411 τὴν
423 3338 582 3408 γῆν.)
616 3338 727 3391 Kal
754 3334 841 3389 διὰ
870 3334 1029 3388 τοῦτο
1060 3334 1088 3388 6
1117 3334 1286 3387 θέλων
1315 3333 1462 3404 ἡμᾶς
1495 3331 1734 3403 σωθῆναι
1764 3329 1901 3383 Κύ-’

292 3449 436 3503 ριος,
474 3429 717 3501 συνεχῶς
746 3429 879 3501 ἡμῖν
906 3426 1034 3498 περὶ⁵
1061 3427 1232 3497 αὐτῆς
1255 3425 1596 3494 διαλέγεται·
1625 3422 1719 3477 καὶ
1746 3423 1878 3477 ὐπο-

289 3522 560 3596 γραμμδς
595 3523 728 3593 ἡμῖν
759 3521 1054 3592 γενόμενος
1082 3519 1494 3587 διενυκτέρευεν
1525 3518 1583 3571 ἐν
1612 3518 1678 3586 τῇ
1709 3531 1880 3587 προσ-

290 3618 435 3687 ευχῇ
466 3613 561 3669 τοῦ
587 3611 749 3677 Θεοῦ,
784 3612 919 3665 Θεὸν
945 3611 1163 3675 δεικνὺς
1185 3612 1320 3683 ἡμῖν
1348 3610 1580 3682 ἀρίστην
1611 3608 1880 3677 ὠφέλειαν

292 3708 397 3763 καὶ
448 3705 654 3779 πολλὴν
702 3704 841 3778 πρὸς
884 3703 1017 3759 Θεὸν
1049 3704 1331 3775 ἐγγύτητα
1372 3702 1463 3757 διὰ
1491 3703 1590 3773 τῆς
1617 3700 1880 3771 ἐπιμόνου

188 3846 197 3853 .
291 3799 639 3873 προσευχῆς.
692 3799 816 3870 Χρὴ
857 3792 952 3851 οῦν
994 3796 1215 3868 πρῶτον
1259 3794 1532 3850 αἰτεῖσθαι
1567 3793 1754 3847 λαϐεῖν
1785 3792 1882 3863 χάο

292 3908 480 3963 ρισμα
529 3889 716 3963 εὐχῆς,
786 3889 970 3953 καθὼς
1014 3888 1270 3960 εἴρηται,
1320 3886 1473 3955 παρὰ
1519 3884 1613 3939 τοῦ
1648 3884 1880 3947 διδόντος

291 3988 472 4058 εὐχὴν
513 3985 591 4057 τῷ
624 3985 924 4057 εὐχομένῳ.
981 3983 1056 4037 Τὸ
1086 3983 1241 4053 γὰρ,
1292 4000 1311 4033 ι
1344 3979 1409 4034 Τί
1454 3975 1886 4052 προσευξώμεθα

293 4079 429 4134 καθ’
456 4078 486 4133 δ
513 4079 596 4133 δεῖ
622 4077 724 4131 οὐκ
748 4077 995 4147 οἴδαμεν,
1030 4073 1143 4127 ἀλλ’
1170 4072 1302 4128 αὐτὸ
1329 4073 1389 4126 τὸ
1417 4071 1660 4143 Πνεῦμα,
1692 4071 1882 4141 φησὶν,

295 4169 774 4244 ὑπερεντυγχάνει
832 4168 975 4240 ὑπὲρ
1027 4166 1207 4238 ἡμῶν.
1246 4185 1265 4218 ι
1341 4165 1454 4219 Kal
1512 4163 1887 4236 λαμϐάνοντες

297 4261 693 4336 πληρώσωμεν
739 4262 809 4318 τά
853 4259 1274 4332 προσταχθέντα
1316 4259 1451 4331 ημῖν
1493 4257 1649 4329 παρὰ
1677 4255 1773 4311 τοῦ
1798 4273 1887 4311 νο-

302 4353 563 4424 μοδότου.
606 4352 745 4421 Φησὶ
770 4351 878 4423 γάρ
911 4353 940 4405 6
970 4349 1217 4421 Μωῦσῆς
1239 4367 1253 4382 ⁸
1315 4367 1336 4402 ι
1380 4350 1509 4404 Ἐὰν
1553 4347 1686 4421 εὔξῃ
1718 4347 1888 4419 εὐχὴν

302 4444 504 4515 Κυρίῳ
535 4443 616 4512 τῷ
642 4442 765 4515 Θεῷ
792 4459 885 4495 σου
907 4483 923 4507 ,
977 4442 1040 4496 οὐ
1082 4444 1321 4516 χρονιεῖς
1365 4443 1662 4497 ἀποδοῦναι
1691 4442 1884 4513 αὐτὴν,

1965 842 2179 914 1197
2205 844 2338 900 Jure
2363 845 2588 915 quidem
2619 865 2634 901 :
2667 847 2805 903 nihil
2859 851 3007 903 enim
3067 859 3178 906 tam
3214 855 3335 908 vult
3374 871 3541 925 quam

1963 936 2113 1007 quod
2144 938 2351 994 bonum
2379 947 2466 994 est
2502 949 2561 996 et
2593 942 2791 998 anima:
2840 943 3122 1001 conducit.
3182 945 3294 1001 Nos
3354 956 3541 1003 autem

1962 1046 2075 1086 non
2101 1030 2175 1087 ita
2203 1047 2304 1103 per
2349 1048 2569 1089 omnem
2615 1036 2839 1091 modum
2882 1038 2988 1092 hoc
3041 1038 3222 1108 ipsum
3276 1041 3538 1109 petimus,

1964 1122 2094 1179 licet
2120 1140 2222 1180 nos
2250 1125 2401 1196 ipsos
2429 1127 2760 1198 deputemus
2779 1131 3016 1186 miseros
3036 1133 3211 1187 multo
3234 1134 3540 1189 etiamnum

1964 1230 2092 1271 cum
2118 1218 2292 1273 luctu.
2324 1218 2442 1285 Qua
2467 1221 2617 1276 enim
2659 1220 2839 1277 fronte
2888 1222 3091 1292 impuri
3121 1240 3225 1280 nos
3268 1227 3543 1281 sustinea-

1965 1323 2090 1363 mus
2132 1309 2393 1365 assistere
2439 1312 2672 1368 Domino
2715 1313 3006 1371 Sabaoth?
3065 1317 3327 1387 Quisquis
3375 1318 3545 1388 igitur

1965 1401 2274 1457 orationem
2306 1420 2499 1473 puram
2527 1406 2681 1476 cupit
2712 1407 3025 1474 effundere,
3075 1410 3230 1478 prius
3279 1425 3544 1480 apprece-

1966 1501 2059 1548 tur
2096 1494 2204 1547 sibi
2252 1495 2528 1567 indulgeri
2582 1497 2856 1570 lacrymas
2907 1500 3212 1555 sarciendae
3282 1501 3546 1572 puritatis

1967 1589 2403 1655 cooperatrices,
2428 1599 2488 1643 ut
2518 1590 2670 1645 luctu
2701 1592 2849 1646 velut
2873 1594 3114 1662 parario,
3140 1594 3325 1649 anima
3352 1594 3546 1665 praefe-

1969 1679 2383 1759 roxpicuretur
2410 1682 2849 1748 ae‘mansueﬁat,
2876 1694 3042 1755 atque
3073 1686 3148 1740 ita
3164 1687 3383 1741 demum
3417 1702 3545 1756 per.-

1971 1770 2187 1826 fruatur
2226 1773 2456 1830 sincerae
2492 1791 2606 1831 suae
2632 1787 2763 1832 voto
2813 1778 3113 1833 orationis.
3145 1779 3363 1834 Etenim
3400 1779 3547 1851 jugis

1968 1867 2149 1921 oratio
2198 1873 2254 1919 et
2304 1867 2628 1933 continens,
2683 1885 2783 1940 per
2832 1876 3188 1941 congressum
3248 1886 3375 1926 cum
3433 1872 3547 1927 Deo

1969 1958 2324 2023 familiarem,
2388 1971 2629 2016 mentem
2682 1958 2877 2016 avocat
2940 1963 3008 2017 ab
3054 1964 3205 2017 omni
3251 1963 3548 2033 prudentia

1968 2050 2223 2121 fastuque
2255 2052 2467 2117 mundi,
2522 2068 2756 2123 eamque
2809 2055 2922 2109 Deo
2970 2066 3299 2124 praesentem
3350 2056 3544 2111 oﬂ‘ert:

1968 2160 2203 2214 quoque
2253 2144 2683 2216 propiusjungit
2712 2146 2847 2210 Deo,
2879 2146 2986 2201 hoc
3026 2148 3236 2217 majora
3283 2147 3551 2216 adimplet

1972 2237 2168 2290 timore
2200 2235 2361 2291 simul
2384 2243 2440 2291 et
2470 2236 2735 2292 mititate.
2766 2236 2956 2307 Neque
2981 2237 3130 2293 enim
3159 2238 3277 2293 sine
3324 2237 3554 2292 humili-

1971 2338 2084 2385 tate
2103 2339 2330 2400 accepta
2356 2331 2524 2400 possit
2555 2345 2677 2386 esse
2710 2331 2916 2396 oratio,
2955 2331 3041 2386 vel
3064 2340 3203 2386 teste
3238 2332 3547 2401 Scriptura:

1979 2438 1999 2475 ι
2025 2423 2289 2492 Respexit
2316 2422 2371 2477 in
2402 2422 2713 2478 orationem
2745 2425 3061 2489 humilium,
3102 2433 3158 2479 et
3196 2442 3305 2480 non
3345 2424 3554 2494 sprevit

1972 2531 2192 2586 precem
2220 2532 2413 2571 eorum
2432 2516 2497 2571 υ.
2535 2536 2554 2568 ι
2579 2515 2876 2582 Quocirca,
2895 2516 2990 2586 qui
3011 2532 3108 2571 cor
3130 2531 3289 2571 suum
3309 2516 3379 2570 ab
3402 2514 3552 2569 omni

1973 2609 2134 2664 sorde
2168 2623 2480 2680 expurgare
2508 2609 2821 2674 contendit,
2882 2608 3013 2663 illud
3050 2609 3323 2679 perpetim
3358 2624 3557 2664 accen—

1974 2700 2068 2755 dat
2087 2709 2143 2756 et
2160 2701 2461 2756 inﬂammet
2483 2701 2751 2756 memoria
2778 2700 3017 2756 Domini.
3038 2700 3153 2756 Hoc
3177 2702 3352 2756 solum
3370 2702 3556 2771 jugem

1973 2793 2425 2849 exercitationem
2454 2793 2625 2848 habet
2669 2800 2727 2849 et
2772 2807 2913 2864 opus
2946 2809 3227 2863 nunquam
3279 2793 3558 2849 intermit-

1978 2886 2226 2941 tendum.
2254 2886 2444 2956 Neqne
2492 2886 2641 2941 enim
2685 2885 2985 2955 aliquando
3017 2885 3291 2941 orandum
3331 2885 3557 2955 quidem

1976 2976 2070 3042 sit,
2106 2977 2405 3047 aliquando
2435 2975 2745 3030 feriandum
2781 2975 2850 3030 ab
2879 2975 3132 3031 oratione
3166 2976 3234 3030 iis
3260 2976 3355 3045 qui
3376 2975 3558 3031 cario-

1978 3085 2095 3125 sam
2120 3076 2471 3139 peccatorum
2486 3070 2877 3141 putrilaginem
2900 3085 2928 3123 a
2944 3085 3001 3124 se
3019 3076 3279 3123 excutere
3301 3067 3558 3137 cupiunt;

1905 3178 1950 3239 ο
1985 3162 2079 3216 sed
2111 3176 2332 3231 semper
2354 3162 2592 3218 orationi
2616 3162 3069 3227 incumbendum,
3098 3162 3311 3215 interna
3335 3159 3559 3230 quidem

1980 3256 2184 3310 mentis
2212 3254 2519 3319 locutione,
2573 3255 2744 3309 etiam
2792 3254 2836 3308 si
2883 3263 3038 3309 extra
3095 3252 3371 3309 oratorias
3414 3251 3563 3307 aedes

1980 3344 2350 3400 diversemur.
2381 3342 2857 3411 Quemadmodum
2910 3341 3059 3397 enim
3094 3356 3291 3395 aurum
3343 3339 3389 3395 si
3437 3339 3565 3408 quis

1978 3437 2100 3492 vult
2152 3438 2333 3492 scoria
2376 3452 2585 3492 exuere
2647 3443 2703 3490 et
2762 3449 3124 3505 perpurgare,
3179 3433 3325 3488 sinat
3376 3441 3561 3486 autem

1980 3529 2116 3585 illud
2148 3528 2215 3583 ad
2239 3538 2484 3599 teporem
2518 3528 2661 3598 ignis
2689 3527 2783 3597 qui
2838 3526 2893 3581 in
2939 3524 3162 3579 fornace
3206 3522 3438 3592 exiguus
3468 3521 3561 3584 sit,

1980 3622 2287 3678 lentescere
2318 3634 2383 3673 ac
2411 3617 2623 3681 feriari,
2652 3613 3058 3683 exutamsemel
3082 3611 3472 3680 strigositatem
3502 3623 3567 3663 ac

1982 3711 2279 3770 sorditiem
2308 3725 2507 3765 rursus
2530 3707 2764 3779 ingignit
2783 3714 3028 3777 purgatae
3056 3704 3134 3758 illi
3164 3703 3450 3757 materiae:
3489 3700 3566 3754 ita

1983 3816 2039 3863 et
2066 3805 2161 3876 qui
2186 3803 2483 3875 aliquando
2503 3800 2729 3872 quidem
2755 3798 3132 3855 commeminit
3154 3796 3273 3861 Dei,
3298 3811 3407 3850 non
3432 3793 3565 3848 item

1985 3898 2304 3969 aliquando,
2342 3896 2509 3952 etiam
2540 3893 2689 3964 quod
2734 3891 3003 3946 orationis
3029 3890 3227 3944 merito
3276 3887 3570 3943 videbatur

1984 3997 2295 4053 assecutus,
2324 4003 2423 4058 per
2444 3984 2617 4040 animi
2664 3981 3005 4038 remissioris
3044 3979 3408 4035 laxitudinem
3442 3993 3570 4048 per-

1985 4083 2085 4138 dit.
2117 4082 2298 4152 thue
2327 4079 2535 4133 ferrum
2566 4075 2862 4146 contiguus
2902 4073 3044 4144 ignis
3081 4070 3267 4126 reddit
3294 4069 3567 4139 impalpa-

1984 4173 2118 4239 bile,
2145 4172 2221 4227 ita
2245 4179 2303 4226 et
2335 4168 2618 4224 orationes
2650 4164 2904 4221 crebrius
2931 4162 3123 4219 effusae
3156 4169 3398 4217 mentem
3438 4175 3569 4214 cor-

1986 4265 2271 4329 roborant,
2300 4260 2596 4317 stabiliunt
2625 4265 2682 4313 et
2724 4255 3059 4312 conﬁrmant
3102 4254 3181 4309 ad‘
3216 4251 3569 4308 subeundum

1986 4374 2112 4414 cum
2133 4357 2291 4411 hoste
2316 4352 2662 4409 conﬂictum.
2695 4348 2851 4406 Sicut
2884 4348 3092 4403 ferrum
3144 4344 3254 4417 igni
3304 4343 3568 4407 candens,

1991 4448 2474 4506 transiormatiOne
2500 4446 2562 4500 lit
2585 4444 2848 4502 concolor
2868 4442 3004 4513 igni,
3058 4441 3133 4495 ita
3154 4448 3207 4494 et
3261 4453 3419 4494 mens
3442 4436 3570 4491 illu-

299 4540 391 4593 ὅτι
445 4534 693 4605 ἐκζητῶν
741 4535 1036 4606 ἐκζητήσει
1080 4533 1252 4607 αὐτὴν
1301 4533 1505 4606 Κύριος
1536 4535 1566 4588 6
1594 4532 1728 4596 Θεός
1764 4548 1878 4599 σου,

1994 4551 2164 4604 strata
2198 4541 2494 4612 splendore
2554 4539 2697 4610 ignis
2744 4536 3030 4607 (nimirum
3088 4532 3298 4605 gratiae)
3354 4549 3374 4582 ι
3405 4544 3570 4600 quem

302 4629 411 4684 καὶ
454 4628 608 4683 ἔσται
655 4645 740 4681 σοι
784 4625 1052 4699 ἁμαρτία.
1101 4627 1183 4680 Τὰ
1213 4626 1628 4696 ἐκπορευόμενα
1661 4625 1751 4680 διὰ
1777 4623 1886 4679 τῶν

302 4720 536 4793 χειλέων
567 4737 683 4787 σου,
721 4717 1013 4788 φύλαξον.»
1052 4719 1163 4773 Kal
1189 4714 1381 4782 αὖθιςο
1419 4720 1798 4790 «Ἄνθρωπος.
1828 4717 1888 4781 ὃς

305 4815 377 4869 ἂν
427 4810 653 4884 εῦξηται
698 4811 927 4882 Κυρίῳ,
981 4811 1014 4881 ἢ
1062 4810 1235 4883 ὀμόσῃ
1270 4812 1465 4883 ὅρκον,
1511 4812 1605 4866 καὶ
1636 4811 1888 4882 δρίσηται

304 4904 562 4976 ὁρισμὸν,
611 4907 672 4957 οὐ
715 4902 1017 4974 βεϐηλώσει
1045 4903 1107 4956 τὸ
1133 4904 1285 4974 ῥῆμα
1311 4902 1475 4956 αὐτοῦ
1500 4920 1514 4935 ο
1574 4902 1755 4957 πάντα
1796 4896 1891 4955 οὖν

307 4999 416 5051 ὅσα
462 4997 528 5051 ἂν
570 4995 766 5069 ἐξέλθῃ
817 4998 882 5050 ἐκ
933 4995 1030 5050 τοῦ
1077 4998 1346 5067 στόματος
1378 4996 1544 5049 αὐτοῦ
1592 4997 1831 5067 ποιήσει.
1866 5015 1885 5048 ι

309 5087 517 5153 Καθὼς
553 5089 648 5142 καὶ
672 5089 703 5142 6
728 5088 939 5159 Ἰεφθάε
956 5105 970 5118 ο
1007 5087 1158 5158 λέγει
1184 5088 1294 5158 γὰρ
1321 5090 1388 5159 τῇ
1422 5088 1660 5158 θυγατρὶ
1684 5087 1854 5141 αὐτοῦ
1873 5103 1887 5120 ο

315 5200 336 5233 ι
384 5178 527 5249 Ἐγὼ
568 5178 757 5251 ἧνοιξα
784 5179 849 5233 τὸ
878 5180 1057 5251 στόμα
1089 5197 1191 5250 μου
1229 5180 1361 5249 περὶ
1390 5179 1508 5241 σοῦ,
1557 5180 1654 5233 καὶ
1701 5181 1763 5233 οὐ
1804 5179 1895 5233 δύ-

311 5288 489 5341 ναμαι
537 5271 901 5344 ἀποστρέψαι.
950 5272 1062 5326 Καὶ
1100 5271 1345 5326 ἐτέλεσεν
1376 5271 1546 5345 αὐτὴν
1593 5274 1784 5345 Κυρίῳ
1814 5276 1895 5347 τῷ

313 5359 440 5433 Θεῷ
488 5359 699 5414 θυσίαν.
731 5379 751 5414 ι
805 5360 917 5415 Kal
968 5361 1190 5434 ἕτεροςο
1253 5382 1272 5416 ι
1303 5362 1395 5434 Μὴ
1435 5365 1770 5437 ἐμποδισθῇς
1799 5367 1894 5420 τοῦ

315 5452 616 5506 ἀποδοῦναι
662 5452 827 5527 εὐχὴν
880 5456 939 5508 ἐν
987 5454 1201 5527 καιρῷ’
1277 5456 1374 5509 καὶ⁵
1425 5457 1499 5528 μὴ
1550 5457 1741 5529 μείνῃς
1790 5459 1896 5521 ἓως

315 5541 416 5597 τοῦ
451 5543 689 5600 θανάτου
723 5546 1104 5617 δικαιωθῆναι.
1160 5547 1296 5617 Πρὶν
1341 5547 1605 5614 εῦξασθαι
1635 5550 1894 5620 ἐτοίμαζε

320 5633 582 5701 σεαυτὸν,
630 5636 727 5690 καὶ
761 5637 838 5710 μὴ
862 5637 1014 5707 γίνου
1045 5637 1331 5710 ἄνθρωπος
1357 5640 1637 5711 πειράζων
1664 5642 1759 5698 τὸν
1781 5644 1895 5698 Κύ-

400 5813 416 5845 ¹
444 5813 634 5870 Matth.
670 5831 744 5879 Vl,
793 5815 874 5872 10.
979 5818 1016 5850 ¹¹
1048 5818 1186 5875 Psal.
1217 5836 1288 5885 οι,
1326 5821 1408 5876 l8.
1489 5822 1530 5854 ”
1564 5784 1815 5890 Luca-xu,
1848 5824 1936 5881 49.

1985 4634 2167 4704 ignem
2196 4630 2350 4687 venit
2373 4629 2627 4684 Salvator
2655 4635 2846 4681 noster
2866 4624 3090 4677 mittere
3138 4621 3193 4674 in
3223 4619 3504 4675 terram“.
3547 4637 3568 4670 ι

1986 4728 2188 4797 Ejusce
2204 4724 2286 4779 rei
2310 4721 2493 4794 gratia
2526 4720 2575 4775 is
2597 4719 2694 4788 qui
2722 4732 2827 4771 nos
2852 4715 2921 4769 ad
2947 4713 3144 4768 salutis
3171 4721 3391 4783 portum
3421 4710 3575 4779 cupit

1988 4817 2321 4889 provehere,
2354 4813 2648 4877 Dominus,
2677 4810 2745 4865 de.
2773 4808 3030 4865 oratione
3064 4805 3419 4861 continenter
3444 4819 3573 4857 ver-

1988 4911 2059 4966 ba
2087 4909 2238 4965 facit.
2275 4906 2421 4975 Quin
2441 4905 2589 4960 idem
2620 4903 2786 4958 nobis
2814 4901 2994 4955 factus
3027 4898 3307 4968 exemplar
3355 4894 3572 4958 orandi,

1994 5001 2051 5055 in
2079 5000 2331 5054 oratione
2361 4996 2457 5051 Dei
2490 4993 2886 5067 pernoctabat:
2922 4990 3176 5060 exemplo
3225 5003 3327 5044 suo
3369 4988 3576 5043 docens

1996 5109 2099 5148 nos
2129 5107 2295 5162 quam
2324 5090 2487 5160 longe
2525 5087 2792 5159 optimam
2825 5101 2892 5141 ex
2916 5084 3165 5140 oratione
3203 5095 3574 5153 praecerpere-

1999 5199 2123 5239 mus
2147 5182 2465 5246 utilitatem,
2493 5194 2600 5235 nec
2632 5177 2971 5233 mediocrem
3004 5175 3073 5229 ad
3130 5175 3303 5229 Deum
3343 5172 3574 5243 prapin-

1936 5338 1953 5344 _
1998 5273 2290 5344 quitatem,
2322 5271 2368 5325 si
2396 5268 2562 5325 modo
2609 5267 2833 5323 assidua
2872 5265 3060 5320 fuerit.
3109 5263 3353 5319 Primum
3404 5261 3579 5332 igitur

2002 5363 2301 5435 petendum
2336 5361 2519 5427 nobis,
2555 5369 2618 5415 ut
2648 5359 2900 5429 accipere
2925 5368 3342 5428 promereamur
3379 5351 3577 5407 orandi

2001 5457 2231 5527 gratiam
2262 5458 2387 5522 (ceu
2414 5454 2625 5510 dictum
2649 5452 2756 5522 est)
2780 5451 2850 5506 ab
2872 5465 2939 5506 eo
2972 5447 3067 5519 qui
3091 5446 3185 5501 dat
3243 5443 3574 5508 orationem,

2000 5548 2099 5604 sed
2127 5547 2330 5603 oranti.
2379 5546 2471 5602 Ait
2502 5546 2649 5602 enim
2701 5543 3039 5615 Apostolus:
3098 5560 3117 5593 ‹
3155 5536 3300 5605 Quid
3352 5548 3578 5590 oremus

2000 5644 2144 5699 sicut
2165 5649 2405 5713 oportet,
2438 5638 2750 5697 nescimus:
2771 5635 2871 5695 sed
2900 5635 3019 5708 ipse
3044 5630 3289 5705 Spiritus
3305 5624 3576 5698 interpel-
