4040 6516
523 350 659 416 1759

1756 344 2126 407 ANTIOCHI
2166 343 2515 406 MONACHI

3664 342 3790 408 1700

516 466 592 521 lat
620 480 721 535 pro
762 462 1008 517 nobis”.
1044 480 1061 514 ι
1087 460 1145 515 ld
1173 459 1365 532 gratiae
1398 458 1530 514 dum
1559 458 1865 529 accipimus
1890 460 2102 528 explea-

2214 474 2346 527 ριον.
2400 458 2513 512 Kal
2553 456 2825 529 μνήσθητι
2856 456 3033 529 θυμοῦ
3069 457 3128 511 ὲν
3154 455 3345 528 ήμέρᾳ
3371 458 3665 529 τελευτῆς·
3702 466 3793 513 καὶ

515 573 640 612 mus
654 572 823 627 opera
838 556 907 611 ab
935 556 1056 625 ipso
1073 553 1210 624 legis
1229 553 1424 608 datorc
1442 553 1557 607 Deo
1578 552 1867 622 imperata.
1891 553 1934 621 ι
1946 552 2109 622 198

516 651 609 706 Ait
634 650 784 705 enim
823 649 1064 720 Moyses:
1097 666 1116 700 ι
1155 646 1212 701 Si
1243 645 1463 701 voveris
1512 652 1702 700 votum
1733 646 1966 701 Domino
1992 646 2107 700 Deo

518 755 637 808 tuo.
661 761 776 800 non
825 742 1076 799 tardabis
1118 741 1354 797 reddere
1405 740 1569 805 illud,
1623 741 1753 811 quia
1815 740 2107 811 requirens

518 834 765 904 requiret
794 850 824 888 a
846 841 899 888 te
925 832 1193 887 Dominus
1217 830 1365 885 Deus
1399 839 1548 896 tuus,
1586 840 1644 886 et
1667 830 1798 885 erit‘
1824 829 1925 885 tibi
1974 846 2107 900 pec-

515 935 699 981 catum
724 944 737 979 :
771 941 895 996 (λειω
916 924 1231 995 procedunt
1253 924 1323 979 de
1344 923 1512 977 labiis
1532 923 1666 988 tuis,
1692 923 2053 979 custodies“.
2081 944 2100 977 ι

516 1018 606 1083 Ει,
643 1036 661 1070 ι
699 1016 876 1072 Homo
918 1016 1014 1086 qui
1047 1016 1267 1071 voverit
1298 1015 1535 1070 Domino
1557 1024 1615 1070 et
1641 1016 1915 1087 iuraverit
1956 1017 2109 1086 jura.

517 1118 924 1176 mentum,non
953 1108 1176 1163 irritum
1204 1108 1371 1164 faciet
1397 1109 1628 1163 verbum
1675 1124 1869 1163 suum:
1917 1108 2106 1162 omnia

516 1214 864 1269 quaecunque
896 1212 1123 1268 egressa
1146 1197 1445 1253 fuerintex
1479 1213 1575 1253 ore
1605 1200 1749 1269 ejus.
1794 1198 2038 1253 faciet".
2081 1216 2100 1249 ι

516 1322 582 1332 -
632 1308 651 1341 ι
706 1289 826 1344 lien
876 1303 985 1353 me,
1048 1286 1163 1342 tilia
1214 1303 1358 1349 mea,
1409 1287 1679 1358 decepisti
1726 1302 1836 1353 me,
1893 1295 1951 1341 et
1986 1286 2104 1357 ipsa

516 1380 750 1450 decepta
779 1395 866 1436 es:
908 1379 1100 1450 aperui
1119 1380 1269 1434 enim
1298 1395 1361 1435 os
1389 1395 1571 1434 meum
1606 1378 1675 1433 ad
1709 1378 2026 1442 Dominum,
2048 1385 2105 1433 et

517 1472 667 1527 aliud
688 1472 869 1527 facere
896 1488 1007 1527 non
1037 1479 1231 1540 potero
1260 1471 1325 1523 ¹⁶.
1354 1489 1372 1522 ι
1407 1470 1560 1525 Alter
1583 1470 1750 1524 item:
1784 1487 1802 1520 ι
1831 1469 1911 1524 Ne
1931 1469 2106 1539 impe-

517 1563 689 1620 diaris
726 1565 961 1620 reddere
995 1574 1185 1619 votum
1216 1563 1271 1617 in
1304 1572 1573 1631 tempore,
1600 1570 1657 1616 et
1701 1577 1771 1616 ne
1819 1569 2105 1632 exspectes

519 1671 695 1725 usque
740 1655 809 1710 ad
858 1664 1092 1710 mortem
1129 1653 1460 1725 justiticari:
1520 1653 1845 1722 priusquam
1899 1667 2104 1708 voveas

518 1748 634 1802 sive
656 1764 801 1811 ores,
822 1763 951 1818 para
978 1748 1240 1818 teipsum,
1264 1762 1333 1801 ne
1361 1746 1437 1801 sis
1461 1745 1619 1816 quasi
1650 1746 1819 1800 homo
1846 1746 1939 1816 qui
1978 1754 2102 1800 ten-

2210 549 2479 619 ἀγωνίζου
2546 553 2629 615 εἰς
2674 549 3005 621 προσευχήν,
3058 549 3141 603 ὅτι
3174 550 3331 620 εὐχαὶ
3356 549 3797 605 κατευθυνόντων

2207 643 2394 697 δεκταὶ
2434 645 2585 716 παρά
2613 644 2848 715 Κυρίου.
2883 660 2902 695 ›
2958 644 3100 705 Kal,
3152 661 3170 695 ι
3205 642 3389 713 Εύχάς
3428 642 3657 697 δικαίων
3700 645 3791 697 ἑπ-

2208 735 2397 789 ακούει
2424 737 2686 807 Κύριος.ι
2727 736 2837 790 Kal
2866 734 2894 787 6
2922 734 3120 801 Aau‘t6,
3174 752 3194 786 ι
3227 734 3498 802 Εῦξασθε,
3537 735 3635 789 καὶ
3659 737 3792 790 ἀπό-

2207 828 2329 881 δοτε
2378 828 2572 899 Κυρίῳ
2611 828 2691 899 τῷ
2728 826 2849 898 Θεῷ
2879 827 3058 899 ὑμῶν.
3087 846 3106 880 ι
3166 825 3281 880 Kal
3312 826 3510 880 πάλιν
3574 846 3594 879 ι
3623 826 3794 881 Θῦσον

2208 918 2285 989 τῷ
2326 918 2448 990 Θεῷ
2500 918 2691 981 θυσίαν
2734 918 3026 981 αίνέσεως,
3075 917 3170 971 καὶ¹
3208 917 3411 981 ἀπόδος
3440 918 3519 989 τῷ
3550 917 3795 989 ’Υψίστῳ

2204 1015 2305 1076 τὰς
2336 1011 2502 1083 εὐχάς
2533 1028 2651 1066 σου.
2684 1026 2703 1062 ι
2764 1009 2905 1074 Kal,
2957 1026 2976 1060 ι
3014 1008 3128 1073 Τάς
3159 1010 3329 1079 εύχάς
3357 1026 3462 1079 μου
3494 1010 3577 1080 τῷ
3604 1010 3795 1078 Κυρίῳ

2206 1102 2473 1156 ἀποδώσω
2505 1101 2747 1156 ἐναντίον
2776 1100 2978 1163 παντὸς
3003 1099 3098 1154 τοῦ
3123 1100 3260 1154 λαοῦ
3288 1099 3512 1155 αὐτοῦ.»
3540 1101 3715 1170 Φησὶν
3736 1100 3793 1153 δὲ

2206 1196 2299 1249 καὶ
2333 1198 2361 1249 ό
2387 1194 2603 1259 Παῦλος
2622 1210 2637 1226 °
2696 1211 2717 1245 ι
2746 1193 2827 1265 Τῇ
2862 1193 3070 1263 σπουδῇ
3106 1193 3183 1264 μὴ
3211 1193 3439 1265 ὀκνηροὶ
3459 1232 3475 1256 ,
3520 1193 3600 1263 τῷ
3628 1191 3794 1245 πνεύο

2208 1306 2343 1360 ματι
2377 1288 2612 1352 ζέοντες,
2658 1286 2738 1359 τῷ
2764 1286 2958 1359 Κυρίῳ
2990 1285 3363 1350 δουλεύοντες,
3410 1288 3481 1357 τῇ
3510 1288 3792 1357 προσευχῇ

2208 1378 2773 1453 προσκαρτεροῦντες.
2804 1397 2822 1430 ι
2864 1378 2975 1432 Kal
2998 1376 3187 1442 αὖθις·
3227 1395 3247 1429 ι
3278 1376 3383 1431 Δὶά
3410 1380 3594 1447 πάσης
3621 1395 3795 1448 προσ-

2191 1474 2371 1543 -ευκῆς
2419 1472 2516 1527 καὶ
2559 1472 2802 1544 δεήσεως
2833 1472 3265 1542 προσευχόμενοι
3296 1472 3357 1524 ὲν
3388 1471 3555 1525 παντὶ
3586 1470 3793 1541 καιρῷ,

2205 1567 2264 1620 ὲν
2313 1564 2627 1636 πνεύματι,
2685 1565 2783 1618 καὶ
2829 1566 2912 1627 είς
2952 1563 3087 1619 αὐτὸ
3130 1561 3328 1626 τοῦτο,
3374 1562 3795 1635 ἀγρυπνοῦντες

2206 1660 2265 1713 ὲν
2308 1660 2461 1731 πάσῃ
2508 1659 2989 1731 προσκαρτερήσει
3030 1656 3128 1712 καὶ
3166 1658 3405 1728 δεήσει.»
3444 1658 3558 1717 Καὶ
3585 1658 3791 1712 πάλινο

2213 1771 2232 1803 ι
2272 1750 2546 1822 Βούλομαι
2579 1753 2710 1815 τοὺς
2739 1750 2943 1821 ἄνδρας
2977 1748 3383 1821 προσεύχεσθαι
3416 1750 3475 1802 ὲν
3506 1750 3672 1803 παντὶ
3703 1750 3793 1802 τό-

520 1847 599 1893 tat
623 1838 937 1908 Dominum.
965 1838 1239 1893 Memento
1261 1836 1358 1892 ira!
1390 1836 1447 1890 in
1470 1836 1560 1890 die
1585 1834 2101 1901 consummationis,

2209 1862 2330 1916 πῳ,
2381 1817 2713 1916 ἐπαίροντας
2765 1817 2921 1908 ὁσίας
2969 1817 3161 1914 χεῖρας
3190 1817 3383 1915 ⁷χωρὶς
3426 1843 3599 1914 ὀργῆς
3696 1843 3793 1895 καὶ

516 1937 575 1982 et
608 1928 900 1998 agonizare
920 1928 989 1982 ad
1011 1927 1345 1992 orationem,
1375 1927 1505 1996 quia
1521 1926 1803 1981 orationes
1826 1925 2107 1996 corrigeng

519 2020 655 2074 tium
690 2036 748 2075 se
770 2019 1143 2089 acceptabiles
1162 2028 1294 2075 sunt
1338 2018 1487 2088 apud
1536 2017 1917 2072 Dominum".
1948 2034 1968 2067 ι
1997 2016 2099 2081 Et,

524 2129 543 2163 ι
571 2110 927 2166 Orationibus
946 2111 1224 2182 justorum
1248 2108 1439 2164 obedit
1471 2109 1739 2163 Dominus
1760 2108 1858 2161 ⁸⁸.»
1887 2106 2056 2161 David
2084 2123 2099 2159 :

525 2221 545 2253 ι
582 2202 792 2259 Vovete
824 2212 883 2257 et
943 2202 1160 2258 reddite
1201 2201 1437 2256 Domino
1469 2202 1582 2255 Deo
1608 2201 1877 2257 vestro".
1911 2220 1931 2253 ι
1992 2200 2101 2255 lte-

518 2312 674 2350 rum:
712 2314 730 2346 ι
761 2296 988 2350 lmmola
1020 2296 1133 2350 Deo
1183 2293 1521 2350 sacriﬁcium
1577 2293 1777 2357 laudis,
1831 2299 1889 2347 et
1930 2282 2101 2347 redde

516 2387 799 2441 Altissimo
829 2397 957 2443 vota
1000 2394 1093 2440 tua
1112 2387 1178 2440 ²⁰.
1213 2404 1232 2437 ›
1268 2386 1358 2449 Ει,
1387 2403 1407 2437 ι
1445 2385 1559 2457 Ego
1579 2395 1708 2439 vota
1724 2400 1843 2440 mea
1867 2385 2101 2439 Domino

517 2478 745 2534 reddam
770 2479 827 2533 in
851 2487 1155 2548 conSpectu
1182 2477 1367 2533 omnis
1387 2477 1575 2548 populi
1602 2478 1805 2547 ejus“.
1844 2496 1863 2530 ι
1896 2477 2104 2533 Paulus

516 2584 774 2639 quoque:
806 2585 825 2620 ι
856 2568 1244 2625 Sollicitudine
1267 2585 1380 2624 non
1401 2569 1563 2639 pigri,
1588 2568 1787 2638 spiritu
1802 2567 2103 2634 ferventes,

517 2663 751 2719 Domino
775 2663 1104 2728 servientes,
1131 2662 1373 2718 orationi
1394 2662 1746 2717 instantes”.
1784 2680 1803 2713 ι
1852 2662 2099 2716 Rursus:

524 2777 543 2811 ι
571 2760 676 2815 Per
701 2774 923 2815 omnem
956 2760 1267 2815 orationem
1299 2767 1356 2814 et
1393 2758 1839 2815 obsecrationem
1877 2768 2104 2814 orantes

517 2851 577 2906 in
610 2853 761 2907 omni
786 2864 1058 2923 tempore,
1080 2852 1136 2907 in
1168 2852 1391 2922 spiritu,
1426 2858 1483 2906 et
1511 2850 1568 2907 in
1614 2850 1723 2906 hoc
1750 2850 1931 2920 ipsum
1965 2850 2106 2921 vigi-

515 2943 695 2999 lantes
720 2943 779 2998 in
813 2943 965 2998 omni
1011 2942 1274 2998 instantia
1315 2950 1375 2997 et
1426 2941 1895 2997 obsecratione”.
1933 2960 1952 2993 ι
1997 2941 2106 2996 lte-

518 3054 679 3093 rum:
713 3055 732 3089 ι
765 3037 902 3094 Volo
959 3037 1112 3091 viros
1162 3051 1324 3090 orare
1356 3034 1413 3089 in
1441 3034 1593 3089 omni
1651 3034 1798 3100 loco,
1848 3033 2102 3090 levantes

516 3136 737 3184 sanctas
765 3142 965 3182 manus
997 3127 1117 3181 sine
1150 3127 1229 3181 ira
1258 3135 1316 3181 et
1366 3124 1869 3196 disceptationibus
1885 3125 1949 3180 “.
1980 3145 1997 3177 ι
2033 3127 2102 3179 Ει

519 3220 578 3274 in
610 3219 840 3274 Actibus
887 3219 1305 3288 apostolorum:
1363 3218 1493 3287 quia
1561 3235 1579 3269 ι
1610 3225 1771 3272 erant
1827 3217 2101 3271 instantes

519 3309 791 3365 doctrinae
838 3307 1242 3378 apostolorum,
1287 3316 1344 3363 et
1388 3307 1692 3373 communi,
1743 3315 1803 3362 et
1847 3306 2101 3362 fractioni

516 3403 699 3475 panis,
747 3412 803 3458 et
851 3402 1279 3458 orationibus".
1324 3421 1342 3453 ›
1396 3403 1635 3457 lterum:
1697 3419 1715 3452 ι
1764 3401 1878 3457 Nos
1918 3409 2101 3457 autem

516 3494 756 3551 orationi
785 3505 841 3550 et
897 3494 1213 3551 ministerio
1241 3494 1402 3551 verbi
1450 3494 1721 3548 instantes
1748 3493 1958 3549 erimus
1977 3495 2041 3548 ³⁸.
2077 3513 2095 3547 ι

520 3587 840 3656 Sapientia:
886 3608 904 3641 ι
942 3588 1098 3645 Sicut
1124 3587 1323 3643 vovisti
1352 3597 1541 3643 votum
1571 3587 1829 3653 Domino,
1875 3603 1947 3641 ne
1987 3603 2105 3642 mo-

521 3681 667 3736 reris
685 3680 919 3735 reddere
954 3680 1113 3746 illud,
1139 3680 1269 3750 quia
1294 3682 1639 3748 quacunque
1688 3678 1933 3744 voveris,
1973 3679 2102 3735 red-

504 3772 619 3841 ;les
642 3790 654 3825 :
685 3771 884 3826 melius
904 3772 1053 3827 enim
1078 3787 1189 3826 non
1216 3770 1453 3835 vovisse,
1476 3785 1642 3840 quam
1662 3770 1879 3827 vovisse
1912 3782 1968 3827 et
1993 3789 2101 3828 non

517 3863 824 3919 reddere".
865 3883 883 3915 ι
921 3862 1028 3919 Sed
1078 3871 1135 3919 et
1165 3862 1484 3932 iniquorum
1523 3877 1653 3918 osor
1705 3863 1809 3918 Job
1840 3879 1856 3918 :
1894 3883 1915 3916 ι
1951 3864 2101 3920 Nihil

519 3954 785 4026 injustum
816 3960 938 4008 erat
974 3952 1031 4007 in
1060 3952 1317 4007 manibus
1344 3951 1507 4018 meis,
1532 3951 1709 4009 oratio
1738 3961 1924 4009 autem
1980 3968 2101 4009 mea

519 4064 657 4119 pura
688 4046 950 4102 fuit"°”.
985 4064 1004 4098 ι
1036 4045 1277 4101 Petrus:
1318 4064 1337 4098 ι
1380 4044 1564 4101 Sobrii
1589 4054 1767 4101 estote
1799 4055 1857 4102 et
1880 4046 2101 4117 vigilate

521 4140 578 4194 in
609 4139 977 4203 orationibus,
1009 4146 1068 4193 et
1126 4138 1369 4196 resistite
1413 4138 1637 4193 diabolo
1654 4137 1719 4193 ³⁸.
1757 4156 1775 4189 ι
1835 4138 2101 4194 Dominus

520 4231 743 4287 item:‘¢
777 4231 1076 4300 Propterea
1100 4228 1225 4284 dico
1272 4229 1456 4296 vobis,
1513 4229 1699 4284 omnia
1755 4244 2098 4299 quazcunque

518 4308 750 4377 orantes
783 4322 994 4392 petitis,
1056 4320 1268 4376 credite
1313 4320 1445 4391 quia
1495 4320 1805 4391 accipietis.
1858 4329 1914 4377 et
1965 4321 2100 4378 ﬁent

518 4414 680 4469 vobis
703 4413 770 4469 ⁸ο.
808 4432 826 4465 ι
864 4414 916 4468 Is
950 4428 1076 4468 cum
1125 4421 1273 4468 esset
1312 4412 1369 4467 in
1413 4413 1674 4483 quopiam
1732 4414 1857 4485 loco
1910 4429 2094 4482 orans,

2202 1937 2581 2008 διαλογισμοῦ.
2610 1956 2629 1989 ι
2688 1935 2802 1991 Kal
2856 1938 2915 1990 ὲν
2960 1938 3082 1999 ταῖς
3112 1936 3409 2007 Πράξεσιν,
3443 1936 3526 1989 ὅτι
3562 1953 3582 1987 ι
3606 1930 3790 1989 *Ησαν

2204 2027 2753 2101 προσκαρτεροῦντες
2777 2029 2844 2099 τῇ
2869 2027 3062 2099 διδαχῇ
3090 2027 3198 2081 τῶν
3222 2027 3568 2092 ἀποστόλων,
3604 2028 3699 2081 καὶ
3723 2030 3789 2098 τῇ

2202 2120 2466 2192 κοινωνίᾳ.
2497 2119 2595 2175 καὶ
2621 2122 2688 2191 τῇ
2716 2119 2911 2173 κλάσει
2945 2118 3041 2173 τοῦ
3071 2119 3238 2189 ἄρτου
3261 2158 3277 2183 ,
3330 2118 3430 2173 καὶ
3464 2120 3586 2182 ταῖς
3613 2134 3785 2189 προσ-

2203 2216 2415 2284 ευχαῖς.
2431 2232 2450 2266 ι
2488 2214 2598 2267 Kal
2623 2212 2787 2267 πάλιν
2804 2230 2817 2245 ·
2848 2230 2867 2263 ι
2891 2213 3085 2283 Ἡμεῖς
3105 2212 3163 2266 δὲ
3185 2214 3255 2284 τῇ
3282 2214 3588 2285 προσευχῇ,
3608 2212 3702 2265 καὶ
3722 2214 3787 2283 τῇ

2202 2303 2452 2377 διακονίᾳ
2471 2303 2566 2359 τοῦ
2584 2304 2745 2374 λόγου
2764 2305 3405 2377 προσκαρτερήσωμεν.»
3423 2304 3532 2358 Kal
3547 2303 3783 2375 ήΣοφία·

2211 2414 2230 2447 ι
2266 2394 2468 2459 Καθὼς
2510 2394 2666 2466 ηὔξω
2711 2394 2879 2465 εὐχὴν
2919 2395 2998 2466 τῷ
3039 2395 3252 2467 Κυρίῳ,
3297 2394 3372 2465 μὴ
3399 2394 3664 2466 χρονίσῃς
3691 2391 3786 2446 τοῦ

2202 2484 2499 2539 ἀποδοῦναι
2530 2484 2702 2554 αὐτὴν
2722 2523 2737 2549 ,
2778 2484 2861 2538 ὅτι
2892 2484 2993 2537 ὅσα
3025 2482 3176 2555 ηὔξω
3208 2482 3520 2553 ἀποδὼσῃς.
3560 2483 3787 2553 Ἀγαθὸν

2201 2577 2263 2631 τὸ
2314 2575 2390 2648 μὴ
2431 2575 2693 2642 εὔξασθαι
2717 2618 2732 2643 ,
2781 2576 2815 2647 ἢ
2861 2575 3145 2643 εὔξασθαι,
3182 2576 3277 2629 καὶ
3311 2576 3387 2647 μὴ
3415 2575 3733 2631 ἀποδοῦναι.
3763 2594 3780 2627 ι

2215 2669 2274 2722 Ὀ
2299 2668 2355 2722 δὲ
2391 2668 2678 2739 μισάδικος
2707 2665 2831 2721 Ἰὼϐ
2851 2706 2869 2733 ,
2925 2687 2945 2721 ι
2974 2668 3195 2721 Ἀδικον
3215 2708 3233 2735 ,
3274 2668 3453 2737 λέγων
3473 2709 3491 2735 ,
3538 2669 3695 2723 οὐδὲν
3721 2664 3787 2740 ἦν

2204 2762 2261 2815 ἑν
2290 2761 2447 2832 χερσί
2474 2777 2603 2832 μου,
2643 2760 2778 2832 εὐχή
2805 2754 2863 2814 δέ
2898 2777 3000 2831 μου
3034 2760 3308 2831 καθαρά.»
3343 2762 3455 2815 Kal
3485 2761 3517 2813 6
3543 2762 3748 2833 Πέτρος
3769 2779 3783 2791 .

2209 2871 2228 2904 ι
2263 2851 2665 2923 Σωφρονήσατε
2695 2849 2792 2904 οὖν
2822 2850 2920 2904 καὶ
2949 2849 3157 2920 νήψατε
3203 2852 3285 2914 είς
3313 2851 3663 2923 προσευχὰς,
3695 2855 3786 2907 καὶ

2204 2941 2493 3012 ἀντίστητε
2523 2940 2602 3012 τῷ
2629 2939 2921 3012 διαϐόλῳ.»
2969 2939 3027 2994 '0
3054 2940 3109 2994 δὲ
3140 2940 3384 3013 Κύριος⁸
3443 2959 3463 2992 ι
3502 2942 3604 2995 Διά
3634 2941 3788 2996 τοῦτο

2203 3033 2346 3101 λέγω
2379 3035 2540 3103 ύμῖν,
2592 3033 2769 3088 πάντα
2813 3034 2914 3089 ὅσα
2963 3034 3029 3088 ἂν
3063 3036 3495 3105 προσευχόμενοι
3527 3037 3783 3097 αἰτεῖσθε,

2206 3126 2493 3180 πιστεύετε
2517 3126 2603 3180 ὅτι
2626 3120 2960 3196 λαμϐάνετε,
2987 3127 3084 3181 καὶ
3106 3126 3258 3181 ἔσται
3279 3128 3463 3197 ὑμῖν.)
3498 3127 3612 3181 Kal
3634 3129 3693 3181 ὲν
3713 3129 3787 3198 τῷ

2203 3214 2346 3274 εἶναι
2389 3220 2556 3274 αὐτὸν
2603 3219 2662 3272 ὲν
2689 3219 2845 3291 τόπῳ
2872 3221 2982 3273 τινὶ
3014 3220 3473 3292 προσευχόμενον,
3505 3219 3585 3285 ὡς
3614 3222 3785 3274 ἑπαύο

2170 3312 2175 3317 ’
2206 3329 2359 3383 σατο,
2392 3310 2515 3367 εἶπέ
2539 3329 2626 3377 τις
2651 3311 2757 3364 τῶν
2788 3310 3049 3384 μαθητῶν
3073 3311 3271 3365 αὐτοῦ’
3303 3329 3323 3364 ι
3357 3313 3559 3384 Κύριε,
3580 3312 3787 3379 δίδαξον

2202 3404 2351 3476 ἡμᾶς
2398 3403 2828 3475 προσεύχεσθαι,
2858 3423 2879 3458 ι
2936 3404 3033 3458 καὶ
3077 3398 3264 3457 εἵπενο
3322 3404 3526 3458 «Ὅταν
3558 3404 3787 3475 προσεύσ

2203 3486 2409 3566 χησθε,
2461 3494 2687 3563 λέγετε,
2738 3495 2923 3565 Πάτερ
2971 3494 3130 3566 ήμῶν
3181 3495 3209 3547 6
3254 3494 3311 3549 ὲν
3353 3497 3471 3559 τοῖς
3511 3496 3783 3565 οὐρανοῖς,

2204 3587 2520 3656 ἁγιασθήτω
2550 3586 2613 3639 τὸ
2636 3585 2811 3657 δνομά
2837 3604 2954 3650 σου,
2986 3605 3006 3639 ι
3058 3587 3155 3641 καὶ
3202 3587 3351 3658 ἑξῆς.
3398 3589 3511 3641 Kal
3547 3589 3747 3656 ἐπάγει
3767 3606 3779 3620 ·

2208 3699 2227 3733 ι
2258 3682 2490 3746 Αἰτεῖτε,
2514 3681 2609 3735 καὶ
2630 3680 2919 3753 δοθήσεται
2939 3680 3067 3751 ὑμῖν
3082 3697 3097 3711 ·
3122 3678 3361 3751 ζητεῖτε,
3382 3680 3479 3733 καὶ
3497 3680 3779 3751 εὑρήσετε⁸

2202 3772 2467 3844 κρούετε,
2520 3775 2616 3827 καὶ
2663 3773 3018 3846 ἀνοιγήσεται
3068 3772 3216 3844 ὑμῖν.
3246 3791 3265 3825 ι
3327 3773 3439 3825 Kal
3489 3774 3780 3843 ὲπιφὲρεν

2208 3883 2226 3917 ι
2270 3865 2331 3918 Et
2361 3860 2455 3918 οὖν
2489 3865 2671 3935 ὑμεῖς,
2706 3866 2936 3937 πονηροὶ
2965 3865 3335 3936 ὑπάρχοντες,
3370 3864 3555 3920 οἴδατε
3584 3866 3783 3919 διδόναι

2201 3959 2314 4021 τοῖς
2361 3957 2577 4021 τέκνοις
2624 3957 2782 4028 ὑμῶν
2831 3958 3043 4028 δόματα
3089 3957 3305 4025 ἀγαθὰ,
3370 3957 3526 4028 πόσῳ
3580 3957 3780 4027 μᾶλλον

2200 4050 2228 4102 ό
2276 4048 2465 4120 Πατὴρ
2519 4049 2547 4103 6
2596 4048 2656 4113 ἐξ
2702 4048 2937 4119 οὐρανοῦ
2987 4047 3151 4101 δώσει
3200 4047 3425 4119 Πνεῦμα
3464 4047 3627 4118 ἅγιον
3670 4052 3781 4113 toi;

2200 4140 2445 4194 αἰτοῦσιν
2486 4141 2677 4196 αύτόν1
2708 4160 2729 4193 ι
2791 4141 2907 4195 Kal
2956 4142 3282 4212 βουλόμενος
3310 4143 3461 4213 ἡμᾶς
3491 4144 3519 4197 6
3545 4143 3779 4196 πολυπό-

2200 4232 2362 4301 θητος
2403 4234 2611 4302 Κύριος
2658 4232 2747 4286 διὰ
2786 4233 3040 4305 κρυπτῆς
3070 4233 3336 4305 ἐργασίας
3367 4235 3468 4304 τὴν
3498 4234 3666 4307 εὐχὴν
3703 4235 3777 4306 τῷ

2198 4323 2319 4395 Θεῷ
2351 4323 2708 4394 προσφέρειν,
2746 4323 2929 4393 λέγει·
2991 4343 3011 4377 ι
3034 4326 3204 4379 ὐταν
3233 4326 3539 4399 προσεύχῃ,
3576 4328 3777 4381 εἴσελθε

2200 4416 2280 4477 είς
2326 4413 2388 4466 τὸ
2430 4413 2656 4483 ταμεῖόν
2703 4430 2798 4467 σου
2824 4453 2841 4479 ,
2898 4414 2995 4469 καὶ
3044 4414 3268 4478 κλείσας
3315 4414 3415 4486 τὴν
3457 4416 3630 4485 θύραν
3660 4434 3774 4477 σου,

519 4515 693 4577 utque
742 4507 1138 4577 interquievit,
1199 4506 1423 4577 quidam
1492 4506 1896 4577 discipulorum
1973 4506 2094 4583 ejus

2203 4504 2495 4577 πρόσευξαι
2520 4504 2600 4576 τῷ
2623 4505 2798 4576 Πατρί
2824 4522 2918 4558 σου
2950 4507 3006 4559 ὲν
3026 4506 3105 4578 τῷ
3124 4507 3348 4578 κρυπτῷ
3368 4525 3383 4540 ’
3428 4509 3524 4562 καὶ
3544 4509 3573 4561 ὅ
3592 4510 3777 4577 Πατήρ

517 4600 733 4671 rogavit
766 4599 955 4654 illum:
989 4617 1008 4651 ι
1049 4597 1302 4664 Domine,
1331 4596 1471 4652 doce
1498 4612 1600 4652 nos
1621 4596 1870 4662 orare“;
1906 4615 1925 4649 ι
1951 4597 2093 4652 dixit

516 4687 711 4744 Jesus:
754 4707 773 4739 ‹
817 4688 954 4743 Cum
979 4688 1293 4754 oraveritis,
1315 4687 1510 4743 dicite:
1555 4688 1719 4743 Pater
1750 4698 1940 4743 noster
1994 4688 2092 4758 qui

2201 4616 2325 4664 σου,
2368 4599 2398 4651 6
2433 4598 2647 4668 βλέπων
2679 4599 2738 4652 ὲν
2767 4598 2845 4669 τῷ
2874 4598 3133 4671 κρύπτῳ,
3188 4599 3460 4654 ἀποδώσει
3488 4617 3570 4654 σοι
3618 4600 3674 4655 ὲν
3702 4602 3777 4673 τῷ

2200 4689 2476 4761 φανερῷ.ι
2521 4688 2682 4762 Δύτῷ
2710 4692 2743 4761 ἠ
2769 4690 2896 4756 δόξα
2927 4692 3007 4754 εἰς
3031 4692 3158 4755 τοὺς
3185 4692 3411 4755 αίῶνας.
3452 4693 3650 4763 Ἀμήν.

516 4798 579 4839 es
612 4782 669 4837 in
711 4782 886 4848 cmlis,
937 4781 1315 4839 sanctiﬁcetur
1364 4798 1567 4838 nomen
1606 4790 1763 4837 tuum
1781 4784 1850 4849 δ’,
1904 4801 1923 4836 ι
1982 4792 2091 4841 etc.
2132 4785 2383 4840 lnducit:
2426 4799 2449 4836 ι
2486 4784 2685 4849 Petite,
2719 4794 2776 4839 et
2825 4784 3050 4840 dabitur
3083 4785 3280 4853 vobis;
3316 4787 3572 4857 qurerite,
3614 4796 3670 4843 et
3694 4787 3777 4841 in-

517 4876 788 4941 venietis;
820 4878 1063 4947 pulsate,
1090 4886 1147 4933 et
1168 4866 1451 4948 aperietur
1468 4877 1703 4933 vobis".
1744 4898 1762 4931 ι
1792 4878 2002 4936 Infert;
2036 4898 2055 4933 ‹
2084 4880 2140 4935 Si
2181 4882 2350 4951 igitur
2380 4896 2481 4935 vos
2536 4896 2663 4936 cum
2724 4881 2848 4936 sitis
2884 4879 3036 4948 mali,
3072 4882 3247 4937 nostis
3280 4881 3425 4937 dona
3466 4881 3613 4937 bona
3656 4882 3778 4937 dare

520 4965 648 5021 ﬁliis
674 4968 891 5029 vestris.
918 4976 1126 5037 quanto
1146 4969 1319 5038 magis
1334 4969 1499 5023 Pater
1524 4969 1768 5026 caelestis
1790 4970 1945 5026 dabit
1968 4971 2240 5042 Spiritum
2268 4981 2523 5027 sanctum
2588 4972 2911 5042 petentibus
2968 4986 3027 5028 se
3067 4971 3148 5027 δεῖ
3185 4994 3204 5026 ι
3243 4975 3465 5043 Nosque
3530 4976 3775 5045 cupiens,

517 5059 663 5113 votis
685 5059 943 5115 omnibus
964 5060 1307 5131 eXpetendus
1336 5070 1394 5116 et
1419 5060 1803 5117 desiderabilis
1825 5064 2093 5119 Dominus
2130 5080 2331 5119 arcana
2361 5080 2461 5120 sua
2517 5062 2841 5133 operatione
2881 5065 3091 5121 erudiri
3152 5066 3217 5120 ad
3282 5065 3621 5121 oll‘crendam
3671 5067 3777 5122 Deo

518 5149 850 5215 orationem,
885 5151 1054 5207 dicit:
1081 5152 1295 5223 1199
1323 5171 1341 5204 ι
1378 5152 1517 5208 Cum
1552 5156 1822 5220 oraveris,
1877 5156 2018 5211 intra
2074 5157 2127 5211 in
2167 5157 2489 5212 cubiculum
2531 5165 2707 5220 tuum,
2743 5164 2799 5210 et
2838 5155 3026 5212 clauso
3084 5159 3228 5211 ostio
3269 5168 3364 5212 tuo
3421 5174 3518 5213 ora
3565 5159 3775 5213 Patrem

520 5256 675 5302 tuum
700 5241 793 5311 qui
825 5251 911 5297 est
932 5243 990 5297 in
1017 5244 1312 5311 absconso,
1345 5253 1402 5300 et
1430 5245 1591 5300 Pater
1616 5254 1747 5301 tuus
1778 5228 1875 5305 aui
1938 5246 2089 5302 videt
2127 5246 2183 5301 in
2214 5246 2506 5321 absConso,
2566 5243 2765 5300 reddet
2796 5243 2896 5299 tibi
2928 5243 2985 5299 in
3040 5245 3369 5300 manifesto‘
3389 5246 3430 5301 ⁸.
3467 5265 3485 5297 ι
3518 5246 3626 5316 Ipsi
3663 5247 3775 5317 glo-

521 5333 604 5388 ria
630 5332 685 5385 in
714 5333 934 5389 sxcula.
960 5333 1158 5391 Amen.

595 5514 638 5547 ¹³
667 5514 830 5569 Rom.
854 5528 975 5571 vm.
1004 5513 1096 5568 26.
1175 5515 1215 5547 ι*
1250 5516 1430 5570 Eccle.
1469 5532 1523 5580 v,
1556 5516 1617 5579 3;
1650 5514 1828 5577 Levit,
1855 5529 1963 5574 xxi,
1988 5512 2020 5566 9

2252 5513 2413 5569 Num.
2454 5529 2579 5579 xxx,
2609 5513 2663 5568 ’5.
2782 5512 2825 5544 ¹⁶
2848 5512 3031 5568 Ιιιίιιο.
3062 5528 3137 5577 x1,
3180 5510 3269 5566 55.
3349 5512 3390 5544 ¹⁷
3417 5512 3590 5568 Eccli.
3628 5530 3771 5569 xvm.

522 5586 707 5640 22-26.
786 5585 830 5616 ¹⁸
854 5585 1018 5640 Prov.
1062 5600 1149 5640 xv.
1171 5587 1259 5639 29.
1336 5586 1379 5616 ¹⁹
1402 5587 1544 5639 Psal.
1576 5601 1732 5647 LXXV,
1762 5584 1845 5637 l2.
1956 5586 2000 5615 ²⁰
2026 5583 2102 5638 Ps:

2203 5600 2345 5649 xux,
2402 5584 2484 5639 hi.
2589 5581 2802 5637 "Psal.
2861 5599 2981 5646 cxv,
3048 5582 3135 5635 18.
3238 5585 3281 5614 ²¹
3315 5584 3474 5637 Rom.
3528 5599 3623 5647 xu,
3690 5586 3768 5637 ll.

526 5659 572 5689 "
598 5655 803 5725 Ephes.
834 5670 912 5719 vi,
942 5657 1027 5709 18.
1105 5652 1480 5713 “lTim.n.8.
1559 5656 1601 5684 ”
1626 5656 1744 5708 Art.
1777 5670 1835 5711 ιι.
1870 5654 1953 5709 l2.
2034 5655 2078 5684 ’⁸

2203 5696 2223 5709 -.
2251 5671 2323 5713 vi.
2360 5657 2412 5710 Il.
2492 5656 2535 5686 ’⁷
2564 5653 2744 5725 Eccle.
2785 5670 2837 5715 v,
2861 5653 2913 5715 ’5,
2939 5653 2991 5708 4.
3020 5723 3026 5725 _
3093 5654 3215 5725 3"“
3247 5653 3537 5725 Jobsxn,
3560 5655 3610 5707 (ἶ.
3684 5656 3724 5685 ⁸*
3754 5653 3771 5707 l

500 5723 672 5781 'Pctr.
714 5743 767 5791 v,
790 5726 857 5787 8..
920 5726 965 5759 “
992 5727 1154 5782 Marc.
1192 5742 1262 5791 Μ,
1294 5727 1382 5779 2i.
1462 5726 1502 5756 “
1540 5725 1670 5779 Luc.
1705 5742 1778 5791 si,
1812 5727 1859 5779 1.
1944 5727 1983 5757 θ’
2012 5727 2092 5780 Illa

2239 5741 2312 5788 vi,
2340 5727 2391 5781 9.
2471 5725 2515 5757 ⁸³
2553 5723 2744 5779 Matth.
2781 5726 2938 5790 vu,7.
3017 5723 3060 5755 '”
3091 5723 3224 5778 Luc.
3257 5742 3329 5791 κε,
3366 5723 3445 5777 13.
3528 5725 3571 5755 ⁵⁸
3590 5725 3772 5780 Matth.

528 5814 604 5861 vl,
628 5799 678 5851 6.
