3960 6508
142 394 275 463 ιτει
1060 383 1389 446 iIOMILIA
1426 379 1696 444 cv11.~—
1726 376 1826 438 DE
1866 376 2479 443 COMPUNCTIONE.
3268 383 3407 453 1762

739 523 962 581 ΛΟΓΟΣ
994 520 1114 575 rz'.
1752 492 1794 546 Α

1752 492 1794 546 Α
2378 513 2666 569 nonILIA
2703 514 2857 571 cvn.

643 640 781 707 Περὶ
832 636 1232 703 κατανύξεως.

2346 627 2426 683 De
2461 632 2885 699 compunclione.

226 757 289 811 'H
334 754 625 819 κατάνυξις
682 750 855 805 τίκτει
923 748 1014 803 τὸν
1062 746 1345 819 κλαυθμὸν
1407 743 1507 801 καὶ
1536 743 1609 797 τὰ
1634 740 1729 796 δά-

1899 737 2269 808 Compunctio
2290 740 2480 797 ﬂetum
2509 744 2655 814 parit
2686 755 2743 800 et
2782 745 3089 819 lacrymas:
3130 765 3245 805 non
3292 766 3412 807 mc-

133 866 317 923 κρυαο
352 850 504 917 κόπῳ
549 846 607 901 δέ
632 862 739 900 τινι
774 844 1017 916 ἔρχεται,
1048 842 1097 895 εί
1128 840 1203 912 μὴ
1257 838 1349 893 διὰ
1371 836 1574 905 πολλῆς
1607 834 1697 890 άδο

1852 828 2004 885 Iiocri
2031 832 2255 902 negotio
2284 833 2512 890 obvenit
2535 836 2777 903 homini,
2807 838 2914 894 nisi
2937 838 3125 896 forsan
3148 844 3416 899 exercita-

136 921 365 1013 λεσχίας
408 940 502 994 καὶ
544 926 907 1008 ὑπομνήσεως
950 935 1050 1005 τῆς
1105 931 1345 1005 φοϐερᾶς
1372 928 1590 1000 ἡμέρας
1629 926 1700 997 τῆ

1848 921 1907 977 .io
1938 923 2208 992 prolixior
2239 928 2623 993 anteverterit,
2653 939 2752 985 aut
2790 934 3247 990 commemoratio
3298 936 3412 991 for-

137 1036 405 1105 κρίσεως,
443 1030 539 1084 καὶ
562 1027 976 1089 ἀνταποδόσεως
1009 1019 1083 1080 ὧν
1117 1025 1438 1096 ἡμάρτομεν
1478 1022 1536 1074 ὲν
1562 1020 1701 1089 λόγῳ

1850 1014 2113 1071 nidabilis
2137 1016 2361 1087 judicii,
2422 1028 2478 1073 et
2509 1020 2734 1078 vicariae
2788 1025 3175 1082 retributionis
3221 1042 3414 1083 eorum

138 1128 241 1180 καὶ
266 1126 431 1196 ἔργῳ,
456 1122 553 1176 καὶ
586 1118 826 1192 διανοίᾳ·
855 1118 951 1171 καὶ
975 1117 1076 1187 τῆς
1106 1114 1370 1189 αἰσχύνης
1390 1114 1607 1186 ἐκείνης
1630 1114 1698 1184 τῆ

1852 1125 1953 1179 [uae
1990 1110 2181 1181 inique
2210 1112 2487 1185 gessimus
2514 1128 2795 1181 sermone,
2818 1132 3013 1187 opere,
3045 1119 3416 1188 cogitatione:

141 1220 243 1272 ἐπὶ
270 1216 363 1271 τοῦ
390 1212 619 1287 φοϐεροῦ
652 1212 921 1283 βήματος,
968 1207 1201 1262 ἐνώπιον
1229 1206 1481 1277 ἀγγέλων
1510 1204 1607 1259 καὶ
1640 1204 1704 1258 ἀν

1858 1211 1928 1257 rut
1954 1213 2107 1259 certe
2130 1219 2231 1274 per
2253 1204 2525 1274 pudorem
2549 1222 2615 1261 ac
2640 1207 2886 1264 dedecus
2903 1211 3051 1279 quod
3077 1211 3422 1268 damnandos

142 1310 403 1383 θρώπων,
466 1305 562 1361 καὶ
588 1306 727 1359 ὅλων
752 1303 863 1357 τῶν
915 1300 1258 1371 ἐπουρανίων
1296 1299 1600 1369 δυνάμεων,
1641 1297 1702 1351 ὃτ

1857 1302 2019 1347 nanet
2044 1302 2171 1348 ante
2208 1294 2345 1349 illud
2370 1295 2722 1355 formidabile
2746 1300 3013 1369 tribunal,
3038 1304 3095 1358 in
3118 1315 3421 1375 conspectu

140 1400 332 1473 γυμνᾶ
357 1397 452 1452 καὶ
478 1394 950 1468 τετραχηλισμένα
976 1392 1180 1455 πάντα,
1208 1391 1295 1446 ὅτε
1318 1389 1547 1452 ἕκαστος
1576 1387 1702 1458 ὴμῶ

1859 1385 2159 1455 angelorum
2177 1395 2233 1439 et
2254 1387 2566 1455 hominum,
2592 1390 3089 1464 universarumque
3113 1395 3423 1450 caelestium

141 1495 482 1563 παρίσταται
515 1487 655 1556 ὑπὲρ
703 1484 900 1540 ἑαυτοῦ
933 1482 1393 1563 ἀπολογούμενος,
1449 1484 1535 1538 ὅτε
1562 1480 1705 1535 οὐδε).

1857 1475 2144 1542 virtutum,
2189 1492 2314 1532 eum
2390 1478 2538 1533 nuda
2600 1488 2657 1535 et
2720 1490 2910 1551 aperta
2957 1493 3124 1538 erunt
3194 1486 3421 1550 omnia,

140 1583 327 1639 οὐδενὶ
380 1580 596 1653 βοηθὸς,
653 1580 743 1633 ὅτε
772 1577 1136 1650 φανεροῦνται
1164 1576 1234 1631 τά
1267 1574 1649 1649 κεκρυμμένα,
1699 1578 1704 1624 ἑ

1861 1568 2059 1639 [nando
2088 1570 2473 1641 unusquisque
2500 1580 2753 1628 nostrum
2794 1578 3220 1645 praesentabitur
3241 1594 3342 1649 pro
3367 1594 3425 1635 se

141 1677 327 1740 οὐδεὶς
353 1675 492 1739 τέως
519 1669 681 1739 οἶδεν,
719 1673 767 1726 εί
803 1672 879 1744 μὴ
903 1673 939 1741 ἠ
971 1669 1280 1741 συνείδησις
1320 1667 1501 1740 ήμῶν,
1535 1666 1705 1740 μᾶλλο

1860 1677 2228 1733 'esponsurus,
2262 1680 2386 1719 cum
2414 1680 2578 1720 nemo
2597 1666 2757 1723 alteri
2788 1668 2994 1738 poterit
3026 1686 3147 1725 esse
3180 1672 3424 1737 auxilio;

142 1771 206 1824 δὲ
263 1770 333 1825 τὰ
382 1768 609 1823 πλεῖστα
662 1745 793 1822 οὐδέ
851 1767 886 1838 ἡ
929 1764 1128 1838 καρδία
1188 1763 1501 1830 ἐπίσταται,
1558 1764 1607 1818 ει
1660 1780 1706 1833 μ¹

1864 1754 2063 1823 [nando
2122 1756 2340 1811 cunctis
2392 1772 2593 1813 arcana
2644 1767 2952 1827 patescent,
3006 1762 3144 1816 nulli
3198 1771 3428 1820 eatenus

148 1862 318 1932 μόνος
345 1863 373 1914 ό
424 1858 633 1925 ὲτάζων
685 1858 915 1926 καρδίας
942 1858 1038 1912 καὶ
1083 1858 1341 1929 νεφροὺς,
1398 1858 1427 1911 ό
1456 1856 1611 1918 Θεὸς,
1645 1854 1712 1909 ὅτ

1866 1854 2125 1916 :omperta
2148 1854 2204 1901 et
2231 1848 2541 1917 explorata,
2572 1848 2678 1903 nisi
2703 1865 2828 1919 quae
2853 1852 3123 1922 cujusque
3146 1854 3430 1909 conscien-

151 1972 173 2004 ι
218 1952 337 2024 Πῦρ
371 1953 603 2007 ὲνὼπιον
655 1950 821 2007 αὑτοῦ
875 1951 1337 2024 προπορεύσεται,
1376 1949 1472 2005 καὶ
1526 1948 1715 2019 φλογιε

1864 1938 1923 1993 ,ia
1959 1938 2143 1992 novit:
2177 1938 2311 2009 quin
2340 1940 2523 2009 potius
2544 1942 2783 2010 plurima
2813 1959 2937 2013 quae
2978 1962 3047 1999 ne
3079 1962 3176 2001 cor
3204 1947 3428 2016 quidem

146 2046 343 2117 κύκλῳ
375 2045 504 2109 τοὺς
534 2045 763 2115 ἐχθροὺς
801 2043 988 2099 αὑτοῦ.
1028 2062 1047 2095 ι
1112 2043 1242 2097 Ὅτε
1286 2042 1710 2106 καταδικάζοντα

1869 2039 2098 2087 nostrum
2135 2031 2260 2095 scit,
2294 2038 2497 2102 praeter
2518 2033 2692 2087 Deum
2726 2035 2820 2104 qui
2852 2036 3019 2091 corda
3074 2047 3354 2093 scrutatur
3377 2049 3433 2095 et

146 2140 202 2190 οί
230 2139 331 2207 μὲν
359 2139 438 2201 εἰς
464 2140 525 2190 τὸ
550 2137 739 2197 σκότος
764 2135 827 2188 τὸ
861 2134 1126 2207 ἐξώτερον
1153 2134 1214 2189 τὸ
1246 2134 1649 2206 ἡτοιμασμένον
1667 2136 1710 2187 τι

1869 2137 2046 2187 'enes;
2081 2138 2229 2189 cum,
2268 2143 2287 2176 ι
2325 2124 2470 2196 Ignis
2492 2124 2550 2179 in
2589 2134 2890 2196 conspectu
2914 2129 3035 2198 ejus
3067 2130 3353 2198 procedet,
3379 2140 3433 2185 et

148 2229 389 2300 διαϐόλῳ
422 2228 516 2283 καὶ
542 2230 678 2291 στοῖς
706 2228 958 2297 ἀγγέλοις
1002 2225 1169 2281 αὐτοῦ
1191 2242 1207 2259 ⁸
1258 2227 1307 2279 οί
1341 2225 1399 2279 δὲ
1432 2227 1513 2289 εἰς
1541 2224 1603 2278 τὸ
1632 2222 1707 2277 πῦ

1870 2214 2214 2271 nﬂammabit
2241 2216 2297 2270 in
2323 2216 2563 2272 circuitu
2595 2217 2851 2273 inimicos
2885 2220 3096 2290 ejus“:
3146 2239 3165 2273 ι
3213 2221 3434 2290 quando

151 2319 220 2371 τὸ
236 2317 454 2372 αίῶνιον
476 2334 492 2351 ’
522 2316 673 2373 ἄλλοι
701 2317 1171 2387 παραπέμπονται
1198 2315 1277 2386 τῷ
1305 2314 1591 2385 ἀκοιμήτῳ
1614 2312 1715 2367 σκιῖ

1872 2308 2371 2364 :ondemnabuntur
2396 2309 2450 2363 hi
2475 2310 2700 2379 quidem
2733 2310 2786 2364 in
2831 2311 3089 2367 tenebras
3128 2313 3436 2369 exteriores

154 2408 312 2478 ληκι,
347 2408 497 2463 ἄλλοι
550 2408 628 2477 τῷ
680 2409 941 2478 ταρτάρῳ
992 2406 1420 2476 παραδίδονται·
1453 2406 1549 2458 καὶ
1587 2404 1639 2457 τί
1669 2403 1718 2458 δε

1868 2402 2166 2473 iblcgandi,
2189 2418 2311 2473 qua:
2340 2411 2545 2473 parata:
2568 2411 2699 2457 sunt
2729 2402 2953 2459 diabolo
2975 2412 3031 2459 et
3054 2406 3265 2474 angelis
3290 2406 3432 2475 ejus:

153 2502 345 2554 πάντα
389 2501 527 2554 κατά
553 2499 751 2553 λεπτὸν
778 2498 1173 2569 ἀπαγγέλλειν,
1227 2498 1325 2552 καὶ
1370 2498 1601 2569 ἀκηδίαν
1644 2499 1717 2568 ὲμ

1874 2495 1932 2549 lli
1964 2510 2098 2549 vero
2120 2494 2505 2565 prmcipitandi
2538 2494 2595 2550 in
2622 2495 2803 2565 ignem
2838 2505 3109 2552 aeternum
3125 2497 3189 2551 ".
3218 2497 3287 2553 Et
3313 2498 3435 2568 qui-

151 2596 336 2645 ποιεῖν
395 2594 508 2656 τοῖς
570 2594 903 2664 ἀκροαταῖς;
968 2590 1154 2646 Ταῦτα
1203 2586 1296 2645 οὖν
1332 2590 1513 2645 πάντα
1542 2592 1637 2644 καὶ
1681 2607 1712 2644 τ

1874 2586 1983 2642 lem
2008 2587 2100 2642 alii
2127 2588 2531 2659 propellentur,
2575 2587 2869 2645 addicendi
2922 2606 3206 2662 nunquam
3231 2592 3438 2647 dormi-

84 2688 85 2691 “
151 2686 323 2755 ὃμοια
349 2682 679 2748 ἐννοοῦντες,
714 2684 1012 2755 ἀγαπητοὶ,
1038 2683 1282 2754 ἔλθωμεν
1308 2684 1388 2746 εἰς
1433 2683 1641 2737 κατάνυ

1870 2698 1978 2735 .uro
2030 2680 2230 2746 vermi,
2278 2680 2373 2736 alii
2421 2681 2670 2752 voragini
2726 2681 3017 2738 tradentur
3097 2682 3434 2738 tartareae".

154 2780 257 2832 καὶ
310 2776 655 2849 παυσώμεθῶ
702 2777 811 2831 τῶν
865 2776 1054 2831 κακῶν
1114 2775 1272 2848 ἡμῶν
1325 2774 1609 2848 πράξεων·
1657 2792 1718 2829 κο

1874 2772 2066 2843 Ecquid
2094 2789 2323 2829 necesse
2359 2773 2430 2829 sit
2479 2773 2697 2845 singula
2760 2773 2875 2829 haec
2906 2774 3165 2829 minutim
3202 2782 3263 2829 ut
3309 2790 3438 2845 per-

155 2869 489 2940 κλαύσωμεν
526 2868 741 2940 ἡμέρας
770 2868 863 2922 καὶ
886 2867 1106 2932 νυκτὸς,
1139 2866 1382 2923 ἐναντίον
1412 2867 1619 2938 Κυρίου
1656 2883 1717 2919 το

1872 2880 2131 2930 :enseam,
2159 2880 2401 2935 quorum
2426 2881 2596 2920 censu
2622 2866 2977 2921 auditoribus
3027 2868 3251 2922 taedium
3281 2869 3436 2939 inge-

92 2950 97 2955 .
156 2964 492 3032 ποιήσαντος
524 2961 876 3033 ήμᾶς.“οπου
904 2959 1014 3033 γὰρ
1040 2960 1276 3031 δάκρυα,
1303 2960 1423 3014 ἐκεῖ
1439 2958 1656 3029 δυσώπη

1874 2959 2075 3014 ierem?
2102 2957 2227 3013 Haec
2278 2958 2448 3030 igitur
2507 2969 2673 3030 alque
2727 2960 2815 3015 his
2878 2975 3149 3031 perquam
3210 2962 3438 3027 similia,

156 3053 332 3107 Θεοῦ·
384 3056 418 3124 ἡ
454 3055 626 3126 πόρνη
673 3053 761 3107 διὰ
806 3054 1026 3127 θερμῶν
1080 3052 1353 3125 δακρύων,
1401 3055 1531 3124 μιᾶς
1581 3053 1720 3123 ῶρας

1875 3050 2193 3116 :harissiini,
2223 3052 2269 3106 si
2312 3051 2766 3121 expenderimus,
2827 3054 2896 3107 ad
2952 3054 3439 3123 compunetionem

158 3147 382 3200 πολλῶν
406 3147 739 3218 ὀφλημάτων
757 3148 953 3218 ἄφεσιν
974 3148 1300 3218 ἐκομίσατοο
1322 3148 1393 3200 τά
1412 3147 1628 3219 δάκρυα
1654 3148 1722 3219 τὴ

1880 3145 2049 3215 Itique
2069 3149 2469 3217 pertingemus,
2495 3162 2706 3216 nosque
2724 3161 2886 3218 quam
2929 3147 3186 3201 ocissime
3212 3147 3444 3217 recipie-

159 3240 336 3313 εύχὴν
362 3240 442 3312 τῷ
470 3240 588 3311 Θεῷ
632 3241 995 3312 παριστῶσιν,
1029 3241 1125 3294 καὶ
1151 3240 1550 3313 εύπρόσδεκτον
1578 3241 1720 3312 αὑτὴ

1877 3254 1977 3293 nus
2002 3254 2033 3293 a
2058 3240 2344 3294 consuetis
2376 3238 2643 3308 Operibus
2703 3238 3015 3307 improbis;
3046 3238 3136 3293 die
3185 3254 3249 3294 ac
3276 3248 3441 3294 nocte

161 3331 436 3386 ποιοῦσιν.
461 3334 521 3384 '0
556 3333 782 3404 Πέτρος,
811 3332 900 3386 διὰ
928 3334 1056 3402 μιᾶς
1080 3332 1229 3405 ῶρας
1258 3332 1725 3405 πικρῶνδακρύων

1874 3330 2200 3386 ilorabimus
2227 3332 2283 3385 in
2311 3339 2612 3401 conspectu
2640 3331 2860 3386 Domini
2883 3333 2976 3401 qui
3023 3331 3154 3387 fecit
3186 3348 3309 3387 nos.
3336 3333 3438 3389 Ubi

159 3423 229 3475 οὐ
265 3426 427 3493 μόνον
459 3424 812 3496 συνεχωρήθη
847 3424 927 3495 τῷ
954 3423 1259 3494 πταίσματι
1306 3426 1407 3495 τῆς
1438 3424 1723 3496 ἀρνήσεως

1880 3422 2002 3475 :nim
2026 3422 2305 3494 lacrymm,
2347 3422 2424 3477 ibi
2463 3422 2764 3478 exorabilis
2795 3423 2888 3477 Dei
2920 3423 3235 3479 clementia.
3268 3424 3444 3478 Mere-

161 3514 309 3569 ἀλλά
344 3514 438 3568 καλ⁸
468 3515 564 3576 τὰς
596 3516 744 3578 κλεῖς
772 3516 870 3585 τῆς
927 3514 1206 3585 βασιλείας
1236 3514 1346 3568 τῶν
1383 3513 1632 3587 οὐρανῶν
1661 3530 1725 3567 πι

1884 3514 1967 3567 rix
1992 3513 2085 3568 illa
2113 3514 2376 3585 lacrymis
2403 3514 2571 3568 unius
2604 3514 2755 3570 hora:
2775 3515 2869 3569 sed
2900 3515 3268 3586 praefervidis,
3303 3515 3444 3570 mul-

164 3606 447 3662 στεύεται.
494 3607 715 3677 Ἐζεκία
746 3607 826 3678 τῷ
857 3606 1085 3677 βασιλεῖ,
1136 3606 1204 3659 δι’
1256 3607 1451 3674 ὀλίγων
1503 3605 1728 3675 δακρύω

1877 3624 2041 3663 orum
2094 3608 2284 3663 retulit
2333 3606 2719 3662 remissionem
2781 3607 3123 3662 debitorum.
3164 3607 3441 3679 Lacrymaa

161 3698 470 3752 δεκαπέντε
516 3698 610 3769 ἐτη
642 3701 707 3768 τῇ
757 3698 869 3767 ζωῇ
901 3697 1227 3768 προσετέθη.
1284 3699 1350 3752 Δί
1384 3698 1596 3770 ῥανίδες
1647 3698 1724 3751 τῶ

1880 3710 2188 3757 ιιτεεοηιοηι
2225 3701 2493 3756 exhibent
2516 3703 2630 3755 Deo
2664 3701 2997 3767 orationem,
3029 3716 3262 3771 eamque
3321 3717 3444 3772 gra-

163 3793 426 3862 δακρύων
455 3792 532 3856 ὡς
573 3792 699 3861 μέλι
727 3791 999 3860 γλυκάζον
1046 3792 1187 3845 είσὶν
1212 3794 1271 3845 ὲν
1315 3794 1382 3862 τῇ
1413 3791 1632 3863 καρδίᾳ,
1663 3808 1727 3846 κα

1878 3795 2059 3851 iosam
2135 3795 2379 3849 reddunt
2439 3804 2496 3849 et
2567 3795 2987 3864 acceptabilem.
3056 3785 3257 3851 Petrus
3326 3794 3442 3865 ipse

166 3884 430 3955 Θυμίαμα
462 3884 661 3948 εὐῶδες
691 3886 842 3955 παρὰ
860 3885 939 3955 τῷ
967 3884 1107 3956 θεῷ.
1130 3883 1251 3956 Χρὴ
1279 3884 1395 3949 οὖν,
1423 3885 1530 3956 πρὸ
1559 3884 1730 3938 παντὺ

1879 3887 2221 3943 imarulentis
2248 3887 2507 3958 lacrymis
2529 3902 2637 3942 una
2675 3887 2810 3941 hora
2850 3887 3212 3956 profusisnon
3245 3903 3443 3957 pecca-

165 3977 502 4046 αίτήματος,
551 3975 892 4047 κατόρθωσιν
940 3975 1244 4047 κεχρῆσθαι
1298 3979 1411 4039 τοῖς
1472 3976 1729 4047 δάκρυσιν

1880 3996 1975 4034 ,ιιιη
2001 3980 2165 4034 modo
2190 3978 2578 4050 abnegationis
2620 3979 2930 4050 promeruit
2981 3968 3089 4033 sibi
3124 3979 3444 4040 condonari.

167 4069 330 4123 Ιιάνυ
378 4068 486 4141 γὰρ
513 4068 689 4139 χαίρει
716 4069 746 4121 ό
789 4069 1067 4139 Δεσπότης
1090 4072 1122 4140 ἡ
1133 4070 1249 4139 μῶν
1271 4069 1556 4140 δεχόμενος
1591 4086 1731 4142 προσ

1882 4072 1958 4126 ιεά
1988 4080 2046 4127 et
2075 4071 2131 4126 in
2155 4087 2345 4126 earum
2372 4071 2608 4141 gratiam
2638 4070 2716 4124 illi
2736 4069 3074 4125 concreditae
3107 4078 3237 4125 sunt
3266 4071 3446 4127 claves

166 4162 345 4230 ευχὴν
374 4161 431 4213 ἐν
455 4160 719 4230 δάκρυσιν
751 4160 890 4231 μετά
922 4146 1193 4231 ταπεινῆς·
1214 4162 1462 4232 καρδίας,
1496 4162 1730 4233 μηδαμῶ

1884 4163 2016 4234 egni
2058 4162 2410 4218 emlorum".
2448 4161 2699 4217 Ezechize
2726 4160 2839 4232 regi
2868 4161 3096 4227 eximio,
3139 4161 3287 4231 quod
3331 4170 3448 4215 tan-

166 4252 572 4322 ὲπαιρομένης,
592 4250 668 4315 ὡς
699 4251 838 4322 ὑπὲρ
865 4252 991 4315 τοὺς
1016 4252 1249 4316 πολλοὺς
1274 4253 1443 4308 όντων
1466 4254 1649 4324 ἡμῶν,
1673 4255 1730 4311 iw

1886 4257 2040 4311 illum
2072 4254 2310 4309 fudisset
2345 4250 2740 4325 lacrymarum,
2781 4261 3146 4308 accreverunt
3182 4250 3249 4307 ad
3299 4252 3447 4307 illius

172 4346 257 4415 μὴ
288 4345 379 4397 ἐπὶ
401 4345 586 4396 πλεῖον
619 4344 1046 4415 παροργίσωμεν
1070 4344 1161 4398 τὸν
1178 4345 1447 4399 δεδωκότα
1466 4346 1561 4418 τὴν
1580 4348 1736 4421 χάριν

1881 4348 2034 4404 vitam
2055 4347 2192 4401 anni
2233 4346 2480 4416 quinque
2506 4354 2562 4401 et
2586 4346 2867 4401 decem“.
2891 4345 3212 4413 ﬂorulentze
3257 4361 3445 4416 asper-

170 4437 375 4493 Πολλοί
397 4438 504 4508 γὰρ
532 4436 859 4507 δακρύοντες
888 4436 1029 4509 ὑπὲρ
1062 4437 1369 4509 ἁμαρτιῶν,
1406 4440 1731 4495 ὲπιλανθανό

1926 4458 2021 4497 nes
2046 4441 2411 4511 lacrymarum
2449 4451 2512 4494 ut
2537 4439 2734 4495 dulcor
2767 4439 2949 4495 mellis
2966 4450 3098 4495 sunt
3131 4440 3312 4504 cordi,
3355 4451 3449 4494 aut
3488 4436 3490 4439 ’

174 4547 341 4603 μενοι
368 4528 466 4581 τοῦ
502 4528 710 4583 σκοποῦ
769 4528 878 4583 τῶν
908 4529 1181 4599 δακρύων,
1234 4530 1494 4602 μανέντες
1532 4532 1738 4598 ἐξεπλάι

1884 4550 2033 4591 ιιιιιγο
2060 4534 2311 4605 fragrans
2338 4534 2635 4606 thymiama
2662 4532 2807 4602 apud
2844 4533 3035 4586 Deum.
3066 4530 3448 4587 Omnimodam

169 4641 382 4695 γησαν.
428 4623 643 4691 Ἐἀν,δέ
688 4641 774 4687 τις
796 4623 1009 4677 τελείαν
1034 4624 1328 4692 κατάνυξιν
1356 4626 1638 4697 κέκτηται,
1676 4631 1732 4683 αἰ

1888 4631 2037 4701 gitur
2061 4638 2191 4683 ante
2208 4627 2530 4699 petitionem
2556 4642 2782 4682 necesse
2803 4626 2875 4679 sit
2897 4624 3261 4696 lacrymarum
3281 4622 3452 4677 utaris

171 4720 443 4773 σθάνεται
468 4717 661 4772 ἑαυτὸν
695 4718 847 4790 παρά
901 4716 995 4771 τοῦ
1046 4718 1213 4787 ἄρτου
1236 4718 1338 4789 τῆς
1360 4719 1525 4791 ζωῆς,
1557 4720 1734 4791 τροφὴ

1887 4721 2148 4783 πωςὶᾱίο,
2185 4721 2251 4775 ad
2292 4720 2421 4774 vita:
2464 4718 2825 4774 obtinendam
2865 4718 3291 4773 correctionem.
3331 4716 3451 4786 Ipse

167 4810 471 4881 δεχόμενον
510 4809 926 4880 πνευματικὴν,
970 4808 1180 4879 τροφὴν
1215 4808 1309 4863 τοῦ
1341 4811 1645 4883 κρείττονος
1671 4812 1731 4881 φά

1887 4813 2018 4867 anim
2080 4810 2353 4866 Dominus
2398 4818 2593 4863 noster
2648 4822 3001 4877 summopere
3069 4806 3271 4878 gaudet
3321 4805 3451 4860 dum

174 4902 307 4964 ϐου,
340 4899 545 4970 τροφὴν
574 4899 741 4953 πόθου
775 4900 1117 4972 ἐπουρανίου,
1163 4902 1258 4953 καὶ
1289 4902 1593 4973 στεναγμοῦ
1623 4921 1733 4977 παρ

1887 4903 2181 4957 irationem
2200 4900 2406 4971 excipit
2437 4915 2600 4969 qnam
2642 4900 2895 4970 lacrymaa
2955 4898 3293 4977 comitantur
3326 4912 3451 4952 cum

171 4986 417 5059 ηγορίας
444 4986 537 5040 καὶ
569 4987 933 5054 κατανύξεως,
966 4990 1058 5042 καὶ
1080 4989 1368 5061 μελῳδίας,
1399 4992 1491 5045 καὶ
1512 4992 1735 5060 γνώσεω

1888 4995 2068 5049 ιιιιιιίιί
2106 4994 2296 5059 corde,
2326 4994 2540 5063 1200
2568 5008 2672 5047 nec
2701 4991 2814 5047 ullo
2860 4999 3023 5061 pacto
3072 5006 3131 5046 se
3185 4989 3452 5045 ell‘erente

177 5082 513 5155 βαθυτέρας,
550 5083 646 5137 καὶ
675 5083 834 5137 θείων
857 5083 1019 5137 τινῶν
1055 5086 1391 5157 μυστηρίων.
1438 5087 1502 5141 Ἠ
1530 5088 1740 5143 κατάνυ

1887 5086 2029 5156 ιιιαεί
2065 5095 2269 5155 ρταξιοι·
2296 5086 2500 5139 multos
2527 5083 2622 5154 qui
2663 5084 2810 5137 inter
2834 5097 2939 5136 nos
2973 5091 3140 5137 sunt:
3190 5097 3254 5137 ea
3306 5080 3451 5136 enim

179 5174 274 5239 ξις
306 5171 647 5241 δακρυώδους
676 5173 829 5236 τινὰς
857 5176 950 5226 καί
964 5174 1160 5244 ἠπίους
1187 5174 1398 5239 ἐννοίας
1419 5176 1519 5247 τὴν
1542 5176 1743 5246 καρδία

1888 5176 2043 5231 mimi
2070 5175 2313 5246 exigitur
2334 5173 2628 5238 modestia,
2649 5180 2711 5226 ut
2742 5188 2813 5227 ne
2844 5179 2996 5225 tanto
3022 5170 3262 5240 amplius
3286 5169 3452 5240 largi-

180 5264 603 5336 παρασκευάζει
638 5266 823 5338 φέρειν
852 5282 866 5296 ·
904 5265 1026 5319 ὅθεν
1092 5267 1262 5331 ὅντως
1305 5266 1453 5321 ἐστιν
1520 5268 1647 5321 ίδεῖν
1705 5286 1744 5323 τε

1888 5282 2050 5325 Lorem
2090 5267 2254 5323 istius
2276 5267 2465 5338 gratiae
2488 5264 2904 5321 exacerbemus.
2925 5262 3066 5318 Sunt
3101 5262 3248 5317 enim
3286 5261 3452 5331 pleri-

179 5356 489 5426 σπέρματα
539 5357 638 5427 τῆς
697 5356 864 5427 εὐχῆς
919 5356 1057 5427 μετά
1100 5356 1350 5429 δακρύων
1380 5359 1438 5412 ὲν
1470 5362 1537 5431 τῇ
1570 5362 1638 5430 γῇ
1668 5363 1733 5431 τῆ

1886 5376 1984 5431 que
2022 5375 2123 5429 pro
2154 5358 2396 5429 peccatis
2423 5358 2850 5429 illacrymantes,
2890 5372 3030 5425 quos
3046 5352 3251 5424 alioqui
3294 5351 3450 5421 fugit.

180 5448 423 5519 καρδίας
462 5449 858 5521 ὲνσπειρόμενα
908 5449 998 5502 διὰ
1040 5452 1138 5521 τὴν
1188 5450 1378 5505 ἐλπίδα
1407 5451 1507 5523 τῆς
1540 5452 1632 5505 τοῦ
1681 5454 1739 5506 θε

1888 5452 1973 5523 qui
2024 5451 2098 5507 sit
2150 5466 2352 5521 scopus
2407 5451 2799 5519 lacrymarum.
2862 5447 2929 5503 lli
2967 5446 3182 5501 insania
3238 5442 3452 5514 perciti,

186 5541 394 5613 ρισμοῦ
424 5544 619 5613 χαρᾶς.
662 5542 726 5595 Ἥ
772 5542 911 5612 μετά
936 5542 1285 5608 κατανύξεως
1336 5544 1430 5597 καὶ
1467 5550 1750 5619 προσευχηη

1894 5545 2101 5599 lemum
2128 5551 2314 5598 mente
2366 5541 2533 5597 etiam
2582 5540 2715 5597 moti
2760 5549 2909 5594 sunt.
2967 5538 3024 5593 Si
3074 5536 3200 5606 quis
3230 5532 3458 5604 proinde

188 5631 419 5704 μελέτη,
450 5633 623 5687 τίκτει
658 5633 748 5686 τὸν
769 5631 867 5686 τοῦ
894 5632 1029 5685 Θεοῦ
1048 5633 1211 5701 φόϐον
1238 5636 1296 5687 ἐν
1320 5636 1470 5705 ἡμῖν.
1502 5638 1578 5705 ψη
1590 5638 1639 5688 τὶ
1670 5638 1752 5707 γὰε

1894 5638 2178 5705 )erfectus,
2231 5644 2523 5690 assecutus
2568 5642 2653 5688 est
2697 5629 3182 5701 compunetionem
3218 5668 3233 5692 ,
3295 5640 3458 5681 sensu

192 5858 224 5911 1
268 5786 316 5817 ⁸⁸
342 5788 482 5842 Psal.
512 5805 654 5856 xux,
689 5792 743 5845 3.
820 5790 861 5820 ⁸⁷
900 5789 1087 5844 Matth.
1117 5806 1241 5858 xxv,
1270 5792 1357 5847 ιιι.
1438 5794 1602 5848 ⁸⁸Ιεει.
1635 5810 1751 5849 va:

266 5872 381 5911 seu.

1899 5813 1913 5861 ;
1949 5796 2119 5850 Mare.
2148 5812 2219 5857 ix,
2243 5795 2331 5849 43.
2410 5794 2453 5825 ⁸³
2486 5792 2677 5848 Matth.
2713 5806 2825 5857 ενι,
2866 5788 2950 5843 19.
3027 5787 3075 5817 ⁸⁰
3098 5784 3201 5841 lsa.
3234 5799 3460 5848 xxxvnt,

266 5872 381 5928 seq.
