3960 6522
548 390 685 458 1763
1813 395 2112 459 ANTIOC]

2222 395 2569 457 MONACIII
3677 402 3783 466 1704

547 512 666 581 ipso
687 512 1026 583 experietur,
1048 526 1107 566 se
1129 526 1159 564 a
1188 524 1329 580 pane
1367 507 1493 565 vitae
1518 507 1838 564 alimoniam
1873 509 2111 579 accipere

2227 503 2256 556 6
2291 504 2476 574 νόμος,
2512 523 2530 555 ι
2566 502 2894 575 Καθὴμενος
2927 505 2986 575 ὲν
3018 504 3175 576 οἴκῳ,
3205 507 3306 560 καὶ
3352 507 3715 578 πορευόμενος
3740 516 3786 565 ἐν

544 606 922 679 spiritualem:
965 602 1284 660 alimoniam
1328 600 1473 666 dico,
1522 601 1927 672 praestantioris
1977 602 2108 658 illius

2228 593 2353 664 ὁδῷ,
2386 594 2481 649 καὶ
2516 592 2905 666 κοιταζόμενος
2956 596 3052 650 καὶ
3106 597 3513 669 ἀνιστάμενος
3544 600 3653 670 ήτω
3678 604 3786 655 eas-

545 700 768 771 (nempe
799 694 1005 766 ﬁlialis)
1049 694 1287 759 timoris,
1315 691 1633 747 alimoniam
1659 691 1923 747 desiderii
1954 695 2109 750 coale-

2225 686 2394 741 λευτα
2423 685 2527 758 πρὸ
2550 686 2849 759 ὀφθαλμῶν
2878 705 2971 741 σου
2997 728 3012 754 ,
3060 688 3147 743 τνα
3179 690 3363 761 μάθῃς
3388 691 3675 761 φοϐεῖσθαι
3697 696 3788 748 KG-

545 788 665 855 stis,
697 789 1061 861 suspiriosum
1092 784 1613 857 gemituminternm
1646 785 2044 855 consolationis
2070 800 2109 841 ei

2227 794 2346 847 ριον
2399 778 2492 831 τὸν
2522 778 2658 832 Θεόν
2688 796 2806 834 σου.
2846 798 2865 833 ι
2924 780 3091 850 Λέγει
3121 782 3179 836 δὲ
3213 784 3309 836 καὶ
3361 785 3390 837 6
3428 784 3584 851 Ἰὼϐ,
3630 804 3651 838 ι
3688 788 3791 858 Ἀφ-

545 881 1010 953 compunctionis,
1032 878 1325 949 melleique
1354 894 1419 934 ac
1435 877 1621 933 suavis
1649 876 1851 933 cantici
1879 878 2109 934 scientia

2229 868 2406 922 ίκοιτό
2435 887 2540 940 μου
2580 872 2613 943 ἡ
2663 871 2849 943 δέησις
2882 873 3019 943 πρὸς
3049 873 3284 945 Κύριον,
3336 875 3528 929 ἔναντι
3555 877 3611 929 δὲ
3658 879 3792 934 atina)

543 974 925 1044 profundioris
946 982 1002 1027 et
1034 971 1349 1027 divinorum
1405 970 1770 1042 quorumdam
1829 970 2107 1043 mysterio-

2230 962 2414 1026 στάζον.
2464 980 2567 1033 μου
2610 965 2640 1017 6
2674 963 2975 1035 ὀφθαλμός.
3020 984 3040 1017 ι
3088 967 3200 1019 Kal
3243 968 3277 1038 ή
3316 968 3500 1023 Ἅννα
3535 970 3794 1040 ἠθύμειὲν

543 1081 690 1121 rum.
724 1064 1091 1135 Compunctio
1125 1064 1359 1117 adornat
1380 1077 1476 1116 cor
1504 1061 1884 1132 concipiendis
1921 1062 2107 1133 cogita.

2229 1054 2413 1129 Σιλὼμ
2442 1058 2536 1112 καὶ
2562 1058 2799 1115 ἔκλαιεν.
2869 1061 2980 1114 Kal
3038 1062 3389 1145 προσηύξατο
3418 1066 3568 1137 πρὸς
3603 1066 3793 1137 Κύριον,

546 1157 793 1213 tionibus
823 1172 946 1228 qua:
975 1156 1087 1211 sint
1120 1153 1522 1227 profundendis
1547 1155 1806 1227 lacrymis
1831 1154 2043 1211 idonea:
2068 1164 2110 1209 el

2230 1148 2483 1219 λέγουσα,
2518 1169 2537 1202 ι
2588 1151 2715 1206 Ἐὰν
2744 1151 3049 1225 ὲπιϐλέψῃς
3070 1153 3170 1207 ἰπὶ
3198 1154 3295 1227 τὴν
3325 1156 3666 1212 ταπείνωσίν
3697 1179 3794 1230 μω,

544 1263 811 1321 perquam
880 1264 1112 1313 suaves,
1169 1248 1319 1304 unde
1371 1248 1562 1303 videre
1636 1263 1865 1318 prorsus
1934 1247 2108 1313 liceat,

2230 1243 2319 1295 Kal
2348 1241 2454 1313 δῷς
2488 1259 2580 1313 μοι
2604 1242 2827 1315 σπέρμα
2854 1244 3070 1315 ἀνδρός.
3109 1263 3129 1296 ι
3167 1246 3279 1299 Kal
3302 1249 3637 1319 είσήκουσεν
3661 1252 3794 1321 αὐτῆς

543 1341 754 1397 semina
780 1339 1049 1396 orationis
1067 1356 1192 1395 eum
1216 1340 1730 1413 laerymisinspersa
1745 1355 1868 1395 esse
1896 1340 1955 1409 in
1973 1348 2107 1396 terra

2230 1333 2449 1404 Κύριος.
2484 1336 2594 1389 Kal
2631 1336 2908 1409 παρέσχεν
2939 1339 3077 1411 αὐτῇ
3102 1340 3194 1392 τὸν
3223 1344 3528 1414 προφήτην
3550 1345 3794 1419 Σαμουὴλ,

543 1433 727 1490 cordis
753 1432 929 1488 nostri
970 1444 1196 1503 prepter
1247 1448 1401 1503 spem
1432 1432 1675 1489 metendi
1724 1433 1855 1488 olim
1910 1433 2107 1505 gaudii.

2233 1427 2393 1497 Καὶή
2428 1426 2740 1499 άλληἈννα
2767 1430 2863 1483 τοῦ
2880 1432 3135 1503 Ἰωακεὶμ
3171 1432 3439 1489 κλαίουσα
3473 1439 3575 1491 καὶ
3604 1440 3797 1519 altatis:

542 1526 825 1584 Meditatio
856 1542 1021 1598 quam
1049 1526 1387 1581 comitantur
1417 1525 1775 1597 compunctio
1825 1535 1881 1581 et
1918 1527 2106 1582 oratio.

2232 1519 2281 1573 ιν
2304 1519 2383 1590 τῷ
2420 1521 2739 1595 παραδείσῳ
2758 1523 2930 1594 αὐτῆς
2959 1525 3089 1599 περὶ
3117 1527 3335 1593 τέκνου,
3372 1530 3683 1601 ἐκομίσατο
3720 1537 3796 1607 τὴν

542 1610 795 1691 ςίεηίίίη
828 1618 987 1675 nobis
1019 1612 1235 1674 castum
1260 1618 1358 1673 Dei
1390 1618 1683 1686 timorem;
1711 1620 1791 1675 ait
1819 1618 1969 1674 enim
1997 1620 2106 1675 lex:

2232 1609 2388 1679 ἂγίαν
2416 1612 2702 1685 Παρθένον
2749 1615 2991 1687 Μαρίαν,
3036 1616 3136 1690 τήν
3169 1621 3312 1676 κατὰ
3369 1625 3567 1695 σάρκα
3600 1627 3796 1699 Μητέρα

548 1731 569 1764 ι
616 1711 828 1767 Sedens
856 1710 910 1766 in
930 1712 1095 1767 domo
1126 1720 1239 1776 tua,
1267 1724 1323 1766 et
1349 1711 1639 1767 ambulans
1663 1713 1719 1767 iu
1751 1714 1861 1779 via,
1900 1722 1957 1769 et
1987 1714 2112 1770 dor-

2232 1702 2319 1757 τοῦ
2371 1705 2581 1777 Κυρίου
2628 1707 2723 1760 καὶ
2757 1708 2893 1762 Θεοῦ
2963 1710 3061 1764 καὶ
3105 1712 3363 1785 Σωτῆρος
3418 1716 3594 1786 ήμῶν
3653 1720 3796 1790 Ἰησοῦ

542 1804 803 1859 miensac
849 1805 1178 1876 surgens":
1235 1803 1341 1859 lixa
1378 1804 1491 1859 sint
1539 1813 1595 1860 et
1634 1804 1937 1861 immobilia
1987 1814 2106 1863 ante

2233 1797 2486 1870 Κριστοῦ.
2522 1796 2886 1867 ΚαὶόΔαυῒδ,
2922 1819 2942 1854 ι
2976 1802 3312 1859 Είσάκουσον
3347 1806 3454 1879 τῆς
3516 1812 3797 1881 προσευχῆς

540 1896 734 1953 oculos
784 1904 927 1962 tuos,
984 1905 1046 1952 ut
1098 1896 1281 1953 discas
1338 1897 1530 1953 timere
1586 1898 1880 1954 Dominum
1946 1899 2104 1955 Deum

2232 1908 2350 1963 μου,
2380 1891 2554 1965 Κύριε
2577 1933 2593 1959 ,
2632 1893 2725 1947 καὶ
2776 1895 2878 1966 τῆς
2924 1896 3163 1968 δεήσεώς
3211 1916 3313 1969 μου
3344 1915 3363 1930 ⁸
3398 1901 3664 1957 ἐνῶτισαι
3709 1904 3796 1957 τῶν

542 1999 699 2044 tuum
720 1990 787 2042 ".
832 2009 851 2042 ι
891 1989 1035 2045 Dicit
1068 1998 1253 2045 autem
1290 1998 1347 2045 et
1376 1990 1508 2045 Job:
1556 2008 1575 2042 ι
1602 1990 1893 2046 Perveniat
1920 1991 2106 2062 depre-

2227 1984 2475 2058 δακρύων
2507 2004 2631 2058 μου,
2666 1988 2742 2058 μὴ
2772 1992 3237 2063 παρασιωπήσῃ.»
3276 1995 3385 2048 Καὶ
3411 1998 3791 2060 είσακουσθεξ,

540 2080 687 2137 catio
738 2096 858 2136 mea
889 2082 957 2136 ad
1002 2082 1545 2153 Dominum,.coram
1596 2091 1780 2139 autem
1836 2100 1903 2139 eo
1950 2086 2104 2141 stillel

2228 2080 2420 2149 φησὶν,
2460 2097 2479 2131 ι
2529 2078 2811 2151 Ἐλεήμων
2861 2081 2890 2134 ὀ
2929 2081 3134 2153 Κύριος
3183 2086 3279 2139 καὶ
3306 2086 3556 2154 δίκαιος,
3582 2090 3663 2142 ὅτι
3689 2091 3792 2143 ἐτι-

540 2171 739 2226 oculus
779 2173 1018 2227 meus".
1068 2190 1087 2224 ι
1148 2172 1305 2227 Anna
1372 2172 1600 2242 insuper
1649 2183 2004 2231 consternata
2063 2176 2104 2230 ir

2226 2168 2496 2239 πεινώθην
2523 2172 2619 2223 καὶ
2646 2169 2852 2225 Εσωσέν
2878 2188 2967 2241 με.
2998 2191 3018 2225 ι
3056 2174 3185 2239 Kal,
3218 2193 3238 2227 ι
3281 2176 3568 2241 Ἑξείλετο
3592 2181 3686 2251 τὴν
3705 2181 3790 2249 glo-

540 2263 750 2330 Seloin,
796 2262 1067 2334 ﬂensque,
1120 2264 1429 2319 orationem
1466 2264 1663 2320 eﬂudit
1692 2266 1760 2321 ad
1799 2267 2104 2333 Dominum1

2224 2261 2322 2330 χήν
2356 2276 2457 2329 μου
2499 2262 2565 2314 ἐκ
2606 2259 2844 2315 θανάτου
2864 2276 2880 2294 ο
2907 2264 3033 2328 τοὺς
3067 2264 3391 2337 ὀφθαλμούς
3438 2286 3553 2338 μου
3583 2270 3686 2324 ἀπὸ
3711 2272 3788 2325 δι-

540 2357 762 2413 dicens:
804 2375 822 2409 ι
851 2356 909 2412 Si
940 2357 1249 2427 respiciens
1279 2358 1594 2427 respexeris
1631 2359 1698 2413 ad
1748 2360 2104 2415 humilitatem

2224 2351 2426 2423 κρύων,
2454 2352 2547 2406 καὶ
2593 2352 2723 2416 τοὺς
2767 2354 2936 2419 πόδας
2970 2372 3073 2426 μου
3124 2357 3236 2411 ἀπὸ
3264 2358 3663 2432 ὀλισθήματος.
3698 2382 3788 2415 ι-

539 2465 744 2515 meam,
771 2456 830 2504 et
859 2447 1085 2504 dederis
1134 2449 1272 2504 mihi
1333 2465 1523 2505 semen
1553 2450 1755 2505 viri“:
1798 2470 1817 2505 ι
1868 2460 1925 2508 et
1976 2452 2103 2509 ham

2226 2460 2245 2495 ι
2278 2442 2342 2495 Ol
2372 2442 2480 2514 γὰρ
2508 2443 2825 2514 σπείροντες
2860 2448 2918 2499 ὲν
2946 2445 3232 2518 δάκρυσιν,
3283 2452 3345 2503 ὲν
3367 2452 3694 2520 ἀγαλλιάσει
3722 2454 3790 2506 θε-

540 2541 809 2596 Dominus
829 2540 1134 2607 exaudivit,
1159 2540 1422 2611 deditque
1442 2542 1767 2614 prophetam
1781 2543 2104 2603 Samuelem.

2223 2534 2418 2607 ριοῦσι.
2451 2553 2469 2587 ι
2501 2536 2727 2600 Λοιπὸν,
2768 2555 2787 2588 ι
2828 2537 3311 2610 Εὑαρεστήσωμεν
3369 2544 3458 2613 τῷ
3514 2545 3703 2614 Κυρίῳ
3744 2549 3787 2598 ὲν

540 2631 728 2688 Altera
764 2632 922 2687 item
956 2635 1113 2688 Anna
1146 2633 1416 2689 Joachimi
1453 2650 1612 2700 uxor,
1673 2634 1812 2690 ﬂens
1863 2635 1920 2690 in
1956 2636 2104 2691 hortc

2223 2624 2375 2697 χώρᾳ
2406 2626 2677 2692 ζώντων.»
2712 2629 2819 2683 Kal
2838 2629 2921 2695 τὸ,
2957 2631 3355 2703 (Πορευόμενοι
3385 2634 3445 2688 δὲ
3470 2637 3787 2707 saepem,

540 2741 801 2791 suo,cum
823 2725 1147 2796 petitionem
1167 2742 1320 2781 suam
1347 2726 1751 2797 obtulissetpro
1770 2727 2104 2797 impetrandr

2223 2718 2314 2770 καὶ
2351 2718 2586 2785 ἔκλαιον,
2621 2738 2641 2771 ι
2705 2722 2781 2785 ὡς
2824 2717 2996 2792 οἶμαι,
3052 2725 3135 2777 ὅτι
3190 2727 3324 2797 περὶ
3382 2728 3486 2797 τῆς
3541 2730 3787 2800 ἡμετέρας

542 2817 674 2881 ﬁlio,
700 2817 1006 2887 promeruit
1033 2817 1285 2886 accipere
1300 2828 1543 2872 sanctam
1567 2818 1845 2889 Virginem
1867 2819 2106 2884 Mariam,

2224 2812 2601 2883 αἰχμαλωσίας
2668 2815 2891 2884 φάσκει.
2941 2815 3023 2871 Τὰ
3071 2817 3202 2889 γάρ
3233 2824 3676 2892 προγραφέντα,
3727 2828 3788 2884 εἰς

540 2910 759 2965 Domini
792 2925 856 2965 ac
886 2910 983 2966 Dei
1027 2918 1085 2965 et
1125 2910 1433 2966 Salvatoris
1499 2912 1673 2967 nostri
1721 2912 1850 2967 Jesu
1910 2912 2104 2968 Christ}

2225 2905 2369 2974 ἡμᾶς
2398 2908 2755 2979 κατήντησεν.
2792 2908 2901 2962 Kal
2926 2910 3086 2979 ἡμεῖς
3143 2907 3237 2965 οὖν
3289 2914 3612 2985 ὀφείλομεν,
3674 2917 3789 2986 ὑπὲρ

540 3002 845 3059 secundum
869 3018 1115 3065 carnem,
1154 3002 1403 3057 Matrem.
1436 3003 1609 3058 David
1646 3003 1763 3074 ipse
1793 3022 1806 3059 :
1848 3022 1866 3055 ι
1906 3003 2095 3059 Exaud

2225 2996 2432 3049 ἑαυτῶν
2456 2996 2729 3052 κάκείνων
2758 3001 2972 3071 πικρῶς
3018 3002 3301 3074 δακρύειν.
3332 3007 3571 3076 Πρῶτον
3612 3009 3789 3078 μὲνδιὰ

542 3097 851 3150 orationem
870 3110 1070 3159 meam,
1094 3094 1345 3160 Domine,
1362 3102 1417 3148 et
1440 3094 1883 3166 deprecationem
1909 3113 2106 3153 meam:

2224 3087 2312 3141 τὸν
2338 3090 2666 3162 ἐμπρησμὸν
2695 3092 2793 3162 τῆς
2841 3095 3006 3162 ἁγίας
3043 3096 3253 3161 πόλεως
3303 3100 3686 3172 Ἰερουσαλὴμ,
3713 3106 3788 3157 καὶ

543 3186 775 3240 auribus
804 3185 1031 3255 percipe
1083 3185 1353 3256 lacrymas
1394 3200 1572 3240 meas:
1625 3201 1696 3241 ne
1744 3185 2050 3241 silueris".
2091 3204 2107 3237 ι

544 3277 611 3296 η.
657 3276 941 3296 unde.“
979 3276 1049 3296 Δρ.
1078 3291 1091 3296 ,
1134 3275 1490 3296 -..ευμεῌῌ
1540 3276 1802 3296 ..-ωε-η-
1847 3286 1886 3296 μ.

2225 3180 2320 3250 τὴν
2349 3181 2442 3234 τοῦ
2466 3182 2625 3252 ἁγίου
2644 3185 2878 3257 σταυροῦ
2906 3186 3141 3273 Χριστοῦ
3165 3190 3260 3243 τοῦ
3292 3190 3437 3245 Θεοῦ
3467 3193 3627 3263 ἡμῶν
3650 3198 3789 3264 μετὰ·

543 3277 615 3333 Ει
647 3276 944 3333 exauditus
976 3276 1092 3330 ait:
1127 3293 1145 3328 ι
1179 3275 1493 3331 Misericors
1540 3276 1808 3331 Dominus
1837 3278 2107 3349 etjustus,

2224 3289 2414 3327 στασιν
2480 3276 2538 3327 ἐν
2580 3277 2823 3349 Περσίδι,
2878 3281 2974 3333 καὶ
3006 3279 3093 3333 διά
3126 3282 3255 3346 τοὺς
3285 3283 3344 3335 ὲν
3397 3285 3682 3348 τοσούτοις
3709 3303 3786 3339 πο-

542 3372 671 3440 quia
691 3367 1015 3424 humiliatus
1036 3383 1179 3433 sum,
1201 3376 1258 3422 et
1288 3368 1517 3424 salvavit
1557 3385 1645 3424 me
1662 3370 1729 3423 ".
1766 3389 1785 3423 ι
1815 3370 1904 3435 Et,
1950 3389 1968 3422 ι
1993 3371 2106 3426 Eri-

2222 3363 2405 3435 λέμοις
2430 3365 2859 3439 ἀπολλυμένους,
2886 3372 2969 3425 ὃτι
2999 3372 3281 3445 σύσσωμοι
3305 3376 3474 3447 ήμῶν
3526 3380 3685 3441 είσιν,
3714 3380 3786 3431 καὶ

538 3461 919 3533 puitanimam
949 3475 1128 3515 meam
1153 3460 1220 3516 de
1251 3470 1451 3528 morte,
1475 3463 1667 3519 oculos
1695 3479 1851 3519 meos
1882 3479 1911 3517 a
1942 3465 2102 3535 lacry-

2223 3458 2526 3529 ὀμόπιστοι.
2568 3462 2823 3529 Καθὼςό
2870 3467 3157 3538 προφήτης
3205 3468 3370 3539 Ἰωήλ
3628 3489 3648 3523 ι
3676 3471 3787 3524 Πει-

542 3553 673 3617 mis,
696 3552 865 3624 pedes
892 3567 1045 3608 meos
1067 3567 1097 3607 a
1125 3552 1283 3623 lapsu
1302 3552 1401 3607 "J
1435 3553 1524 3620 Et,
1558 3571 1577 3605 ι
1612 3553 1718 3621 Qui
1750 3555 2029 3610 seminant
2059 3554 2106 3608 in

2222 3550 2381 3617 θεῖτε,
2414 3552 2610 3622 λέγων,
2637 3557 2686 3609 οἱ
2720 3558 2887 3628 ἱερεῖς
2939 3560 2990 3612 οἱ
3014 3559 3466 3632 λειτουργοῦντες
3626 3566 3786 3617 θυσια-

540 3645 799 3718 laerymis
849 3645 906 3700 in
960 3645 1332 3701 exsultatione
1378 3648 1673 3702 metent“.
1716 3666 1736 3701 ι
1798 3648 2008 3703 Deinde
2061 3657 2104 3702 el

2218 3645 2445 3717 στηρίῳ.
2490 3646 2574 3700 ὅτι
2596 3647 3082 3721 τεταλαιπὼρηκεν
3120 3654 3321 3723 πᾶσαή
3355 3655 3438 3726 γῆ
3461 3670 3478 3685 ⁸
3512 3656 3781 3717 κλαύσατε,

540 3739 714 3795 illud:
747 3759 767 3792 ι
807 3739 1044 3795 Plaeebo
1082 3740 1317 3795 Domino
1351 3741 1409 3796 in
1459 3741 1688 3813 regione
1715 3742 1970 3797 vivorum
1988 3744 2055 3796 ⁸⁹.
2090 3761 2104 3796 ι

2219 3736 2265 3789 οί
2290 3739 2457 3809 ίερεϊς
2500 3740 2550 3791 οί
2583 3738 3027 3810 λειτουργοῦντες
3071 3742 3148 3813 τῷ
3195 3744 3413 3815 Κυρίῳ,
3469 3750 3571 3801 καὶ
3612 3750 3783 3819 ἐρεῖτε,

539 3830 679 3885 illud
712 3831 878 3885 item:
920 3849 939 3883 ι
981 3830 1189 3886 Euntes
1221 3830 1374 3886 ibant
1400 3841 1456 3888 et
1494 3831 1698 3888 ﬂebant
1714 3834 1780 3887 ‘°.
1812 3852 1830 3885 ›
1868 3834 1938 3891 Ut
1959 3842 2103 3904 puto,

2220 3832 2427 3898 Φεῖσαι,
2451 3832 2647 3904 Κύριε,
2673 3833 2766 3887 τοῦ
2790 3835 2920 3888 λαοῦ
2951 3852 3067 3903 σου,
3086 3838 3274 3909 καὶμὴ
3302 3838 3396 3902 δὸς
3420 3841 3528 3912 τὴν
3556 3841 3784 3911 κληρονο-

540 3922 658 3978 haec
693 3921 762 3978 de
798 3929 991 3977 nostra
1018 3922 1336 3993 captivitate
1364 3922 1609 3979 reddidit
1631 3925 1876 3991 oracula,
1913 3924 1959 3978 si
1993 3926 2104 3995 qui-

2220 3920 2349 3993 μίαν
2381 3940 2475 3976 σου
2501 3926 2581 3987 είς
2606 3924 2823 3991 ὄνειδος,
2847 3925 2940 3980 τοῦ
2967 3928 3233 4000 κατάρξαι
3264 3931 3441 4003 αὐτὴν
3469 3932 3630 4003 ἔθνη·
3661 3935 3784 3993 ὅπως

538 4013 664 4069 dem
696 4013 1015 4084 prmscripta
1051 4013 1169 4068 haec
1222 4013 1279 4067 in
1308 4029 1411 4069 nos
1458 4014 1819 4069 incurrerunt
1842 4015 1941 4087 (1).
1978 4015 2102 4070 ‘Nos

2219 4014 2293 4085 μὴ
2320 4016 2566 4082 είπωσιν,
2629 4017 2732 4071 ποῦ
2774 4019 2925 4073 ἔστιν
2959 4021 2988 4074 6
3020 4021 3152 4085 Θεὸς
3192 4024 3409 4091 αὐτῶν;
3451 4045 3472 4077 ι
3535 4027 3627 4079 ἐν
3674 4028 3783 4097 ἡμῖν

539 4102 726 4174 igitur,
762 4119 861 4173 pro
892 4102 1055 4158 nobis
1085 4100 1218 4173 ipsis
1237 4110 1401 4173 atque
1424 4103 1534 4160 illis
1556 4103 1823 4159 debemus
1845 4105 2103 4177 Iaeryma:

2216 4107 2323 4177 γάρ
2350 4106 2498 4161 ἐστιν
2530 4107 2625 4161 τοῦ
2652 4110 2975 4182 δυσωπῆσαι
3003 4113 3093 4166 τὸν
3138 4115 3533 4186 άμνησίκακον
3583 4118 3780 4189 Κύριον,

537 4194 879 4266 profundere
909 4194 1300 4250 amaritudinis
1327 4196 1540 4266 plenas.
1590 4196 1834 4253 Primum
1863 4197 2101 4267 quidem,

2216 4197 2398 4263 καθὼς
2428 4202 2523 4253 καὶ
2555 4202 2584 4254 ὀ
2630 4205 2919 4275 προφήτης
2968 4204 3231 4274 Σοφονίας
3284 4208 3563 4275 διδάσκει,
3613 4211 3780 4279 λέγων,

536 4287 685 4357 quod
714 4287 908 4342 civitas
932 4297 1118 4342 sancta
1141 4287 1444 4343 Jerusalem
1464 4289 1720 4345 incendio
1742 4289 2100 4361 conﬂagrarit,

2220 4307 2240 4340 ι
2264 4288 2586 4361 Παρέθηκέν
2629 4308 2713 4345 σοι
2750 4292 2885 4365 πῦρ,
2916 4296 3011 4349 καὶ
3042 4295 3206 4369 ὕδωρ,
3247 4291 3331 4366 οὗ,
3360 4300 3465 4353 ἐὰν
3488 4302 3667 4374 θέλῃς,
3706 4303 3783 4355 ἐι-

535 4394 671 4434 crux
700 4393 920 4449 quoque
954 4390 1142 4434 sancta
1164 4379 1369 4434 Christi
1396 4381 1489 4436 Dei
1517 4382 1693 4436 nostri
1728 4382 1783 4436 in
1830 4383 2099 4439 Persidem

2218 4381 2390 4435 τεινόν
2426 4398 2519 4435 σου
2552 4383 2651 4454 τὴν
2681 4388 2873 4457 χεῖρα·
2922 4388 3165 4442 ἐναντίον
3207 4390 3508 4461 ἀνθρώπου
3543 4395 3653 4465 ζωὴ
3705 4395 3782 4446 nl

538 4470 1157 4545 transmigravit(2):in
1181 4488 1376 4527 eorum
1412 4473 1546 4529 item
1604 4474 1833 4545 gratiam
1883 4476 1978 4545 qui
2033 4484 2102 4531 tol

2217 4471 2464 4538 θάνατος.
2496 4477 2603 4530 Kal
2634 4472 2696 4532 οὗ
2731 4479 2828 4532 ἐὰν
2851 4480 3153 4554 εὐδοκήσει,
3184 4483 3478 4555 δοθήσεται
3506 4489 3673 4559 αὐτῷ.
3696 4488 3781 4540 Τὸν

534 4564 700 4619 accisi
734 4564 893 4619 bellis
915 4564 1228 4635 perierunt:
1258 4565 1419 4621 nobis
1442 4567 1591 4620 enim
1623 4576 1783 4622 erant
1808 4582 2098 4637 concorpo-

2216 4566 2323 4639 γὰρ
2370 4568 2754 4641 ἁμαρτάνοντα
2810 4575 2889 4638 είς
2941 4574 3041 4645 τὴν
3096 4575 3277 4648 ψυχὴν
3311 4579 3521 4649 αὐτοῦέ,
3578 4584 3661 4643 τίς
3717 4581 3780 4634 ὀι-

533 4671 641 4722 res,
680 4664 737 4711 et
769 4657 961 4712 eadem
1015 4657 1309 4713 nobiseum
1367 4657 1806 4729 insigniebantur
1851 4660 1976 4715 nde.
2024 4660 2097 4715 Ad

2211 4659 2454 4727 καιιῦσει,
2501 4680 2520 4714 ι
2557 4663 2605 4715 εί
2656 4664 2731 4735 μὴ
2760 4664 2926 4729 ζεστά
2954 4667 3165 4740 δάκρυα
3216 4672 3355 4739 μετὰ
3413 4675 3775 4738 κατανύξεως

532 4762 696 4817 quem
720 4747 944 4802 modum
967 4747 1083 4803 Joel
1110 4749 1380 4819 propheta
1401 4749 1629 4804 clamat:
1661 4750 1868 4819 1201
1898 4768 1916 4801 ι
1945 4751 2096 4804 Plan-

2212 4751 2351 4823 Διψᾷ
2394 4752 2502 4825 γὰρ
2532 4754 2619 4807 ἀεὶ
2643 4755 2742 4827 τήν
2772 4758 3045 4829 σωτηρίαν
3072 4761 3230 4831 ήμῶν
3274 4762 3305 4814 6
3348 4764 3564 4832 ἀγαθὸς
3596 4768 3683 4818 καὶ
3706 4764 3776 4815 εὖ-

532 4838 665 4909 gite,
694 4838 1012 4893 sacerdotes
1036 4840 1131 4909 qui
1162 4840 1493 4895 ministratis
1534 4842 1717 4907 altari,
1749 4842 1878 4911 quia
1903 4841 2096 4897 misert

2212 4843 2517 4916 σπλαγχνος
2548 4846 2824 4916 Δεσπότης
2849 4865 2865 4881 ο
2895 4848 3077 4915 καθὼς
3097 4854 3125 4904 6
3170 4853 3498 4919 Ἀπόστολος
3534 4858 3776 4925 μαρτυρεῖ

532 4930 730 4984 amicta
759 4940 844 4986 est
870 4931 1051 4987 omnis
1075 4940 1245 4986 terra.
1283 4932 1457 4998 Flete,
1483 4933 1802 4989 sacerdotes
1818 4935 1914 5005 qui
1944 4935 2096 4990 mini-

2209 4936 2406 5005 λέγων,
2444 4957 2463 4990 ι
2504 4939 2626 4993 Ὀτι
2652 4941 2858 5005 πάντας
2885 4942 3205 5014 ἀνθρώπους
3241 4945 3384 4999 θέλει
3415 4950 3677 5019 σωθῆναι,
3699 4950 3772 4999 καὶ

532 5022 719 5077 stratis
737 5024 990 5089 Domino,
1008 5016 1265 5091 etdicite,
1283 5026 1475 5091 Parce,
1490 5025 1744 5091 Domine,
1763 5028 1969 5098 populo
1991 5037 2096 5095 tuo,

2214 5031 2293 5092 είς
2320 5030 2616 5099 ἐπίγνωσιν
2646 5032 2906 5104 ἀληθείας
2940 5033 3140 5091 ἐλθεῖν.
3168 5055 3188 5089 ι
3253 5016 3580 5108 Γέγραπται
3613 5041 3667 5093 δὲ
3696 5042 3770 5092 καὶ

530 5121 586 5167 et
613 5128 681 5167 ne
704 5115 800 5169 des
832 5116 1211 5173 haereditatem
1244 5125 1393 5173 tuam
1423 5118 1475 5172 in
1512 5119 1898 5189 opprobrium,
1926 5121 2094 5176 utdo-

2214 5122 2273 5175 ὲν
2309 5122 2388 5194 τῷ
2416 5123 2557 5177 κατὰ
2581 5126 2799 5179 Δουκᾶν
2846 5128 3189 5201 Εὑαγγελίῳ,
3230 5149 3249 5181 ι
3290 5132 3400 5184 Καὶ
3436 5133 3552 5186 ίδοίδ
3584 5134 3707 5202 γυνὴ
3725 5134 3769 5183 ἐν

532 5205 814 5261 minentur
846 5208 967 5278 ejus
1000 5210 1279 5275 nationes,
1313 5218 1470 5265 utne
1494 5209 1705 5275 dicant,
1737 5211 1831 5266 ubi
1854 5220 1939 5266 est
1961 5212 2096 5268 Deu:

2214 5217 2281 5287 τῇ
2313 5216 2465 5270 πόλει
2493 5218 2614 5288 ήτις
2630 5214 2699 5290 ἦν
2716 5221 3058 5293 ἁμαρτωλὸς,
3085 5223 3179 5278 καὶ
3192 5224 3493 5292 ἐπιγνοῦσα
3522 5226 3605 5279 ὅτι
3635 5224 3772 5278 κατὰ-

528 5305 845 5359 eorum“‘h
865 5303 923 5358 lu
939 5312 1130 5358 nostra
1161 5304 1314 5359 enim
1365 5304 1536 5360 situm
1570 5313 1655 5360 est
1680 5312 1953 5375 potestate
1980 5320 2092 5362 exo

2217 5325 2396 5363 κειται
2422 5313 2449 5364 6
2473 5310 2680 5384 Κύριος
2733 5315 2793 5367 ὲν
2816 5317 2883 5385 τῇ
2916 5316 3065 5389 οίκίᾳ
3095 5317 3186 5371 τοῦ
3214 5318 3539 5389 Φαρισαίου,
3568 5319 3769 5391 κομίτι-

601 5454 644 5485 ⁸¹
670 5454 945 5540 Βςιιιηξιμι
1075 5527 1105 5540 Δ
1127 5458 1173 5489 ¹²
1199 5459 1359 5540 Deut.
1386 5476 1505 5540 μιν,
1545 5461 1672 5540 93.-⁵
1742 5461 1910 5540 ⁵ξιῐοὺ
1937 5478 2048 5540 qm,
2080 5462 2165 5518 21.

2197 5535 2249 5540 η
2272 5464 2319 5498 ⁸⁸
2393 5467 2525 5540 Reg.
2552 5486 2592 5533 ι,
2649 5470 2733 5524 Η.
2844 5471 2889 5504 ³⁸
2912 5471 3057 5530 Psal.
3095 5488 3341 5537 xxxvm,
3378 5477 3459 5531 15.
3569 5477 3616 5510 ⁸⁸
3643 5474 3761 5530 Psal.

529 5541 673 5592 cxn',
707 5527 763 5584 6.
835 5528 879 5559 ⁵⁷
909 5527 1045 5583 ibid.
1072 5527 1126 5583 8.
1202 5530 1247 5560 ⁸⁸
1278 5531 1420 5585 Psal.
1452 5548 1611 5597 ουν,
1639 5533 1694 5589 5.
1770 5533 1816 5563 ³⁸
1841 5533 1984 5588 Psal.
2019 5550 2093 5589 cx}

1952 5534 1984 5587 ι.
2019 5550 2163 5600 cnv,
2188 5535 2274 5591 19.
2352 5539 2397 5570 ⁸⁸
2419 5527 2749 5609 Ρὲίιίίεχιν,
2782 5541 2835 5598 6.
2916 5527 2959 5576 ⁸⁷³
2989 5543 3108 5602 Joel
3135 5527 3516 5614 ιξίδξίιξνιῖ.

2086 5696 2318 5755 norm.
2422 5662 2429 5667 ’

627 5801 680 5879 1)
712 5802 829 5879 _S_ub
855 5802 1100 5879 Cosdroa
1145 5816 1378 5879 tyranno
1412 5809 1677 5865 Persidis.

625 5872 681 5939 2)
712 5871 1216 5948 Hierosolymitanie
1248 5880 1401 5935 urbis
1436 5880 1753 5935 incendium
1792 5881 1896 5936 sub
1927 5879 2195 5937 Cosdroa.
