4040 6542
229 377 357 442 I765

1030 374 1363 437 HOMILIA
1400 375 1611 439 CVIII.
1646 403 1715 416 -
1755 376 1854 437 DE
1893 374 2211 437 HONORE
2248 375 2693 437 PARENTUM.

3364 376 3501 443 1766

226 508 291 545 σα
317 489 661 560 ἀλάϐαστρον
694 487 891 561 μύρου,
950 489 1049 543 καὶ
1080 491 1258 543 στᾶσα
1289 491 1466 545 ὀπίσω
1511 490 1665 563 παρὰ
1692 490 1821 556 τοὺς
1848 525 1859 553 Α

1936 505 2047 544 rare
2080 499 2190 544 tam
2224 490 2555 557 clementem
2606 488 2922 555 Dominum,
2951 496 3010 545 et
3045 489 3138 559 qui
3177 489 3341 546 facile
3380 507 3500 545 ma-

222 581 386 644 πόδας
413 580 508 635 τοῦ
560 580 737 651 Ἰησοῦ
770 579 1054 644 κλαίουσα,
1084 580 1287 652 ἤρξατο
1312 582 1526 652 βρέχειν
1554 566 1679 645 τοὺς
1709 584 1810 635 πό-

222 673 313 738 δας
346 671 514 728 αὐτοῦ
543 675 655 736 τοῖς
689 671 956 743 δάκρυσιν
975 711 991 737 ,
1030 672 1124 725 καὶ
1152 675 1275 736 ταῖς
1304 672 1478 744 θριξὶν
1502 672 1602 742 τῆς
1638 688 1812 741 κεφα-

222 763 317 834 λῆς
345 764 516 835 αὐτῆς
548 764 872 835 ἐκμάσσειν,
902 762 1000 817 καὶ
1054 762 1334 832 κατεφίλει
1363 762 1490 828 τοὺς
1514 763 1679 826 πόδας
1712 763 1811 816 αὑ-

1915 579 2098 634 lorum
2127 582 2378 635 omnium
2430 580 2821 636 obliviscitur:
2850 581 3008 651 juxta
3055 582 3349 636 oraculum
3399 581 3500 636 So—

1913 671 2137 740 phonia:
2173 673 2479 744 prOphetaa,
2510 674 2787 729 dicentis:
2827 672 3140 744 «Apposuit
3177 673 3277 728 tibi
3314 674 3497 743 ignem

1907 771 1963 818 et
1993 779 2228 835 aquam:
2260 765 2329 820 ad
2353 766 2679 820 utrumlibet
2707 766 2975 831 volueris,
3001 766 3238 821 extende
3275 780 3500 820 manum

223 855 332 919 τοῦ,
363 857 458 910 καὶ
494 855 719 928 ἤλειφεν
747 853 825 926 τῷ
860 853 1043 927 μύρῳ,
1081 872 1102 906 ι
1140 854 1235 908 καὶ
1266 854 1498 925 ἧκουσεν
1528 854 1683 926 παρά
1715 853 1810 909 τοῦ

1936 869 2059 909 uam
2088 864 2255 911 :ante
2281 857 2534 913 homines
2590 856 2704 911 vita
2721 867 2778 912 et
2807 873 2982 922 mors,
3019 862 3073 911 et
3105 854 3488 926 quodcumque

223 951 489 1021 Σωτῆρος,
529 967 547 1000 ι
570 948 878 1019 Ἀφέωνταί
906 965 999 1000 σου
1030 950 1085 1001 αἱ
1117 948 1438 1020 ἁμαρτίαι.»
1473 949 1634 1021 Λύτῷ
1658 953 1692 1021 ἡ
1715 950 1800 1003 δό-

1937 949 2194 1016 lacuerit,
2228 949 2452 1006 dabitur
2474 965 2576 1005 eis.
2597 949 2934 1006 Peccantem
2973 952 3125 1006 enim
3165 951 3221 1007 in
3254 953 3490 1007 animam

223 1044 285 1112 ξα
317 1045 397 1109 εἰς
425 1042 551 1107 τοὺς
579 1028 821 1107 αἰῶνας(
848 1041 1040 1114 Ἀμήν.
1356 1082 1359 1085 -

1936 1057 2053 1097 nam
2071 1042 2197 1112 quis
2212 1040 2538 1113 justiﬁeabit
2554 1042 2637 1096 “?
2659 1062 2676 1094 ι
2700 1042 2855 1110 Quis,
2875 1043 3119 1115 inquam,
3139 1044 3243 1102 nisi
3266 1045 3490 1116 prtefer-

224 1142 364 1197 vida:
390 1142 664 1213 lacrymae,
692 1157 831 1211 quas
857 1143 1157 1199 comitetur
1183 1145 1538 1213 compunctio
1563 1147 1587 1199 ?
1626 1144 1759 1200 Sitit
1791 1142 2017 1214 quidem
2047 1159 2269 1215 semper
2304 1150 2551 1203 nostram
2575 1139 2823 1195 omnium
2854 1142 3090 1197 salutem
3120 1142 3396 1213 benignus
3436 1142 3492 1196 el

228 1235 539 1290 misericors
570 1234 840 1289 Dominus
860 1235 949 1290 vel
992 1244 1130 1291 teste
1154 1236 1455 1307 Apostolo:
1485 1254 1504 1289 ι
1533 1236 1638 1303 Qui
1674 1250 1870 1291 omnes
1902 1235 2155 1292 homines
2180 1234 2298 1289 vult
2331 1233 2511 1288 salvos
2546 1230 2687 1299 ﬁeri,
2712 1240 2769 1287 et
2789 1232 2856 1287 ad
2879 1232 3216 1303 agnitionem
3247 1230 3495 1290 veritatis

225 1330 412 1386 venire
440 1330 508 1383 ".
545 1348 566 1382 ι
607 1328 884 1401 Scriptum
919 1339 1105 1385 autem
1140 1340 1223 1387 est
1254 1341 1311 1386 et
1341 1331 1397 1387 in
1431 1331 1594 1386 Lucae
1623 1330 1921 1401 Evangelio
1952 1345 1966 1382 :
2008 1347 2027 1380 ι
2058 1328 2128 1383 Et
2148 1341 2279 1383 ecce
2309 1326 2508 1382 mulier
2540 1341 2664 1396 quae
2692 1335 2810 1382 erat
2844 1326 2900 1381 in
2934 1327 3158 1382 civitate
3190 1328 3488 1397 peccatrix.

226 1431 291 1478 ut
320 1419 579 1493 cognovit
604 1420 734 1490 Quia
772 1421 1129 1477 accumberet
1152 1422 1421 1478 Dominus
1463 1422 1519 1476 in
1550 1421 1716 1478 domo
1759 1419 2046 1487 Pharisaei,
2090 1418 2278 1474 attulit
2311 1418 2648 1474 alabastrum
2687 1419 2961 1489 unguenti
2994 1437 3007 1472 :
3039 1434 3275 1491 cumque
3306 1419 3490 1475 stetis-

218 1523 313 1571 set
340 1522 490 1568 retro
538 1527 701 1568 secus
747 1510 918 1582 pedes
963 1512 1104 1584 ejus,
1133 1511 1273 1568 ﬂens
1302 1512 1471 1582 coepit
1495 1512 1676 1584 rigare
1703 1511 1872 1582 pedes
1903 1510 2026 1582 ejus
2048 1510 2329 1581 lacrymis,
2361 1516 2417 1564 et
2443 1507 2661 1579 capillis
2709 1508 2909 1579 capitis
2951 1510 3039 1565 sui
3087 1509 3397 1582 detergere,
3429 1518 3488 1565 et

238 1611 519 1676 unguento
550 1601 791 1674 ungebat
819 1601 901 1668 “;
945 1619 964 1653 ι
997 1610 1056 1657 et
1081 1616 1149 1657 eo
1168 1597 1477 1673 promeruit
1499 1616 1636 1659 voce
1665 1599 1967 1659 Salvatoris
1990 1600 2130 1656 illud
2155 1599 2350 1656 audire
2376 1616 2391 1654 :
2427 1617 2446 1651 ι
2473 1597 2842 1655 Dimittuntur
2862 1599 2963 1656 tibi
2984 1609 3210 1672 peccata
3240 1610 3335 1660 tua
3357 1602 3423 1657 “.
3455 1619 3474 1655 ι

239 1696 356 1768 Ipsi,
375 1696 550 1769 gloria
579 1695 636 1751 in
673 1693 890 1775 saecula.
919 1694 1119 1753 Amen.

820 1871 1044 1927 ΛΟΓΟΣ
1082 1872 1214 1925 PH'.

696 1984 837 2053 Περὶ
865 1982 1041 2053 τιμῆς
1068 1983 1318 2054 γονέων.

210 2098 213 2101 ¹
299 2100 407 2157 Τοῦ
428 2119 480 2155 τι
490 2099 599 2171 μᾷν
622 2099 750 2161 τοὺς
777 2095 1039 2159 τεκόντας
1058 2095 1225 2167 ἡμᾶς,
1252 2092 1348 2148 xa‘t
1364 2089 1602 2163 ἀμοιϐὰς
1632 2087 1819 2153 αὐτοῖς

232 2194 537 2249 ἀποδιδόναι
568 2189 846 2260 ὀφειλέται
879 2186 1048 2259 ἐσμὲν
1098 2187 1193 2242 καὶ
1230 2186 1294 2238 ὲκ
1324 2186 1425 2256 τῆς
1464 2181 1697 2253 φυσικῆς
1726 2198 1817 2234 νο-

236 2285 512 2359 μοθεσίας.
561 2284 651 2337 Ἐν
679 2280 918 2352 πρώτοις
978 2279 1100 2349 μὲν,
1152 2278 1237 2332 ὃτι
1280 2276 1341 2330 τὸ
1368 2274 1630 2347 αἰσθητὸν
1658 2271 1820 2327 τοῦτο

234 2379 347 2449 φῶς
376 2376 443 2431 δι’
464 2374 646 2431 αὐτῶν
670 2372 996 2443 ἑωράκαμεν
1019 2384 1035 2403 ο
1088 2368 1279 2423 ἔπειτα
1302 2366 1359 2420 δὲ
1396 2365 1490 2420 καὶ
1518 2364 1579 2417 τὸ
1604 2361 1816 2434 νοητὸν,

232 2466 507 2525 τουτέστιν
527 2466 626 2538 τὴν
656 2466 734 2529 είς
758 2463 851 2517 τὸν
893 2464 1096 2533 Κύριον
1120 2460 1281 2532 ἡμῶν
1321 2456 1531 2528 Ἰησοῦν
1586 2454 1821 2525 Χριστὸν

230 2560 320 2634 διὰ
347 2558 440 2613 τοῦ
486 2556 865 2628 βαπτίσματος
895 2552 1192 2620 ἐπίγνωσιν
1210 2564 1225 2580 ’
1253 2549 1350 2604 καὶ
1376 2549 1465 2602 διὰ
1512 2546 1613 2618 τὴν
1664 2562 1822 2634 φυσι·

235 2651 336 2722 κὴν
360 2648 540 2705 αὐτῶν
570 2646 708 2717 πρὸς
739 2645 808 2699 τά
834 2643 941 2697 ἴδια
965 2642 1163 2712 ἔγγονα
1196 2639 1432 2710 στοργήν
1454 2653 1470 2670 ο
1508 2637 1601 2692 καὶ
1621 2634 1711 2689 διὰ
1728 2633 1822 2688 τὸν

236 2746 405 2801 κόπον
424 2741 484 2796 ὃν
506 2738 873 2811 ὑπομένουσιν
903 2735 1033 2808 περὶ
1056 2734 1159 2805 τῆς
1183 2730 1451 2803 ὲντροφῆς
1473 2728 1673 2793 αὐτῶν,
1727 2726 1823 2782 καὶ

2376 1863 2663 1920 HOMILIA
2690 1864 2875 1921 CVIII.

2273 1976 2352 2032 De
2377 1977 2579 2033 honore
2611 1990 2919 2051 parentum.

1989 2087 2258 2143 Parentes
2308 2099 2370 2144 ut
2419 2089 2632 2145 honore
2675 2093 3101 2161 prosequamur,
3133 2104 3305 2165 utque
3329 2097 3505 2154 vicem

1919 2179 2288 2250 rependamus
2322 2180 2745 2250 beneﬁciorum,
2794 2184 2882 2239 vel
2936 2184 3055 2254 ipse
3088 2195 3302 2243 natura:
3348 2197 3506 2245 tenor

1918 2277 2086 2339 atque
2155 2269 2295 2324 ordo
2370 2271 2535 2326 docet
2584 2287 2689 2328 nos
2740 2273 2866 2343 jure
2923 2273 3220 2347 obstringi,
3261 2258 3531 2348 idipsum'

1919 2358 2212 2413 conﬁrmat
2266 2357 2481 2415 sanctio
2523 2361 2665 2431 legis
2722 2361 2944 2418 divinae.
3012 2362 3073 2418 In
3119 2366 3337 2435 primis,
3372 2362 3538 2437 quia'

1919 2450 2122 2504 sensile
2163 2449 2271 2505 hoc
2298 2450 2511 2515 lumen,
2542 2450 2767 2506 illorum
2793 2468 2963 2524 opera
2994 2464 3328 2512 contuemur
3353 2476 3368 2525 ;
3402 2460 3503 2513 de-

1918 2540 2050 2596 mde
2081 2549 2137 2596 et
2186 2542 2744 2612 spiritualemlucem
2790 2544 3101 2613 hausimus,
3135 2545 3503 2618 nimirumag—

1921 2632 2226 2704 gnitionem
2277 2633 2405 2690 fidei
2430 2650 2553 2705 quae
2583 2651 2686 2691 nos
2730 2653 2831 2707 per
2884 2639 3252 2710 regenerativi
3300 2641 3505 2698 lavacri

1921 2722 2155 2792 gratiam
2185 2732 2339 2779 recta
2367 2724 2524 2780 ducit
2555 2725 2623 2780 ad
2671 2726 2967 2783 Dominum
3006 2739 3260 2785 nostrum
3311 2731 3503 2788 Jesum

237 2838 334 2908 τὴν
358 2834 630 2907 μέριμναν
654 2830 721 2902 ἣν
743 2829 963 2901 ἔχουσιν
987 2825 1182 2887 νυκτὸς
1202 2823 1294 2878 καὶ
1316 2823 1531 2895 ἡμέρας
1556 2819 1625 2875 δι’
1648 2818 1787 2875 αὑτά
1802 2833 1816 2847 ·

244 2929 318 3000 μή
362 2944 416 2981 τι
442 2924 550 2979 τῶν
591 2922 908 2992 ἀϐουλήτων
938 2918 1121 2981 αὐτοῖς
1162 2916 1472 2989 συναντήσει
1492 2928 1508 2944 ⁸
1532 2912 1628 2967 καὶ
1653 2913 1821 2983 ἐργα-

1921 2814 2250 2873 Christum:
2296 2825 2411 2873 tum
2457 2830 2687 2890 propter
2741 2822 2894 2892 pium
2946 2839 3077 2895 erga
3121 2840 3251 2880 suos
3276 2825 3503 2893 liberos,

1923 2924 2089 2980 quem
2115 2910 2339 2965 illorum
2376 2912 2577 2968 animis
2609 2923 2808 2969 natura
2849 2915 3070 2981 insevit,
3115 2917 3504 2975 aﬂ‘ectummb

241 3018 459 3090 ζόμενοι
490 3017 586 3072 καὶ
618 3013 949 3088 μοχθοῦντες
979 3012 1111 3083 περὶ
1140 3010 1436 3082 ἐνδύματος
1486 3008 1583 3063 καὶ
1616 3006 1825 3077 τροφῆς

1936 3004 2172 3060 laborem
2219 3020 2384 3074 quem
2419 3021 2524 3075 pro
2572 3006 2795 3062 illorum
2833 3008 3168 3066 educatione
3200 3010 3500 3077 sustinent,

240 3111 443 3175 αὐτῶν,
476 3108 574 3162 καὶ
603 3104 697 3159 τοῦ
727 3101 1166 3172 ἀποθησαυρίσαι
1191 3100 1374 3163 αὐτοῖς
1398 3098 1549 3170 ’μετά
1571 3097 1820 3151 θάνατον.

1936 3103 1981 3152 et
2012 3095 2230 3152 anxiam
2285 3096 2719 3153 sollicitudinem
2779 3115 2887 3170 qua
2932 3101 3176 3156 interdiu
3224 3111 3505 3175 noctuque

243 3203 407 3267 Ποίας
435 3195 530 3255 οὖν
556 3198 713 3266 ἀξίας
741 3193 978 3268 ἀμοιϐὰς
1031 3192 1172 3264 ὑπὲρ
1224 3191 1431 3245 τούτων
1463 3190 1682 3244 πάντων
1733 3184 1859 3240 δυσ-4

1936 3198 2167 3261 aguntur
2201 3188 2332 3243 dum
2367 3190 2513 3243 male
2540 3197 2818 3255 metuunt,
2854 3206 2923 3245 ne
2958 3193 3090 3262 quid
3116 3194 3244 3248 [iliis
3274 3196 3390 3251 suis
3414 3211 3511 3252 oc-

243 3293 458 3365 νάμεθα
511 3286 904 3346 ἀνταποδοῦναι
942 3287 1168 3353 comic;
1233 3282 1473 3337 Πάντοτε
1536 3278 1823 3352 τοιγαροῦν

1936 3288 2118 3338 currat
2144 3281 2360 3337 fortuiti
2414 3290 2472 3336 et
2498 3281 2718 3337 adversi
2741 3298 2935 3339 casus:
2984 3285 3177 3341 sedulo
3212 3286 3343 3343 item
3374 3289 3506 3344 dum

246 3384 640 3453 σπουδάσωμεν
682 3380 751 3435 τά
774 3381 854 3443 είς
900 3378 998 3450 τὴν
1020 3376 1186 3449 τιμὴν
1226 3375 1324 3429 καὶ
1376 3372 1672 3446 θεραπείαν
1731 3371 1829 3425 καὶ

1936 3381 2252 3445 operantur,
2288 3389 2353 3429 ac
2380 3374 2673 3445 perplexos
2719 3374 2928 3431 adeunt
2969 3377 3193 3434 labores
3217 3381 3423 3450 quibus
3439 3382 3511 3439 li-

245 3478 551 3533 ἀνάπαυσιν
578 3471 760 3527 αὐτῶν
780 3468 1236 3541 διαπράττεσθαι,
1266 3466 1564 3545 έξαιρέτως
1596 3464 1653 3518 δὲ
1676 3466 1734 3518 ὲν
1750 3463 1829 3536 τῷ

1936 3465 2079 3521 beris
2099 3465 2219 3521 suis
2242 3465 2627 3521 indumentum
2666 3475 2943 3535 parentet
2967 3468 3306 3535 alimoniam,
3342 3481 3511 3543 utque

247 3572 409 3641 γήρει
440 3567 643 3631 αὐτῶν,
670 3565 758 3619 ἴνα
815 3565 874 3617 ὲν
919 3563 1106 3635 ὁράσει
1127 3559 1237 3615 τῶν
1281 3558 1491 3614 τέκνων
1537 3556 1831 3622 ἀναζωπυ-

1936 3557 2239 3628 posteritati
2289 3566 2559 3628 seponant
2605 3557 2929 3614 thesaurum
2957 3569 3016 3616 et
3044 3577 3075 3617 a
3109 3573 3286 3619 morte
3336 3564 3512 3619 relin-

253 3658 583 3735 ροῦνται,ὼς
603 3658 633 3710 ό
667 3653 862 3709 Ἰακὼϐ
904 3652 1164 3726 ἑωρακὼς
1177 3652 1269 3707 τὸν
1290 3652 1510 3723 Ἰωσήφ.
1539 3648 1833 3720 Γενώμεθα

251 3755 540 3829 ἐφάμιλλοι
572 3752 675 3807 κᾶν
705 3751 817 3812 τοῖς
860 3747 1069 3818 ὀρνέοις
1096 3746 1213 3808 τοῖς
1248 3742 1565 3813 λεγομένοις
1616 3737 1831 3809 ἔποψιν.

266 3853 482 3905 Ἐκεῖνα
500 3846 609 3918 γάρ
636 3845 765 3899 ὅταν
795 3840 978 3895 ῐδωσιν
1002 3838 1128 3902 τοὺς
1158 3833 1544 3906 γονείςναὺτῶν
1564 3834 1837 3905 γηράσαν-

252 3960 379 4006 τας,
429 3939 526 3993 καὶ
553 3933 1065 4008 ἀμϐλυωπήσαντας
1091 3968 1107 3995 ,
1176 3926 1244 3982 τὰ
1295 3926 1464 3981 τέκνα
1500 3924 1836 3979 ὲκτίλλουσιν

254 4034 355 4095 τὰς
385 4030 664 4101 πτέρυγας
685 4025 795 4080 τῶν
818 4019 1156 4094 γονέων,καὶ
1188 4018 1458 4090 λείχουσιν
1485 4016 1611 4080 τοὺς
1632 4016 1837 4086 ὀφθαλ-

260 4125 399 4197 μοὺς
437 4120 640 4184 αὐτῶν,
675 4118 770 4172 καὶ
817 4115 1111 4183 θάλπουσιν
1135 4111 1262 4176 τοὺς
1289 4112 1464 4180 γονεῖς
1511 4109 1692 4163 αὐτῶν
1734 4110 1838 4163 ὑπὸ

256 4215 359 4279 τάς
391 4212 601 4267 ἑαυτῶν
645 4209 946 4280 πτέρυγας,
999 4203 1098 4259 καὶ
1122 4200 1530 4257 νοσσοποιοῦσιν
1557 4215 1573 4231 ο
1606 4201 1700 4254 καὶ
1730 4200 1840 4254 νέοι

258 4306 503 4377 γίνονται
540 4304 590 4356 οἱ
615 4303 792 4372 γονεῖς
818 4295 998 4353 αὐτῶν
1026 4312 1038 4326 ο
1063 4295 1310 4363 λέγοντες
1335 4294 1448 4354 τοῖς
1477 4291 1722 4361 γονεῦσιν
1744 4292 1842 4347 αύ-

256 4398 391 4462 τῶν,
429 4396 509 4460 ὡς
538 4394 633 4448 καὶ
666 4392 826 4463 ὑμεῖς
866 4388 1319 4455 ὲνοσσοποιήσατε
1345 4385 1510 4455 ἡμᾶς,
1535 4382 1628 4436 καὶ
1657 4382 1843 4454 τετλήο

259 4508 395 4548 κατε
428 4488 749 4559 κάμνοντες,
790 4482 887 4536 καὶ
911 4479 1226 4576 τρέφοντες,
1257 4476 1554 4576 καὶ-ἡμεῖς
1579 4474 1640 4527 τὸ
1655 4474 1841 4576 ϐμοιρν
1874 4520 1917 4576 D

258 4583 393 4653 ὑμῖν
417 4575 700 4648 ποιοῦμεν.
728 4572 841 4627 Καὶ
869 4569 989 4632 πῶς
1011 4566 1219 4636 λογικοὶ
1247 4567 1406 4636 ἡμεῖς
1428 4563 1599 4629 ὄντες,
1616 4563 1677 4653 ού
1708 4561 1841 4637 πολὺ

259 4649 427 4727 πλέον
458 4667 833 4739 ἀγαπήσωμεν
860 4662 985 4726 τοὺς
1009 4659 1216 4714 ἑαυτῶν
1239 4659 1414 4727 γονεῖς
1436 4672 1451 4722 ;
1484 4653 1575 4725 Μὴ
1609 4649 1702 4708 οὖν
1722 4669 1845 4705 στε-

260 4760 517 4829 νάξουσιν
546 4754 667 4810 καθ’
693 4752 882 4825 ἡμῶνο
935 4746 1247 4811 ἀλυσιτελὲς
1323 4745 1432 4819 γάρ
1487 4745 1646 4799 τοῦτο
1691 4745 1843 4815 ἡμῖν,

266 4853 468 4926 μᾶλλον
490 4850 548 4905 δὲ
579 4849 676 4903 καὶ
712 4842 1006 4906 ἐπιϐλαϐές
1031 4858 1046 4874 ·
1084 4842 1182 4894 καὶ
1209 4839 1435 4901 εἰκότως
1474 4834 1844 4909 εὑρισκόμεθα

266 4943 583 5017 πατῳλῷαι
633 4941 728 4996 καὶ
757 4936 1089 5010 μητῳλῷαι.
1127 4935 1218 4988 Ἐν
1242 4933 1322 5006 τῷ
1345 4933 1494 5003 νόμῳ
1511 4930 1844 5017 γέγραπται,

272 5060 293 5094 ι
333 5015 481 5111 Τίμα
508 5036 601 5091 τὸν
620 5032 833 5104 πατέρα
864 5047 982 5095 σου,
1011 5027 1111 5082 καὶ
1134 5026 1233 5097 τὴν
1262 5024 1475 5096 μητέρα
1504 5039 1620 5088 σου,
1652 5022 1738 5075 ἵνα
1787 5015 1849 5073 εὖ

268 5149 357 5186 σοι
382 5129 628 5200 γένηται,
681 5125 779 5178 καὶ
807 5122 908 5197 ἔσῃ
963 5118 1357 5193 μακροχρόνιος
1389 5116 1483 5171 ἐπὶ
1531 5114 1631 5185 τῆς
1665 5113 1785 5183 γῆς.
1825 5129 1845 5164 ι

269 5223 405 5288 Καὶ,
440 5240 459 5273 ι
499 5219 557 5273 '0
585 5214 900 5284 κακολογῶν
952 5210 1220 5283 πατέραῆ
1247 5208 1484 5281 μητέρα,
1514 5206 1731 5278 θανάτῳ
1758 5223 1850 5260 τεο

270 5312 538 5369 λευτάτω.
564 5329 583 5363 ι
633 5307 906 5371 Ὡσαύτως
937 5305 1031 5362 καὶ
1070 5307 1099 5359 ὁ
1135 5302 1384 5364 Ἡσαΐας,
1425 5319 1443 5351 ι
1485 5299 1545 5353 ὐ
1567 5298 1744 5367 λέγων
1772 5297 1851 5370 τῷ

271 5406 465 5478 πατρὶ,
499 5405 566 5458 Τί
592 5402 896 5473 γεννήσῃςς
922 5399 1017 5452 καὶ
1039 5398 1106 5468 τῇ
1140 5394 1328 5466 μητρὶ,
1352 5392 1416 5446 Τί
1438 5392 1665 5464 ὠδίνῃς;
1689 5389 1853 5458 γινώ-

273 5515 393 5552 σκω
437 5495 550 5565 ἐγὼ
596 5495 679 5548 ὅτι
729 5489 964 5561 σκληρὸς
992 5482 1076 5553 εἴ,
1126 5486 1223 5541 καὶ
1267 5484 1458 5554 νεῦρον
1509 5482 1787 5553 σιδηροῦν,
1821 5482 1850 5535 ὁ

271 5587 547 5661 τράχηλός
575 5603 691 5641 σου.
732 5605 750 5638 ι
786 5582 980 5645 ’Ἄλλος
1004 5580 1083 5646 δὲ,
1140 5596 1160 5631 ι
1204 5578 1265 5631 '0
1292 5575 1469 5646 τιμῶν
1497 5575 1737 5648 πατέρα,
1762 5574 1852 5628 εύ-

275 5679 655 5752 φρανθήσεται
703 5678 794 5732 ἐπὶ
814 5673 1046 5739 τέκνοις,
1097 5671 1193 5725 καὶ
1237 5669 1296 5723 ἐν
1328 5668 1511 5741 ἡμέρᾳ
1541 5666 1852 5741 προσευχῆς

1932 3657 2127 3720 quant.
2157 3648 2358 3716 Quam,
2399 3664 2608 3720 quaeso,
2653 3650 2833 3706 vicem
2900 3653 3175 3710 universis
3203 3655 3291 3711 his
3316 3657 3513 3713 condi-

1933 3757 2092 3814 gnam
2122 3742 2428 3813 rependere
2453 3743 2763 3813 possimus?
2790 3745 3055 3812 Quocirca
3078 3747 3394 3804 adnitamur
3413 3765 3515 3820 pro

1932 3833 2106 3899 virili,
2137 3849 2202 3888 ea
2232 3833 2456 3903 explere
2494 3850 2618 3904 quae
2642 3834 2711 3889 ad
2740 3851 2934 3891 eorum
2962 3838 3201 3894 attinent
3223 3840 3513 3907 honorem,

1934 3923 2301 3990 famulatum,
2351 3927 2624 3996 requiem,
2692 3926 2861 3998 idque
2925 3931 3300 3999 peculiariter,
3362 3933 3518 3989 senio

1937 4020 2068 4076 dum
2122 4028 2461 4090 gravantur:
2495 4020 2709 4090 1202
2747 4030 2807 4076 ut
2845 4023 2932 4077 vel
2981 4023 3103 4093 ipso
3157 4024 3396 4080 ﬁliorum
3428 4041 3519 4082 as-

1939 4120 2102 4184 pectu
2138 4122 2465 4167 recreentur
2507 4128 2571 4167 ac
2606 4129 2776 4183 prope
2843 4115 3217 4171 reviviscant:
3250 4120 3517 4188 quemad-

1941 4201 2166 4257 modum
2188 4202 2387 4275 Jacoh,
2407 4202 2527 4256 viso
2554 4218 2681 4257 mox
2711 4203 2940 4275 Joseph.
2962 4205 3359 4264 Concertemus
3389 4224 3516 4264 cum

1943 4291 2178 4347 aviculis
2201 4307 2324 4361 qua:
2350 4272 2547 4363 u'pupte
2575 4272 2873 4361 dicuntur,
2905 4294 3011 4351 illis
3041 4312 3112 4351 ne
3141 4297 3394 4368 dispares
3418 4300 3520 4356 de-

1944 4382 2358 4453 prehendamur
2400 4392 2456 4437 et
2504 4384 2865 4440 dissentanei.
2898 4385 2955 4441 Si
3003 4389 3227 4457 quando
3253 4394 3399 4445 enim
3425 4407 3521 4461 pa-

1945 4484 2133 4529 rentes
2165 4488 2298 4529 suos
2322 4472 2564 4529 viderint
2614 4478 2997 4543 consenuisse,
3060 4488 3115 4534 et
3141 4495 3242 4549 per
3302 4483 3518 4538 senium

1948 4567 2267 4623 hebetiores
2316 4584 2440 4624 esse
2466 4570 2630 4624 visu:
2668 4569 2767 4625 ﬁlii
2807 4572 2983 4627 alares
3034 4573 3179 4643 pilos
3227 4585 3519 4645 parentqu

1946 4659 2291 4727 convellunt,
2344 4660 2864 4718 deindeallambunt
2910 4664 3099 4719 oculos
3124 4665 3368 4731 illorum,
3399 4684 3524 4726 mox

1945 4748 2095 4819 ipsos
2122 4758 2381 4819 parentes
2417 4750 2648 4806 suismet
2671 4751 2774 4807 alis
2805 4753 3085 4823 subjectos
3121 4757 3525 4813 excalefaciunt

1945 4855 2012 4896 ac
2048 4841 2321 4906 refovent,
2358 4851 2527 4912 atque
2563 4842 2640 4898 ita
2703 4843 2928 4899 demum
2980 4861 3078 4901 eos
3136 4849 3293 4917 quasi
3341 4850 3526 4919 pullos

1945 4946 2145 4987 recens
2162 4931 2346 4988 editos
2376 4941 2644 4989 revocant
2669 4935 2735 4990 ad
2760 4934 2954 4991 ﬂorem
2980 4940 3180 5003 aetatis,
3231 4941 3313 4996 sic
3354 4950 3416 4995 ut
3436 4943 3529 5014 ju-

1946 5040 2118 5081 venes
2144 5025 2325 5081 videri
2356 5026 2573 5097 possint
2599 5044 2614 5082 :
2677 5029 2836 5098 quasi
2859 5029 2905 5084 si
2938 5031 3056 5087 suis
3088 5031 3277 5088 dicant
3325 5050 3526 5103 paren-

1951 5117 2636 5185 tibuszQuemadmodum
2672 5136 2773 5175 vos
2790 5122 3097 5191 pullescere
3146 5140 3248 5179 nos
3295 5125 3523 5192 fecistis,

1949 5215 2007 5263 et
2034 5208 2257 5264 labores
2271 5210 2549 5265 tolerastis
2579 5226 2681 5280 pro
2714 5211 3043 5268 educatione
3078 5224 3289 5279 nostra,
3319 5224 3377 5271 et
3423 5232 3525 5271 nos

1951 5300 2133 5357 simile
2164 5301 2426 5371 quiddam
2460 5301 2622 5357 vobis
2652 5319 3035 5373 repensamus.
3084 5306 3290 5372 Quidni
3354 5308 3526 5379 igitur

1952 5406 2057 5447 nos
2085 5399 2344 5462 parentes
2365 5393 2603 5448 aretiore
2632 5394 2858 5450 vinculo
2901 5396 3192 5453 charitatis
3222 5415 3527 5470 proseque-

1954 5500 2080 5539 mur
2107 5484 2339 5539 rationis
2370 5496 2672 5555 compotes,
2700 5494 2763 5540 ut
2800 5503 2871 5542 ne
2922 5488 3214 5544 adversum
3244 5507 3345 5546 nos
3372 5491 3528 5563 inge-

1955 5576 2408 5631 miscant?PIane
2456 5593 2544 5632 res
2593 5578 2929 5648 ejuseemodi
2977 5583 3302 5651 neutiquam
3339 5582 3524 5638 futura

1956 5666 2120 5724 nobis
2146 5677 2231 5725 est
2253 5668 2349 5724 ulli
2385 5670 2780 5737 emolumento,
2805 5675 2981 5744 magis
3017 5682 3201 5730 autem
3226 5673 3530 5730 detrimen-

351 5860 394 5893 ⁶²
423 5858 541 5918 Iino
570 5861 737 5919 Eccli.
772 5878 862 5929 xv,
897 5864 983 5932 l7,
1015 5863 1111 5931 18;
1144 5879 1198 5932 x,
1235 5864 1324 5919 52.
1400 5863 1445 5899 ⁸³
1477 5863 1496 5919 I
1527 5863 1666 5920 Tim.
1701 5879 1758 5932 ιι,
1791 5864 1843 5920 4.

1936 5865 1967 5895 ³⁸
1990 5865 2130 5923 .Luc.
2161 5880 2256 5933 vn,
2292 5865 2358 5922 37
2388 5879 2540 5937 seqq.
2615 5866 2663 5898 “
2695 5861 2833 5923 ibid.
2861 5863 2951 5918 47.
