4040 6526
610 370 746 436 1767
1874 360 2242 424 ANTIOCHI
2279 360 2631 424 MONACHI
3690 378 3792 450 1763

607 492 726 540 tosa
760 479 1081 541 admodum,
1108 486 1169 533 ut
1196 474 1289 546 qui
1308 471 1716 544 comperiemur
1730 478 1787 525 et
1807 471 1981 541 patris
2010 469 2179 524 fuisse

2207 476 2255 537 Α
2282 472 2451 526 αὐτοῦ
2476 473 2985 546 εἰσακουσθήσεται.
3024 492 3043 528 ι
3080 476 3189 530 Καὶ
3219 475 3400 544 πάλιν,
3437 497 3456 531 α
3479 480 3612 555 Εὖχῆ
3637 495 3792 562 fama;

602 584 659 631 et
682 572 877 630 matris
905 585 1156 628 caesores.
1191 570 1249 623 lu
1274 567 1395 637 lege
1443 566 1713 635 scriptum
1738 570 1861 618 est:
1904 580 1923 613 ι
1956 561 2182 614 Honora

2286 566 2534 638 στηρίξει
2587 561 2737 621 οἷκον
2768 567 3005 622 τέκνωνο
3056 570 3274 641 κατάρα
3326 570 3382 624 δὲ
3412 574 3602 645 μητρὸς
3635 561 3796 651 gmw

602 675 817 738 patrem
846 672 1001 720 tuum
1020 670 1076 717 et
1102 669 1331 715 matrem
1353 665 1505 712 tuam
1529 662 1592 709 ut
1614 655 1756 708 bene
1790 652 1888 707 tibi
1916 650 1989 706 sit
2021 658 2079 704 et
2107 649 2185 705 sis

2283 657 2510 730 θεμέλια
2533 659 2707 716 οἴκου.
2736 679 2757 714 ι
2790 661 2903 716 Καὶ
2927 663 2956 714 ὁ
3005 662 3348 728 ’Δπόστολος,
3395 683 3415 717 ι
3447 667 3529 721 Τὰ
3548 649 3708 739 τέχνα,
3727 675 3795 728 ὐτ-

500 802 502 805 ,
602 756 880 824 longaevus
896 764 1064 819 super
1087 746 1366 802 terram“.
1379 745 1496 810 oEt,
1512 763 1532 798 ι
1552 743 1657 811 Qui
1672 738 2027 800 .maledixerit
2045 758 2095 815 p:

2283 750 2511 806 ακούετε
2542 752 2658 817 τοῖς
2688 752 2939 822 γονεῦσιν
2968 754 3146 826 ὑμῶν,
3175 756 3240 825 ὲν
3278 758 3482 838 ξίυρίῳ.
3517 760 3668 818 Τοῦτο
3698 768 3793 839 γὰρ,

602 844 1073 909 autmatri,morte
1086 838 1430 894 moriatur".
1446 838 1585 893 rNec
1603 837 2020 893 abluditlsaia's:
2044 857 2063 890 ι
2084 836 2189 905 Qui

2284 844 2468 913 φησὶν,
2502 843 2621 897 ἐστὶ
2648 843 2877 910 δίκαιον,
2913 844 3062 915 Τίμα
3104 845 3199 900 τὸν
3228 832 3439 921 πατέρα
3478 868 3569 905 σου
3603 858 3684 909 καὶ

601 940 736 996 dicit
750 937 893 1009 patri
915 955 928 991 :
943 934 1083 1003 Quid
1095 947 1324 1005 generas
1336 931 1359 985 ?
1370 939 1425 987 et
1441 931 1767 998 mali-izQuid
1783 933 2047 1002 parturis?
2064 934 2192 990 Scio

2287 938 2500 1008 μητέρα
2532 954 2649 993 σου.
2674 937 2835 1004 Ἥτις
2873 940 3025 994 ἐστὶν
3056 940 3248 1009 ἐντολὴ
3272 942 3459 1014 πρώτη
3512 944 3565 997 ὲν
3606 948 3796 1017 ἐπαγγε-

600 1047 724 1104 ego,
751 1031 879 1103 quia
902 1029 1076 1084 durus
1094 1042 1175 1091 es,
1197 1034 1254 1080 et
1273 1040 1477 1080 nervus
1501 1024 1715 1080 ferreus
1739 1027 1926 1081 cervix
1953 1037 2043 1083 tua
2065 1027 2130 1081 ⁸⁸.
2164 1044 2187 1078 ι

2284 1027 2446 1093 λίαις.
2484 1047 2503 1081 ι
2538 1029 2650 1082 Καὶ
2680 1029 2859 1099 αὖθις,
2907 1050 2927 1083 ι
2957 1031 3039 1086 Τὰ
3062 1032 3231 1086 τέκνα
3257 1034 3656 1105 μανθανέτωσαν
3683 1044 3799 1112 1:96)—

601 1126 759 1182 Alius
780 1125 962 1179 item‘:
996 1141 1015 1174 ι
1051 1121 1155 1187 Qui
1183 1121 1426 1175 honorat
1444 1128 1679 1190 patrem,
1706 1120 2109 1191 jucundabitur
2133 1121 2189 1177 in

2282 1136 2375 1174 τον
2408 1120 2504 1174 τὸν
2532 1120 2666 1175 ἴδιον
2691 1117 2844 1177 οἷκον
2874 1124 3139 1192 εὐσεϐεῖν,
3165 1126 3261 1180 καὶ
3306 1127 3539 1199 ἀμοιϐὰς
3565 1132 3800 1191 ἀποδοῦναι

603 1217 735 1273 ﬁliis
748 1215 1012 1281 suis,etin
1028 1215 1116 1269 die
1131 1213 1398 1267 orationis
1412 1210 1865 1266 sumexaudietur
1876 1211 1940 1266 “.
1956 1210 2187 1266 ilterum

2282 1214 2397 1276 τοῖς
2429 1214 2736 1284 προγόνοις.
2772 1214 2943 1270 Τοῦτο
2975 1218 3084 1286 γάρ
3127 1219 3279 1272 ἐστιν
3305 1219 3491 1285 καλὸν,
3519 1223 3604 1276 καὶ
3650 1226 3802 1282 εὐεπέα

608 1328 627 1361 ι
643 1308 834 1364 Oratio
850 1304 1025 1377 patris
1040 1301 1332 1358 conﬁrmat
1352 1297 1545 1353 domos
1563 1296 1803 1351 ﬁliorum
1829 1313 1844 1359 ;
1871 1293 2185 1350 maledictio

2283 1302 2473 1357 δεκτον
2526 1302 2759 1359 ἐνώπιον
2800 1305 2896 1360 τοῦ
2939 1305 3096 1361 Θεοῦ.
3133 1325 3153 1359 ι
3217 1307 3326 1361 Kal.
3357 1310 3387 1362 ὁ
3431 1310 3800 1385 Παροιμιαττὴς,

600 1407 789 1451 autem
829 1395 1022 1449 matris
1059 1390 1308 1447 eradicat
1342 1386 1697 1442 fundamenta
1722 1387 1823 1439 ⁷ο.)
1853 1384 2185 1454 Apostolus:

2292 1415 2311 1448 ι
2349 1397 2468 1461 Υἱὸς
2493 1396 2828 1469 πανοῦργος,
2860 1398 3104 1469 ὑπήκοος
3148 1399 3337 1471 πατρί.
3371 1400 3499 1465 Υἱὸς
3523 1402 3575 1455 δὲ
3602 1384 3801 1474 avem.

606 1512 625 1542 ‹
637 1488 1011 1550 Filii,obedite
1024 1483 1347 1557 parentibus
1361 1482 1563 1538 veStris
1580 1482 1633 1535 in
1652 1481 1905 1536 Domino:
1922 1480 2025 1534 hoc
2034 1477 2184 1533 enim

2284 1486 2345 1539 ἐν
2367 1488 2613 1560 ἀπωλείᾳ
2638 1488 2812 1544 ἔσται.
2851 1508 2871 1542 ι
2902 1490 3012 1545 Καὶ
3035 1490 3218 1552 πάλιν,
3248 1510 3266 1542 ι
3289 1490 3703 1561 Κακολογοῦντος
3725 1498 3822 1549 τετε

595 1583 803 1655 justum
833 1589 936 1634 est.
977 1581 1195 1632 Honora
1226 1584 1441 1646 patrem
1471 1583 1625 1628 tuum
1665 1581 1722 1627 et
1750 1580 2003 1636 matrem,
2037 1570 2184 1641 quod

2284 1576 2421 1649 τέρα
2451 1578 2484 1649 ἢ
2512 1580 2748 1650 μητέρα,
2770 1563 3132 1653 σϐἒσθήσεται
3162 1582 3384 1654 λαμπτή
3397 1599 3446 1653 ρ.
3480 1602 3500 1635 ι
3531 1585 3629 1638 Καὶ
3661 1587 3802 1650 πάλιν,

598 1682 683 1728 est
697 1673 935 1743 primum
952 1668 1273 1724 mandatum
1292 1667 1346 1721 in
1365 1665 1871 1737 promissionibus'”
1884 1705 1896 1718 .
1909 1662 2181 1717 )Rursus:

2292 1686 2313 1721 ι
2357 1671 2453 1734 ⁸ος
2482 1671 2839 1737 ἀποϐιάζεται
2868 1674 3083 1744 πατέρα
3136 1673 3173 1746 ἢ
3231 1676 3463 1746 μητέρα,
3490 1677 3579 1730 καὶ
3604 1677 3728 1731 δοκεῖ
3750 1683 3804 1750 μὴ

605 1784 625 1819 ι
655 1764 777 1820 Filii
808 1764 1028 1819 discant
1072 1762 1313 1831 primum
1352 1758 1637 1829 propriam
1659 1757 1886 1812 domum
1928 1755 2181 1826 religiose

2216 1815 2255 1837 n
2288 1758 2647 1830 ἁμαρτάνειν,
2681 1752 2838 1825 οὗτος
2892 1763 3150 1827 κοινωνός
3175 1764 3325 1817 ἐστιν
3340 1765 3533 1837 ἀνδρὸς
3552 1768 3763 1832 ἀσεϐοῦς.
3789 1790 3802 1821 ι

602 1872 819 1928 regere,
854 1865 910 1910 ct
938 1861 1188 1909 mutuam
1218 1851 1394 1907 vicem
1418 1850 1655 1905 reddere
1685 1847 2012 1919 parentibus
2036 1865 2049 1900 :
2070 1846 2178 1902 hoc

2212 1815 2256 1872 Β
2287 1815 2360 1905 ἰ’ὶι
2382 1815 2516 1907 οἱῠτδ
2549 1853 2606 1906 δὲ
2632 1815 2728 1908 καὶ
2768 1856 2796 1908 ὁ
2817 1815 3050 1927 ’Κύριος
3071 1815 3079 1818 ’
3111 1815 3250 1931 σὲρδξ
3306 1815 3804 1929 ἒεὲυῖῖαξξᾷᾆᾷἒξᾷςξ

597 1950 745 2003 enim
804 1949 1011 2002 bonum
1066 1954 1120 2000 et
1160 1951 1447 2013 acceptum
1480 1958 1669 1998 coram
1729 1942 1841 1996 Deo
1864 1942 1962 1993 ⁷³.»
1992 1940 2179 1994 Parae—

2291 1964 2310 1996 ‹
2344 1945 2447 2000 Διά
2498 1947 2550 1999 τί
2603 1947 2698 2002 καὶ
2743 1938 2906 2019 ὑμεῖς
2943 1950 3313 2021 παραϐαίνετε
3356 1950 3457 2022 τὴν
3507 1952 3704 2021 ἐντολὴν
3738 1955 3807 2005 τοῦ

599 2042 826 2097 miastes
871 2040 1003 2094 item
1039 2056 1053 2092 :
1090 2057 1107 2089 ι
1140 2036 1314 2091 Filius
1343 2042 1557 2090 astutus
1582 2033 1772 2089 obedit
1818 2032 1958 2110 patri
1988 2049 2001 2084 :
2030 2031 2176 2085 tilius

2282 2034 2419 2090 Θεοῦ
2471 2036 2560 2091 διὰ
2608 2037 2710 2110 τὴν
2760 2039 3058 2111 παράδοσιν
3086 2040 3269 2111 ὑμῶν;
3322 2044 3351 2096 ὁ
3379 2042 3491 2113 γὰρ
3527 2042 3651 2106 Θεὸς
3672 2037 3806 2107 εἶπεν,

600 2134 932 2189 inobediens
952 2132 1008 2186 in
1032 2129 1350 2202 perditione
1379 2128 1488 2183 erit
1509 2126 1609 2181 ⁷³.»
1637 2126 1875 2181 lterum.-
1903 2143 1921 2176 ι
1946 2123 2175 2179 Maledi-

2282 2125 2431 2197 Τίμα
2463 2126 2555 2181 τὸν
2582 2128 2795 2201 πατέρα
2853 2147 2946 2184 σου
2995 2134 3091 2185 καὶ
3133 2131 3231 2205 τὴν
3264 2133 3479 2205 μητέρα
3507 2151 3626 2200 σου,
3677 2134 3810 2199 καὶ,ιὶ

596 2226 776 2281 centis
814 2223 955 2295 patri
1009 2232 1106 2278 aut
1156 2222 1322 2276 matri
1370 2218 1755 2291 exstinguctur
1797 2218 2024 2272 lucerna
2050 2217 2118 2270 ".
2144 2234 2170 2269 ,ι

2282 2215 2599 2286 κακολογῶν
2652 2220 2866 2290 πατέρα
2904 2220 2941 2292 ἦ
3005 2222 3238 2293 μητέρα,
3267 2223 3486 2294 θανάτῳ
3535 2223 3806 2279 τελευτάτω.

560 2328 566 2334 ‘
597 2320 803 2375 lterum
826 2335 841 2373 :
864 2337 882 2369 ι
916 2314 1020 2383 Qui
1058 2316 1169 2370 vim
1204 2314 1337 2370 facit
1370 2314 1515 2383 patri
1553 2321 1650 2366 aut
1688 2311 1874 2375 matri,
1904 2320 1961 2366 et
2000 2308 2148 2365 credi

2294 2305 2483 2378 Ὑμεῖς
2506 2307 2565 2362 δὲ
2584 2308 2794 2377 λέγετε,
2838 2312 2935 2374 Ὃς
2963 2311 3028 2364 ἂν
3058 2312 3293 2383 εἴποιτῴ
3323 2314 3494 2387 πατρὶ
3523 2314 3556 2384 ἦ
3582 2317 3645 2386 τῇ
3683 2319 3808 2387 μητρὶ

596 2426 656 2465 se
686 2425 795 2463 non
825 2422 1079 2478 peccare,
1098 2406 1284 2467 socius
1310 2415 1395 2461 est
1422 2405 1524 2460 viri
1549 2404 1703 2475 impii
1727 2405 1824 2459 ⁷⁸.»
1853 2403 2095 2473 ldipsum
2121 2409 2177 2458 et

2282 2398 2470 2465 αὑτοῦ,
2492 2399 2735 2471 Κορϐᾶν,
2773 2402 2801 2455 ὃ
2822 2402 2938 2455 ἐστι
2966 2403 3161 2474 δῶρον,
3189 2404 3218 2457 ὃ
3246 2405 3342 2458 εὰν
3365 2404 3430 2470 ἐξ
3458 2404 3588 2476 ὶμοῦ
3636 2406 3806 2476 magna

596 2497 863 2553 Dominus
884 2496 954 2551 ad
990 2496 1321 2560 Pharisazos,
1363 2515 1381 2547 ι
1420 2494 1602 2562 Quare
1623 2503 1680 2549 et
1716 2509 1816 2548 vos
1842 2492 2178 2564 transgredi-

2283 2490 2410 2562 θῇς
2438 2491 2500 2544 οὐ
2524 2493 2600 2563 μὴ
2618 2493 2841 2563 τιμήσει
2859 2493 2951 2547 τὸν
2978 2495 3189 2566 πατέρα
3208 2494 3373 2549 αὑτοῦ
3404 2497 3440 2568 ἢ
3471 2495 3567 2565 ’.ὴν
3590 2499 3806 2567 μητέρι.»

596 2592 734 2645 mini
756 2591 930 2661 legem
963 2590 1061 2643 Dei
1095 2596 1322 2659 propter
1359 2586 1715 2641 traditionem
1740 2595 1984 2641 vestram
2004 2586 2027 2638 ?
2047 2600 2175 2639 nam

2294 2582 2455 2637 Ἀλλὰ
2479 2585 2663 2638 ταῦτα
2692 2587 2792 2657 μὲν
2842 2586 3001 2641 ἱκανὰ
3048 2589 3401 2659 παραστῆσαι
3425 2628 3442 2654 ,
3477 2590 3559 2644 ὅτι
3585 2589 3817 2658 ὀφειλέτεί

596 2685 742 2739 Deus
769 2683 942 2738 dixit:
971 2682 1194 2737 Honora
1227 2688 1441 2750 patrem
1466 2688 1620 2734 tuum
1648 2689 1976 2742 etmatrem,
2003 2685 2059 2734 et
2078 2677 2175 2748 qui

2281 2675 2449 2746 ἐσμὲν
2484 2678 2667 2731 πᾶσαν
2693 2678 2931 2750 ἀμοιϐὴν
2962 2680 3252 2733 ἀποδοῦναι
3275 2683 3387 2745 τοῖς
3411 2681 3655 2749 γονεῦσιν
3669 2683 3808 2753 ἡμῶν.

597 2773 946 2830 maledixerit
969 2774 1112 2844 patri
1133 2773 1219 2827 vel
1238 2771 1423 2837 matri,
1439 2778 1618 2827 morte
1640 2771 1905 2825 moriatur
1926 2788 1941 2837 ;
1963 2785 2059 2825 vos
2079 2786 2177 2825 au-

2280 2770 2371 2821 Δεῑ
2397 2768 2453 2822 δὲ
2505 2770 2727 2823 κάκεῖνο
2759 2768 2835 2842 μὴ
2865 2773 3099 2839 ἀγνοεῖν,
3154 2770 3315 2825 ὅτιού
3372 2773 3537 2843 μόνον
3564 2776 3680 2837 τοὺς
3704 2780 3811 2827 κατὰ

596 2878 706 2922 tem
733 2866 918 2921 dicitis
952 2881 965 2917 :
994 2865 1341 2934 Quicumque
1367 2862 1571 2917 dixerit
1598 2862 1741 2932 patri
1765 2862 1850 2917 vel
1877 2863 2039 2917 matri
2062 2878 2176 2918 suae

2282 2863 2461 2933 σάρκα
2486 2865 2662 2931 γονεῖς
2677 2863 2836 2934 ἡμῶν
2860 2863 3034 2919 ταῦτα
3057 2865 3464 2936 ἀπαιτούμεθα,
3483 2865 3616 2920 ἀλλὰ
3635 2869 3715 2921 καὶ
3729 2872 3810 2931 τοῖς

595 2959 812 3014 Corban
842 2957 1045 3031 :(quod
1078 2965 1164 3011 est
1181 2956 1426 3023 munus),
1466 2954 1857 3024 quodcumque
1880 2963 1965 3009 est
1993 2970 2060 3009 ex
2085 2970 2174 3010 me

2280 2954 2671 3024 πνευματικοῖς
2695 2953 2851 3024 ήμῶν
2869 2954 3109 3025 πατράσι
3122 2956 3399 3027 χρεωστοῦ
3407 2975 3511 3028 μεν
3531 2958 3730 3012 πλείονα
3750 2977 3812 3011 τι-

597 3050 697 3106 tibi
727 3048 1012 3123 proderit;
1037 3055 1095 3102 et
1112 3062 1224 3101 non
1251 3045 1645 3101 honoriﬁcabit
1662 3055 1874 3115 patrem
1899 3060 2058 3100 suum
2079 3054 2176 3100 aut

2282 3044 2392 3115 μὴν
2464 3045 2562 3099 καὶ
2613 3045 2780 3109 σέϐας
2799 3047 3119 3119 ἀπονέμειν,
3153 3048 3240 3102 ἵνα
3282 3048 3348 3102 δι’
3383 3050 3567 3103 αὐτῶν
3601 3050 3812 3123 κληρονο·

594 3150 827 3196 matrem
844 3121 912 3193 τά.
941 3157 959 3190 ι
987 3138 1092 3195 Sed
1115 3139 1231 3193 hac
1250 3137 1504 3192 sufﬁcere
1524 3145 1735 3207 putem,
1760 3135 1828 3191 ad
1855 3137 2174 3206 explicatio.

2218 3172 2245 3233 Β
2283 3138 2547 3208 μήσωμεν
2585 3138 2686 3199 τὴν
2720 3137 2970 3207 εὐλογίαν
3016 3139 3108 3193 τοῦ
3142 3139 3300 3220 Θεοῦ.
3336 3141 3453 3194 Οὐκ
3493 3121 3705 3195 ἔλαττον
3733 3147 3813 3211 γὰρ

594 3249 720 3289 nem
776 3232 982 3301 sumpti
1016 3230 1351 3300 argumenti,
1405 3244 1604 3300 nempe
1654 3228 1804 3298 quod
1850 3229 2174 3299 parentibus

2216 3228 2243 3233 ⁷
2278 3230 2374 3283 καὶ
2418 3230 2576 3284 αὐτοὶ
2620 3229 2886 3284 κοπιῶσιν
2945 3231 3041 3283 καὶ
3104 3231 3446 3303 μεριμνῶσιν
3500 3234 3634 3304 ὑπὲρ
3673 3234 3811 3302 ἡμῶν,

593 3332 772 3382 vicem
802 3324 1104 3380 debeamus
1136 3323 1440 3378 resolvere.
1472 3322 1640 3392 Atqui
1678 3336 1753 3375 ne
1779 3320 1917 3376 illud
1945 3322 2172 3392 quidem

2281 3321 2482 3392 μᾶλλον
2517 3322 2576 3376 δὲ
2600 3323 2696 3376 καὶ
2728 3322 2869 3377 πολὺ
2891 3322 3054 3376 πλέον
3081 3339 3094 3354 ο
3144 3324 3303 3395 εἴπερ
3333 3325 3382 3377 οἱ
3425 3325 3529 3395 μὲν
3563 3326 3813 3395 σαρκικῶς,

595 3423 852 3493 ignorare
872 3418 1186 3482 conveniat,
1211 3431 1247 3471 a»
1268 3416 1430 3471 nobis
1453 3431 1564 3470 non
1590 3415 1644 3470 id
1671 3415 1849 3487 repeti
1878 3416 2080 3480 solum,
2113 3424 2175 3470 ut

2276 3416 2327 3466 οἱ
2348 3414 2404 3468 δὲ
2427 3413 2820 3484 πνευματικῶς
2854 3415 3004 3484 ἡμᾶς
3045 3415 3329 3483 γεννῶσιν.
3364 3416 3557 3470 Ταῦτα
3597 3416 3650 3469 δὲ
3682 3417 3816 3468 πάντα

594 3512 921 3584 parentibus
941 3510 1245 3566 secundum
1297 3523 1519 3564 carnem
1558 3508 1728 3563 vicem
1761 3508 2169 3574 redhibcamus,

2275 3509 2339 3562 οὐ
2368 3508 2529 3580 μόνον
2563 3505 2729 3577 λόγῳ,
2744 3506 2885 3561 ἀλλὰ,
2908 3509 3004 3561 καὶ
3038 3507 3185 3578 ἔργῳ
3220 3509 3248 3561 ο
3270 3510 3478 3579 Κύριος
3505 3511 3648 3579 ἡμᾶς
3669 3513 3816 3563 ἐκπιε-

594 3620 790 3661 verum
834 3611 987 3659 tanto
1005 3601 1331 3672 ampliorem
1377 3600 1647 3655 honorem
1698 3600 2027 3670 cultumque
2068 3615 2173 3675 nos

2278 3598 2477 3654 δεύεαι
2532 3595 2639 3652 Ἦν
2664 3598 2791 3669 γὰρ,
2829 3600 3015 3671 φησὶν,
3069 3600 3515 3671 ὑποτασσόμενος
3552 3602 3627 3673 τῷ
3685 3603 3817 3671 πατρὶ

592 3697 799 3753 debere
836 3696 905 3750 iis
937 3694 1034 3767 qui
1058 3692 1363 3753 secundum
1388 3691 1647 3763 spiritum
1696 3698 1887 3761 patres
1915 3700 2047 3746 sunt
2078 3707 2178 3747 no-

2270 3694 2381 3754 ,καὶ
2412 3693 2479 3764 τῆ
2512 3693 2683 3763 μητρὶ
2709 3690 2898 3745 αὐτοῦ.
2939 3710 2959 3744 ι
2991 3692 3102 3745 Kal.
3126 3692 3185 3745 ἐν
3212 3693 3293 3763 τῷ
3321 3693 3549 3764 σταυρῷ
3599 3695 3720 3764 πρὸς
3752 3695 3818 3744 τὸν

592 3789 719 3855 stri,
745 3796 807 3841 ut
838 3802 937 3857 per
957 3800 1060 3840 nos
1084 3784 1403 3840 haereditate
1435 3799 1800 3854 assequamur
1835 3784 2180 3842 benedictio-

2287 3784 2581 3856 μαθητήν*
2632 3802 2651 3836 ι
2703 3783 2858 3849 Ἰδοὺ,
2910 3784 3163 3855 ἡμήτηρ
3213 3801 3304 3837 σου
3332 3799 3346 3814 ο
3381 3804 3401 3838 ι
3460 3788 3556 3838 καὶ
3602 3786 3722 3855 πρὸς
3748 3787 3818 3854 τὴν

592 3895 720 3935 nem
740 3879 860 3933 Dei.
881 3876 1093 3947 1203
1109 3876 1299 3945 Neque
1329 3876 1476 3930 enim
1496 3874 1679 3929 minus
1702 3874 1874 3930 nostri
1898 3892 2060 3931 causa
2084 3877 2177 3933 isti

1556 3874 1679 3929 inus
1702 3874 1874 3930 nostri
1898 3892 2060 3931 causa
2084 3877 2177 3933 isti
2284 3876 2541 3949 Μητέρα,
2569 3895 2589 3928 ι
2626 3876 2753 3931 Ἰδοὺ
2789 3878 2816 3930 ὁ
2845 3876 2960 3939 υἱός
2984 3893 3101 3931 σου.
3133 3896 3151 3930 ι

591 3976 944 4040 aillietantur,
974 3980 1071 4027 aut
1101 3972 1315 4026 minore
1367 3986 1497 4026 cura
1544 3980 1896 4040 premuntur,
1930 3974 2063 4042 quin
2114 3975 2319 4046 majore
2353 3975 2561 4029 multo:
2588 3972 2857 4044 siquidem
2890 3972 2968 4026 illi
2997 3988 3187 4037 carne,
3210 3972 3269 4027 bi
3304 3985 3493 4028 autem
3525 3973 3709 4045 spiritu
3742 3986 3818 4024 nos

592 4074 942 4140 regenerant.
974 4063 1100 4120 Haec
1125 4077 1292 4134 porro
1327 4063 1513 4118 omnia
1545 4079 1655 4118 non
1682 4079 1938 4120 sermone
1966 4067 2167 4133 solum,
2207 4068 2304 4123 sed
2365 4075 2423 4123 et
2459 4082 2625 4138 opere
2688 4081 2791 4121 nos
2816 4063 3017 4123 edocet
3058 4065 3350 4131 Dominus;
3392 4066 3473 4121 ait
3501 4067 3648 4122 enim
3702 4066 3819 4119 Scri-

552 4182 556 4185 ’
592 4172 775 4235 plura,
806 4163 937 4232 quia
963 4179 982 4213 ι
1015 4163 1284 4218 Subditus
1315 4172 1438 4219 erat
1472 4164 1618 4234 patri
1658 4174 1714 4219 et
1748 4166 1912 4219 matri
1948 4167 2190 4221 suae".i
2230 4166 2340 4222 Sed
2380 4174 2438 4222 et
2473 4167 2535 4221 in
2570 4179 2736 4221 cruce
2764 4162 2833 4219 ad
2858 4161 3193 4233 discipulum
3228 4146 3267 4215 ε⁴
3294 4184 3311 4213 θ
3353 4164 3503 4219 Ecce
3528 4172 3816 4223 malertuap

591 4269 649 4316 et
677 4261 744 4315 ad
782 4261 1013 4316 Matrem
1046 4278 1061 4316 :
1100 4281 1118 4313 ι
1138 4262 1279 4318 Ecce
1310 4254 1454 4318 ﬁlius
1486 4272 1617 4318 tuus
1639 4264 1708 4317 ’⁸.
1739 4282 1757 4315 ι
1786 4262 1891 4334 lpsi
1917 4262 2087 4335 gloria
2124 4264 2179 4318 in
2210 4263 2427 4319 saecula.
2461 4262 2658 4319 Amen.

1149 4352 1437 4408 HOMILIA
1472 4353 1612 4409 CIX.
2086 4412 2087 4415 η

2086 4412 2087 4415 η
2881 4353 3101 4407 ΛΟΓΟΣ
3131 4350 3253 4406 PO’.

957 4444 1330 4499 Reverentiam
1369 4445 1546 4499 deberi
1581 4447 1811 4501 senibus.
2476 4450 2552 4501 ηε

2476 4445 2620 4514 Περὶ
2644 4444 2753 4501 τοῦ
2783 4446 3168 4500 εὐλαϐεῖσθαι
3196 4446 3662 4514 πρεσϐυτέρους.

664 4536 733 4593 Et
773 4536 999 4607 quidem
1044 4552 1207 4592 senes
1250 4536 1496 4591 revereri
1542 4538 1724 4593 modis
1767 4540 2026 4595 omnibus
2067 4541 2182 4597 Deo
2213 4538 2259 4596 Ι)

2227 4538 2265 4596 D
2306 4596 2317 4605 ,
2354 4537 2473 4592 Καὶ
2505 4538 2568 4591 τὸ
2598 4536 2949 4591 εὐλαϐεῖσθαι
2984 4536 3321 4607 πρεσϐύτας,
3368 4537 3517 4589 πάνυ
3573 4537 3822 4605 adaperta!

589 4641 677 4688 est
707 4640 1023 4701 acceptum,
1050 4639 1108 4685 et
1138 4629 1465 4685 hominibus
1494 4629 1961 4686 commendabile.
1990 4631 2097 4687 Sed
2128 4641 2184 4687 et

2282 4630 2361 4703 τῷ
2389 4629 2531 4700 Θεῷ,
2555 4628 2654 4683 καὶ
2683 4626 2998 4699 ἀνθρώποις
3018 4627 3328 4691 ἐπαινετὸν,
3355 4627 3454 4679 καὶ
3476 4627 3542 4680 τὸ
3576 4626 3671 4696 τὴν
3704 4626 3822 4692 ὀφει-

593 4726 864 4781 honorem
900 4722 1119 4778 deferre
1154 4738 1289 4778 sane
1326 4722 1577 4778 debitum
1614 4722 1815 4779 declivi
1846 4724 1959 4794 jam
1992 4742 2055 4780 ac
2087 4726 2185 4780 (le—

2282 4722 2516 4792 λομένην
2547 4720 2723 4789 τιμὴν
2754 4720 3056 4790 ἀπονέμειν
3102 4721 3223 4782 τοῖς
3249 4718 3533 4789 γέρουσιν,
3559 4718 3747 4786 ὁμοίως
3764 4714 3822 4781 τῷ

590 4832 731 4872 vexa
756 4822 921 4870 aetate
945 4815 1105 4879 viris,
1130 4814 1501 4869 nihilominus
1523 4815 1637 4870 Deo
1663 4817 1993 4887 gratiosum,
2022 4818 2183 4874 nobis

2282 4812 2403 4882 Θεῷ
2434 4811 2532 4883 μὲν
2579 4809 2973 4877 εὐαπὸδεκτον,
2998 4810 3129 4879 ἡμῖν
3179 4810 3235 4862 δὲ
3282 4808 3402 4862 λίαν
3453 4809 3723 4879 χρήσιμον
3755 4804 3824 4857 καὶ

592 4924 729 4964 vero
755 4908 923 4963 nimis
944 4922 1109 4978 quam
1137 4906 1554 4961 accommodum
1576 4917 1633 4961 et
1653 4908 1807 4962 utile.
1837 4906 1946 4964 Nos
1975 4909 2181 4965 etenim

2281 4904 2578 4976 ὠφέλιμον.
2604 4904 2668 4956 Εἰ
2695 4904 2794 4973 μὲν
2815 4902 2927 4973 γὰρ
2960 4901 3055 4956 καὶ
3074 4903 3239 4972 ἡμεῖς
3257 4902 3387 4964 τοὺς
3404 4901 3613 4963 αὐτοὺς
3640 4900 3824 4969 χρόνους

596 5001 642 5055 si
668 5000 958 5069 continget
986 4998 1055 5053 ad
1082 5013 1148 5053 ea
1178 5013 1353 5067 usque
1382 5006 1634 5067 tempora
1663 5014 1960 5069 prorogare
1983 4999 2175 5067 vitam,

2285 4993 2597 5066 βιώσωμεν,
2631 4994 2852 5059 πάντως
2881 4995 2987 5065 τὴν
3020 4993 3189 5066 αὐτὴν
3234 4993 3578 5065 ἀνταμοιϐὴν
3627 4991 3822 5060 ιξωμεν.

594 5091 850 5146 eamdem
890 5105 1148 5161 prorsum
1198 5090 1537 5160 recipiemus
1579 5091 1915 5146 mercedem.
1952 5091 2009 5147 Si
2046 5108 2180 5149 vero

2285 5088 2348 5141 El
2380 5087 2437 5141 δὲ
2464 5086 2635 5158 ἀώρῳ·
2666 5087 2857 5159 ἡλικίᾳ
2901 5085 3255 5156 ἀναλύσωμεν
3312 5082 3595 5149 ἐντεῦθεν,
3649 5083 3824 5152 ἔχωμεν

596 5184 730 5240 hinc
762 5183 1080 5237 abeundum
1116 5184 1191 5238 sit
1224 5183 1555 5253 intempesta
1588 5191 1777 5249 aetate,
1815 5184 2179 5239 nihilominus

2288 5181 2382 5235 τὸν
2414 5180 2620 5250 Κύριον
2648 5182 2808 5253 ἡμῶν
2844 5180 3270 5251 μισθαποδότην.
3302 5178 3415 5231 Καὶ
3433 5178 3494 5230 ὲν
3527 5174 3825 5247 ἀμφοτέροις

598 5291 792 5332 sumus
826 5272 1072 5330 habituri
1108 5276 1404 5330 Dominum
1440 5285 1691 5331 nostrum
1727 5277 2004 5332 mercedis
2038 5280 2184 5348 repi-

2287 5273 2386 5344 μὲν
2407 5276 2435 5328 ὀ
2460 5273 2622 5338 αὐτὸς
2649 5273 2844 5345 μισθὸς
2859 5271 3266 5345 μισθοπάροχός
3280 5272 3451 5335 ἐστιν,
3475 5271 3594 5323 εῐτε
3615 5270 3826 5337 ὲνγήρειν

599 5376 973 5439 gneratorem.
1004 5367 1062 5422 ln
1096 5369 1309 5424 utrovis
1342 5367 1459 5439 ipse
1492 5384 1725 5435 merces,
1759 5369 1855 5440 qui
1887 5378 1944 5424 et
1975 5384 2185 5425 merce-

2283 5364 2396 5419 εῑτε
2427 5367 2486 5422 ὲν
2511 5366 2746 5437 νεότητι.
2776 5365 2949 5436 Φησὶν
2976 5365 3111 5437 γὰρ,
3155 5383 3175 5416 ι
3211 5364 3310 5418 Ὃν
3337 5364 3546 5435 τρόπον
3574 5360 3830 5430 ἐποίησας,

604 5461 689 5518 dis
716 5460 894 5531 dignae
916 5467 1002 5515 est
1027 5459 1380 5528 distributor,
1410 5461 1525 5517 sive
1552 5462 1683 5517 hinc
1709 5477 1876 5518 senex
1902 5462 2183 5533 migrabis,

2285 5460 2441 5515 ἐσται
2497 5476 2600 5515 σοι.
2639 5478 2658 5512 ι
2698 5460 2922 5531 Πρῶτος
2982 5459 3223 5529 Μωῦσῆς
3273 5456 3623 5519 ἐντέλλεται,
3668 5454 3829 5520 λέγων.

599 5552 718 5608 sive
748 5552 928 5609 aetatis
962 5552 1119 5609 ﬂore.
1152 5554 1256 5608 Ait‘
1279 5554 1426 5610 enim
1465 5554 1558 5610 ille
1591 5573 1606 5609 :
1651 5574 1670 5608 ι
1710 5555 2185 5622 Quemadmodum

2292 5571 2317 5606 ε
2368 5552 2502 5608 Ἀπὸ
2530 5552 2829 5625 προσώπου
2860 5551 3052 5606 πολιοῦ
3086 5549 3467 5621 ὲξαναστήσει,
3485 5548 3588 5601 καὶ
3612 5545 3831 5617 τιμήσεις

673 5686 724 5761 6:
770 5686 944 5761 .Emd-
970 5704 1061 5751 Πν
1098 5688 1219 5743 ην
1262 5690 1306 5721 ⁶τ
1338 5689 1475 5753 ibid.
1517 5708 1627 5756 ut,
1658 5692 1742 5747 17.
1823 5693 1868 5725 ⁸⁸
1910 5694 2013 5749 lsa.
2054 5707 2180 5756 xw,
2221 5688 2268 5742 ll

2235 5688 2324 5751 l0;
2387 5689 2663 5761 xnvm,4.
2786 5690 2829 5721 ”
2850 5688 3032 5743 Eccle.
3075 5704 3155 5749 ιιι,
3186 5686 3267 5761 Αϐ.
3332 5676 3830 5761 __’f_Ee_cli.m,_lﬂ!j

686 5757 888 5825 Ephes.
916 5775 990 5821 νι,
1029 5747 1080 5822 1,
1110 5762 1165 5814 2.
1244 5762 1287 5792 ⁷³
1316 5747 1557 5822 1Τὶιιι.ν,
1588 5747 1634 5814 4.
1676 5763 1718 5795 ⁷³
1749 5747 2026 5826 Ρνονξκν,
2066 5747 2178 5815 20.’

2237 5760 2277 5792 ⁷⁵
2299 5747 2460 5816 l’rov.
2494 5747 2584 5829 xx:
2608 5763 2698 5814 20.
2774 5761 2820 5793 ⁸⁷⁸
2851 5761 3014 5814 Prov.
3048 5747 3158 5823 xix,
3180 5757 3270 5810 26.
3332 5756 3374 5785 "
3399 5752 3593 5808 Matth.
3622 5747 3832 5813 “£43;

602 5824 776 5882 Marc.
798 5844 900 5895 vn,
923 5830 1073 5885 9-15.
1152 5831 1194 5861 ⁷⁷
1222 5831 1357 5886 Luc.
1392 5848 1451 5895 ιι,
1483 5832 1572 5885 51.
1651 5834 1694 5863 ⁷⁸⁸
1732 5833 1890 5887 Joan.
1923 5824 2033 5891 Xix.
2069 5834 2160 5893 ‘26.
2186 5830 2280 5885 27.
