4040 6510
293 397 423 462 1769

922 385 1248 447 HOMILIA
1288 383 1615 445 (ΣΧ-ΒΕ
1654 378 2281 444 LONGANIMITATE
2322 381 2413 439 ET
2452 380 2896 440 IBACUNDIA.

3405 380 3540 443 1770

286 510 575 583 πρόσωπον
608 497 997 571 πρεσϐυτέρου.
1044 515 1063 547 ι
1109 497 1173 547 ὐ
1204 495 1261 547 δὲ
1284 494 1406 548 ἰὠσ
1434 513 1447 525 .
1480 515 1497 546 ι
1556 496 1647 548 Ἔν
1676 495 1855 565 πολλῷ

1961 492 2159 555 fecisti,
2193 493 2283 547 ﬁet
2318 494 2415 547 tibi
2436 494 2501 546 ⁷³.
2538 511 2555 543 ι
2590 492 2810 547 Primus
2839 488 3017 546 Moses
3050 493 3275 547 mandat
3301 493 3492 548 dicens
3524 512 3535 548 :

285 600 477 671 χρόνῳ,
514 591 709 660 σοφία·
752 591 811 641 ὲν
864 588 920 640 δὲ
962 584 1145 655 πολλῷ
1174 584 1295 655 βίῳ,
1336 585 1635 655 ἐπιστήμη,
1683 604 1700 635 ι
1747 586 1856 639 καὶ

283 691 468 750 ἄλλος·
505 704 523 735 ι
584 683 858 749 Στέφανος
906 678 1181 749 γερόντων
1240 678 1588 748 πολυπειρία,
1651 679 1743 732 καὶ
1796 678 1857 731 τὸ

281 780 540 849 καύχημα
594 772 793 836 αὐτῶν,
825 770 989 839 φόϐος
1024 768 1250 838 Κυρίου.
1289 787 1309 819 ι
1347 768 1457 821 Καὶ
1491 770 1519 819 6
1596 769 1853 821 Ἀπόστο-

280 874 368 934 λος
397 866 647 938 Τιμοθέῳ
680 881 694 896 ο
738 882 756 915 ι
811 861 1173 932 Πρεσὸυτέρῳ
1231 859 1304 930 μὴ
1353 858 1685 932 ἐπιπλήξῃς,
1722 860 1858 913 ἀλλὰ

279 959 585 1029 παρακάλει
621 957 698 1019 ὡς
742 955 979 1023 πατέρα.
1022 972 1040 1005 ι
1091 952 1251 1006 Ἀλλά
1294 952 1513 1014 πάντως
1554 954 1701 1023 ἐρεῖς
1744 966 1854 1021 μοι,

282 1070 300 1103 ι
332 1051 450 1122 Χρὴ
500 1050 624 1111 τοὺς
682 1046 999 1117 πρεσϐύτας
1046 1045 1352 1114 νηφαλέους
1381 1040 1543 1108 εἶναι,
1599 1045 1854 1114 σεμνοὺς,

276 1142 617 1211 ὑγιαίνοντας
644 1142 708 1211 τῇ
753 1139 956 1201 πίστει,
983 1138 1051 1208 τῇ
1071 1136 1285 1207 ἀγάπη,
1325 1156 1341 1187 ι
1375 1135 1518 1189 κατὰ
1564 1137 1657 1189 τὸν
1698 1135 1857 1189 ’Λπό-

274 1233 485 1289 στολον.
519 1253 537 1284 ι
568 1231 752 1303 Γῆρας
773 1230 881 1299 γὰρ
904 1228 1092 1298 τίμιόν
1129 1230 1299 1289 ἐστιν,
1320 1229 1382 1281 οὺ
1402 1228 1465 1281 τὸ
1479 1226 1853 1298 πολυχρόνιον.

272 1326 407 1379 Οὐδὲ
442 1324 673 1395 ἀριθμὸς
710 1323 849 1376 ἐτῶν
885 1324 1165 1391 μετρεῖται
1186 1337 1201 1353 ·
1229 1320 1415 1373 πολιαὶ
1464 1320 1523 1373 δέ
1556 1321 1698 1373 εἰσιν
1725 1320 1857 1390 φρό-

272 1432 430 1484 νησις
461 1412 793 1484 ἀνθρώποις,
828 1413 924 1465 καὶ
946 1410 1134 1481 ἡλικία
1167 1410 1392 1481 γήρους,
1425 1409 1538 1479 βίος
1584 1408 1855 1479 ἁκηλίδω-

270 1524 383 1569 τος,
426 1524 444 1555 ι
472 1506 610 1559 κατὰ
633 1505 727 1575 τὴν
758 1502 1004 1574 Γραφήν.
1037 1502 1208 1555 Τοῦτο
1236 1503 1335 1571 οὑχ
1365 1501 1524 1571 ἡμῶν
1548 1503 1697 1553 ἐστιν
1737 1502 1857 1571 κρῖ·

271 1616 381 1662 ναι,
423 1597 558 1651 ἀλλὰ
576 1596 670 1649 τοῦ
708 1596 1101 1667 δοκιμάζοντος
1128 1594 1226 1656 τὰς
1250 1594 1481 1663 καρδίας
1504 1592 1663 1661 ἡμῶν
1692 1592 1851 1645 Θεοῦ.

281 1690 473 1760 ’Πμῶν
518 1690 571 1742 δέ
600 1691 719 1742 ἐστι
749 1691 915 1742 πᾶσιν
958 1687 1249 1740 ἀποδοῦναι
1292 1686 1391 1750 τὰς
1421 1686 1661 1754 ὀφειλὰς,
1710 1704 1727 1737 ι
1766 1684 1854 1755 Τῷ

268 1784 361 1835 τὸν
404 1780 589 1852 φόϐον,
609 1779 686 1849 τῷ
713 1779 889 1850 φόϐῳ·
930 1779 1009 1850 τῷ
1032 1778 1131 1847 τὴν
1152 1778 1338 1846 τιμὴν,
1377 1778 1445 1847 τῇ
1472 1778 1609 1845 τιμῇ
1627 1792 1640 1806 ·
1673 1776 1735 1828 οὐ
1768 1775 1855 1845 μό-

269 1890 361 1925 νον
392 1875 504 1935 τοῖς
543 1871 769 1939 ἀγαθοῖς
790 1871 884 1923 καὶ
922 1869 1247 1934 ἐπιεικέσιν,
1286 1868 1422 1921 ἀλλὰ
1453 1871 1546 1923 καὶ
1576 1872 1691 1931 τοῖς
1724 1886 1851 1921 σκο·

267 1965 425 2027 λιοῖς.
477 1982 495 2015 ι
532 1964 643 2016 Καὶ
690 1962 759 2033 τῇ
784 1960 1110 2032 φιλαδελφίᾳ
1147 1962 1228 2023 εἰς
1252 1959 1515 2031 ἀλλήλους
1573 1961 1852 2031 φιλόστορ⁴

270 2074 382 2125 γοι,
409 2072 429 2108 ι
465 2054 542 2127 Τῇ
566 2058 700 2126 τιμῇ
726 2054 991 2123 ἀλλήλους
1022 2052 1448 2124 προηγούμενοι.
1491 2072 1508 2103 ι
1537 2053 1851 2123 Γέγραπται

268 2150 382 2220 γάρ
410 2167 423 2181 ·
466 2164 486 2201 ι
532 2150 649 2213 Υἱὲ,
696 2150 799 2201 ἐὰν
827 2147 990 2216 σοφὸς
1026 2148 1125 2218 ἔσῃ
1147 2146 1382 2217 σεαυτῷ,
1419 2147 1581 2215 σοφὸς
1632 2146 1728 2217 ἔσῃ
1764 2148 1855 2199 καὶ

264 2247 383 2308 τοῖς
416 2242 651 2313 πλησίον
683 2254 777 2294 σου
800 2257 812 2269 ·
846 2242 941 2294 ἐὰν
971 2240 1025 2293 δὲ
1058 2236 1227 2303 κακδς
1266 2240 1498 2310 ἀποϐῇς,
1559 2238 1722 2309 μόνος
1760 2240 1853 2292 ἀν-

1968 604 1985 636 ι
2018 588 2061 641 Α
2094 588 2230 641 facie
2261 589 2383 641 cani
2416 588 2614 657 capitis
2644 602 2966 657 consurges,
2996 596 3056 651 et
3086 587 3391 641 honorabis
3420 588 3541 640 vul.

1960 685 2076 731 tum
2112 679 2431 733 senioris”.
2476 699 2492 729 ι
2532 679 2637 733 Job
2673 694 2807 732 vero
2847 696 2857 731 :
2902 696 2918 728 ι
2961 678 3019 731 In
3056 678 3233 733 multo
3269 686 3539 748 tempore,

1959 770 2262 838 sapientia.
2292 780 2345 823 et
2378 770 2433 823 in
2464 771 2574 823 vita
2608 769 2937 839 prolixiorc,
2972 769 3204 823 scientia
3225 770 3292 823 ⁶¹.
3331 788 3351 821 ι
3386 770 3542 825 Alius

1960 861 2089 916 item
2120 879 2133 915 :
2173 881 2190 913 ι
2227 861 2441 917 Corona
2474 878 2698 928 senum,
2732 864 2901 918 multa
2934 863 3167 933 peritia,
3200 871 3256 917 et
3285 864 3542 934 gloriatio

1958 968 2151 1008 eorum
2185 954 2349 1007 timor
2378 955 2597 1009 Domini
2620 956 2686 1008 ⁸⁸.
2725 976 2742 1007 ι
2779 956 3076 1025 Apostolus
3102 956 3329 1026 insuper
3356 956 3541 1010 Timo»

1961 1043 2089 1097 theo
2124 1061 2136 1095 :
2177 1062 2198 1095 ι
2233 1042 2521 1099 Seniorem
2558 1059 2627 1099 ne
2663 1046 3058 1117 increpaveris,
3092 1048 3189 1103 sed
3224 1048 3450 1103 obsecra
3481 1058 3543 1104 ut

1957 1143 2174 1203 patrem
2197 1134 2264 1187 ⁸³.
2298 1152 2318 1185 ›
2346 1134 2585 1190 Omnino
2608 1134 2746 1190 illud
2769 1136 2954 1192 forsan
2976 1138 3251 1209 objeceris
3277 1157 3289 1193 :
3324 1159 3343 1191 ι
3369 1139 3541 1209 Opor-

1960 1234 2038 1281 tet
2080 1241 2242 1280 senes
2285 1227 2504 1282 sobrios
2544 1242 2690 1293 esse,
2729 1236 2931 1293 castos,
2968 1246 3133 1286 sanos
3171 1231 3278 1287 ﬁde
3314 1241 3371 1287 et
3404 1232 3543 1287 dile-

1957 1317 2141 1372 ctione
2166 1318 2245 1381 “,
2302 1337 2323 1370 ι
2370 1320 2525 1389 juxta
2579 1320 2831 1389 ejusdem
2880 1322 3129 1391 Apostoli
3180 1325 3538 1379 sententiam.

1965 1429 1983 1461 ι
2011 1410 2284 1467 Senectus
2310 1412 2459 1466 enim
2490 1412 2833 1468 honorabilis
2857 1423 2942 1469 est
2971 1431 3080 1470 non
3113 1417 3377 1471 diuturna
3397 1458 3415 1485 ,
3442 1433 3543 1473 ne-

1956 1516 2065 1571 que
2100 1519 2373 1557 annorum
2413 1520 2649 1559 numero
2682 1514 3031 1575 computata,
3069 1509 3190 1562 cani
3229 1510 3378 1563 enim
3414 1520 3543 1565 sunt

1956 1606 2155 1649 sensus
2200 1595 2469 1661 hominis,
2509 1604 2566 1649 et
2604 1604 2736 1651 mtas
2778 1600 3084 1653 senectutis
3122 1600 3235 1653 vita
3277 1601 3544 1657 immacu-

1956 1686 2084 1752 lata,
2123 1706 2140 1737 ι
2172 1688 2328 1757 juxta
2360 1688 2785 1759 Scripturam".
2822 1691 3037 1746 Nostrae
3063 1708 3173 1746 non
3202 1702 3284 1747 est
3312 1694 3543 1749 faculta-

1958 1779 2048 1843 tis,
2078 1780 2443 1848 pronuntiare
2467 1781 2537 1835 de
2566 1782 2864 1852 ejusmodi,
2892 1784 3067 1853 magis
3090 1796 3274 1839 autem
3304 1786 3420 1850 Dei,
3447 1786 3540 1856 qui

1954 1870 2150 1938 probat
2181 1871 2346 1925 corda
2376 1881 2569 1925 nostra
2600 1889 2612 1925 :
2642 1881 2845 1928 nostrae
2874 1874 3392 1931 autem‘tunctionis
3424 1878 3544 1931 nni-

1954 1964 2185 2019 cuilibet
2218 1965 2454 2020 reddere
2484 1981 2583 2021 sua
2613 1967 2800 2022 debita
2833 1986 2843 2022 :
2881 1986 2898 2019 ι
2931 1969 3031 2024 Cui
3068 1971 3345 2037 timorem,
3377 1973 3541 2027 timo-

1957 2064 2072 2110 rem
2105 2075 2117 2110 :
2146 2057 2236 2110 cui
2269 2058 2559 2123 honorem,
2597 2059 2863 2114 honorem
2899 2079 2912 2113 :
2946 2077 3059 2115 non
3089 2064 3266 2117 solum
3300 2064 3461 2120 bonis
3487 2075 3544 2119 et

1956 2148 2242 2215 modestis,
2276 2149 2371 2203 sed
2403 2157 2459 2204 et
2487 2150 2727 2220 dyscolis
2750 2151 2817 2205 ⁸⁸.
2855 2172 2873 2203 ι
2912 2153 3018 2207 Sed
3048 2164 3103 2208 et
3132 2155 3378 2210 fraterna
3412 2158 3538 2212 cha-

1957 2240 2120 2294 ritate
2154 2240 2390 2296 invicem
2420 2243 2673 2296 benevoli
2708 2260 2721 2296 :
2760 2262 2778 2294 ι
2816 2244 3034 2300 Honore
3067 2247 3302 2301 invicem
3336 2263 3545 2319 prteve-

264 2339 490 2407 τλήσεις
530 2335 599 2389 τὰ
636 2334 798 2388 κακά.
862 2353 881 2385 ι
929 2332 1207 2393 Ὡσαύτως
1247 2334 1343 2385 καὶ
1400 2334 1426 2385 6
1460 2332 1697 2402 Πέτρος·
1734 2351 1753 2383 ι
1792 2330 1852 2385 Oi

1961 2334 2258 2387 nientes".
2294 2355 2313 2383 ›
2345 2333 2624 2403 Scriptum
2650 2336 2856 2406 quippe
2882 2347 2967 2392 est
2994 2356 3007 2391 :
3043 2358 3061 2389 ι
3093 2340 3216 2404 Fili,
3245 2342 3289 2396 si
3320 2343 3545 2412 sapiens

264 2427 524 2499 νεώτεροι
552 2427 864 2497 ὑποτάγητε
895 2424 1293 2496 πρεσϐυτέροις
1314 2441 1327 2452 ·
1365 2425 1568 2487 πάντες
1591 2426 1649 2478 δὲ
1676 2427 1733 2477 ἐν
1761 2425 1855 2480 ἀλ-

1961 2426 2155 2491 fueris,
2192 2426 2291 2480 tibi
2331 2426 2436 2495 ipsi
2472 2426 2587 2481 eris
2619 2436 2674 2482 et
2708 2429 2961 2497 proximo
2994 2447 3005 2483 :
3038 2431 3082 2484 si
3119 2441 3305 2487 autem
3338 2436 3541 2500 malus,

264 2522 455 2592 λήλοις
508 2520 605 2589 τὴν
648 2515 1152 2588 ταπεινοφροσύνην
1209 2515 1632 2584 ὲγκολπίσασῦε,
1697 2516 1778 2569 ὅτι
1829 2517 1856 2570 6

1961 2515 2232 2579 lntcribis,
2254 2522 2312 2569 et
2339 2516 2490 2570 solus
2520 2517 2818 2572 exhauries
2848 2519 2988 2573 mala
3008 2520 3073 2574 ⁸⁸.
3105 2539 3121 2570 ›
3150 2522 3263 2575 Nec
3291 2521 3546 2578 diversus

264 2614 402 2677 Θεὸς
429 2613 804 2682 ὑπερηφάνοις
836 2612 1255 2673 ἀντιτάσσεται,
1289 2611 1571 2672 ταπεινοῖς
1604 2608 1856 2663 δὲ-δίδωσι

1961 2607 2073 2661 abit
2097 2607 2292 2662 Petrus
2323 2625 2335 2661 :
2371 2627 2389 2659 ι
2415 2608 2696 2676 Iuniores,
2726 2611 2962 2681 subjecti
2986 2614 3160 2667 estote
3189 2614 3543 2669 senioribus:

264 2706 452 2777 χάριν.
480 2702 868 2773 ’ταπεινώθητε
892 2700 985 2756 οῦν
1013 2702 1119 2755 ὑπο
1143 2702 1239 2773 τὴν
1265 2702 1535 2773 κραταιὰν
1567 2704 1725 2772 χεῖριι
1759 2700 1853 2753 τοῦ

1961 2712 2154 2753 omnes
2186 2709 2369 2755 autem
2402 2700 2642 2755 invicem
2672 2702 3043 2757 humilitatem
3079 2704 3386 2766 insinuate,
3419 2708 3545 2776 quia

266 2797 431 2861 Θεοῦ,
472 2798 553 2850 ἵνα
588 2798 731 2866 ὑμᾶς
770 2794 961 2865 ὑψώσῃ
990 2795 1048 2845 ὲν
1083 2793 1278 2864 καιρῷ.
1318 2812 1336 2844 ι
1366 2794 1576 2864 Πρέπει
1609 2793 1705 2846 οῦν
1743 2795 1854 2856 τοῖς

1964 2789 2108 2845 Deus
2151 2792 2412 2861 superbis
2452 2794 2685 2859 resistit,
2726 2794 3032 2850 humilibus
3069 2807 3253 2851 autem
3293 2799 3386 2852 dat
3430 2810 3547 2869 gra~

266 2890 620 2959 Χριστιανοῐς
676 2888 864 2950 πᾶσιν,
921 2884 1215 2938 ἀποδοῦναι
1247 2885 1348 2947 τὰς
1385 2885 1630 2954 ὀφειλάς.
1685 2885 1857 2938 Τοῦτο

1962 2884 2115 2939 tiam.
2158 2882 2371 2957 1204
2406 2884 2789 2941 llumiliamini
2822 2902 2956 2957 ergo
2991 2888 3097 2943 sub
3130 2891 3339 2958 potenti
3382 2906 3547 2945 manu

266 2982 382 3051 γὰρ
433 2980 491 3043 ἐξ
552 2979 716 3032 αὑτοῦ
772 2978 863 3032 τοῦ
896 2979 1105 3049 Κυρίου
1138 2977 1235 3030 καὶ
1281 2978 1417 3030 Θεοῦ
1474 2980 1568 3031 καὶ
1600 2977 1857 3047 Σωτῆρος

1961 2974 2079 3039 Dei,
2109 2986 2168 3031 ut
2200 2979 2403 3031 exaltet
2436 2994 2533 3032 vos
2568 2980 2620 3032 in
2660 2988 2909 3049 tempore
2937 2983 3002 3034 "9.
3046 3000 3063 3030 ι
3103 2982 3348 3037 Addccet
3384 2983 3547 3053 igitur

268 3070 436 3142 ἡμῶν
464 3070 639 3141 Ἰησοῦ
696 3069 938 3136 Χριστοῦ
1000 3067 1392 3137 παιδευόμεθα.
1451 3069 1548 3119 Διὰ
1600 3068 1708 3137 γὰρ
1759 3066 1857 3136 τὴν

1961 3082 2062 3120 nos
2104 3067 2196 3135 qui
2238 3066 2537 3123 Christiani
2586 3085 2810 3136 sumus,
2856 3072 3093 3141 singulis
3136 3074 3447 3144 quibusque
3490 3086 3549 3130 ut

265 3160 484 3229 ἄφατον
514 3160 680 3213 αὑτοῦ
717 3161 853 3232 πρὶς
883 3158 1040 3229 ἡμῶν
1113 3158 1554 3227 συγκαταϐασιν,
1599 3159 1699 3211 οὐκ
1750 3160 1857 3212 ἀπ-

1964 3158 2263 3214 reddamus
2294 3160 2503 3215 debita.
2532 3160 2667 3216 Nam
2698 3172 2755 3217 et
2786 3163 2890 3219 hoc
2922 3165 2991 3218 ab
3027 3166 3147 3234 ipso
3176 3167 3409 3221 Domino
3439 3169 3550 3223 Deo

266 3253 510 3322 ηξίωσεν
542 3252 948 3320 παραγενέσθαι
975 3252 1107 3323 πρὸς
1146 3251 1535 3321 Ίιυάννην,τοῦ
1558 3250 1857 3321 βαπτισθῆ-

268 3364 365 3399 ναι
390 3346 487 3398 ὑπ’
514 3345 702 3399 αὑτοῦ.
724 3344 782 3398 Ὀ
811 3344 867 3398 δὲ
890 3344 1183 3397 διεκώλυεν
1214 3344 1402 3407 αὑτὸν,
1431 3343 1633 3412 λέγων·
1672 3358 1690 3395 ι
1717 3342 1861 3411 Ἐγὼ

269 3438 469 3507 χρείαν
502 3437 609 3506 ἔχω
644 3438 749 3489 ὑπὸ
780 3437 873 3490 σοῦ
904 3436 1292 3507 βαπτισθῆναι,
1338 3438 1430 3491 καὶ
1464 3437 1529 3489 σὺ
1558 3436 1692 3506 ἔρχῃ
1728 3436 1863 3503 πρός

273 3548 385 3599 με;
428 3548 445 3579 ι
477 3532 505 3583 6
538 3528 592 3581 δὲ
621 3528 902 3598 Δεσπότης
933 3528 1012 3599 τῷ
1042 3527 1234 3598 δούλῳ·
1278 3540 1299 3579 ‹
1334 3528 1507 3596 Ἀφες
1542 3525 1695 3594 ἄρτι·
1721 3524 1864 3578 οὕτω

270 3623 387 3692 γὰρ
420 3622 630 3693 πρέπον
672 3622 802 3692 ἡμῖν
842 3622 991 3673 ἐστιν
1035 3620 1325 3691 πληρῶσαι
1361 3621 1540 3672 πᾶσαν
1589 3616 1863 3671 δικαιοσύ-

271 3731 397 3783 νην.
440 3732 457 3764 ›
494 3710 854 3783 Αὑτῷὴδόξα
887 3716 964 3775 εἰς
998 3713 1124 3775 τοὺς
1156 3712 1379 3775 αἰῶνας.
1426 3710 1617 3781 Ἀμήν.

892 4017 1109 4070 ΛΟΓΟΣ
1136 4016 1236 4069 PI'.

526 4136 671 4203 Περί
692 4134 1111 4205 μακροθυμίας
1141 4132 1236 4187 καὶ
1270 4132 1618 4202 όξυχολίας.

358 4250 534 4302 Πᾶσαι
562 4249 660 4319 μὲν
685 4248 743 4300 αί
784 4247 980 4317 ἀρεταὶ
1026 4245 1329 4309 ὲπαινετοὶ,
1360 4246 1456 4297 καὶ
1486 4244 1859 4297 εὑαποδεκτοι.

285 4341 353 4393 Ὀ
370 4340 425 4392 δὲ
454 4339 808 4410 μακρόθυμος
830 4340 925 4389 καὶ
954 4338 1231 4407 ἁόργητος
1266 4337 1366 4406 μὲν
1399 4329 1552 4399 οὗτος
1586 4336 1749 4403 σοφὸς
1768 4336 1861 4389 καὶ

272 4433 523 4495 συνετὸς,
572 4430 887 4501 ἁπέρπερός
944 4446 1003 4482 τε
1060 4429 1151 4481 καὶ
1192 4429 1464 4500 ἐπιεικής.
1510 4430 1566 4481 '0
1624 4422 1863 4490 τοιοῦτος

1965 3262 2023 3306 et
2060 3251 2345 3309 Salvatore
2384 3263 2576 3309 nostro
2610 3255 2739 3309 Jesu
2774 3254 2998 3311 Christo
3036 3259 3363 3313 instruimur
3403 3276 3417 3313 :
3454 3274 3546 3330 per

1966 3344 2301 3401 incﬂ'abilem
2342 3350 2488 3402 enim
2532 3363 2687 3403 suam
2723 3349 2791 3403 ad
2826 3365 2928 3404 nos
2962 3350 3373 3419 dignationem,
3412 3353 3549 3408 nihil

1965 3436 2252 3507 indignum
2289 3439 2448 3493 duxit
2479 3439 2745 3495 Joannem
2780 3452 2840 3496 ut
2873 3440 3071 3507 adiret,
3106 3444 3174 3497 ab
3211 3445 3331 3513 ipso
3367 3445 3550 3514 bapti-

1966 3530 2194 3584 zandus.
2225 3530 2320 3585 Ille
2354 3546 2521 3601 porro
2554 3532 2886 3601 prohibebat
2919 3549 3075 3599 eum,
3110 3534 3300 3590 dicens
3335 3554 3347 3590 :
3386 3552 3403 3587 ι
3438 3537 3549 3608 Ege

1966 3634 2105 3690 Opus
2135 3623 2313 3677 habeo
2341 3638 2370 3677 a
2402 3631 2453 3678 te
2482 3624 2772 3694 baptizari,
2800 3638 2856 3680 et
2884 3635 2941 3680 tu
2972 3627 3127 3681 venis
3155 3627 3221 3681 ad
3253 3629 3371 3682 me?
3398 3648 3415 3679 ι
3443 3629 3550 3682 Do-

1967 3712 2152 3767 minus
2185 3722 2368 3766 autcm
2404 3728 2564 3767 servo
2600 3731 2613 3766 :
2655 3732 2673 3765 ‹
2708 3714 2838 3770 Sine
2873 3730 3021 3770 nunc
3053 3732 3067 3769 :
3096 3718 3175 3771 sic
3207 3718 3354 3771 enim
3391 3717 3549 3773 decet

1966 3820 2067 3859 nos
2093 3806 2319 3874 implere
2349 3820 2569 3860 omnem
2595 3807 2863 3875 justitiam
2883 3808 2947 3863 ὀ.
2984 3827 3002 3861 ι
3036 3811 3141 3880 Ipsi
3172 3812 3344 3883 glmia
3373 3811 3427 3866 in
3454 3826 3551 3867 sae-

1965 3895 2109 3949 cula.
2141 3895 2334 3950 Amen.

2540 4013 2823 4069 llOMlLlA
2862 4010 2973 4069 CX.

1968 4127 2045 4181 Dc
2084 4127 2495 4198 longanimitate
2531 4130 2638 4183 sive
2677 4128 2894 4184 lenitate
2933 4132 3120 4197 animi,
3152 4140 3200 4185 et
3240 4132 3545 4188 iracundia.

2038 4240 2285 4294 Virtutes
2314 4240 2537 4309 quidem
2568 4256 2764 4296 omnes
2790 4242 2952 4298 laude
2986 4251 3043 4297 et
3071 4246 3548 4303 commendatione

1966 4345 2089 4386 cum
2121 4332 2315 4401 primis
2340 4333 2518 4402 dignae
2542 4342 2672 4387 sunt
2703 4352 2715 4388 :
2746 4336 2839 4405 qui
2869 4345 3054 4392 autem
3085 4338 3336 4407 placabili
3364 4340 3547 4394 animo

1965 4432 2072 4485 est,
2099 4438 2200 4476 nec
2231 4423 2297 4476 ad
2330 4424 2467 4476 iram
2498 4424 2628 4478 ullis
2654 4426 2947 4495 prolicitur
2972 4429 3333 4497 quantislibet
3361 4432 3545 4500 pulsa-

268 4526 550 4580 πάντοθεν
601 4524 965 4592 κεκόσμηται,
1003 4520 1099 4574 καὶ
1140 4522 1204 4572 ὲκ
1241 4520 1344 4590 τῆς
1408 4519 1544 4581 ιδίας
1581 4517 1857 4588 μακροθυ-

1969 4521 2057 4568 tus
2099 4514 2338 4584 injuriis,
2382 4516 2506 4569 talis
2552 4517 2742 4587 utique
2786 4522 3005 4589 sapiens
3047 4521 3399 4592 prudensque
3441 4534 3544 4587 cst,

272 4619 411 4690 μίας
435 4616 692 4687 οἰκοδομὴ
723 4618 835 4677 τοῖς
862 4614 1097 4683 πλησίον
1136 4612 1371 4681 γίνεται,
1416 4611 1514 4664 καὶ
1543 4608 1859 4679 εὑρίσκεται

267 4711 374 4766 τοῦ
412 4709 769 4781 μακροθύμου
806 4705 942 4759 Θεοῦ
980 4705 1193 4769 τέκνον,
1225 4702 1319 4756 τοῦ
1349 4704 1612 4774 φέροντος
1662 4702 1747 4754 ἀεὶ
1792 4700 1858 4753 τὰ

269 4799 639 4869 ἐλαττώματα
694 4797 873 4867 ἡμῶν.
917 4813 935 4844 ι
974 4794 1193 4846 Γίνεσθε
1232 4793 1377 4861 γὰρ,
1423 4792 1609 4859 φησὶν,
1645 4789 1858 4855 τέλειοι,

266 4894 352 4954 ὡς
385 4894 415 4945 6
453 4890 638 4960 Πατὴρ
662 4889 816 4959 ὑμῶν
846 4889 875 4940 6
901 4887 1172 4957 οὐράνιος.
1209 4904 1225 4937 ι
1282 4887 1494 4953 Ὥσπερ
1538 4884 1646 4954 γὰρ
1709 4884 1861 4953 πηγὴ

273 4980 654 5051 ὴσυχάζουσα,
695 4980 862 5032 πᾶσιν
894 4976 1009 5040 τοῖς
1040 4975 1326 5047 περιοῦσιν
1374 4974 1646 5044 προσηνὲς
1699 4972 1862 5026 ποτὸν

274 5074 532 5143 παρέχει,
562 5071 738 5133 οὕτως
764 5072 794 5121 6
826 5068 1179 5139 μακρόθυμος
1201 5066 1341 5137 ἀνὴρ
1374 5068 1486 5127 τοῖς
1521 5067 1687 5117 πᾶσιν
1712 5065 1859 5132 ὠφέ-

272 5166 437 5233 λιμος
466 5164 723 5233 ὑπάρχει.
751 5161 858 5214 Τοῦ
894 5160 1142 5231 μακροού
1154 5177 1254 5231 μου
1281 5162 1339 5211 τὸ
1398 5160 1711 5229 πρόσωπον,
1765 5158 1863 5210 καὶ

271 5256 340 5306 τὸ
364 5246 494 5325 ἦθος
528 5255 615 5307 ἀεὶ
640 5251 1104 5321 κατεσταλμένον,
1152 5253 1243 5305 καὶ
1278 5253 1323 5305 οῖ
1360 5250 1630 5318 ὀφθαλμοὶ
1667 5248 1860 5312 αὑτοῦ,

275 5345 553 5415 προσηνὲς
580 5343 894 5413 βλέπουσιν.
931 5341 1301 5413 Μακρόθυμος
1332 5342 1441 5412 γὰρ
1476 5342 1634 5411 ἀνὴρ,
1671 5332 1858 5410 φησιν,

278 5436 450 5498 πολὺς
473 5438 529 5489 ὲν
549 5437 845 5506 φρονήσει·
875 5437 901 5487 6
930 5435 984 5487 δὲ
1018 5436 1365 5504 ὀλιγόψυχος,
1399 5432 1617 5503 ἰσχυρὸς
1647 5432 1858 5501 ἄφρων.

292 5529 353 5584 Ὀ
398 5529 771 5599 μακρόθυμος,
822 5526 1076 5596 γαληνὸς,
1114 5528 1412 5596 ὰτὰραχος,
1473 5524 1743 5593 βασταγὸς
1775 5524 1863 5577 ἀεὶ

384 5687 428 5718 ⁷³
470 5687 609 5741 Tob.
636 5703 709 5749 tv,
746 5685 842 5747 16;
880 5685 1072 5739 Matth.
1103 5701 1195 5751 vn,
1224 5685 1323 5750 12;
1361 5683 1497 5738 Luc.
1532 5699 1603 5747 γι,
1637 5682 1726 5737 5|.

276 5757 328 5790 ⁸³
369 5758 385 5810 l
414 5757 555 5810 Tim.
583 5774 636 5820 v,
664 5757 717 5809 1.

1832 5682 1877 5711 ⁸ο
1937 5679 2114 5734 Levit.
2147 5696 2258 5745 XIX,
2286 5679 2377 5735 '52.

819 5746 868 5786 ⁸·
908 5754 1018 5809 Tit.
1048 5772 1105 5818 ιι,
1133 5746 1191 5809 2.
1264 5746 1319 5787 ’θ’
1349 5752 1475 5825 Sap.
1509 5746 1790 5825 tv,'8.__”
1819 5752 1850 5825 Δ1

1961 5758 2115 5825 ιιίᾏιι,
2152 5750 2237 5803 18.
2314 5750 2361 5781 ⁸⁷
2402 5746 2563 5804 Rom.
2594 5768 2686 5815 xu,
2722 5752 2808 5805 10.
2886 5750 2932 5782 ⁸⁸
2976 5752 3139 5807 Prov.
3168 5768 3326 5820 χχιιι,
3360 5752 3427 5807 15
3457 5753 3545 5809 16.

1964 4601 2151 4657 minus
2179 4617 2421 4673 prmeeps
2447 4604 2543 4657 sed
2576 4606 2916 4661 moderatus.
2946 4608 3093 4662 Talis
3119 4611 3269 4663 omni
3301 4626 3366 4665 ex
3395 4623 3547 4680 parte

1959 4693 2266 4763 perpolitus
2292 4705 2378 4750 est
2407 4702 2463 4748 et
2494 4702 2752 4760 ornatus,
2781 4711 2846 4751 ac
2876 4697 3101 4766 prapria
3131 4698 3546 4768 longanimitate

1962 4801 2296 4858 magnopere
2331 4788 2568 4843 atdiﬁcat
2602 4790 2902 4859 proximos,
2937 4792 3169 4861 ejusque
3205 4795 3545 4862 comperitur

1960 4891 2081 4931 esse
2116 4877 2295 4940 filius,
2333 4877 2427 4946 qui
2464 4879 2620 4932 nullo
2653 4894 2762 4933 non
2803 4888 3051 4949 tempore
3085 4891 3305 4935 nostros
3340 4882 3547 4951 perfert

1969 4966 2358 5037 longanimiter
2386 4968 2637 5023 defectus
2670 4988 2681 5021 :
2713 4970 2808 5039 qui
2843 4980 2898 5023 et
2932 4970 3007 5024 ait
3042 4990 3053 5023 :
3091 4989 3109 5022 ι
3144 4972 3332 5026 Estote
3366 4973 3547 5042 perfe-

1968 5059 2063 5122 cti,
2094 5060 2236 5113 sicut
2266 5060 2428 5113 Pater
2454 5069 2638 5115 vester
2665 5063 2906 5116 C(elestis
2925 5064 2991 5115 9‘.
3027 5082 3044 5112 ι
3075 5062 3545 5129 Quemadmodum

1966 5152 2112 5205 enim
2151 5152 2274 5205 fons
2308 5153 2603 5207 silentibus
2639 5154 2909 5208 scatebris
2942 5157 3350 5224 praeterfluens,
3388 5168 3550 5226 quot-

1964 5254 2099 5312 quot
2126 5262 2184 5299 se
2214 5245 2453 5309 adeunt,
2488 5254 2779 5301 ultroneus
2805 5248 3029 5317 prmiert
3056 5250 3276 5303 Suavem
3310 5261 3498 5319 potum
3532 5268 3543 5303 :

1964 5341 2041 5391 ita
2073 5347 2127 5391 et
2152 5339 2236 5390 vir
2263 5338 2597 5408 longanimis
2625 5355 2690 5393 ac
2717 5340 2987 5410 placidus.
3018 5341 3135 5410 Ipse
3165 5343 3351 5395 vultus
3381 5351 3546 5411 atque

1967 5430 2180 5485 indoles
2210 5429 2313 5483 viri
2345 5429 2427 5484 sic
2454 5443 2655 5485 cuncta
2683 5432 3073 5501 longanimiter
3100 5433 3391 5487 tolerantis
3428 5448 3545 5485 mo-

1965 5524 2308 5577 derationem
2334 5523 2504 5577 animi
2531 5525 2863 5593 promittunt
2886 5541 2950 5580 ac
2975 5534 3393 5597 repraesentant.
3420 5524 3550 5595 Ipsi-

2486 5679 2525 5709 "
2571 5680 2672 5735 Job
2704 5696 2866 5745 xxxii,
2900 5681 2951 5735 7.
3054 5683 3097 5712 ⁸²
3140 5681 3310 5735 Eccli.
3340 5697 3464 5745 xxv,
3494 5682 3545 5736 8.

276 5827 330 5860 "
369 5828 387 5881 Ι
424 5828 569 5882 Petr.
597 5842 649 5890 τ,
676 5828 731 5891 5,
759 5827 813 5881 6.
870 5827 935 5886 ἑο
977 5825 1170 5881 Matth.
1202 5841 1277 5880 ιιι.
1310 5826 1399 5889 14,
1423 5820 1519 5879 ἶέὶ.
1597 5825 1640 5855 ⁹¹
1682 5821 1873 5876 Matth.
1908 5837 1961 5885 ι’,
1990 5820 2076 5874 48.

604 5923 875 5983 ΡΑτιιΟι..
927 5924 1041 5984 Gn.
1082 5921 1411 5983 LXXXIX.

3150 5918 3224 5982 56
