4040 6530
548 364 671 426 177i

1806 363 2175 427 ANTIOCHI
2215 361 2559 425 MONACHI

3662 371 3787 437 1772

540 492 647 546 que
671 474 816 529 oculi
846 472 1057 544 placide
1082 486 1147 527 ac
1171 470 1372 527 leniter
1398 479 1734 541 respectant.
1763 470 2102 541 Longanimit

2220 471 2558 538 εὑρίσκεται,
2618 472 2688 525 τὰ
2717 469 2912 525 ἑαυτοῦ
2958 473 3192 528 πάντοτε
3229 479 3538 549 προσέχων,
3571 483 3692 552 οὐχὶ
3719 486 3788 538 τὰ

538 568 686 623 enim
711 567 798 620 vir
820 567 1031 620 multus
1054 572 1139 618 est
1167 564 1221 617 in
1252 562 1565 632 prudentia,
1592 562 1958 631 pusillanimis
1980 575 2113 614 vero

2213 559 2310 613 τοῦ
2342 560 2570 631 πλησίον
2601 560 2967 632 ἐλαττώματα
2986 579 3000 593 ο
3042 565 3136 617 καὶ
3173 568 3417 638 μεριμνᾷ
3453 569 3574 633 πῶς
3604 572 3789 642 ἀρέσει

539 659 696 714 fortis
726 658 953 714 stultus.
983 656 1338 725 Longanimis
1375 653 1653 725 proximos
1681 652 2102 723 deprehenditur

2212 651 2292 722 τῷ
2335 651 2473 722 Θεῷ.
2543 653 2670 707 Ἐὰν
2716 653 2824 725 γάρ
2873 670 2959 718 τις
3024 656 3382 728 μακρόθυμος
3425 660 3680 730 γένηται,
3732 665 3790 717 τὸ

536 751 771 805 suti‘erre
803 763 1041 817 semper,
1073 748 1211 801 citra
1239 759 1459 799 omnem
1493 743 1873 812 intemperiem
1906 756 1970 795 ac
2001 749 2114 794 tur-

2215 743 2442 813 Πνεῦμα
2471 744 2532 798 τὸ
2560 745 2716 814 ἅγιον
2733 748 2980 799 κατοικεῖ
3003 747 3061 799 ὲν
3087 748 3236 818 αύτῷ
3257 749 3518 821 καθαρὸν,
3558 753 3635 822 μὴ
3667 756 3789 807 ἐπι-

537 842 737 895 belam.
783 840 922 893 Suos
969 852 1207 905 semper,
1254 850 1363 889 non
1412 835 1543 889 item
1592 831 1828 902 proximi
1878 829 2102 886 attendit

2214 836 2578 906 σκοτούμενον
2634 837 2740 891 ὑπὸ
2775 839 2962 910 ἐτέρου
2999 840 3240 911 πονηροῦ
3275 842 3623 912 πνεύματος·
3674 846 3791 897 ἀλλ’

536 934 784 987 defectus
813 948 829 979 :
866 929 1072 999 cogitat
1104 943 1291 983 secum
1327 926 1519 991 anxie,
1551 926 1645 995 qui
1682 924 1855 994 possit
1887 938 1947 977 se
1980 937 2110 993 pro-

536 1026 670 1078 bare
708 1024 837 1077 Deo.
873 1020 1137 1089 Quisquis
1176 1018 1396 1073 tandem
1441 1018 1520 1072 sic
1556 1015 1826 1072 eﬂicietur
1862 1014 2112 1084 longani-

535 1117 668 1180 mis,
715 1115 861 1168 hunc
899 1112 1141 1181 Spiritus
1184 1119 1409 1166 sanctus
1450 1124 1581 1165 sane
1619 1123 1794 1179 purus
1831 1105 2107 1173 sordium,

533 1207 747 1278 placide
781 1206 1076 1269 inhabitat,
1104 1218 1206 1259 nec
1236 1204 1478 1273 patietur
1501 1216 1569 1256 eo
1598 1199 1790 1255 inferri
1818 1215 1846 1252 a
1872 1198 2110 1267 maligno

531 1303 732 1373 spiritu
774 1300 993 1370 quidvis
1024 1299 1406 1368 caliginosum,
1443 1296 1539 1351 sed
1578 1295 1816 1363 spatiose
1857 1293 2111 1346 habitans

531 1410 657 1449 cum
693 1409 794 1447 suo
827 1408 954 1446 vase
987 1391 1134 1461 quod
1173 1390 1485 1443 inhabitare
1520 1387 1800 1456 dignatur,
1830 1385 2108 1439 exhilare-

529 1486 649 1540 scit.
680 1484 823 1550 Quin
852 1492 908 1537 et
938 1483 1059 1536 talis
1086 1480 1319 1535 Domino
1346 1480 1624 1533 ministrat
1652 1477 1823 1531 multa
1855 1476 2110 1545 perfusus

529 1578 832 1631 hilaritate.
860 1575 916 1630 Si
946 1591 1054 1644 qua
1086 1572 1315 1643 proinde
1347 1569 1631 1625 iracundia
1664 1568 1953 1639 ingruerit,
1982 1583 2109 1621 mox

529 1669 772 1739 Spiritus
802 1669 891 1722 ille
921 1675 1145 1721 sanctus
1178 1665 1235 1718 in
1267 1672 1555 1734 angustum
1586 1677 1645 1716 se
1671 1660 1971 1725 contrahit,
1996 1675 2105 1713 non

528 1764 637 1834 iam
675 1763 856 1816 locum
900 1761 1113 1815 habens
1153 1774 1266 1813 suae
1306 1754 1611 1811 sinceritati
1649 1761 2044 1823 congruentem
2089 1770 2102 1805 :

528 1855 681 1908 illinc
704 1854 1003 1909 etiamnum
1033 1850 1227 1921 quaarit
1256 1848 1585 1910 desciscere,
1608 1845 1755 1915 quod
1783 1845 1962 1898 locum
1992 1859 2100 1897 non

528 1947 728 2002 habeat
758 1946 942 2016 (prout
975 1942 1202 2012 expetit)
1235 1940 1302 1993 ad
1333 1938 1684 1994 serviendum
1714 1937 1949 1990 Domino
1981 1936 2102 1989 ido-

434 2024 441 2028 ’
530 2056 716 2094 neum.
753 2039 811 2093 In
858 2036 1272 2107 longanimitate
1313 2033 1522 2087 habitat
1564 2030 1850 2092 Dominus,
1889 2028 1945 2082 in
1990 2029 2104 2082 ira-

530 2131 730 2185 cundia
758 2146 887 2183 vero
916 2128 1190 2181 diabolus.
1221 2125 1460 2195 Spiritus
1489 2123 1656 2193 igitur
1682 2132 1915 2190 uterque
1944 2136 2103 2175 eum-

528 2224 652 2277 dem
695 2223 738 2276 si
785 2221 1056 2277 inhabitet
1101 2220 1304 2282 locum,
1351 2218 1534 2271 minus
1575 2213 1856 2275 conducit,
1898 2214 2008 2267 imo
2049 2213 2104 2267 in

528 2316 731 2369 malum
766 2296 913 2369 cedit
953 2310 1162 2366 homini
1200 2326 1363 2381 quem
1406 2317 1643 2378 uterque
1683 2307 1957 2362 inhabitat
1995 2306 2107 2375 spi-

526 2407 690 2460 ritus.
732 2404 788 2460 Si
833 2403 957 2473 quis
996 2402 1143 2457 enim
1187 2409 1413 2469 accepto
1458 2400 1512 2453 in
1555 2415 1748 2453 manus
1790 2397 2101 2463 absinthio,

530 2495 741 2566 1205
771 2511 836 2550 ex
863 2510 930 2548 eo
962 2492 1211 2548 nonnihil
1244 2490 1497 2544 infundat
1527 2489 1675 2544 dolio
1724 2488 1930 2553 mellis,
1957 2503 2103 2541 nun-

525 2584 658 2654 quid
690 2599 813 2638 non'
832 2584 1001 2653 totius
1030 2580 1210 2635 mellis
1237 2578 1433 2632 dulcor
1462 2577 1789 2648 deperditur
1817 2584 1873 2631 et
1900 2591 2099 2630 evane-

525 2675 668 2732 scit?
701 2676 768 2730 Et
799 2675 1021 2744 quidem
1056 2688 1155 2741 per
1186 2671 1599 2742 portiunculam
1633 2667 1901 2723 absinthii
1939 2676 2104 2723 tanta:

526 2767 818 2822 suavitatis
846 2765 901 2819 ﬁt
934 2765 1213 2835 depulsio;
1249 2762 1432 2833 perdit
1461 2762 1609 2815 enim
1639 2760 1881 2815 nativam
1912 2758 2103 2813 dulce-

526 2858 734 2921 dinem,
761 2866 818 2913 et
843 2858 1154 2921 amarcscit,
1182 2870 1285 2910 nec
1315 2853 1616 2924 quidquam
1645 2862 1831 2907 servat
1858 2852 2105 2922 pristina:

526 2952 716 3022 gratiae
750 2950 896 3020 apud
931 2950 1216 3004 dominum
1253 2963 1445 3011 suum,
1482 2945 1631 3015 quod
1665 2944 2013 3015 degenerarit
2048 2944 2104 2998 in

526 3042 969 3097 amaritudinem.
1016 3041 1182 3095 Plane
1222 3038 1379 3094 vides
1421 3038 1581 3108 longe
1622 3052 1744 3092 esse
1786 3036 1953 3090 etiam
1992 3052 2105 3106 pra:

527 3132 725 3186 melleo
751 3130 978 3184 dulcore
1007 3128 1380 3182 dulcissimam
1412 3143 1425 3179 :
1454 3125 1589 3195 quin
1619 3132 1675 3179 et
1700 3139 1764 3178 ea
1795 3124 1968 3178 utitur
1993 3125 2100 3178 Do-

528 3223 713 3278 minus
741 3238 903 3291 quam
930 3220 1401 3282 commodissime;
1429 3234 1555 3272 cum
1582 3226 1775 3273 contra
1804 3217 2101 3273 iracundiae

527 3315 683 3369 furor
720 3322 777 3369 et
818 3312 1198 3368 amarulentus
1240 3321 1324 3366 est
1365 3320 1420 3365 et
1462 3325 1718 3380 prorsum
1764 3309 1996 3363 inutilis.
2044 3309 2101 3364 Si

527 3406 747 3477 quando
775 3405 866 3460 illa
894 3405 1153 3459 concitati
1184 3403 1352 3458 animi
1384 3401 1830 3457 incandescentia
1857 3401 2021 3456 simul
2048 3410 2104 3456 et

527 3497 792 3567 patientia
823 3494 1255 3566 permiscentur,
1281 3492 1372 3547 cui
1401 3491 1628 3545 dubium
1659 3491 1757 3555 sit,
1783 3490 2099 3559 patientiam

527 3583 670 3639 foeda
694 3583 1017 3654 contagione
1044 3581 1213 3652 pollui
1234 3588 1289 3636 et
1311 3579 1700 3649 conspurcari?
1724 3578 1819 3633 sed
1846 3594 1947 3635 nec
1968 3595 2101 3633 con-

526 3688 751 3744 gressus
789 3671 1062 3743 ejusmodi
1102 3671 1381 3743 patientia:
1422 3670 1544 3724 usui
1587 3685 1708 3725 esse
1747 3671 1859 3725 Deo
1902 3679 2098 3740 potest.

526 3764 813 3820 Iracundia
838 3766 987 3819 enim
1010 3764 1244 3834 maligna
1267 3779 1391 3818 cum
1418 3763 1510 3827 sit,
1533 3778 1630 3816 sua
1656 3762 1829 3832 ipsius
1854 3762 2102 3832 improba

527 3858 845 3927 Operatione
875 3857 1146 3912 subvertit
1175 3871 1363 3911 servos
1396 3855 1513 3910 Dei.
1545 3855 1721 3910 Simul
1750 3856 1896 3910 enim
1931 3864 1993 3909 ut
2021 3856 2100 3909 vi-

526 3948 671 4002 derit
707 3949 956 4004 homines
991 3948 1270 4019 requietos
1305 3962 1410 4002 nec
1446 3947 1554 4001 ulla
1587 3946 1861 4001 seditione
1895 3946 2103 3999 tumul-

529 4048 766 4107 tuantes,
792 4041 1029 4112 seipsam
1057 4040 1267 4111 colligit
1293 4056 1357 4095 ac
1385 4040 1583 4094 inserit
1606 4039 1759 4094 cordi
1788 4039 1953 4095 unius
1978 4039 2102 4094 illo-

524 4149 671 4198 rum,
692 4136 786 4203 qui
812 4135 962 4187 nulla
985 4148 1051 4187 ex
1076 4148 1137 4186 re
1159 4132 1458 4187 amarescit
1484 4139 1652 4195 totus,
1670 4138 1727 4184 et
1747 4139 2104 4200 exasperatur

520 4226 598 4281 ob
631 4242 720 4280 res
755 4225 1153 4295 temporarias,
1185 4232 1283 4279 aut
1315 4233 1466 4278 certe
1499 4224 1571 4277 ob
1601 4223 1815 4287 edulia,
1847 4231 1941 4277 aut
1973 4222 2101 4292 quia

522 4317 865 4387 colloquium
906 4316 1102 4371 incidit
1135 4315 1405 4386 prolixius
1438 4325 1495 4370 et
1528 4314 1674 4369 idem
1705 4329 1939 4378 vanum;
1972 4323 2102 4383 puta

524 4410 592 4464 de
626 4408 756 4462 dato
787 4415 847 4461 et
878 4414 1143 4475 accepto;
1178 4404 1315 4459 deve
1353 4403 1637 4457 similibus
1668 4402 1905 4472 negotiis
1936 4420 1948 4455 :
1985 4402 2101 4456 haec

2211 927 2270 979 ἐν
2327 928 2625 1000 εὐρυχώρῳ
2688 930 2980 984 κατοικοῦν
3044 932 3399 1003 εὐφραίνεται
3480 934 3622 1004 μετά
3692 934 3790 989 τοῦ

2211 1020 2440 1084 σκεύους
2466 1016 2526 1077 οὗ
2558 1025 2826 1089 κατοικεῖ,
2860 1022 2955 1075 καὶ
2994 1022 3304 1094 λειτουργεῖ
3360 1026 3439 1095 τῷ
3486 1026 3678 1098 Κυρίῳ
3731 1029 3789 1081 ἐν

2212 1113 2491 1185 ἱλαρότητι
2518 1115 2706 1187 πολλῇ.
2753 1116 2880 1171 Ἐὰν
2908 1116 2968 1170 δέ
3000 1134 3084 1181 τις
3113 1118 3368 1188 ὀξυχολία
3416 1119 3643 1192 ἐπέλθῃ,
3700 1121 3792 1173 εῦ-

2211 1205 2353 1269 θέως
2380 1207 2441 1259 τὸ
2471 1206 2696 1277 Πνεῦμα
2723 1208 2783 1261 τὸ
2803 1209 2957 1275 ἆγιον
2984 1211 3399 1282 στενοχωρεῖται
3431 1211 3507 1282 μὴ
3548 1213 3673 1281 ἔχον
3701 1213 3791 1265 τό-

2209 1317 2310 1353 πον
2345 1300 2605 1372 καθαρὸν,
2638 1303 2731 1354 καὶ
2760 1300 2915 1372 ζητεῖ
2944 1305 3271 1373 ἀποστῆναι,
3312 1304 3400 1357 διὰ
3434 1305 3495 1357 τὸ
3525 1307 3602 1375 μὴ
3644 1307 3791 1375 ἔχειν

2205 1389 2390 1453 τόπον,
2422 1388 2809 1460 λειτουργῆσαι
2840 1391 2916 1462 τῷ
2940 1392 3133 1462 Κυρίῳ
3165 1391 3348 1456 καθὼς
3382 1394 3651 1463 βούλεται.
3702 1396 3791 1447 Ἐν

2205 1476 2313 1547 γὰρ
2366 1480 2430 1546 τῇ
2475 1479 2852 1550 μακροθυμίᾳ,
2906 1481 2934 1533 ὁ
2974 1480 3180 1552 Κύριος
3205 1487 3488 1536 κατοικεῖ·
3523 1486 3583 1537 ὲν
3628 1484 3685 1538 δὲ
3719 1490 3787 1556 τῇ

2204 1568 2477 1639 όξυχολίᾳ,
2507 1572 2535 1623 ὁ
2576 1571 2844 1635 διάϐολος.
2907 1574 3227 1643 Ἀμιρότερα
3254 1572 3347 1629 οῦν
3378 1576 3447 1630 τὰ
3496 1578 3788 1647 πνεύματα

2204 1657 2297 1710 ἐπὶ
2322 1657 2382 1711 τὸ
2415 1660 2547 1712 αὐτὸ
2572 1661 2955 1729 κατοικοῦντα,
3018 1664 3336 1737 ἀσύμφορόν
3367 1669 3517 1720 ἐστιν
3552 1671 3648 1721 καὶ
3672 1686 3782 1722 πο-

2205 1749 2370 1820 νηρὸν
2398 1752 2477 1823 τῷ
2504 1753 2800 1825 ἀνθρώπῳ,
2833 1752 2894 1810 οὗ
2926 1759 3274 1811 κατοικοῦσιν
3307 1761 3617 1830 ἀμτότερα.
3657 1763 3788 1815 Ἐὰν

2206 1843 2314 1913 γὰρ
2344 1843 2527 1897 λαϐὼν
2557 1845 2826 1913 ἀῲίνθιον,
2869 1848 3088 1918 μικρὸν,
3125 1851 3204 1911 είς
3244 1851 3510 1920 κεράμιον
3568 1852 3787 1921 μέλιτος

2204 1936 2453 2008 ἐπιχέῃς,
2487 1936 2611 2007 οὐχὶ
2642 1937 2762 1990 ὅλον
2805 1939 2866 1991 τὸ
2906 1940 3027 2010 μέλι
3060 1942 3420 2010 ἀφανίζεται,
3478 1946 3571 1997 καὶ
3599 1947 3789 1999 τοσοῦ-

2202 2043 2293 2079 τον
2326 2028 2470 2096 μέλι,
2495 2028 2597 2081 ὑπὸ
2627 2029 2913 2099 ἐλαχίστου
2948 2032 3197 2102 ἀψινθίου
3228 2034 3564 2103 samum;
3609 2038 3785 2092 ἀπόλι

2203 2118 2326 2171 λυσι
2367 2120 2477 2191 γὰρ
2507 2121 2607 2193 τὴν
2642 2124 2979 2195 γλυκήτητα,
3039 2126 3135 2178 καὶ
3179 2128 3380 2196 πικρὸν
3407 2129 3647 2195 γίνεται·
3685 2132 3786 2186 καὶ

2203 2210 2303 2263 ούκ
2331 2209 2443 2280 ἔχει
2467 2212 2627 2283 χάριν
2665 2214 2816 2284 παρὰ
2862 2213 2956 2267 τοῦ
2997 2215 3257 2270 δεσπότου
3283 2217 3475 2284 αὑτοῦ,
3528 2221 3611 2273 ὅτι
3661 2223 3783 2277 ἐπι-

2203 2303 2437 2374 κράνθη.
2466 2305 2699 2369 Βλέπεις
2726 2308 2807 2360 ὅτι
2835 2309 2865 2378 ἡ
2896 2308 3252 2379 μακροθυμία
3290 2310 3608 2383 γλυκυτάτη
3635 2316 3782 2366 ἐστὶν

2206 2397 2347 2467 ὑπὲρ
2376 2398 2435 2450 τὸ
2470 2398 2615 2467 μέλι,
2646 2401 2740 2453 καὶ
2762 2401 3082 2472 εὐχάριστος
3117 2403 3196 2473 τῷ
3227 2404 3456 2475 Κυρίῳ;
3517 2407 3550 2475 ὴ
3578 2405 3634 2458 δὲ
3658 2406 3782 2469 ὀξυ.

2205 2486 2384 2556 χολία,
2416 2488 2511 2540 καὶ
2533 2489 2708 2559 πικρὰ
2735 2491 2830 2543 καὶ
2858 2492 3127 2561 ἄχρηστός
3153 2493 3323 2546 ἐστιν.
3365 2493 3492 2547 Ἐὰν
3528 2494 3623 2548 οῦν
3647 2497 3781 2566 μιγῇ

2203 2579 2236 2649 ἡ
2269 2578 2542 2650 ὀξυχολία,
2573 2581 2666 2634 καὶ
2699 2582 3125 2653 ἡμακροθυμία,
3188 2585 3465 2655 μιαίνεται
3505 2586 3539 2655 ἡ
3573 2603 3784 2657 μακρο-

2206 2668 2401 2741 θυμία,
2433 2670 2527 2724 καὶ
2557 2671 2657 2723 οὐκ
2687 2670 2834 2724 ἐστιν
2862 2669 3164 2743 εὔχρηστος
3194 2673 3273 2743 τῷ
3299 2673 3420 2744 Θεῷ
3448 2677 3480 2744 ὴ
3538 2675 3783 2741 ἔντευξις

2204 2762 2394 2832 αὐτῆς,
2436 2762 2500 2815 Ἦ
2524 2763 2631 2833 γάρ
2652 2761 2921 2831 όξυχολία,
2969 2763 3183 2833 πονηρὰ
3204 2762 3360 2831 οὖσα,
3404 2766 3781 2835 καταστρέφει

2202 2854 2329 2916 τοὺς
2365 2854 2581 2917 δούλους
2633 2853 2725 2907 τοῦ
2779 2854 2913 2909 Θεοῦ
2944 2858 3009 2925 τῇ
3058 2855 3259 2925 ἑαυτῆς
3304 2856 3580 2927 ἐνεργείᾳ.
3615 2858 3781 2911 Ὅταν

2204 2945 2312 3015 γὰρ
2341 2945 2426 3016 ἴδῃ
2445 2945 2570 3008 τοὺς
2601 2943 2919 3014 ἀνθρώπους
2960 2946 3365 3009 εὐσταθοῦντας
3386 2986 3402 3011 ,
3435 2947 3780 3018 παραϐάλλει

2206 3035 2401 3107 ἑαυτὴν
2454 3037 2532 3099 εἰς
2564 3039 2661 3107 τὴν
2688 3037 2914 3107 καρδίαν
2952 3037 3046 3090 τοῦ
3080 3037 3393 3108 ἀνθρώπου,
3424 3040 3520 3091 καὶ
3580 3041 3649 3093 ὲκ
3691 3039 3780 3093 τοῦ

2209 3127 2435 3198 μηδενὸς
2464 3129 2833 3199 πικραίνεται,
2876 3128 3060 3182 ἕνεκεν
3094 3128 3366 3199 βιωτικῶν
3408 3130 3778 3201 πραγμάτων,

2204 3220 2237 3290 ἢ
2271 3220 2399 3292 περὶ
2446 3220 2784 3290 ἐδεσμάτων,
2842 3221 2980 3290 ἢὸτι
3014 3221 3345 3293 μικρολογία
3376 3238 3463 3285 τις
3523 3224 3784 3276 ἐνέπεσεν

2206 3312 2428 3382 ματαία,
2483 3313 2516 3385 ἢ
2577 3313 2708 3384 περὶ
2747 3314 2968 3375 δόσεως.
3010 3312 3196 3366 Ταῦτα
3255 3314 3366 3385 γὰρ
3394 3315 3578 3368 πάντα
3623 3317 3781 3386 μωρά

2202 3407 2349 3459 ἐστιν
2372 3405 2467 3458 καὶ
2493 3406 2623 3458 κενὰ
2646 3408 2756 3469 τοῖς
2773 3405 2980 3468 δούλοις
3002 3406 3097 3463 τοῦ
3134 3407 3270 3461 Θεοῦ
3294 3424 3307 3436 ·
3339 3409 3371 3479 ή
3401 3408 3461 3461 δὲ
3501 3408 3781 3479 μακροθυ-

2205 3497 2325 3567 μία,
2354 3497 2565 3568 μεγάλη
2614 3499 2762 3551 ὲστὶν
2797 3499 2890 3552 καὶ
2912 3499 3130 3569 ισχυρὰ,
3165 3498 3361 3570 ἔχουσα
3406 3500 3643 3570 δύναμιν
3674 3518 3782 3553 στι-

2202 3589 2395 3660 ϐαρὰν,
2430 3590 2522 3644 καὶ
2539 3589 2774 3655 εὐθύνει,
2793 3592 2888 3644 καὶ
2910 3590 3295 3662 ἀγαλλιωμένη
3319 3590 3625 3663 ἀμέριμνος
3647 3591 3778 3646 οὖσα

2199 3682 2413 3748 δοξάζει
2448 3683 2539 3736 τὸν
2572 3683 2800 3754 Κύριον,
2833 3685 3000 3754 μηδὲν
3029 3688 3087 3738 ὲν
3138 3686 3277 3756 αὐτῇ
3306 3685 3507 3755 ἔχουσα
3558 3686 3772 3756 πικρὸν,

2199 3773 2335 3827 διότι
2367 3775 2724 3844 πραΰς-εστιν
2751 3778 2845 3830 καὶ
2867 3776 3113 3847 ἡσύχιος.
3135 3776 3284 3847 Αῦτη
3309 3776 3402 3833 οῦν
3432 3780 3466 3849 ἡ
3496 3780 3775 3850 μακροθυ-

2204 3867 2302 3937 μία
2326 3871 2573 3921 κατοικεῖ
2601 3871 2740 3938 μετὰ
2771 3869 2879 3922 τῶν
2908 3870 3008 3941 τὴν
3062 3872 3245 3925 πίστιν
3266 3873 3497 3944 ἑχόντων
3552 3874 3775 3945 ὁλόκλη-

2205 3972 2317 4027 ρον.
2362 3956 2428 4008 Ἢ
2468 3957 2525 4010 δὲ
2565 3957 2840 4028 ὀξυχολία,
2885 3958 3077 4030 ἄφρων
3134 3961 3299 4015 ἐστίν.
3357 3960 3516 4027 Εἶτα,
3558 3965 3624 4017 ὲκ
3683 3968 3777 4035 τῆς

2199 4044 2515 4117 ἀφροσύνης
2548 4047 2759 4116 γίνεται
2788 4049 3003 4120 πικρία,
3029 4051 3092 4102 ὲκ
3122 4050 3178 4103 δὲ
3209 4051 3307 4121 τῆς
3330 4054 3557 4122 πικρίας
3588 4054 3776 4123 θυμὸς,

2201 4140 2265 4192 ὲκ
2280 4139 2339 4192 δὲ
2373 4142 2472 4208 τῆς
2496 4139 2667 4210 ὀργῆς
2697 4140 2877 4210 μῆνις.
2910 4140 2982 4193 Τὸ
3001 4137 3094 4193 οὖν
3121 4142 3275 4210 ἅγιον
3302 4144 3529 4213 Πνεῦμα
3553 4146 3630 4208 ὠς
3651 4163 3775 4215 τρυ-

2200 4229 2364 4301 φερδν
2391 4230 2471 4297 ὃν,
2503 4230 2597 4283 καὶ
2629 4231 2702 4302 μὴ
2727 4230 2850 4301 ἕχον
2894 4233 3184 4302 συνήθειαν
3223 4236 3363 4303 μετὰ
3393 4236 3492 4288 τοῦ
3536 4237 3773 4308 σκληροῦ

2201 4321 2294 4375 καὶ
2321 4321 2560 4393 πονηροῦ
2587 4323 2918 4393 πνεύματος,
2943 4328 3225 4397 ἀποχωρεῖ
3257 4327 3365 4379 ἀπὸ
3397 4327 3494 4381 τοῦ
3534 4328 3773 4381 τοιούτου

2200 4413 2511 4485 ἀνθρώπου,
2546 4416 2638 4467 καὶ
2664 4414 2820 4486 ζητεί
2838 4419 3167 4488 κατοικῆσαι
3190 4419 3329 4489 μετά
3359 4418 3454 4472 τοῦ
3501 4421 3773 4491 μακροθύ-

3780 4118 3798 4145 τ’

522 4497 672 4553 enim
704 4495 889 4549 omnia
918 4494 1066 4548 aliud
1092 4493 1230 4547 nihil
1260 4493 1434 4547 servis
1463 4492 1557 4546 Dei
1586 4500 1735 4556 sunt,
1761 4507 1926 4561 quam
1957 4491 2090 4546 stul-

2206 4522 2327 4575 μου,
2344 4506 2695 4574 καὶγίνεταιὸ
2720 4510 3007 4581 ἄνθρωπος
3022 4515 3227 4578 ἐκεῖνος
3254 4516 3409 4579 κενὸς
3426 4516 3522 4569 τοῦ
3542 4518 3776 4586 πνεύμα-

524 4588 642 4642 titia
670 4598 726 4642 et
749 4586 985 4641 vanitas.
1015 4586 1056 4639 E
1086 4586 1328 4648 diverso,
1359 4584 1750 4654 longanitnitas
1780 4583 1971 4638 iisdem
2001 4584 2095 4637 Dei

521 4683 699 4737 servis
724 4696 918 4752 magna
942 4695 1172 4750 prorsus
1197 4695 1262 4733 ac.
1288 4679 1534 4743 robusta,
1560 4686 1615 4733 et
1638 4693 1761 4748 quae
1786 4678 2096 4732 admirabili

523 4774 806 4843 prrepollet
832 4773 1077 4844 potentia
1106 4790 1118 4825 :
1148 4771 1293 4841 quod
1323 4786 1551 4840 pravum
1580 4778 1685 4835 est,
1714 4770 1781 4824 ad
1810 4770 2099 4824 rectitudi-

522 4879 647 4917 nem
685 4872 927 4929 revocat,
966 4872 1022 4917 et
1057 4864 1361 4925 exsultans,
1399 4877 1596 4916 secura
1636 4877 1759 4915 cum
1802 4861 1875 4915 sit
1912 4876 2095 4914 rerum

522 4956 793 5020 omnium,
831 4956 1125 5009 Dominum
1172 4953 1460 5025 gloriﬁcat,
1502 4954 1642 5007 nihil
1685 4954 1738 5009 in
1782 4970 1840 5009 se
1888 4954 2099 5009 habens

524 5046 933 5111 amaritudinis,
961 5046 1101 5101 lenis
1128 5055 1185 5101 et
1215 5046 1527 5116 tranquilla.
1557 5045 1683 5100 Ητεο
1710 5047 1881 5100 animi
1910 5047 2097 5101 mode-

524 5140 666 5194 ratio
700 5138 1238 5201 domiciliumhabet
1264 5154 1556 5193 commune
1585 5154 1709 5193 cum
1745 5140 1855 5194 illis
1884 5140 1976 5209 qui
2009 5140 2095 5193 in-

522 5232 793 5287 columem
838 5231 1080 5286 retinent
1117 5242 1173 5287 et
1211 5232 1509 5301 perfectam
1554 5218 1714 5287 (idem
1756 5249 1769 5285 :
1809 5232 2095 5287 iracundia

522 5341 655 5379 vero
698 5325 992 5380 stultorum
1037 5334 1141 5380 est.
1184 5326 1265 5379 Ex
1309 5326 1545 5380 stultitia
1584 5326 1845 5396 deinceps
1888 5327 2098 5382 resistit

522 5418 852 5485 amaritudo,
878 5434 947 5473 ex
971 5418 1344 5472 amaritudine
1374 5418 1528 5472 furor
1558 5436 1570 5471 :
1597 5434 1663 5472 ex
1691 5419 1773 5472 ira
1801 5429 1984 5473 autem
2015 5420 2098 5474 in-

522 5512 905 5568 candescentia
945 5528 1326 5583 perseverans.
1366 5511 1598 5568 Sanctus
1634 5514 1801 5584 igitur
1837 5515 2094 5585 Spiritus,

525 5613 586 5658 ut
609 5603 703 5674 qui
735 5605 841 5661 loci
870 5606 1135 5675 temperie
1164 5604 1302 5660 mire
1332 5621 1391 5660 se
1421 5605 1662 5660 oblectat
1691 5620 1755 5660 ac
1781 5606 2093 5673 deiiciatur,

524 5699 684 5754 cuive
713 5700 860 5753 nulla
893 5699 1192 5754 intercedit
1228 5699 1574 5754 consuetudo
1604 5714 1731 5754 cum
1764 5700 2095 5773 implacabili

526 5790 823 5845 acrimonia
870 5790 1090 5860 reprobi
1143 5790 1394 5861 spiritus,
1441 5792 1508 5847 ab
1555 5792 1828 5865 ejusmodi
1876 5795 2096 5854 homine

2204 4614 2293 4661 τος
2310 4599 2402 4650 τοῦ
2436 4598 2666 4663 δικαίου,
2688 4601 2782 4653 καὶ
2801 4601 2937 4663 ὅλως
2964 4604 3368 4674 ἀποτυφλοῦται
3398 4608 3508 4661 ἀπὸ
3536 4610 3638 4677 τῆς
3664 4610 3774 4663 δια·

2203 4691 2352 4753 νοίας
2379 4690 2479 4761 τῆς
2513 4692 2748 4763 ἀγαθῆς.
2771 4695 2942 4762 Φησὶν
2971 4695 3027 4747 δὲ
3057 4700 3151 4749 καὶ
3177 4701 3204 4750 ό
3226 4699 3403 4766 λόγος,
3444 4719 3463 4750 ι
3492 4701 3773 4769 Κρείτσων

2204 4783 2343 4853 ἀνὴρ
2381 4784 2730 4854 μακρόθυμος
2770 4786 3014 4857 ἰσχυροῦ.
3060 4807 3078 4838 ι
3114 4788 3242 4848 Καὶ,
3274 4790 3521 4860 «Ὥσπερ
3551 4790 3770 4860 Χδοκιμιιὶ-

2204 4876 2359 4940 ζεται
2390 4878 2632 4948 ἄργυρος
2658 4880 2755 4930 καὶ
2777 4880 2977 4949 χρυσὸς
3013 4882 3072 4932 ὲν
3103 4881 3320 4952 καμίνῳ
3345 4923 3359 4943 ,
3392 4880 3570 4945 οὕτως
3623 4882 3772 4935 ἐκλε-

2204 4971 2338 5031 κτὰς
2366 4970 2585 5047 καρδίας
2609 4970 2896 5038 δοκιμάζει
2913 4972 2941 5023 ό
2959 4972 3184 5042 Κύριος,
3208 4992 3225 5023 ι
3254 4974 3507 5043 κατάτὴν
3528 4975 3767 5044 Γραφήν.

2204 5060 2312 5112 Καὶ
2344 5061 2504 5113 πάλιν
2534 5078 2547 5093 ⁸
2586 5079 2603 5111 ι
2640 5061 2971 5132 Πραῦθυμος
3000 5064 3139 5134 ἀνὴρ
3190 5064 3415 5134 καρδίας
3442 5067 3652 5134 ίατρός,
3686 5066 3773 5119 καὶ

2206 5151 2555 5222 μακρόθυμος
2591 5152 2727 5221 ἀνὴρ
2782 5152 3174 5206 κατασϐεννύει
3222 5154 3420 5224 κρίσιν.
3462 5174 3480 5205 ι
3517 5157 3632 5208 Καὶ
3668 5156 3773 5207 πάι

2202 5241 2284 5294 λιν
2305 5260 2318 5273 ·
2355 5262 2373 5294 ι
2424 5245 2519 5307 Ὃς
2550 5245 2789 5313 φείδεται
2820 5245 2972 5315 ῥῆμα
3006 5246 3335 5316 προελέσθαι
3359 5247 3622 5316 σκληρὸν,
3656 5249 3773 5300 ὲπι-

2204 5335 2449 5404 στήμων.
2480 5334 2590 5388 Καὶ
2618 5332 2794 5402 αὖθις,
2820 5355 2837 5387 ι
2865 5337 3091 5401 Τέκνον,
3116 5339 3165 5390 εἰ
3196 5340 3473 5409 προσέρχῃ
3503 5339 3773 5403 δουλεύειν

2201 5426 2278 5495 τῷ
2313 5428 2521 5498 Κυρίῳ,
2546 5429 2835 5499 ὲτοίμασον
2859 5428 2956 5497 τὴν
2983 5432 3161 5500 ψυχήν
3187 5448 3279 5483 σου
3312 5432 3394 5493 είς
3440 5432 3771 5500 πειρασμόν.

2204 5518 2439 5572 Εὔθυνον
2467 5520 2567 5590 τὴν
2621 5521 2849 5589 καρδίαν
2879 5537 2972 5573 σου
3028 5525 3123 5575 καὶ
3182 5522 3544 5593 καρτέρησον.
3596 5524 3712 5576 Πᾶν
3748 5522 3775 5575 δ

2204 5613 2299 5666 ἐὰν
2329 5614 2540 5684 ὲπαχθῇ
2576 5631 2679 5679 σοι,
2711 5614 2857 5680 δέξαι
2891 5616 3164 5686 ἀσμένως.
3202 5616 3312 5668 Καὶ
3344 5618 3401 5668 ὲν
3434 5616 3775 5686 ἁλλάγμασιν

2202 5706 2590 5770 ταπεινώσεως
2623 5724 2720 5760 σου
2753 5708 3183 5779 μακροθύμησον
3206 5725 3219 5739 ο
3261 5709 3556 5760 πίστευσον
3603 5706 3771 5774 αὐτῷ,

2205 5799 2299 5852 καὶ
2337 5797 2689 5869 ἀντιλήψεταί
2721 5816 2836 5854 σου.
2869 5819 2887 5852 ι
2926 5801 3037 5855 Καὶ
3068 5802 3227 5885 ἡμεῖς
3265 5794 3378 5865 οὖν,
3406 5798 3651 5869 ἀδελφοὶ,
3687 5798 3767 5851 διὰ
