4040 6508
330 380 466 446 1773

1199 372 1529 435 HOMILIA
1566 374 1715 435 CXI.
1754 400 1825 411 -
1858 374 1959 437 DE
1994 375 2129 436 HIS
2163 374 2300 448 QUI
2338 377 2722 444 PRESUNT.

3441 383 3577 449 1774

329 489 710 565 μακροθυμίαν
733 488 995 560 ψάλωμεν
1030 489 1127 543 σὺν
1156 489 1232 560 τῷ
1268 488 1452 555 Δαυῖδ,
1473 488 1536 541 τό
1555 504 1570 520 ·
1611 506 1630 540 ι
1661 488 1899 560 Δοκίμα-

2001 489 2219 562 longius
2258 504 2317 545 se
2356 490 2671 559 submovet,
2712 490 2958 563 deligens
2991 478 3111 549 sibi
3135 495 3473 554 domicilium
3516 501 3573 555 in

327 587 419 640 σόν
451 601 540 656 με,
564 582 759 653 Κύριε,
788 582 885 636 καὶ
943 581 1113 649 γνῶθι
1139 582 1240 653 τὴν
1283 581 1514 652 καρδίαν
1549 598 1671 652 μου,
1708 580 1899 638 ἕτασόν

1997 581 2222 637 homine
2262 582 2475 651 patiens
2516 583 2611 652 qui
2654 584 2727 638 sit
2763 592 2820 639 et
2858 584 3207 656 longanimis.
3242 590 3312 644 At
3351 592 3572 647 interim

326 697 415 749 με,
447 677 541 732 καὶ⁸
570 675 743 745 γνῶθι
776 674 876 738 τὰς
895 673 1117 746 τρίϐους
1147 691 1271 745 μου,
1302 673 1397 728 καὶ
1424 674 1520 737 ῐδε,
1554 675 1604 727 εἰ
1632 674 1750 737 ὁδὸς
1769 674 1897 727 ἀνο-

326 771 455 841 μίας
487 770 546 822 ἐν
575 767 734 839 ἐμοί’
780 768 877 821 καὶ
903 766 1172 836 ὁδήγησόν
1204 782 1270 836 με
1304 766 1364 818 ὲν
1421 764 1527 836 όδῷ
1564 766 1783 836 αίωνίᾳ,
1814 766 1897 820 δτι

321 861 434 930 ἐγὼ
450 863 509 914 ὲν
535 859 742 931 ἀκακία
772 876 871 929 μου
900 858 1227 929 ἐπορεύθην.
1256 857 1545 929 Λὺτρωσαί
1573 876 1661 929 με,
1699 857 1893 930 Κύριε,

321 956 415 1009 καὶ
439 953 663 1023 ἐλέησόν
705 969 793 1022 με.
830 971 848 1003 ι
884 951 996 1006 Καὶ
1026 951 1086 1004 τό
1109 966 1124 983 θ
1165 969 1184 1003 ι
1229 950 1394 1023 Ἐμοῦ
1422 950 1479 1005 δὲ
1507 950 1598 1005 διὰ
1626 951 1724 1023 τὴν
1757 953 1897 1007 ἀκαο

322 1045 444 1099 κίαν
470 1044 790 1110 ἀντελάϐου,
824 1044 920 1096 καὶ
956 1041 1296 1106 ὲϐεϐαίωσάς
1326 1058 1393 1114 με
1414 1042 1645 1096 ἐνώπιόν
1693 1060 1787 1097 σου
1814 1044 1896 1108 εἰς

319 1138 412 1193 τὸν
440 1137 632 1192 αἰῶνα.
658 1157 676 1189 ι
715 1136 878 1206 Λέγει
910 1136 968 1191 δὲ
994 1135 1132 1189 καὶὸ
1161 1134 1439 1204 Σολομώνο
1467 1154 1487 1187 ι
1519 1134 1895 1206 Μακρόθυμος

320 1229 481 1300 ἀνὴρ,
540 1227 824 1299 φρόνιμος.
870 1245 889 1278 ι
929 1225 1074 1281 Καί·
1121 1244 1141 1277 ι
1187 1224 1425 1296 ’Δνοήτῳ
1480 1226 1893 1297 ἐπερωτήσαντι

322 1322 534 1391 σοφίαν,
568 1319 729 1389 σοφία
768 1317 1153 1388 λογισθήσεται
1182 1316 1353 1387 αὑτῷ.
1388 1316 1623 1371 Σύννουν
1678 1317 1737 1371 δὲ
1800 1317 1893 1371 καὶ

318 1413 466 1467 ἐνεὸν
520 1412 712 1467 ἑαυτὸν
749 1411 1007 1482 ποιήσας,
1040 1410 1180 1476 δόξει
1211 1410 1477 1480 φρόνιμος
1503 1405 1665 1464 εῖναι.
1725 1429 1743 1462 ι
1782 1411 1892 1464 Καὶ

317 1507 501 1561 πάλιν
535 1526 569 1557 -ι
619 1506 901 1576 Ἐλεήμων
927 1503 1065 1574 ἀνὴρ
1123 1503 1492 1575 μακροθυμεῖ.
1536 1521 1553 1554 ι
1583 1502 1695 1556 Καὶ
1732 1503 1761 1555 ό
1793 1503 1893 1555 Ἰά-

315 1600 512 1663 κωϐος·
532 1617 549 1650 ι
578 1597 1059 1670 Μακροθυμήσατε
1081 1592 1194 1662 οὖν,
1218 1596 1457 1663 ἀδελφοὶ,
1487 1595 1597 1659 ἕως
1612 1595 1713 1667 τῆς
1743 1612 1890 1661 παρ-

313 1689 503 1752 ουσίας
556 1687 649 1742 τοῦ
686 1688 917 1760 Κυρίου.
957 1687 1093 1740 Ἰδοὺ
1132 1686 1430 1757 ὁγεωργὸς
1455 1686 1738 1757 ἐκδέχεται
1794 1684 1888 1738 τὸν

311 1782 492 1850 τίμιον
526 1780 739 1851 καρπὸν
764 1781 856 1832 ἐπὶ
883 1780 981 1850 τῆς
1022 1778 1149 1846 γῆς,
1182 1777 1553 1848 μακροθυμῶν
1585 1777 1669 1830 ἐπ’
1712 1775 1883 1847 αὐτῷ,

1997 672 2163 729 homo
2192 674 2282 730 ille
2309 675 2492 731 inanis
2518 675 2579 731 fit
2608 676 2840 747 spiritus
2864 678 3034 749 justi;
3063 691 3370 737 excaecatur
3396 692 3568 750 totus,

1995 764 2127 821 dum
2161 767 2383 821 exuitur
2418 770 2621 827 mentis
2656 769 2950 826 dulcedine
2984 787 3049 826 ac
3081 772 3445 845 benignitate.
3481 777 3573 833 Ait

1994 869 2179 913 autem
2223 858 2511 929 Scriptura
2550 878 2563 915 :
2606 879 2626 914 ι
2671 860 2864 918 Melior
2883 863 2969 917 vir
3010 865 3225 935 patiens
3266 866 3393 922 forti
3416 869 3505 924 "'.
3546 888 3565 921 ι

1994 948 2062 1003 Ει
2095 967 2107 1002 :
2146 967 2165 1002 ι
2205 950 2363 1005 Sicut
2400 952 2671 1022 probatur
2704 969 2902 1009 aurum
2939 964 2998 1011 et
3033 968 3322 1028 argentum
3362 960 3418 1014 in
3458 960 3572 1016 for-

1992 1056 2150 1106 nace,
2177 1042 2256 1097 sic
2277 1043 2456 1098 electa
2477 1044 2646 1099 corda
2672 1046 2872 1115 probat
2893 1047 3058 1113 Deus,
3094 1068 3112 1100 ι
3137 1050 3290 1120 juxta
3317 1050 3569 1122 Scriptu-

1993 1148 2109 1188 ram
2132 1135 2199 1188 ".
2240 1135 2448 1189 lterum
2488 1153 2501 1188 :
2541 1152 2561 1187 ι
2603 1136 2700 1189 Vir
2734 1147 3057 1193 mansuetus
3096 1140 3286 1196 cordis
3322 1143 3571 1200 medicus

1992 1225 2162 1279 est”.
2196 1243 2214 1276 ι
2245 1226 2460 1280 Rursus
2486 1242 2499 1279 :
2534 1245 2551 1277 ι
2583 1226 2710 1292 Fili,
2734 1228 2779 1282 si
2806 1231 3114 1286 accesseris
3142 1232 3209 1287 ad
3241 1234 3566 1291 servitutem

1992 1316 2087 1370 Dei
2111 1357 2125 1383 ,
2152 1332 2397 1387 praepara
2424 1318 2664 1372 animam
2696 1326 2845 1374 tuam
2874 1321 2939 1375 ad
2974 1324 3362 1392 tentationem,
3392 1327 3567 1398 dirige

1991 1421 2089 1462 cor
2120 1416 2274 1462 tuum
2303 1415 2359 1462 et
2388 1409 2600 1464 sustine
2631 1425 2645 1463 :
2675 1424 2838 1465 omne
2867 1412 3016 1480 quod
3046 1414 3367 1484 applicitum
3399 1417 3568 1474 fuerit

1992 1499 2114 1566 tibi,
2143 1500 2364 1571 suscipe
2400 1501 2662 1568 libenter,
2694 1511 2751 1557 et
2782 1502 2836 1558 in
2872 1506 3274 1562 mutationibus
3308 1510 3566 1565 humilia—

1990 1590 2161 1646 tionis
2186 1600 2295 1646 tuae
2318 1592 2640 1660 patientiam
2664 1592 2807 1648 habe
2832 1610 2848 1648 :
2872 1596 3037 1651 crede
3059 1595 3110 1650 ei
3136 1605 3193 1651 et
3219 1602 3567 1669 recuperabit

1990 1684 2128 1738 te”.
2170 1701 2189 1735 ι
2232 1682 2343 1738 Nos
2381 1682 2568 1751 itaque
2609 1681 2855 1753 (fratres)
2893 1685 3328 1756 longanimitatis
3366 1705 3430 1745 ac
3466 1707 3564 1760 pa~

1989 1776 2199 1831 tientiaa
2234 1764 2432 1831 merito
2465 1775 2722 1843 subnixi,
2760 1791 2870 1831 una
2903 1790 3028 1833 cum
3065 1779 3267 1835 Davlde
3302 1782 3564 1838 concina-

311 1873 416 1937 ἓως
443 1872 508 1925 ἂν
529 1870 669 1941 λάϐῃ
687 1869 901 1940 καρπὸν
950 1868 1200 1939 πρώῖμον
1230 1868 1326 1920 καὶ
1348 1866 1563 1936 ὄψιμον.
1593 1864 1885 1936 Μακροθυ-

1991 1881 2113 1920 mus
2142 1883 2154 1919 :
2182 1885 2199 1917 ι
2228 1867 2403 1921 Proba
2431 1882 2542 1931 me,
2572 1867 2825 1931 Domine,
2857 1874 2912 1922 et
2943 1870 3080 1924 scito
3107 1885 3204 1926 cor
3228 1887 3438 1939 meum;
3474 1874 3560 1928 in-

314 1968 525 2036 μήσατε
556 1961 649 2019 οὖν
674 1966 769 2019 καὶ
800 1964 959 2032 ὑμεῖς
980 1978 993 1992 ⁸
1027 1962 1332 2030 ὑπόδειγμα
1361 1960 1556 2016 λάϐετε
1584 1960 1683 2028 τῆς
1717 1974 1885 2012 κακο-

310 2055 563 2121 παθείας,
609 2056 703 2108 καὶ
741 2055 839 2125 τῆς
880 2052 1294 2124 μακροθυμίας,
1336 2050 1467 2113 τοὺς
1510 2049 1813 2120 προφήτας.
1858 2066 1878 2099 ι

309 2148 421 2201 Καὶ
440 2148 499 2201 ὲν
523 2147 602 2219 τῷ
626 2145 946 2216 Εὑαγγελίῳ
964 2147 1297 2215 γέγραπται⁹
1334 2161 1353 2195 ι
1396 2142 1616 2205 ’ἰδόντες
1636 2141 1694 2194 δέ
1717 2157 1883 2211 φησιν

306 2241 355 2292 οξ
386 2238 647 2309 μαθηταὶ,
678 2238 934 2300 Ἰάκωϐος
968 2237 1063 2291 καὶ
1098 2235 1372 2306 Ἰωάννης,
1403 2235 1486 2288 ὅτι
1514 2235 1616 2286 οὑκ
1636 2232 1882 2299 ἐδέξαντο

306 2333 503 2395 αὖτοὺς
525 2333 572 2383 οἱ
593 2332 949 2403 Σαμαρεῖται,
980 2326 1152 2383 εἷποψ
1180 2348 1199 2380 ι
1224 2328 1417 2398 Κύριε,
1437 2325 1612 2389 θέλεις
1632 2325 1877 2395 εἴπωμεν

307 2421 417 2490 πῦρ
451 2421 756 2490 καταϐῆναι
787 2421 882 2474 ἀπ’
915 2419 1171 2491 οὐρανοῦ,
1203 2418 1298 2471 καὶ
1327 2415 1595 2472 ἀναλώσει
1653 2414 1874 2479 αὐτοὺς,

305 2513 379 2574 ὡς
419 2513 512 2565 καὶ
555 2512 744 2576 Ἠλίας
788 2512 1078 2583 ἐποίησεν;
1140 2510 1411 2581 Στραφεὶς
1460 2509 1517 2562 δὲ
1564 2511 1593 2562 ὁ
1648 2507 1877 2578 Ἰησοῦς,

309 2607 641 2678 ἐπετίμησεν
671 2607 874 2670 αὐτοῖς,
910 2605 1005 2659 καὶ
1046 2599 1217 2657 εἶπεν·
1262 2622 1278 2654 ι
1318 2602 1433 2656 Οὑκ
1479 2601 1658 2655 οἴδατε
1724 2600 1879 2653 ποίου

305 2698 617 2769 πνεύματός
664 2699 807 2753 ὲστε.
846 2699 903 2751 '0
942 2698 1071 2760 Υἱὸς
1108 2696 1203 2750 τοῦ
1244 2693 1536 2765 ἀνθρώπου
1572 2693 1672 2746 οὑκ
1718 2687 1881 2762 ἦλθεν

305 2789 484 2859 ψυχὰς
515 2789 822 2852 ἀνθρώπων
855 2788 1141 2852 ἀπολέσαι,
1179 2786 1319 2842 ἀλλὰ
1349 2786 1541 2840 σῶσαι.
1588 2804 1605 2837 ι
1656 2784 1815 2854 Αὑτῷ
1846 2784 1879 2854 ή

303 2881 429 2949 δόξα
461 2885 539 2946 είς
558 2884 684 2946 τοὺς
717 2882 942 2944 αἰῶνας.
980 2882 1172 2952 Ἀμήν.

1984 1964 2199 2028 terroga
2226 1973 2333 2021 me,
2359 1966 2415 2012 et
2438 1972 2708 2029 cognosce
2732 1959 2957 2014 semitas
2979 1976 3149 2026 meas,
3173 1972 3231 2017 et
3256 1963 3377 2019 vide
3403 1966 3449 2019 si
3471 1967 3560 2021 via

1982 2048 2293 2118 iniquitatis
2314 2048 2369 2103 in
2395 2065 2483 2104 me
2505 2057 2612 2111 est,
2630 2059 2686 2105 et
2723 2050 2904 2105 deduc
2942 2067 3030 2106 me
3066 2052 3121 2106 in
3146 2054 3230 2108 via
3257 2060 3556 2113 aeterna":

1986 2140 2200 2210 1206
2227 2139 2357 2210 quia
2385 2155 2487 2211 ego
2519 2140 2573 2194 ill
2605 2140 2923 2197 innocentia
2952 2157 3073 2197 mea
3105 2144 3387 2213 ingressus
3412 2163 3557 2212 sum,

1982 2232 2190 2286 redime
2214 2247 2301 2287 me
2328 2241 2384 2287 et
2412 2233 2676 2288 miserere
2706 2234 2814 2289 mei
2837 2236 2903 2289 ".
2938 2254 2956 2286 ι
2987 2236 3055 2290 Ει
3083 2236 3214 2291 illud
3244 2254 3257 2290 :
3294 2257 3311 2288 ι
3345 2238 3427 2293 Me
3458 2254 3559 2293 au-

1985 2332 2093 2379 tem
2126 2332 2351 2394 propter
2380 2324 2751 2380 innocentiam
2781 2327 3103 2397 suscepisti.
3137 2338 3194 2383 et
3223 2330 3557 2385 conﬁrmasti

1987 2431 2073 2470 me
2111 2416 2165 2470 in
2209 2428 2510 2485 conspectu
2555 2424 2649 2471 tuo
2691 2417 2746 2471 in
2785 2420 3140 2475 aeternum".
3185 2441 3203 2473 ι
3243 2422 3384 2477 Dicit
3426 2423 3558 2479 item

1979 2507 2237 2564 Salomon
2278 2527 2291 2563 :
2337 2527 2355 2561 ι
2391 2509 2488 2567 Vir
2523 2509 2874 2581 longanimis,
2912 2513 3132 2583 sapiens
3169 2523 3254 2569 est
3273 2516 3339 2569 9".
3384 2535 3401 2567 ι
3440 2518 3505 2571 Εῑ
3542 2535 3554 2571 :

1983 2619 2001 2651 ι
2043 2600 2227 2655 Stulto
2258 2601 2620 2671 interroganti
2653 2602 3008 2672 sapientiam,
3044 2606 3308 2675 sapientia
3344 2606 3421 2661 illi
3452 2608 3557 2661 im-

1979 2693 2263 2764 putabitur
2304 2712 2317 2748 :
2355 2700 2567 2747 mutum
2608 2703 2792 2749 autem
2834 2695 2882 2750 is
2923 2696 3015 2765 qui
3056 2698 3298 2767 seipsum
3342 2699 3557 2761 fecerit,

1978 2783 2256 2839 videbitur
2285 2799 2405 2839 esse
2440 2784 2683 2854 prudens
2705 2788 2770 2839 '°.
2810 2805 2827 2836 ι
2864 2786 3068 2841 lterum
3106 2807 3117 2841 :
3160 2808 3178 2839 ι
3214 2790 3308 2845 Vir
3336 2791 3557 2846 miseri-
3655 2813 3658 2815 λ

1979 2891 2121 2941 cors,
2149 2877 2477 2947 longanilnis
2503 2878 2642 2932 est‘.
2674 2897 2692 2928 ι
2723 2877 2961 2933 Jacobus
2990 2898 3001 2932 :
3036 2899 3053 2929 ι
3087 2881 3366 2937 Patientcs
3392 2883 3562 2953 igitur

303 2982 477 3029 estote
515 2973 753 3043 (fratres)
791 2988 963 3043 usque
996 2971 1063 3026 ad
1101 2970 1397 3026 adventum
1435 2966 1651 3022 Domini
1690 2983 1702 3018 :
1743 2979 1872 3020 ecce
1910 2966 2147 3036 agricola
2178 2974 2460 3036 exspectat
2497 2968 2800 3041 pretiosum
2841 2968 3079 3025 fructum
3135 2980 3294 3028 terra:
3346 2974 3563 3043 patien-

304 3079 388 3119 ter
415 3068 596 3123 ferens
628 3057 803 3122 donec
839 3066 1073 3136 accipiat
1111 3062 1349 3134 pluviam
1392 3069 1799 3130 temporaneam
1855 3066 1911 3113 et
1948 3059 2248 3113 serotinam
2291 3076 2303 3112 :
2347 3061 2618 3128 patientes
2660 3060 2827 3130 igitur
2872 3072 3050 3118 estote
3093 3072 3149 3118 et
3187 3081 3314 3130 vos,
3371 3081 3560 3121 exem-

302 3163 453 3231 plum
485 3160 715 3229 accipite
744 3157 951 3213 laboris
974 3164 1029 3212 et
1054 3153 1352 3226 patientiae,
1377 3149 1732 3223 prophetas’.
1766 3168 1785 3202 ι
1827 3150 1889 3204 Ιιι
1928 3149 2223 3220 Evangelio
2246 3164 2466 3219 quoque
2490 3151 2757 3219 scriptum
2786 3162 2871 3207 est
2898 3168 2910 3205 :
2940 3170 2958 3203 ι
2990 3154 3250 3210 Videntes
3272 3164 3455 3211 autem
3480 3156 3564 3211 di-

302 3253 497 3323 scipuli
523 3252 760 3307 Iacobus
787 3260 842 3305 et
869 3250 1140 3313 Joannes,
1171 3245 1302 3316 quia
1332 3244 1640 3299 noluissent
1670 3258 1766 3299 eos
1796 3242 2041 3312 recipere
2089 3241 2416 3297 Samaritani
2437 3283 2451 3307 ,
2491 3242 2751 3297 dixerunt
2783 3261 2796 3297 :
2833 3262 2852 3295 ι
2886 3245 3148 3309 Domine,
3189 3246 3275 3301 vis
3314 3248 3562 3307 dicamus

302 3352 363 3397 ut
390 3342 533 3414 ignis
559 3341 855 3396 descendat
881 3339 948 3393 de
978 3339 1138 3402 ccelo,
1165 3343 1222 3391 et
1246 3343 1536 3390 consumat
1579 3349 1674 3389 eos
1704 3332 2169 3403 quemadmodum
2235 3333 2382 3389 Elias
2423 3333 2552 3388 fecit
2597 3334 2652 3387 a?
2687 3333 2997 3390 Conversus
3044 3346 3226 3392 autem
3257 3339 3419 3397 Jesus
3481 3344 3565 3399 in-

302 3434 547 3504 crepavit
588 3448 714 3497 eos,
751 3441 807 3487 et
850 3431 987 3486 dixit
1026 3448 1038 3484 :
1085 3448 1103 3481 ι
1149 3427 1413 3488 Nescitis,
1451 3428 1610 3497 cujus
1649 3427 1879 3497 spiritus
1918 3425 2286 3481 estis:Filius
2344 3426 2586 3481 hominis
2618 3442 2727 3482 non
2752 3428 2903 3483 venit
2931 3429 3160 3499 perdere
3191 3430 3404 3489 animas
3459 3436 3562 3492 ho-

304 3528 537 3592 minum,
566 3526 661 3582 sed
692 3527 872 3583 salvas
900 3540 996 3580 eas
1027 3523 1268 3579 facere‘.
1306 3540 1323 3573 ι
1356 3520 1465 3588 lpsi
1494 3521 1666 3591 gloria
1698 3520 1755 3575 in
1784 3520 1983 3576 saecula
2017 3519 2367 3575 saeculorum.
2402 3519 2601 3575 Amen.

888 3637 1108 3693 ΛΟΓΟΣ
1145 3638 1294 3691 PIA'.

820 3730 961 3799 Περὶ
994 3730 1368 3800 ἡγουμένων.
1428 3800 1431 3801 ν

371 3853 539 3923 Φησὶν
567 3853 599 3921 ἡ
627 3849 748 3903 θεία
776 3847 989 3920 Γραφὴ,
1016 3848 1090 3910 ὼς
1122 3866 1139 3897 ι
1166 3845 1449 3916 Ἤρξατοὸ
1474 3840 1682 3912 Ἰησοῦς
1701 3843 1878 3896 ποιεῖν

304 3963 362 3999 τε
390 3947 483 4000 καὶ
513 3944 803 3999 διδάσκειν.
841 3961 859 3993 ι
902 3940 1125 4011 Πρῶτον
1157 3939 1383 4008 ἐποίησε
1422 3936 1518 3992 καὶ
1566 3934 1742 3999 οὑτως
1773 3932 1879 3987 est.

303 4037 480 4103 δαξεν.
522 4036 752 4106 Ὁμοίως
793 4035 885 4088 καὶ
917 4033 1079 4095 αὑτὸς
1135 4030 1442 4085 ἐντέλλεται
1475 4028 1684 4098 λέγων’
1723 4046 1741 4078 ί
1782 4027 1878 4088 Ὃς

258 4096 521 4203 ιποιήσει.
566 4096 659 4183 καὶ
687 4096 911 4195 διδάξει.
946 4119 1103 4188 οὗτος
1141 4125 1313 4196 μέγας
1363 4096 1695 4194 κληθήσεται
1719 4120 1776 4173 ὲν
1808 4121 1875 4188 τῇ

305 4222 552 4294 βασιλείᾳ
578 4221 688 4275 τῶν
713 4219 980 4289 οὐρανῶν.
1019 4236 1037 4270 ι
1081 4217 1141 4271 '0
1169 4215 1630 4287 ὲμπιστευόμενος
1652 4213 1754 4268 ὑπὸ
1782 4211 1877 4265 τοῦ

304 4315 439 4369 Θεοῦ
460 4314 662 4386 ψυχὰς,
703 4312 897 4366 πολλοῦ
920 4300 1131 4379 ἀγῶνος
1164 4310 1333 4364 δεῖται
1389 4309 1530 4379 ὑπὲρ
1576 4307 1685 4360 τῶν
1714 4307 1877 4377 ἀρχο-

306 4409 507 4479 μένων,
534 4407 609 4469 ὠς
634 4405 790 4468 εἰδὼς
810 4405 894 4458 ὅτι
917 4403 1008 4457 τὸν
1028 4402 1169 4474 ὑπὲρ
1196 4401 1380 4456 αὑτῶν
1414 4399 1602 4468 ὑφέξει
1631 4397 1877 4451 κίνδυνον

305 4502 397 4555 καὶ
419 4498 736 4566 ἀπολογίαν,
766 4492 867 4550 οὑκ
897 4495 1116 4549 ἔλαττον
1160 4493 1269 4547 τῶν
1298 4491 1429 4563 περὶ
1455 4488 1651 4544 ἑαυτοῦ
1671 4506 1685 4521 ·
1713 4488 1741 4542 ὃ
1770 4489 1879 4560 γὰρ

304 4592 606 4662 παρέθεντο
622 4589 782 4655 πολὺ,
812 4587 1204 4660 περισσότερον
1234 4584 1636 4653 ὰπαιτήσουσιν
1685 4580 1875 4634 αὑτοῦ.

316 4685 551 4755 Ὀφείλει
580 4681 674 4737 οὑν
702 4683 732 4735 ὁ
762 4680 966 4753 ποιμὴν
982 4681 1103 4743 ὅλος
1129 4677 1256 4743 νοῦς
1291 4678 1387 4731 καὶ
1409 4673 1691 4745 ὀφθαλμὸς
1714 4669 1875 4738 εἶναι,

304 4779 394 4832 ’ίνα
448 4777 522 4847 μὴ
577 4775 635 4828 ἓν
690 4774 799 4829 τῶν
827 4770 1301 4844 ὲμπιστευθέντων
1348 4766 1499 4837 αὑτῷ
1546 4764 1878 4837 θρεμμάτων

303 4869 673 4939 άπρόσδεκτον
695 4867 925 4937 γένηται
945 4864 1034 4918 διὰ
1056 4862 1155 4933 τῆς
1183 4861 1467 4932 ἀμελείας,
1496 4860 1529 4931 ἢ
1575 4857 1877 4931 λειχηνιοῦν

2540 3633 2823 3691 HOMILIA
2865 3636 2998 3691 CXI.

2480 3724 2559 3778 De
2588 3726 2667 3778 llis
2692 3726 2782 3795 qui
2818 3735 3076 3796 praesunt.

2056 3855 2146 3910 Ait
2179 3854 2490 3924 Scriptura,
2516 3855 2646 3925 quia
2691 3874 2709 3906 ι
2745 3856 2914 3926 capit
2940 3857 3101 3912 Jcsus
3147 3858 3329 3914 facere
3364 3869 3420 3915 et
3457 3861 3561 3917 do-

1984 3947 2169 4001 cere".
2212 3966 2230 3997 ι
2276 3947 2521 4001 Primum
2562 3946 2714 4006 fecit.
2760 3956 2817 4002 et
2860 3948 2941 4003 sic
3002 3949 3213 4015 docuit,
3256 3966 3360 4007 nec
3401 3969 3562 4011 secus

1984 4038 2163 4095 sancit
2187 4046 2462 4108 praecepto
2502 4038 2838 4101 faciendum,
2872 4040 3064 4096 dicens
3107 4060 3118 4094 :
3168 4061 3187 4094 ι
3233 4041 3337 4109 Qui
3368 4044 3561 4101 fecerit

1983 4138 2040 4184 et
2078 4129 2350 4193 docuerit,
2381 4129 2472 4184 hic
2517 4146 2751 4201 magnus
2782 4132 3071 4189 vocabitur
3109 4133 3164 4189 in
3196 4149 3364 4205 regno
3394 4138 3554 4192 coelo-

1985 4236 2106 4275 rum
2136 4222 2177 4276 ⁸.
2220 4240 2238 4274 ι
2292 4221 2343 4277 Is
2385 4220 2552 4292 igitur
2582 4222 2740 4293 cujus
2781 4222 2911 4279 ﬁdei
2962 4225 3133 4280 tutela
3174 4226 3482 4281 animarum
3529 4246 3561 4283 a

1984 4314 2096 4369 Deo
2126 4312 2445 4368 concredita
2479 4321 2585 4379 est,
2610 4329 2720 4369 non
2751 4315 3017 4371 mediocri
3049 4316 3233 4371 studio
3260 4318 3561 4389 advigilare

1984 4406 2148 4461 debet
2202 4420 2304 4475 pro
2349 4405 2525 4459 salute
2573 4405 2926 4462 subditorum
2966 4425 2978 4462 :
3015 4409 3221 4479 quippe
3270 4411 3364 4479 qui
3408 4420 3561 4465 certo

1984 4499 2123 4554 sciat
2165 4512 2223 4552 se
2272 4512 2376 4567 pro
2422 4496 2532 4553 illis
2567 4498 2851 4554 aditurum
2908 4515 3030 4556 esse
3073 4501 3269 4557 animae
3325 4504 3561 4572 propriae

1986 4589 2313 4659 periculum,
2350 4597 2406 4643 at
2438 4589 2661 4659 quidem
2692 4605 2795 4659 pro
2829 4606 2888 4645 se
2916 4607 2985 4645 ne
3017 4592 3299 4646 minimam
3334 4592 3559 4648 habitu--

1986 4695 2108 4734 rum
2158 4695 2281 4735 esse
2331 4678 2768 4734 excusationem.
2807 4679 2889 4733 Ab
2941 4696 3010 4735 eo
3055 4680 3203 4734 enim
3250 4681 3336 4734 cui
3387 4683 3557 4737 multa

1984 4771 2233 4843 apposita
2268 4782 2417 4836 sunt,
2462 4771 2837 4826 abundantius
2870 4780 3141 4841 repetent.
3190 4773 3363 4828 Debet
3394 4772 3560 4844 igitur

1984 4870 2172 4932 pastor
2207 4870 2358 4916 totus
2401 4875 2522 4915 esse
2553 4876 2709 4916 mens
2742 4870 2798 4916 et
2834 4863 3049 4926 oculus,
3080 4872 3140 4918 ut
3180 4880 3250 4919 ne
3298 4880 3405 4919 una
3439 4865 3563 4935 qui-

304 4964 413 5017 ἀπδ
443 4960 792 5030 λογισμῶν,ἢ
822 4956 1065 5028 ψωριοῦν
1084 4958 1152 5027 τῇ
1187 4951 1585 5022 συγκαταθέσει
1614 4950 1815 5015 αὑτῶν,
1844 4949 1876 5018 ἦ

1986 4954 2110 5009 dem
2152 4952 2596 5008 concreditarum
2627 4954 2731 5008 sibi
2764 4954 3307 5025 pecudum-rejicula
3372 4957 3465 5011 fiat
3503 4967 3563 5014 et

305 5054 477 5127 χωλὸν
492 5052 560 5106 δι’
581 5050 681 5105 ὰσέ
691 5068 823 5122 μνου
848 5045 1245 5119 βαδίσματος,ἢ
1263 5044 1581 5114 ὼτότμητον
1600 5041 1685 5096 διὰ
1705 5057 1882 5111 παρα-

305 5148 460 5216 κοῆς,
492 5147 525 5218 ἢ
559 5145 759 5214 τυφλὸν
789 5142 876 5196 διὰ
932 5141 1106 5205 κακῆς
1161 5139 1428 5211 ὁράσεως,
1470 5136 1503 5208 ἢ
1545 5134 1880 5205 θηριάλωτον

304 5240 401 5296 καὶ
435 5240 755 5309 θνησιμαῖον
782 5236 871 5289 διὰ
901 5234 1079 5302 κακῆς
1110 5229 1378 5301 πράξεως.
1420 5229 1507 5292 Ὠς
1544 5223 1638 5281 οὖν
1666 5225 1880 5296 εἴρηται

304 5335 590 5402 γινώσκων
620 5332 702 5385 ὅτι
746 5329 907 5397 λόγον
939 5328 1080 5397 ὑπὲρ
1104 5325 1283 5379 αὑτῶν
1326 5322 1535 5393 ὑφέξει,
1571 5319 1705 5374 πολὺ
1731 5316 1881 5387 ὀφεί-

304 5428 386 5480 λει
415 5427 779 5497 ὲναγρυπνεῖν
829 5424 896 5492 τῇ
924 5420 1131 5493 ποίμνῃ
1165 5417 1351 5472 αὑτοῦ.
1408 5416 1519 5469 Καὶ
1550 5414 1627 5477 ὡς
1658 5413 1879 5483 ἄριστος

309 5519 489 5591 ἰατρὸς
528 5520 628 5590 τὴν
681 5516 1070 5587 προσήκουσαν
1119 5512 1335 5580 ἑκάστῳ
1404 5507 1566 5563 πάθει
1627 5505 1879 5577 βοήθειαν

374 5705 441 5737 ’⁸⁸
480 5704 641 5758 Prov.
674 5717 783 5762 xvr,
811 5700 903 5755 ΒΞ.
978 5699 1023 5729 ⁹²
1065 5696 1194 5766 Sap.
1220 5711 1299 5759 ιιι,
1327 5697 1382 5750 6.
1459 5695 1505 5726 ⁸³
1546 5694 1707 5766 Prog-
1736 5708 1790 5755 Χ,
1824 5690 1876 5743 8-

1986 5690 2208 5766 "Decii.
2245 5689 2454 5766 11,1:6.
2529 5690 2574 5720 ⁹⁸
2607 5688 2749 5766 Psal.
2785 5704 3036 5766 Clixlgvm,
3068 5686 3165 5766 23>l
3187 5687 3277 5766 ἓξ.

1127 5756 1173 5800 ”⁸
1213 5756 1341 5835 Sap.
1374 5783 1412 5829 l,
1446 5765 1498 5820 6.
1570 5764 1618 5835 ff
1658 5763 1821 5835 Prov.
1855 5778 1903 5814 xl

2015 5760 2229 5835 2528.
2302 5761 2316 5791 ¹
2363 5761 2520 5835 Prov.
2561 5776 2621 5823 ιι,
2670 5759 2756 5812 17.
2833 5761 2852 5790 ²
2901 5759 3015 5813 Jac.
3043 5772 3096 5821 v,
3136 5758 3188 5822 7,
3232 5756 3285 5812 8.
3364 5758 3383 5788 ³
3423 5756 3554 5815 Luc.

306 5791 430 5835 xxv,
458 5775 508 5828 1.
582 5774 628 5806 ⁸⁷
670 5772 813 5827 Psal.
846 5786 929 5831 ιιι..
960 5770 1049 5823 15.

1986 5049 2211 5119 indigna
2243 5063 2365 5118 quae
2396 5047 2698 5117 recipiatur
2724 5064 2754 5101 a
2784 5048 3018 5102 Domino
3059 5064 3158 5119 per
3185 5051 3560 5118 oscitantialn,

1985 5149 2082 5196 aut
2126 5139 2351 5195 decolor
2378 5137 2449 5193 sit
2494 5138 2813 5209 impetigine
2844 5138 3240 5209 cogitationum
3264 5142 3307 5206 ⁷,
3335 5150 3429 5196 aut
3459 5159 3561 5213 per

1985 5247 2141 5288 suam
2182 5229 2424 5301 pastoris
2448 5229 2845 5299 indulgentiam
2889 5229 3101 5285 laboret
3135 5247 3199 5286 ac
3222 5232 3436 5301 pruriat
3461 5248 3562 5303 pe-

1986 5340 2084 5379 cus
2113 5323 2260 5379 fceda
2301 5322 2509 5387 scabie,
2551 5337 2620 5376 ne
2655 5322 2930 5378 claudicet
2967 5338 3067 5393 per
3102 5324 3469 5397 irreligiosum
3498 5340 3564 5380 ac

1986 5415 2169 5469 minus
2208 5429 2429 5483 gravem
2468 5412 2766 5478 incessum,
2807 5421 2903 5466 aut
2941 5412 3156 5469 defecta
3187 5414 3259 5469 sit
3298 5429 3431 5468 aure
3464 5428 3564 5483 per

1987 5503 2421 5560 inobedicntiam
2514 5518 2583 5557 ne
2639 5519 2780 5558 cmca
2842 5519 2964 5559 esse
3033 5504 3407 5575 comperiatur
3467 5520 3564 5573 per

3354 5688 3399 5717 "
3416 5687 3559 5743 Psal.

244 5898 251 5903 .
306 5864 381 5909 Ix,
414 5830 501 5899 ει.
575 5843 595 5875 ι
636 5842 772 5897 ibid.
803 5842 899 5906 55,
929 5840 1015 5893 iis.
1098 5839 1117 5868 ι
1152 5830 1348 5900 Αοι.ἰ,
1378 5837 1426 5891 ι.
1518 5836 1535 5865 ⁶
1567 5832 1757 5888 Matth.
1798 5848 1849 5895 γ,
1897 5846 1903 5883 +

2059 5832 2076 5862 ⁷
2101 5830 2278 5885 Levit.
2307 5846 2413 5895 im,
2452 5830 2475 5882 1
2513 5845 2665 5893 sequ.
