4040 6508
505 361 640 425 i775

1765 353 2132 418 ANTIOCHI
2171 353 2517 416 MONACHI

3611 355 3740 418 i776

502 475 763 530 vitiosum
815 479 1120 540 aspectum,
1156 477 1251 522 aut
1289 475 1444 537 capta
1475 482 1505 520 a
1540 465 1735 520 bestiis
1769 463 1888 518 sive
1925 478 2077 517 mor—

2192 460 2544 532 ιιροσενέγκαι
2587 460 2668 512 {vi
2706 460 2922 531 ἑκάστῳ
2951 459 3149 515 αὐτῶν.
3197 462 3256 514 ’0
3286 462 3395 532 γὰρ
3432 463 3739 535 ὲπιοτήμων

501 567 666 622 tieina
690 580 790 634 per
836 562 1144 632 improbam
1187 559 1625 630 operationem”.
1651 556 1788 612 Cum
1833 555 2000 624 igitur
2027 554 2073 608 is

498 657 674 726 probe
707 653 924 712 noverit
952 654 1084 724 (ceu
1135 651 1271 706 mihi
1334 649 1544 706 dictum
1582 647 1696 717 est)
1733 661 1793 701 se
1840 660 1941 714 pro
1966 644 2074 700 illis

501 749 772 803 rationem
815 761 939 802 esse
995 743 1406 813 repositurum,
1454 757 1552 810 par
1590 749 1706 803 est,
1766 747 1830 792 ut
1890 735 2143 806 pervigili
2181 752 2312 792 cura
2373 753 2473 792 suo
2531 739 2836 808 prospiciat
2883 739 3034 810 gregi
3076 755 3088 790 :

2181 553 2480 624 ἡγούμενος
2512 554 2612 606 οὑκ
2659 553 2810 607 ἐάσει
2840 553 3114 624 τρωθέντα
3145 554 3418 624 μαθητὴν,
3475 556 3744 624 τρωθέντα

2177 647 2236 700 δὲ
2268 646 2478 700 ἰάσεται
2503 645 2733 716 ταχέως.

3134 753 3453 808 moremque
3509 739 3750 796 imitatus

501 833 702 894 medici
753 840 910 907 longe
971 831 1470 904 experientissimi,
1541 829 1739 898 cuique
1790 825 2015 882 affectui
2097 827 2297 880 vitioso
2343 837 2714 897 opportunum
2754 837 2809 882 et
2846 839 3165 898 competens
3215 829 3410 883 afferat
3466 830 3750 893 auxilium,

505 933 656 988 nullo
688 932 908 988 illorum
940 927 1231 999 neglectim
1267 925 1616 981 transmisso.
1637 922 1860 977 Peritus
1891 919 2038 974 enim
2063 918 2110 972 si
2148 929 2234 975 est
2271 936 2494 990 praeses,
2533 921 2856 991 neutiquam
2882 923 3028 977 sinet
3071 923 3403 993 discipulum
3431 924 3602 979 ullius
3637 926 3752 980 vul-

503 1025 658 1080 neris
688 1021 1051 1092 impressione
1080 1019 1336 1075 saueiari.
1375 1018 1432 1074 Si
1465 1032 1630 1086 quem
1663 1015 1943 1084 noritjam
1967 1013 2216 1068 saucium
2259 1014 2398 1070 nihil
2423 1023 2718 1071 cunctatus
2752 1019 3056 1071 sanandum
3084 1017 3371 1086 suscipiet.

577 1118 786 1186 1207
803 1116 884 1172 Tu
905 1115 1070 1185 igitur
1085 1113 1338 1183 quisquis
1349 1111 1628 1182 prmsidcs,
1641 1107 1948 1177 discipulos
1965 1114 2089 1160 tuos

504 1208 854 1266 sermonibus
899 1207 1144 1268 obarma,
1188 1205 1391 1274 quibus
1428 1218 1486 1258 se
1537 1201 1742 1256 cautim
1788 1199 2090 1254 observent

506 1317 570 1355 ac
593 1307 870 1355 tueantur.
896 1297 1118 1352 Illorum
1149 1295 1412 1365 praemuni
1440 1301 1654 1363 pectus,
1673 1298 1823 1344 certa
1850 1287 2085 1358 permis-

505 1398 661 1450 sione
712 1393 1028 1447 futurorum
1077 1389 1378 1450 bonorum;
1429 1394 1587 1438 scuto
1635 1395 1762 1436 vere
1796 1378 1940 1451 ﬁdei.
1971 1376 2086 1431 cir-

505 1483 753 1553 cumsepi
792 1497 925 1545 eos;
973 1479 1042 1534 ad
1077 1479 1240 1533 tinem
1284 1489 1455 1545 usque
1485 1472 1798 1544 provehito,
1824 1467 2082 1539 praeduee

507 1591 602 1645 spe
625 1590 747 1644 qua:
796 1577 851 1626 in
890 1570 1175 1628 Christum
1209 1584 1310 1622 ceu
1339 1580 1567 1636 scopum
1596 1573 1742 1618 recta
1791 1561 2076 1617 eollineet.

506 1666 683 1721 Pedes
721 1665 920 1719 obtura
965 1677 1028 1716 ae
1075 1661 1411 1728 circumtege
1439 1655 1702 1726 angelicis
1752 1651 2081 1721 disciplinis.

2257 1110 2329 1161 Σὺ
2381 1105 2496 1175 οὖν,
2528 1107 2825 1178 ήγούμενε,
2876 1109 3096 1162 ὃπλισον
3147 1110 3615 1178 προφυλακτικοῖς
3669 1127 3758 1164 σου

2190 1199 2437 1269 μαθητὰς
2462 1238 2477 1263 ,
2515 1198 2610 1251 καὶ
2645 1198 2953 1270 θωράκισον
2985 1199 3292 1270 ἐπαγγελίᾳ
3317 1200 3422 1253 τῶν
3459 1200 3759 1270 μελλόντων

2185 1289 2440 1356 ἀγαθῶν*
2491 1288 2832 1360 περίφραξον
2864 1289 3043 1361 θυρεῷ
3094 1291 3330 1354 πίστεως
3380 1291 3642 1359 ἀληθοῦς,
3675 1294 3762 1344 καὶ

2185 1383 2504 1454 περάτωσον
2533 1385 2598 1452 τῇ
2629 1382 2806 1434 ἑλπίδι
2829 1385 2894 1452 τῇ
2927 1385 3005 1446 είς
3030 1383 3285 1455 Χριστὸν,
3315 1385 3613 1453 κνήμωσον
3642 1385 3760 1446 τοὺς

2188 1475 2354 1539 πόδας
2386 1473 2762 1542 εὑαγγελικοῖς
2795 1473 3102 1545 μαθήμασι.
3135 1475 3229 1527 καὶ
3261 1473 3435 1538 ζῶσον
3463 1475 3567 1546 τὴν
3596 1476 3763 1544 ὀσφὺν

2188 1567 2367 1634 λόγοις
2400 1565 2754 1636 σωφροσύνης
2775 1581 2788 1595 °
2817 1563 2904 1627 δὸς
2939 1565 3212 1636 μάχαιραν
3239 1567 3316 1628 είς
3340 1565 3440 1635 τὴν
3465 1569 3654 1636 χεῖρα,
3678 1567 3764 1618 τόν

2191 1658 2332 1712 κατὰ
2379 1657 2488 1710 τῶν
2549 1654 2736 1709 παθῶν
2773 1654 2945 1725 θυμὸν
2991 1655 3282 1721 ὀξύτατον·
3337 1659 3430 1710 καὶ
3480 1657 3765 1722 άντίταξον

506 1757 784 1825 Praecinge
829 1753 1076 1809 lumbum
1124 1751 1341 1804 illorum
1377 1745 1685 1817 spiritualis
1722 1744 1926 1798 laetitiae
1972 1757 2088 1796 ser-

2193 1750 2433 1818 φάλαγγι
2468 1749 2658 1802 παθῶν
2689 1748 2785 1802 καὶ
2811 1749 3033 1818 ἡδονῶν.
3077 1751 3188 1802 Καὶ
3222 1749 3296 1820 μὴ
3330 1751 3564 1822 κινήσῃς
3599 1750 3765 1818 euge»

507 1847 784 1902 monibus.
862 1845 940 1898 Da
1013 1843 1122 1897 illis
1170 1843 1225 1896 in
1280 1855 1502 1894 manum
1563 1837 1839 1907 gladium,
1890 1850 2086 1904 nempe

506 1937 860 1995 acrimoniam
914 1934 1304 2004 praecidentem
1349 1931 1579 1985 vitiosos
1619 1928 1789 1982 animi
1831 1928 2084 1982 allectus.

509 2030 564 2083 Si
602 2045 742 2100 quos
785 2028 1028 2083 senseris
1067 2027 1210 2095 cingi
1261 2040 1325 2079 ac
1361 2023 1539 2093 premi
1571 2020 1822 2091 improbo
1871 2020 2086 2089 agmine

507 2120 987 2192 perturbationum
1037 2128 1133 2173 aut
1171 2117 1550 2186 voluptatum,
1596 2111 1859 2168 coordina
1917 2117 1973 2164 et
2029 2118 2086 2162 tu

507 2213 772 2268 adversus
821 2221 1116 2280 utrumque
1177 2207 1660 2264 instructissimam
1704 2203 1900 2258 aciem.
1943 2200 2088 2255 Cave

507 2303 744 2358 moveris
778 2303 1022 2357 animum
1051 2301 1322 2355 adversus
1355 2297 1688 2367 discipulum
1715 2302 2035 2364 peccantem
2073 2309 2086 2344 :

506 2410 688 2463 neque
716 2395 864 2448 enim
896 2394 1071 2448 sancti
1097 2393 1201 2446 viri
1233 2400 1317 2446 est
1347 2405 1410 2445 ea
1444 2388 1674 2452 functio,
1709 2386 1809 2440 tibi
1835 2385 1939 2454 ipsi
1972 2384 2091 2437 vul-

507 2499 613 2538 nus
642 2483 889 2553 infligcre
921 2493 977 2536 et
1023 2481 1366 2543 consociare,
1399 2479 1527 2532 dum
1569 2477 1693 2530 aliis
1730 2475 1921 2530 studes
1970 2487 2086 2526 me-

507 2573 628 2628 deri
681 2592 694 2628 :
737 2575 834 2628 sed
875 2583 930 2628 et
983 2574 1076 2642 qui
1124 2580 1355 2627 caeteros
1396 2573 1606 2633 latent,
1645 2571 1946 2623 clementer
1993 2581 2090 2620 eos

507 2665 759 2720 emenda.
793 2664 1038 2718 Medicus
1068 2663 1272 2718 ctenim
1310 2662 1565 2718 medetur
1596 2659 1824 2730 quidem
1858 2656 2086 2722 morbis,

509 2773 620 2811 non
652 2757 785 2810 item
831 2755 1096 2808 adversus
1151 2769 1276 2808 eum
1320 2754 1413 2823 qui
1465 2752 1671 2806 invitus
1700 2749 1970 2820 mgrescit,
2003 2748 2087 2802 in-

508 2848 729 2919 dignam
758 2847 924 2902 ullam
975 2855 1159 2901 movet
1193 2846 1492 2916 querelam.
1544 2844 1611 2899 Ut
1641 2843 1810 2914 igitur
1844 2840 2092 2896 medicus

509 2956 635 2995 cum
671 2939 859 2994 carnis
904 2939 1296 3009 putrilaginem
1346 2947 1517 2999 secat,
1576 2936 1682 2990 hoc
1719 2935 1910 3004 utique
1959 2932 2090 2986 facit

2190 1844 2283 1895 ἐπὶ
2317 1843 2700 1913 άμαρτὴσαντι
2754 1841 2997 1912 μαθητῇ.
3057 1844 3130 1895 Οὺ
3161 1844 3270 1913 γὰρ
3306 1845 3449 1895 ὅσιον
3485 1844 3658 1897 αὑτὸν
3689 1860 3764 1895 τι·

2187 1935 2455 2006 τρὼσκειν
2496 1933 2601 2004 πρὸ
2634 1933 2732 2003 τῆς
2763 1932 3060 1998 θεραπείας
3096 1936 3283 2004 ἐτέρου
3305 1952 3316 1963 ·
3350 1935 3465 1987 ἀλλ’
3513 1936 3769 2000 ἀνεξικά-

2190 2043 2300 2086 κως
2327 2024 2540 2093 διόρθου
2581 2024 2642 2076 τὸ
2677 2023 2859 2077 λαθὸν.
2894 2025 3002 2078 Καὶ
3031 2025 3137 2096 γὰρ
3167 2028 3192 2078 ὁ
3231 2027 3411 2094 ἰατρὸς
3473 2027 3770 2096 θεραπεύει

2192 2117 2291 2184 μὲν
2321 2117 2381 2168 τὸ
2415 2115 2610 2177 πάθος.
2659 2117 2759 2169 οὑκ
2791 2116 3089 2184 ἀγανακτεῖ
3115 2117 3170 2170 δὲ
3205 2117 3340 2187 πρὸς
3369 2119 3462 2170 τὸν
3496 2119 3770 2182 ἀκουσίως

2189 2205 2530 2274 νοσήσαντα·
2581 2203 2771 2274 ὥσπερ
2812 2206 2839 2256 ὁ
2873 2203 3053 2273 ἰατρὸς
3108 2204 3319 2273 τέμνων
3368 2212 3541 2274 χωρὶς
3601 2206 3768 2274 ὀργῆς

2190 2294 2345 2346 τοῦτο
2382 2298 2543 2349 ποιεῖ.
2582 2294 2738 2348 Οὖτω
2781 2296 2872 2348 καὶ
2914 2296 3230 2358 διδάσκαλος
3271 2296 3511 2366 ἐλέγχων
3565 2299 3649 2366 μὴ
3685 2315 3769 2365 μι-

2191 2383 2368 2450 γνύων
2421 2385 2528 2437 τῶν
2573 2385 2811 2454 ἐλέγχων
2858 2385 3049 2455 θυμόν.
3097 2387 3250 2454 Μηδὲ
3293 2386 3454 2439 πάλιν
3505 2386 3600 2439 διὰ
3649 2387 3768 2448 τοὺς

2191 2474 2594 2541 ἀντιλέγοντας,
2649 2476 2921 2542 σιωπῆσαι
2974 2476 3044 2528 τὰ
3099 2476 3284 2529 δέοντα
3331 2478 3533 2548 ἵναμὴ
3594 2480 3630 2549 ἡ
3681 2477 3768 2532 τοῦ

2191 2569 2307 2629 ἑνὶς
2359 2566 2533 2636 βλάϐη
2567 2569 2646 2630 είς
2680 2569 2804 2630 τοὺς
2859 2567 3085 2631 πολλοὺς
3136 2569 3446 2642 ἀναδράμῃ.
3485 2569 3630 2622 Οὔτε
3671 2573 3768 2640 χρὴ

2193 2659 2593 2728 μακροθυμεῖν,
2618 2659 2735 2712 οὑδὲ
2770 2659 2951 2730 ζητεῖν
2985 2660 3043 2712 τὸ
3074 2659 3267 2714 ἑαυτοῦ
3303 2663 3609 2731 συμφέρον,
3641 2662 3771 2716 ἀλλὰ

2190 2750 2248 2802 τὺ
2280 2750 2385 2802 τῶν
2424 2749 2651 2813 πολλῶν,
2687 2751 2772 2804 ἵνα
2808 2750 3076 2803 σωθῶσιν.
3129 2752 3265 2804 Οὐδὲ
3302 2753 3460 2805 πάλιν
3509 2753 3770 2822 ἀποδέχεε

2192 2841 2315 2894 σθαι
2353 2843 2443 2894 τὸν
2478 2844 2534 2894 ὲν
2575 2843 2820 2913 ὑποταγῇ
2860 2861 2953 2895 σου
2987 2843 3137 2906 ὅντα,
3163 2843 3429 2912 λέγοντα·
3475 2847 3769 2916 Παράσχου

2194 2949 2287 3003 μοι
2322 2933 2573 2997 ἐξουσίαν
2611 2934 2735 2988 τινὰ
2779 2935 2972 3004 χρόνον
3023 2937 3162 3006 πρὸς
3201 2938 3403 3006 ἀρετὴν
3431 2937 3551 2990 τόδε
3588 2938 3627 3008 ἥ
3658 2938 3770 2992 τόδε

509 3034 648 3090 citra
686 3035 823 3087 iram
850 3049 862 3086 :
893 3033 967 3088 ita
989 3044 1045 3086 et
1072 3031 1526 3096 doctor,interim
1555 3028 1685 3083 dum
1709 3026 2086 3097 reprehendit,

2192 3026 2251 3082 τὸ
2295 3028 2528 3098 πρᾶγμα
2579 3027 2894 3097 δοκιμάσαι,
2947 3031 3040 3080 καὶ
3095 3029 3235 3082 οὑτω
3283 3030 3657 3100 κατορθῶσαι.
3717 3031 3768 3082 ὐ

511 3140 619 3178 non
664 3121 964 3176 iracundiae
1006 3121 1250 3174 furorem
1305 3118 1578 3173 inuuiscet
1629 3132 1742 3172 sua:
1789 3115 2090 3185 reprelien-

511 3213 684 3278 sioni,
727 3228 828 3266 nec
861 3229 1048 3267 rursus
1089 3209 1588 3266 contradicentium
1631 3209 1877 3263 susurris
1909 3207 2090 3264 deter-

512 3304 676 3368 ritus,
713 3319 836 3373 quae
871 3302 1147 3358 addecent
1193 3302 1479 3371 frugemve
1516 3298 1759 3354 afferunt
1799 3297 2088 3369 subjectis,

509 3397 734 3453 silentio
778 3395 1000 3466 premit,
1053 3405 1113 3449 ut
1167 3409 1237 3448 ue
1290 3393 1454 3447 unius
1503 3407 1645 3447 noxa
1687 3392 1743 3446 in
1790 3392 2088 3446 multorum

511 3489 838 3560 perniciem,
856 3503 956 3543 sua
989 3496 1217 3556 contage
1244 3493 1496 3540 recurrat
1524 3494 1580 3539 et
1610 3483 1873 3538 dimauet.
1897 3483 1998 3538 Hic
2019 3498 2090 3538 ne

513 3591 565 3636 te
591 3591 820 3650 praestes
836 3579 1221 3650 longanimiter
1240 3578 1538 3648 patientem
1563 3595 1576 3630 :
1603 3591 1710 3630 non
1730 3575 1861 3630 item
1878 3590 2091 3645 quaeras

510 3674 656 3742 quod
691 3673 791 3726 tibi
825 3672 956 3726 utile
1003 3681 1108 3736 est,
1147 3671 1242 3726 sed
1277 3670 1423 3742 quod
1454 3669 1662 3732 multis,
1695 3677 1757 3723 ut
1789 3667 2091 3722 incolumes

510 3770 822 3815 serventur.
864 3761 1078 3814 Rursus
1143 3758 1266 3814 vide
1333 3774 1401 3813 ne
1462 3757 1685 3811 subdito
1744 3756 2092 3812 consenseris

509 3850 715 3905 dicenti
752 3850 851 3904 tibi
899 3868 911 3902 :
958 3849 1062 3904 Fac
1110 3865 1324 3904 meeum
1372 3856 1700 3918 potestatem
1745 3847 2092 3917 temporaria:

510 3943 816 4012 cuiuspiam
849 3943 1100 4007 morulaa,
1136 3942 1266 3996 dum
1310 3942 1527 3995 interim
1581 3939 1842 4010 recipiam
1889 3955 1996 4003 me,
2030 3949 2092 3994 ut

509 4034 699 4088 ethoc
732 4033 818 4087 vel
855 4032 989 4086 illud
1031 4031 1282 4101 probem,
1316 4035 1506 4103 sicque
1540 4033 1686 4103 quod
1719 4033 1984 4088 decorum
2006 4040 2093 4086 est

510 4140 567 4184 et
594 4147 661 4185 ex
692 4131 874 4186 cilicio
908 4132 1162 4186 concitus
1190 4133 1467 4186 absolvam
1505 4150 1516 4184 :
1556 4133 1650 4202 qui
1681 4132 1828 4186 enim
1864 4132 1933 4186 ad
1962 4147 2090 4186 eum

510 4224 762 4292 loquitur
787 4223 1011 4278 modum
1031 4264 1044 4288 ,
1076 4225 1339 4277 nimirum
1376 4225 1702 4278 undecunde
1735 4233 1970 4278 venatur
1993 4239 2089 4278 oc-

512 4316 788 4370 casionem
843 4316 1194 4385 perficienda:
1260 4318 1498 4385 propri-.e
1560 4317 1860 4371 voluntatis
1908 4333 1920 4368 :
1966 4331 2088 4371 eam

2194 3117 2301 3188 γὰρ
2330 3117 2392 3190 δὴ
2418 3117 2592 3182 οὑτως
2617 3117 2815 3187 λέγων,
2837 3119 3080 3188 δηλονότι
3108 3120 3236 3173 ἴδιον
3251 3121 3509 3174 ἀποτελεῖ
3533 3122 3766 3192 θέλημα,

2196 3209 2291 3262 καὶ
2317 3209 2412 3272 τὰς
2447 3209 2725 3280 συνθήκας
2757 3211 2855 3280 τῆς
2891 3212 3168 3282 ὑποταγῆς
3198 3212 3399 3266 ἀθετεῖ.
3437 3214 3559 3284 Χρὴ
3595 3214 3658 3267 δὲ
3686 3217 3769 3266 καὶ

2192 3299 2352 3354 τοῦτο
2385 3301 2706 3371 καραδοκεῖν
2742 3303 3008 3373 ὑπομονῇ.
3057 3303 3113 3357 'O
3149 3304 3256 3374 γάρ
3292 3304 3604 3374 διατρέφων
3651 3322 3771 3375 προα

2194 3393 2382 3464 θύμως
2413 3395 2539 3458 τοὺς
2589 3393 3063 3466 ὑποτεταγμένους
3101 3396 3161 3446 ὲν
3193 3396 3269 3464 τῷ
3312 3395 3453 3466 λόγῳ
3481 3395 3578 3448 τοὺ
3610 3394 3769 3460 Θεοῦ,

2193 3483 2566 3554 έτοιμαζέσθω
2590 3487 2651 3539 τὸ
2690 3485 2877 3558 νοητὸν
2906 3485 3070 3538 αὑτοῦ
3101 3488 3179 3548 εἰς
3221 3487 3489 3556 μάστιγας
3521 3492 3766 3557 νοητοὺς,

2194 3577 2289 3629 καὶ
2327 3578 2503 3630 πάντα
2541 3579 2846 3648 πειρασμὸν
2881 3577 3202 3646 ὑφιστάσθω
3235 3581 3520 3646 γενναίως.
3554 3581 3767 3633 Γίνεται

2193 3669 2301 3738 γὰρ
2340 3669 2422 3722 ὅτι
2469 3670 2562 3722 καὶ
2597 3669 2913 3732 διδάσκαλος
2950 3671 3028 3734 εἰς
3062 3671 3284 3741 ἀτιμίαν
3317 3673 3583 3726 ἐκδίδοται
3631 3674 3768 3743 ὑπὲρ

2194 3762 2300 3814 τῶν
2355 3761 2743 3832 πνευματικῶς
2805 3762 3198 3834 ὠφεληθέντων
3245 3768 3369 3827 τοῖς
3425 3769 3768 3836 πειρασμοπ

2195 3851 2578 3921 ὑφιστάμενος.
2629 3869 2646 3903 ι
2697 3851 2887 3922 Ἡμεῖς
2919 3853 3047 3923 γὰρ,
3090 3855 3277 3923 φησὶν,
3310 3855 3499 3924 ἄτιμοι
3540 3859 3636 3906 καὶ
3680 3872 3769 3907 κο-

2192 3942 2540 4013 λαφιζόμενοι
2588 3943 2665 4014 τῷ
2706 3944 2956 4006 σκόλοπι,
3014 3946 3170 4014 ὑμεῖς
3208 3945 3262 3997 δὲ
3306 3947 3517 4014 ἰσχυροὶ
3557 3949 3658 3998 καὶ
3685 3948 3769 3999 ἐν·

2192 4032 2334 4098 δοξοι
2373 4035 2791 4102 καθεστηκότες.
2841 4053 2862 4086 ι
2906 4034 3027 4104 Χρὴ
3066 4030 3158 4088 οὗν
3202 4036 3291 4088 τὸν
3343 4036 3436 4087 τοῦ
3485 4036 3626 4088 Θεοῦ
3679 4037 3810 4108 ἂν-.

2194 4127 2413 4196 θρωπον
2439 4130 2496 4180 ἑν
2526 4127 2691 4180 παντὶ
2718 4128 2862 4198 ἔργῳ
2896 4127 3084 4197 ἁγαθῴ
3112 4129 3206 4180 καὶ
3235 4127 3378 4197 λόγῳ
3416 4129 3769 4199 ὲξηρτύσθαι,
3803 4113 3806 4118 Ι

2195 4221 2287 4272 καὶ
2306 4220 2614 4290 κομεῖσθαι,
2642 4222 2734 4273 καὶ
2764 4221 2931 4292 εύσχη
2942 4223 3116 4291 μόνως
3136 4223 3228 4274 καὶ
3252 4223 3392 4275 κατὰ
3414 4224 3568 4287 τάξιν
3595 4227 3772 4278 πάντα

2196 4311 2473 4379 πράττειν,
2509 4312 2646 4381 πρὸς
2685 4312 3034 4366 ὑποτύπωσιν
3067 4317 3174 4367 τῶν
3208 4315 3360 4384 αὐτῷ
3405 4317 3766 4386 πειθομένων.

511 4421 644 4460 vero
675 4407 763 4461 cui
791 4423 850 4461 se
879 4422 946 4461 ex
987 4418 1149 4477 pacto
1173 4409 1489 4473 obstrinxit,
1519 4408 1821 4462 frustratur
1851 4417 1908 4462 et
1936 4408 2088 4462 elidit

2213 4399 2269 4452 '0
2301 4399 2409 4470 γὰρ
2455 4401 2776 4471 ἡγούμενος,
2811 4402 2918 4456 ἀπὸ
2959 4403 3052 4458 τοῦ
3098 4406 3156 4458 ὲν
3201 4406 3279 4476 τῷ
3319 4406 3468 4477 ἔργῳ
3503 4411 3769 4478 προηγεί-

511 4498 906 4553 obedientiam.
933 4498 1164 4570 Oportet
1188 4501 1408 4555 interim
1443 4509 1504 4555 ut
1531 4517 1655 4554 cum
1687 4501 1953 4570 patientia
1990 4502 2093 4556 hoc

511 4592 790 4647 observet.
814 4592 916 4658 Qui
937 4593 1086 4647 enim
1111 4594 1370 4648 alimonia
1400 4594 1552 4648 verbi
1573 4595 1748 4649 divini
1769 4603 2093 4664 exprompte

510 4693 676 4754 atque
707 4684 970 4739 alacriter
1000 4685 1177 4754 pascit
1207 4686 1509 4756 subjectos,
1539 4696 1808 4756 praeparet
1849 4695 2090 4740 mentem

511 4789 663 4829 suam
695 4775 762 4828 ad
789 4775 1115 4844 excipienda
1153 4775 1334 4845 ﬂagra,
1368 4775 1462 4828 sed
1489 4775 1821 4845 spiritualia,
1846 4791 2094 4829 omnem-

509 4883 616 4937 que
650 4868 1012 4922 tentationum
1049 4868 1342 4936 procellam
1368 4883 1636 4938 generoso
1661 4868 1799 4923 ferat
1827 4877 2050 4938 pectore
2078 4885 2090 4920 :

509 4957 625 5012 fere
663 4958 810 5011 enim
865 4957 924 5011 fit
964 4967 1024 5011 ut
1063 4967 1119 5012 et
1159 4957 1356 5012 doctor
1390 4959 1456 5013 ad
1505 4958 1866 5028 ignominiam
1901 4969 1956 5013 et
1998 4958 2096 5012 de-

509 5048 681 5102 decus
717 5049 987 5114 elocetur,
1032 5049 1366 5104 tentationes
1413 5048 1545 5102 dum
1595 5049 1830 5103 sustinet
1877 5064 1978 5117 pro
2009 5049 2097 5103 his

509 5150 631 5206 quae
654 5138 720 5192 ad
750 5139 1090 5209 spiritualem
1121 5154 1349 5194 suorum
1379 5140 1670 5195 utilitatem
1705 5140 1759 5194 in
1798 5155 2092 5196 commune

508 5227 768 5282 contulit.
823 5247 844 5279 ι.
876 5228 989 5283 Nos
1035 5229 1183 5283 enim
1218 5229 1506 5299 ignobiles,
1539 5227 1616 5281 ait
1645 5227 1868 5290 Paulus,
1905 5238 1962 5282 et
1995 5243 2093 5282 eo-

510 5322 857 5392 lapbizamur
906 5321 1136 5391 perinde
1189 5336 1253 5376 ac
1309 5320 1436 5390 palo
1489 5319 1750 5388 quopiam
1801 5318 1948 5378 caesi,
1995 5333 2093 5373 vos

507 5423 694 5468 autem
732 5413 904 5468 fortes
949 5422 1003 5468 et
1044 5411 1292 5483 gloriosi.
1335 5432 1353 5463 υ
1413 5411 1651 5465 Necesse
1700 5409 1867 5481 igitur
1910 5411 2000 5473 sit,
2035 5419 2096 5465 ut

509 5504 676 5560 homo
702 5507 820 5572 Dei,
854 5506 911 5560 in
941 5506 1089 5560 omni
1122 5520 1288 5574 Opere
1329 5512 1386 5557 et
1425 5518 1683 5557 sermone
1715 5504 1861 5557 bono
1888 5503 2095 5558 instru-

509 5597 734 5652 ctus'sit
768 5611 831 5652 ac
872 5597 1201 5666 perpolitus,
1237 5593 1489 5661 nihilque
1534 5608 1645 5646 non
1688 5591 1939 5661 perﬁciat
1991 5594 2093 5648 bo-

577 5753 600 5785 ⁸
627 5751 828 5807 Ezech.
875 5769 1061 5818 χχχιιι,
1097 5754 1120 5805 1
1151 5767 1306 5817 sequ.
1337 5754 1356 5783 ⁹
1391 5750 1562 5805 lCor.
1590 5767 1642 5802 tv
1726 5751 1792 5794 ιιίὶ

2196 4492 2341 4550 σθαι.
2396 4493 2644 4547 καλεῖται
2684 4495 3006 4566 ἡγούμενος.
3061 4500 3273 4568 Ὃνομα
3303 4500 3418 4570 γὰρ
3460 4501 3617 4568 ψιλὸν
3672 4503 3770 4554 οὐκ

2195 4585 2404 4652 εἰσάγει
2452 4589 2530 4649 εἰς
2583 4588 2859 4655 βασιλείαν
2909 4590 3017 4642 τῶν
3065 4591 3330 4662 οὐρανῶν,
3385 4593 3506 4646 οὐδὲ
3551 4595 3582 4644 ό
3613 4593 3769 4660 λόγος

2194 4676 2476 4746 ἄπρακτος
2509 4679 2709 4747 ὠφελεῖ
2741 4682 2830 4732 τὸν
2863 4682 3130 4736 ἀκούοντα
3156 4701 3168 4714 ·
3205 4684 3339 4736 ἀλλὰ
3371 4686 3576 4756 πρᾶξις
3617 4687 3766 4739 ἐνδύ-

2195 4785 2365 4838 ναμος
2410 4769 2664 4839 ἀληθινὸν
2708 4775 2944 4841 ποιμένα
2999 4775 3405 4829 ἀποδείκνυσιν.
3465 4797 3490 4827 ι
3551 4778 3610 4830 Ὀ
3662 4782 3767 4845 γὰρ

2198 4863 2428 4931 ποιήσας
2463 4865 2592 4932 μίαν
2624 4866 2731 4918 τῶν
2765 4866 2997 4919 ἐντολῶν
3023 4869 3118 4920 καὶ
3143 4867 3379 4935 διδάξας,
3410 4865 3563 4932 οὗτος
3599 4871 3766 4938 μέγας

2197 4951 2529 5023 κληθήσεται
2585 4956 2641 5008 ὲν
2677 4958 2740 5026 τῇ
2791 4955 3036 5028 βασιλείᾳ
3068 4959 3176 5011 τῶν
3214 4959 3480 5029 οὐρανῶν.
3532 4977 3551 5009 ι
3615 4959 3672 5013 '0
3710 4960 3765 5012 δὲ

2193 5043 2282 5096 διὰ
2335 5045 2436 5114 τῆς
2488 5046 2762 5115 ἀπραξίας
2816 5049 3113 5120 παραλύων
3165 5050 3264 5122 τὴν
3309 5050 3553 5120 ἐντολὴν,
3612 5070 3630 5102 ι
3673 5054 3765 5103 καὶ

2193 5135 2458 5190 διδάσκων
2509 5138 2745 5208 ἀκάρπῳ
2790 5138 2953 5210 λόγῳ,
3000 5141 3284 5212 ἐλάχιστος
3328 5140 3686 5212 κληθήσεται.
3741 5160 3762 5192 ι

2194 5226 2446 5280 Μάλιστα
2493 5229 2549 5282 δὲ
2600 5233 2691 5283 καὶ
2746 5232 2960 5300 μισθίου
3010 5233 3247 5302 φυγάδος
3285 5233 3540 5301 magna;
3588 5232 3762 5302 δίκην,

2193 5316 2292 5370 τοῦ
2321 5317 2485 5371 λύκου
2517 5318 3010 5390 διασπαράττοντος
3050 5321 3110 5374 τὺ
3135 5324 3387 5394 ποίμνιον
3436 5321 3625 5385 αὑτοῦ,
3674 5323 3765 5374 καὶ

2193 5408 2690 5480 διασκορπίζοντος.
2747 5412 2867 5482 Χρὴ
2913 5408 3005 5466 οὖν
3056 5415 3136 5478 εἰς
3178 5415 3359 5468 πάντα
3408 5413 3548 5467 εἶναι
3605 5414 3765 5467 αὑτὸν

2195 5501 2564 5572 εὑδιάκριτον,
2624 5505 2719 5557 καὶ
2753 5507 3068 5559 ἐπιτάσσειν
3109 5506 3210 5576 μὲν
3241 5505 3524 5571 ἐπιεικῶς,
3558 5508 3634 5576 μὴ
3672 5507 3763 5557 ἀν-

2197 5594 2512 5661 αγκαστῶς,
2542 5595 2656 5648 ἀλλ’
2681 5597 2944 5662 ἑκουσίως
2963 5614 2976 5627 ·
3001 5599 3449 5669 παρακουόμενον
3478 5598 3533 5650 δὲ
3571 5612 3763 5669 μακρο-
