4040 6512
275 394 404 460 i777

1142 401 1468 463 HOMILIA
1506 403 1657 464 CXI.
1686 402 1875 462 —DE
1915 400 2048 462 HIS
2085 400 2221 472 QUI
2261 400 2652 460 PR/ESUNT.

3389 393 3526 462 1778

265 512 462 582 θυμείν
507 510 599 564 καὶ
649 510 970 580 ἀνέχεσθαι,
1023 511 1110 564 ἴνα
1161 513 1237 582 μὴ
1288 512 1498 584 ἀκούσῃ
1551 511 1701 583 παρὰ
1749 510 1842 564 τοῦ

1960 519 2103 566 ueste
2145 519 2199 566 et
2238 510 2543 565 secundum
2592 509 2866 570 ordinem,
2917 507 2983 567 ad
3019 521 3211 561 eorum
3255 507 3524 563 informa-

267 603 431 656 Δαυῖδ
453 616 466 631 ο
504 620 523 651 ι
574 601 633 655 '0
663 601 923 654 πλάσσων
953 601 1121 655 κόπον
1166 605 1258 656 ἐπὶ
1289 603 1639 672 πρόσταγμα.
1682 622 1700 655 ι
1737 603 1848 656 Καὶ

269 694 421 763 παρά
450 691 543 745 τοῦ
576 693 942 763 Σολομῶντος,
978 711 997 744 ι
1037 693 1118 746 Ta
1149 693 1432 764 σπλάγχνα
1484 693 1592 746 τῶν
1637 692 1849 746 ἀσεϐῶν

270 785 614 852 ἀνελεήμονα
644 801 656 813 ο
719 803 736 835 ι
781 785 917 838 ἀλλά
976 785 1177 854 μᾶλλον
1231 785 1458 859 ἀκούσῃ,
1517 804 1536 836 ι
1596 785 1850 848 Γνωστάς

272 877 547 949 ἐπιγνὼσῃ
574 879 676 942 τάς
695 877 874 949 ψυχὰς
900 879 992 931 τοῦ
1019 878 1272 948 ποιμνίου
1301 897 1417 934 σου.
1451 899 1469 931 ι
1494 879 1623 939 Καὶ,
1652 897 1668 929 ι
1708 879 1852 931 Ἐπισ

275 972 495 1040 στήσεις
527 971 748 1041 καρδίαν
779 989 872 1024 σου
902 973 1023 1034 ταῖς
1052 972 1295 1040 ἀγέλαις.
1337 991 1356 1024 ι
1389 973 1518 1034 Καὶ,
1581 990 1600 1022 ι
1640 972 1849 1042 Ποιμα-

273 1063 356 1112 νεϊ
391 1059 606 1122 δικαίας
635 1058 815 1131 ψυχὰς
853 1060 1066 1130 κτηνῶν
1097 1060 1285 1115 αὑτοῦ.
1327 1081 1345 1112 ι
1377 1064 1468 1114 Δεῖ
1489 1061 1546 1114 δὲ
1580 1060 1745 1113 πάλιν
1779 1060 1853 1131 μὴ

277 1153 640 1222 παρασιωπᾷν
692 1152 762 1206 τὰ
814 1153 1174 1220 ἐλαττώματα
1228 1152 1430 1206 αὐτῶν.
1500 1171 1516 1204 ι
1575 1152 1673 1205 Υίέ
1720 1151 1849 1221 γὰρ,

277 1243 464 1312 φησὶν,
485 1243 797 1315 ἀνθρώπου,
822 1245 1020 1298 σκοπὸν
1039 1245 1244 1299 δέδωκά
1265 1263 1322 1298 σε
1355 1245 1432 1315 τῷ
1449 1246 1584 1315 οίκῳ
1609 1245 1847 1317 Ἰσραήλ.

269 1334 416 1389 ’Ἐὰν
452 1331 544 1389 οῦν
571 1335 654 1409 ἴδῃ
697 1337 726 1390 6
751 1336 951 1400 σκοπὸς
975 1337 1073 1408 τὴν
1106 1337 1380 1407 ῥομφαίαν
1408 1336 1732 1408 ἐρχομένην,
1757 1340 1853 1391 καὶ

281 1428 538 1496 σαλπίσῃ,
571 1428 664 1481 καὶ
695 1429 723 1479 6
748 1429 986 1491 ἀκούσας
1017 1429 1090 1498 μὴ
1122 1428 1450 1499 φυλάξηται,
1484 1429 1546 1481 τὸ
1580 1425 1720 1499 αἷμα
1753 1431 1853 1482 αύ-

277 1518 372 1572 τοῦ
405 1519 499 1570 ἐπὶ
524 1519 622 1588 τῆς
659 1519 905 1587 κεφαλῆς
953 1517 1139 1572 αὑτοῦ.
1176 1519 1282 1571 Καὶ
1320 1519 1350 1570 6
1395 1519 1595 1580 σκοπὸς
1641 1521 1736 1573 ἐὰν
1767 1521 1852 1591 ίδῃ

278 1611 377 1680 τὴν
399 1611 692 1680 ῥομφαίαν,
717 1613 810 1662 καὶ
844 1611 916 1680 μὴ
941 1629 1004 1680 ση
1017 1613 1179 1681 μανῇ,
1233 1611 1322 1664 καὶ
1351 1610 1489 1683 λάϐῃ
1509 1611 1632 1664 τινὰ
1664 1613 1694 1681 ὴ
1723 1613 1855 1681 ῥομ-

281 1701 436 1768 φαία,
456 1701 516 1753 τὸ
546 1697 679 1769 αἷμα
709 1702 874 1755 αὑτοῦ
906 1703 968 1754 ἐκ
999 1703 1098 1770 τῆς
1128 1703 1312 1773 χειρὸς
1339 1701 1432 1754 τοῦ
1457 1702 1659 1755 σκοποῦ
1688 1702 1853 1773 ἐκζη-

277 1794 449 1863 τήσω.
490 1812 506 1842 ι
554 1792 834 1856 Μαθόντες
875 1789 1300 1864 οῦνιήγούμενον
1335 1795 1428 1846 τὸν
1473 1795 1853 1865 ἐπηρτημένον

281 1886 408 1954 ὑμῖν
442 1886 580 1958 ὑπὲρ
614 1886 722 1939 τῶν
754 1886 1022 1957 φοιτητῶν
1055 1887 1296 1940 κίνδυνον
1329 1887 1593 1958 ἀγρύπνῳ
1620 1887 1852 1950 διανοίας

280 1978 487 2048 δμματι
521 1979 944 2043 ἐπισκοποῦντες
976 1981 1074 2051 τὴν
1101 1980 1335 2050 ποίμνην
1365 1981 1462 2052 τὴν
1489 1980 1712 2050 λογικὴν
1757 1980 1850 2034 τοῦ

279 2069 510 2140 Κυρίου,
556 2069 770 2139 γίνεσθε
807 2072 947 2124 κατὰ
987 2073 1079 2124 τὸν
1129 2071 1321 2125 Ἰακὼὸ
1362 2071 1748 2142 συγκαιόμενοι
1775 2072 1853 2143 τῷ

280 2161 521 2230 καύματι
552 2163 652 2224 τὰς
683 2163 895 2234 ἡμέρας
922 2165 1016 2216 καὶ
1043 2161 1118 2234 τῷ
1140 2163 1364 2234 παγετῷ
1390 2165 1490 2234 τῆς
1512 2164 1724 2228 νυκτὸς,
1759 2165 1854 2218 καὶ

275 2253 570 2320 ἀφεστάθω
591 2255 618 2306 6
638 2252 803 2318 ὕπνος
831 2254 940 2307 ἀπὸ
960 2255 1068 2308 τῶν
1090 2255 1386 2326 ὀφθαλμῶν
1409 2256 1563 2326 ὑμῶν
1589 2256 1729 2326 ὑπὲρ
1758 2254 1851 2308 τοῦ

280 2345 356 2416 μὴ
385 2345 720 2416 θηριάλωτον
757 2347 1009 2416 γενέσθαι
1040 2348 1098 2401 ἓν
1127 2350 1235 2402 τῶν
1271 2350 1578 2421 προϐάτων.
1614 2349 1852 2403 Βλέπετε

281 2435 356 2506 μὴ
401 2435 706 2505 ἀκούσητε·
735 2455 754 2488 ι
811 2437 942 2492 Ἰδοὺ
993 2439 1104 2507 ἐγὼ
1148 2439 1239 2494 ἐπὶ
1281 2441 1405 2504 τοὺς
1442 2439 1725 2510 ποιμένας,
1759 2441 1853 2494 καὶ

275 2528 563 2598 ἐκζητήσω
604 2532 672 2582 τὲ
708 2530 955 2600 πρόϐατά
987 2548 1089 2600 μου
1123 2534 1185 2586 ἐκ
1213 2533 1312 2602 τῆς
1339 2534 1520 2603 χειρὸς
1544 2533 1742 2586 αὐτῶν.
1775 2535 1849 2586 UO

277 2620 386 2688 γὰρ
415 2619 746 2690 ἐξεζήτησαν
784 2625 832 2674 οἱ
877 2623 1128 2692 ποιμένες
1165 2623 1234 2676 τὰ
1277 2624 1527 2694 πρόϐατά
1566 2641 1701 2695 μου·
1759 2627 1854 2680 καὶ

279 2712 586 2780 ἐϐόσκησαν
618 2713 866 2777 ἑαυτοὺς,
902 2715 968 2767 τὰ
993 2714 1050 2768 δὲ
1083 2715 1328 2786 πρόϐατά
1358 2734 1458 2784 μου
1492 2719 1593 2771 ούκ
1623 2718 1851 2790 ἐϐδσκηο

282 2820 434 2858 σαν.»
469 2805 576 2857 Καὶ
605 2804 999 2876 διάἹερεμίου·
1025 2826 1043 2858 ι
1069 2810 1130 2860 Οί
1153 2808 1410 2877 ποιμένες
1440 2809 1490 2861 οί
1525 2809 1853 2874 ἀπολλύντες

281 2893 376 2946 καὶ⁸
399 2893 873 2964 διασκορπίζοντες
898 2897 966 2949 τά
991 2897 1236 2965 πρόϐατα
1261 2899 1362 2968 τῆς
1385 2897 1557 2967 νομῆς
1594 2915 1716 2968 μου.
1755 2899 1856 2952 Διά

280 2983 442 3038 τοῦτο
477 2986 586 3039 ἰδοὺ
617 2986 726 3054 ἐγὼ
750 2987 951 3041 ἐκδικῶ
976 2989 1064 3057 ἐφ’
1091 2989 1235 3058 ὑμᾶς
1261 2989 1353 3042 ἐπὶ
1380 2991 1448 3044 τὰ
1479 2991 1690 3061 πονηρὰ
1736 2993 1856 3044 ἐπι-

283 3076 596 3146 τηδεύματα
627 3079 800 3148 ὑμῶν.
844 3099 862 3131 ι
911 3080 1126 3151 ’Λνδρὺς
1163 3077 1256 3134 οὖν
1295 3080 1522 3145 τελείου,
1555 3083 1648 3136 καὶ
1693 3085 1852 3136 εὐλα-

1951 604 2159 658 tionem
2203 618 2343 674 quos
2395 603 2562 657 habet
2593 602 2743 656 dicto
2778 601 3088 656 audientes.
3127 597 3390 672 Qrﬁsquis
3422 602 3527 674 igi-

1952 703 2042 748 tur
2092 695 2349 764 praesidet
2378 735 2391 758 ,
2441 709 2507 749 eo
2560 694 2793 748 sortitur
2849 693 3099 762 praesidis
3146 695 3527 749 nomenclatu-

1952 801 2069 839 ram
2105 826 2118 849 ,
2195 785 2343 855 quod
2409 793 2639 840 caeteros
2711 785 3124 855 antegrediatur
3195 787 3528 842 strenuitate

1951 877 2154 945 operis.
2203 876 2394 945 Neque
2435 875 2583 931 enim
2634 875 2686 928 id
2735 874 2979 929 nominis
3033 876 3277 943 (nudum
3323 879 3370 931 si
3411 876 3528 944 est)

1952 965 2166 1019 inducit
2217 965 2271 1018 in
2319 980 2549 1036 regnum
2600 965 2867 1020 caalorum
2894 1006 2908 1027 ,
2940 966 3035 1020 sed
3075 981 3177 1021 nec
3219 982 3401 1022 sermo
3438 969 3525 1024 in-

1951 1057 2142 1112 efﬁcax
2191 1057 2356 1110 ullam
2423 1057 2586 1112 affert
2651 1056 2900 1112 audienti
2962 1057 3524 1114 utilitatem:verum

1953 1150 2202 1218 operatio
2239 1157 2442 1217 potens
2475 1148 2519 1202 si
2550 1155 2635 1202 est
2663 1187 2677 1209 ,
2725 1157 3002 1218 pastorem
3035 1149 3213 1219 ipsum
3244 1165 3346 1205 ceu
3376 1159 3530 1206 certo

1954 1242 2260 1312 specimine
2312 1240 2556 1296 declarat
2608 1255 2728 1294 esse.
2799 1241 3102 1295 veridicum
3191 1240 3527 1298 doctorem:

1958 1355 1977 1387 ι
2010 1337 2114 1403 Qui
2160 1336 2308 1391 enim
2337 1335 2532 1390 fecerit
2561 1350 2732 1390 unum
2765 1335 2832 1390 de
2863 1337 3136 1391 mandatis
3158 1345 3213 1391 et
3251 1338 3526 1404 docuerit,

1954 1425 2044 1482 hic
2069 1441 2300 1497 magnus
2327 1425 2616 1480 vocabitur
2649 1425 2702 1478 in
2731 1442 2902 1496 regno
2931 1427 3196 1482 caelorum
3220 1446 3233 1494 ;
3262 1447 3279 1478 ι
3315 1429 3530 1500 1208

1952 1518 2046 1586 qui
2098 1526 2281 1571 autem
2313 1533 2412 1586 per
2445 1516 2781 1571 inefficacem
2815 1518 3193 1587 operationem
3238 1537 3254 1569 ι
3299 1521 3530 1575 solverit

1955 1623 2125 1662 unum
2181 1609 2248 1662 de
2296 1609 2591 1672 mandatis,
2621 1617 2676 1663 et
2707 1608 2964 1664 docuerit
3007 1626 3259 1666 sermone
3303 1612 3526 1681 quidem

1956 1697 2181 1769 infrugi,
2201 1699 2462 1754 minimus
2491 1699 2782 1754 vocabitur
2805 1701 2868 1754 ιο.
2907 1719 2924 1751 ι
2948 1699 3091 1767 Quin
3113 1701 3296 1771 potius
3313 1717 3528 1757 merce-

1955 1793 2095 1847 narii
2139 1795 2290 1848 illius
2330 1801 2558 1863 cogetur
2605 1794 2796 1849 subire
2846 1795 3200 1860 sententiam,
3249 1797 3344 1866 qui
3399 1797 3530 1866 lupo

1953 1887 2210 1941 admorsu
2260 1886 2509 1940 dentium
2565 1902 2785 1957 gregem
2845 1888 2950 1942 sibi
3005 1887 3276 1943 creditum
3326 1888 3532 1945 dilace-

1954 1990 2110 2035 rante
2138 1995 2203 2034 ac
2226 1980 2602 2050 dispergente,
2637 1979 2692 2033 in
2724 1978 2904 2048 fugam
2942 1994 3001 2034 se
3025 1980 3321 2050 proripuit.
3355 1981 3532 2052 Opor—

1955 2078 2034 2126 tet
2062 2071 2230 2142 igitur
2275 2070 2342 2124 ad
2379 2070 2563 2124 omnia
2595 2085 2699 2124 usu
2749 2069 3121 2134 discretionis,
3160 2071 3336 2125 solers
3367 2081 3425 2125 ut
3460 2072 3532 2126 sit

1951 2173 2009 2220 et
2057 2162 2368 2218 industrius
2400 2179 2415 2216 :
2454 2161 2549 2217 sed
2584 2169 2641 2216 et
2678 2175 2802 2230 qua:
2840 2161 3070 2230 jusserit
3115 2176 3217 2230 pro
3261 2171 3531 2231 potestate

1953 2255 2224 2320 facienda,
2247 2272 2312 2311 es
2342 2272 2500 2327 aequo
2530 2265 2587 2313 et
2627 2257 2772 2312 bono
2803 2256 3114 2322 coordinet,
3159 2273 3265 2313 nec
3292 2259 3532 2312 necessi-

1953 2358 2066 2404 tate
2095 2341 2310 2421 adigat,
2337 2350 2434 2405 sed
2483 2360 2822 2420 spontaneos
2853 2349 2957 2404 sibi
2981 2348 3332 2405 auctionetur
3363 2350 3531 2405 disci-

1953 2445 2111 2516 pulos
2165 2464 2178 2500 :
2234 2461 2362 2502 eum
2416 2446 2650 2518 proinde
2713 2445 2807 2516 qui
2863 2446 3049 2500 minus
3114 2455 3269 2514 paret
3331 2445 3480 2501 dicto
3515 2487 3530 2511 ,

1954 2533 2343 2604 longanimiter
2401 2533 2578 2600 ferat,
2610 2542 2671 2589 ut
2732 2549 2803 2589 ne
2853 2533 3078 2590 interim
3129 2535 3182 2589 in
3235 2551 3293 2591 se
3351 2536 3537 2590 detor-

1952 2629 2107 2698 queri
2159 2627 2292 2682 illud
2345 2626 2570 2682 Davidis
2617 2635 3003 2698 promereatur
3051 2629 3297 2683 audire:
3359 2647 3377 2680 ι
3429 2629 3533 2696 Qui

1955 2720 2114 2792 ﬁngis
2140 2719 2386 2774 laborem
2426 2720 2482 2774 in
2536 2727 2817 2789 prmeepto
2840 2718 2903 2771 ".
2941 2737 2960 2770 ›
2998 2718 3138 2774 Illud
3173 2720 3302 2774 item
3341 2736 3406 2774 ex
3439 2720 3536 2777 Sa-

1953 2812 2174 2867 lomone
2207 2828 2227 2866 :
2259 2832 2276 2864 ι
2327 2813 2552 2868 Viscera
2607 2811 2905 2880 impiorum
2966 2813 3215 2868 crudelia
3240 2812 3303 2867 ¹¹.
3343 2832 3360 2865 ι
3392 2812 3533 2878 Quin

1957 2903 2142 2974 potius
2205 2904 2491 2960 adnitatur
2531 2914 2590 2958 ut
2623 2902 2813 2958 audiat
2835 2904 2878 2936 ¹³
2917 2922 2930 2960 :
2971 2925 2988 2958 ι
3041 2905 3415 2978 lntelligentes
3445 2920 3538 2976 ag-

1955 3012 2156 3052 nosces
2203 2999 2418 3052 animas
2458 2997 2640 3067 gregis
2686 2997 2788 3060 tui,
2834 3004 2890 3051 et
2932 3013 3179 3068 appones
3241 3012 3336 3052 cor
3381 3005 3534 3051 tuum

1957 3089 2068 3142 tuis
2112 3088 2376 3143 armentis
2405 3088 2467 3140 ¹³.
2505 3107 2521 3138 ι
2559 3088 2667 3142 Et:
2706 3108 2723 3139 ι
2753 3089 2948 3143 Pascet
2986 3083 3171 3160 justus
3198 3088 3407 3143 animas
3443 3089 3535 3158 ju-

283 3168 433 3230 ϐοῦς,
464 3169 555 3220 κα)⁸
585 3170 888 3233 ἀγωνιστοῦ
919 3174 1066 3224 ἐστιν
1091 3174 1122 3242 ὴ
1151 3173 1414 3226 διακονία.
1451 3173 1617 3226 Ὥστε
1657 3175 1854 3228 ειδέναι

1960 3188 2270 3234 mentorum
2299 3193 2528 3232 suorum
2558 3177 2623 3232 ιδ.
2660 3198 2678 3230 ι
2717 3178 2950 3233 Necesse
2978 3195 3188 3243 rursus,
3229 3187 3290 3233 ut
3320 3195 3387 3232 ne
3407 3179 3540 3233 sub-

282 3262 406 3311 τινὰ
440 3261 817 3330 ἐπιστημόνως
860 3264 1114 3333 ἡγεῖσθαι
1155 3265 1538 3337 ἀδελφότητος,
1586 3270 1727 3321 κατὰ
1762 3267 1857 3336 τὴν

284 3352 550 3418 λέγουσαν
592 3353 834 3423 Γραφήν·
874 3373 892 3406 ι
950 3357 1281 3427 Ἠγούμενόν
1320 3376 1379 3411 σε
1416 3360 1747 3428 κατέστησα,
1785 3360 1858 3432 μὴ

285 3443 550 3513 ἐπαίρου·
598 3445 884 3514 φρόντισον
915 3447 1114 3513 αὐτῶν,
1156 3449 1251 3501 καὶ
1298 3449 1439 3502 οῦτω
1487 3450 1732 3512 κάθισον,
1766 3453 1860 3504 καὶ

286 3536 468 3588 πᾶσαν
497 3539 598 3604 τὴν
640 3539 831 3606 χρείαν
868 3555 960 3590 σου
1005 3542 1236 3609 ποιήσας
1266 3541 1523 3596 ἀνάπεσε.
1568 3561 1585 3592 ι
1633 3543 1768 3612 φησὶ
1803 3543 1860 3596 δὲ

288 3627 380 3678 καὶ
408 3629 434 3680 ὁ
458 3626 663 3680 Γεδεὼν
692 3631 802 3692 τοῖς
820 3631 1151 3700 τριακοσίοις
1180 3631 1653 3702 συνπολεμισταῖς,
1682 3655 1699 3686 ι
1741 3639 1861 3688 ’Δπ’

287 3719 417 3789 ἐμοῦ
447 3717 664 3788 (ψεσθε,
697 3723 786 3774 καὶ
820 3721 960 3774 οὕτω
989 3725 1270 3794 ποιήσατε.
1311 3745 1329 3778 ι
1372 3727 1606 3795 Ὁμοίως
1650 3730 1678 3779 ὁ
1718 3729 1863 3781 Ἄδι-

292 3812 456 3882 μελὲχ
484 3814 666 3867 λαϐὼν
703 3817 924 3886 φορτίον
957 3816 1148 3879 ξύλων,
1181 3820 1276 3871 καὶ
1309 3820 1518 3884 ἐπιθεὶς
1553 3823 1664 3884 τοῖς
1692 3821 1860 3890 ὤμοις

289 3905 480 3966 αὑτοῦ,
531 3902 652 3958 εἷπε
699 3908 775 3975 τῷ
827 3909 944 3978 μετ’
970 3910 1134 3962 αὐτοῦ
1165 3911 1279 3979 λαῷ
1304 3928 1318 3942 ·
1371 3931 1386 3963 ι
1415 3913 1500 3976 Ὠς
1539 3913 1763 3982 βλέπετέ
1797 3932 1863 3984 με

292 3993 568 4057 ποιοῦντα,
602 3997 863 4064 ποιήσατε
915 3999 1005 4050 καὶ
1037 3999 1215 4069 ὑμεῖς.
1261 4021 1278 4053 ι
1316 4003 1424 4054 Καὶ
1460 4003 1589 4072 περὶ
1617 4002 1713 4056 τοῦ
1752 4003 1865 4056 Ἰω-

292 4084 401 4153 σὴφ
429 4086 457 4136 6
487 4084 812 4154 Ψαλμῳδδς,
867 4107 885 4139 ι
939 4090 1291 4162 Κατέστησεν
1322 4093 1504 4152 αὑτὸν,
1539 4096 1725 4164 φησὶν,
1769 4095 1864 4148 κύ-

294 4192 406 4245 ριον
449 4176 544 4228 τοῦ
575 4178 725 4229 οίκου
753 4179 942 4244 αὑτοῦ,
977 4180 1066 4232 καὶ
1097 4182 1330 4250 ἄρχοντα
1372 4182 1552 4252 πάσης
1588 4184 1686 4254 τῆς
1730 4186 1864 4254 κτή-

293 4285 432 4331 σεως
463 4268 650 4332 αὐτοῦ,
677 4269 771 4322 τοῦ
802 4272 1090 4325 παιδεῦσαι
1125 4275 1251 4334 τοὺς
1283 4276 1549 4345 ἄρχοντας
1587 4276 1752 4329 αὐτοῦ
1791 4276 1866 4340 ὠς

291 4362 503 4428 ἐαυτὸν,
554 4364 650 4416 καὶ
704 4365 831 4428 τοὺς
878 4366 1282 4438 πρεσϐυτέρους
1326 4369 1489 4421 αὑτοῦ
1549 4369 1790 4438 σοφίσαι.
1842 4387 1858 4420 ι

291 4455 401 4508 Καὶ
447 4455 476 4507 6
518 4455 729 4522 Παῦλος
758 4471 772 4486 ·
814 4475 834 4508 ι
869 4457 1268 4523 Νουθετοῦντες
1291 4461 1470 4514 πάντα
1494 4462 1779 4532 ἄνθρωπον
1811 4463 1869 4515 ἐν

282 4547 442 4634 ’πάσῃ
481 4548 641 4620 σοφίᾳ
667 4549 754 4601 ἵνα
784 4551 1222 4621 παραστήσωμεν
1255 4553 1429 4606 πάντα
1460 4553 1743 4622 ἄνθρωπον
1773 4553 1866 4606 τέ-
1898 4532 1942 4588 D

290 4641 436 4694 λειον
467 4643 524 4694 ἐν
543 4642 764 4712 Χριστῷ
789 4642 985 4710 Ἰησοῦ,
1011 4643 1093 4707 είς
1117 4643 1144 4696 ὃ
1165 4645 1258 4697 καὶ
1288 4646 1466 4698 κοπιῶ
1494 4647 1588 4698 καὶ
1610 4647 1872 4714 ἀγωνιζό-

295 4750 476 4804 μενος.
511 4753 528 4785 ι
571 4735 680 4788 Καὶ
709 4735 957 4806 Τιμοθέῳ
986 4753 999 4768 ’
1040 4754 1057 4787 ι
1089 4737 1327 4808 ῐιρόσεχε
1356 4742 1420 4810 τῇ
1453 4738 1775 4808 ἀναγνώσει,
1805 4743 1870 4810 τῇ

293 4826 664 4897 παρακλήσει,
696 4829 760 4899 τῇ
796 4827 1145 4900 διδασκαλίᾳ·
1196 4831 1421 4901 ἐπίμενε
1473 4832 1677 4895 αὐτοῖς.
1712 4851 1730 4883 ι
1765 4833 1875 4885 Καὶ

306 4917 573 4985 Ἐφεσίοις
599 4934 613 4948 ο
651 4937 671 4970 ι
695 4919 1100 4989 Μνημονεύετε,
1136 4921 1318 4991 φησὶν,
1364 4922 1445 4974 ὅτι
1495 4921 1735 4992 τριετίαν
1774 4923 1875 4975 ούκ

293 5009 623 5082 ἐπαυσάμην
652 5009 820 5063 νύκτα
846 5011 941 5064 καὶ⁵
968 5012 1180 5082 ἡμέραν
1227 5011 1362 5080 μετά
1389 5011 1642 5084 δακρύων
1684 5011 1871 5066 νουθε-

293 5103 403 5157 τῶν
426 5104 523 5158 Eva
545 5104 779 5158 ἕκαστον
823 5104 997 5174 ὑμῶν.
1040 5105 1147 5157 Καὶ
1173 5101 1349 5168 αὖθιςο
1389 5123 1408 5156 ι
1430 5106 1740 5177 Ἀργυρίου,
1777 5109 1872 5163 καὶ

295 5195 546 5266 χρυσίου,
599 5196 632 5266 ἢ
682 5196 980 5266 ἱματισμοῦ
1036 5197 1254 5259 οὐθενὸς
1301 5195 1646 5266 ἐπεθύμησα.
1708 5199 1872 5252 Αὐτοὶ

296 5283 595 5352 γινώσκετε
632 5285 714 5338 ὅτι
752 5287 872 5348 ταῖς
909 5285 1120 5356 χρείαις
1168 5303 1270 5356 μου
1303 5287 1398 5340 καὶ
1436 5288 1547 5350 τοῖς
1585 5286 1703 5340 οῦσι
1753 5291 1872 5357 μετ’

294 5377 430 5449 ἐμοῦ
475 5378 833 5448 ὑπηρέτησαν
879 5384 933 5433 at
993 5383 1174 5450 χεῖρες
1225 5375 1406 5436 αὗται.
1469 5398 1486 5433 ι
1538 5381 1720 5435 Πάντα
1771 5383 1874 5435 ὑπ-

296 5472 475 5538 έδειξα
503 5471 750 5543 ὑμῖν,ὅτι
773 5471 914 5526 οὕτω
933 5472 1013 5525 δεῖ
1035 5473 1344 5536 κοπιῶντας
1374 5474 1872 5544 ἀντιλαμϐάνεσθαι

296 5565 406 5620 τῶν
435 5563 827 5621 ἀσθενούντων.
861 5563 1019 5617 Οὕτω
1048 5566 1227 5617 τοίνυν
1251 5566 1342 5618 καὶ
1371 5567 1674 5637 ἡγούμενος
1703 5567 1874 5631 τύπος

1963 3271 2203 3325 ditorum
2259 3280 2438 3323 errata
2487 3269 2874 3339 pragtermittas
2923 3269 3192 3334 silentio;
3261 3269 3339 3323 ait
3387 3270 3535 3323 enim

1962 3363 2247 3432 Scriptura
2303 3381 2315 3416 :
2379 3381 2396 3412 ‹
2433 3361 2557 3426 Fili,
2613 3361 3016 3431 speculatorem
3074 3359 3200 3414 dedi
3250 3368 3300 3415 te
3345 3360 3535 3414 domui

1965 3456 2222 3520 lsrael;si
2259 3455 2426 3527 igitur
2456 3455 2660 3509 viderit
2690 3453 3005 3524 speculator
3033 3453 3274 3524 gladium
3310 3452 3540 3507 venien-

1962 3559 2070 3604 tem
2104 3562 2158 3604 et
2199 3548 2330 3604 tuba
2369 3547 2674 3610 cecinerit,
2700 3556 2756 3602 et
2784 3545 2876 3616 qui
2907 3545 3162 3608 audierit,
3205 3560 3312 3598 non
3343 3545 3538 3598 obser-

1963 3641 2177 3695 vaverit
2215 3657 2296 3704 se,
2327 3640 2551 3712 sanguis
2580 3641 2756 3710 ipsius
2801 3654 2968 3708 super
3007 3645 3174 3708 caput
3215 3638 3336 3707 ejus
3387 3637 3533 3691 erit:

1963 3738 2020 3784 et
2052 3731 2367 3800 speculator
2409 3731 2452 3783 si
2485 3727 2687 3783 viderit
2721 3728 2963 3798 gladium
2986 3767 2999 3789 ,
3033 3735 3090 3781 et
3124 3741 3234 3780 non
3266 3725 3541 3795 significa-

1964 3823 2145 3885 verit,
2206 3832 2262 3878 ct
2310 3838 2479 3876 unum
2534 3821 2772 3890 aliquem
2823 3818 3250 3888 apprehenderit
3295 3817 3536 3887 gladius,

1965 3915 2286 3983 sanguinem
2367 3914 2514 3967 illius
2585 3912 2652 3967 de
2713 3927 2877 3964 manu
2938 3911 3302 3979 speculatoris
3357 3910 3542 3978 requi-

1966 4022 2078 4060 ram
2104 4007 2167 4058 ¹¹⁸.
2214 4025 2230 4055 ι
2271 4006 2463 4060 Edocli
2497 4005 2680 4074 itaque
2725 4003 2985 4072 praasides
3021 4010 3286 4071 quantum
3326 4003 3540 4069 impen-

1967 4100 2094 4154 deat
2138 4097 2368 4167 periculi
2401 4113 2467 4151 ex
2516 4095 2828 4165 discipulis,
2862 4093 3114 4164 pervigili
3147 4094 3310 4147 oculo
3339 4091 3541 4145 mentis

1966 4191 2316 4244 observatote
2373 4205 2436 4242 ac
2475 4187 2762 4258 providetc
2806 4187 2953 4257 gregi
3007 4184 3297 4239 Dominico
3349 4183 3541 4252 utique

1968 4280 2198 4334 rationis
2249 4277 2528 4348 compoti;
2582 4277 2648 4332 ad
2711 4277 3021 4345 exemplum
3091 4275 3238 4330 beati
3283 4273 3472 4335 Jacob,
3511 4289 3540 4326 a

1966 4371 2168 4427 vestris
2218 4369 2393 4423 oculis
2441 4367 2665 4422 recedat
2712 4382 2967 4430 somnus,
3024 4365 3114 4420 die
3172 4364 3393 4434 quidem
3451 4379 3545 4417 cx-

1969 4461 2336 4518 aestuantibus
2365 4475 2626 4523 causone,
2659 4469 2821 4514 nocte
2855 4459 2984 4512 item
3017 4458 3138 4529 gelu
3166 4454 3402 4510 allliclis.
3441 4455 3545 4508 Pro

1971 4554 2052 4609 eis
2081 4569 2203 4623 qua;
2228 4568 2257 4607 a
2290 4553 2480 4607 bestiis
2510 4559 2680 4622 captaa
2700 4551 2812 4621 jam
2844 4557 2975 4604 sunt
3007 4546 3335 4618 pecudibus,
3365 4545 3546 4598 videte

1969 4645 2266 4716 nequando
2299 4645 2492 4699 audire
2522 4645 2807 4713 contingat
2846 4657 2944 4697 vos
2975 4659 2988 4695 :
3021 4661 3038 4690 ι
3078 4641 3215 4695 Ecce
3243 4654 3345 4708 ego
3379 4651 3547 4706 super

1971 4748 2222 4810 pastores
2243 4781 2255 4802 ,
2287 4749 2343 4793 et
2365 4737 2648 4807 exquiram
2673 4751 2804 4790 oves
2827 4749 2977 4789 meas
3005 4733 3074 4789 de
3099 4747 3263 4787 manu
3291 4746 3483 4785 eorum
3526 4749 3541 4785 :

1971 4846 2082 4885 non
2098 4830 2246 4885 enim
2265 4829 2640 4898 requisierunt
2659 4835 2908 4896 pastores
2921 4840 3052 4880 oves
3071 4839 3241 4888 meas,
3262 4823 3357 4877 sed
3382 4837 3548 4892 pave-

1974 4930 2101 4976 runt
2126 4921 2357 4990 seipsos,
2383 4933 2517 4974 oves
2545 4926 2728 4972 autem
2754 4926 2906 4970 meas
2927 4931 3036 4969 non
3063 4914 3412 4984 paverunt“.
3435 4931 3454 4964 ι
3481 4912 3550 4966 Et

1974 5031 2072 5084 per
2099 5013 2392 5069 Jeremiam
2422 5028 2436 5065 :
2469 5031 2487 5062 ι
2508 5009 2553 5065 Ο
2586 5018 2837 5080 pastores
2865 5007 2960 5077 qui
2989 5005 3219 5077 perditis
3247 5014 3304 5060 et
3335 5005 3550 5075 disper-

1973 5108 2102 5179 gitis
2129 5121 2261 5162 oves
2298 5118 2514 5176 pascuae
2555 5116 2690 5158 mete
2721 5118 2734 5154 :
2770 5107 2995 5171 propter
3020 5099 3128 5154 hoc
3160 5113 3292 5153 ecce
3324 5111 3427 5168 ego
3469 5095 3552 5149 ul-

1979 5197 2186 5251 tionem
2251 5201 2504 5264 expetam
2558 5191 2626 5245 de
2686 5189 2846 5244 vobis
2914 5202 3083 5256 super
3137 5185 3286 5240 omni
3340 5183 3549 5238 malitia

1978 5286 2289 5342 studiorum
2332 5290 2643 5339 vestrorum
2669 5281 2733 5335 ".
2779 5299 2796 5330 ι
2851 5278 2995 5335 Sane
3044 5275 3271 5347 perfecti
3322 5276 3429 5330 viri
3479 5275 3552 5330 sit

1976 5381 2191 5451 sibique
2226 5376 2636 5450 prospicientis,
2667 5384 2724 5430 et
2769 5374 2822 5428 in
2868 5370 3147 5443 spirituali
3185 5369 3437 5439 palaestra
3469 5370 3552 5423 le-

1972 5475 2162 5546 gitime
2187 5471 2543 5532 deccrtantis,
2571 5485 2680 5522 non
2725 5465 3080 5538 perfunctora
3123 5462 3548 5530 administratio,

1972 5565 2108 5622 scite
2136 5574 2195 5620 ut
2219 5561 2433 5618 noverit
2463 5559 2730 5615 fratribus
2753 5570 3012 5627 prmesse,
3032 5555 3184 5625 juxta
3210 5551 3549 5621 Scripturam

372 5705 414 5736 '°
447 5704 636 5776 Matth.
665 5723 715 5766 v,
758 5705 838 5759 l9.
882 5705 955 5776 7"
991 5705 1132 5776 Psal.
1162 5721 1306 5768 xcut,
1335 5705 1422 5759 ‘20.
1503 5710 1543 5739 ¹²
1579 5708 1736 5762 Prov.
1777 5726 1847 5763 χιι

1960 5713 1992 5763 ι.
2071 5707 2112 5741 ’³
2152 5707 2251 5760 lsa.
2290 5721 2375 5766 XL,
2417 5702 2532 5776 l2.”
2579 5702 2626 5776 ’ξ
2662 5699 2826 5776 Prov.
2852 5715 2946 5760 χιι,
2985 5697 3069 5776 l0.
3151 5693 3191 5725 ¹⁸
3231 5691 3432 5748 Ezccb.
3468 5707 3547 5760 ιιι,

301 5774 388 5839 17,
431 5775 526 5842 l8;
565 5791 751 5841 χχχιιι,
785 5777 835 5837 7,
873 5775 922 5829 8.
1005 5777 1046 5806 ¹⁶
1087 5775 1286 5832 Ezech.
1332 5791 1507 5843 xxxiv,
1538 5781 1590 5842 '2,
1630 5779 1708 5833 l0.

1793 5782 1831 5812 ”
1861 5769 2076 5838 'Jerem.
2109 5792 2256 5841 χχιιι,
2290 5775 2336 5841 l,
2361 5776 2415 5828 ἓ.
2495 5774 2538 5808 ⁸³
2587 5770 2757 5828 Eccli.
2785 5785 2948 5830 χχχιι,
2995 5769 3040 5820 l.
