4040 6508
598 364 732 429 1779

1850 373 2215 435 ANTIOCHI
2256 376 2599 438 MONACHI

3684 382 3791 448 1780

590 478 865 535 dicentem
903 498 915 534 :
953 500 968 531 ι
1010 481 1300 556 Rectorem
1332 491 1637 553 posuerunt
1668 490 1754 550 te;
1799 486 1913 540 noli
1938 487 2165 553 ,extolli,

2273 488 2513 556 γινέσθω
2536 488 2631 541 τοῦ
2666 488 2920 569 ποιμνίου
2949 488 3006 541 ἐν
3040 489 3190 563 πάσῃ
3221 490 3536 561 δικαιοσύνῃ
3567 494 3651 545 καὶ
3685 498 3792 549 ἀνα.

591 574 687 630 sed
708 590 898 630 curam
947 575 1089 631 habe
1141 576 1384 643 illorum,
1426 586 1483 632 et
1517 577 1598 631 sic
1652 577 1802 641 sede,
1847 586 1902 632 et
1945 595 2166 633 omnem

582 682 752 722 rusum
780 668 858 722 tui
878 668 1043 722 facito
1071 677 1239 739 atque
1263 670 1530 724 accumbe
1563 671 1627 723 ³⁸.
1667 688 1687 721 ι
1721 669 1825 724 Sed
1846 682 1902 725 et
1942 671 2166 727 Gedeon

596 761 856 815 trecentis
882 777 1067 816 secum
1095 762 1496 818 militantibus:
1532 781 1551 815 ι
1578 763 1624 818 Α
1644 779 1731 819 mc
1762 764 1966 830 videte,
2002 774 2061 819 et
2087 765 2169 820 sic

595 850 779 907 facite.
816 873 833 904 ι
881 853 994 908 Νεε
1042 869 1202 908 secus
1274 854 1559 910 Abimelec
1618 864 1846 925 accepto
1891 856 2167 927 lignorum

595 946 765 1009 fasce,
795 945 961 1014 inque
1007 945 1270 1001 humeros
1300 946 1539 1012 sublato,
1571 948 1825 1017 sequenti
1870 963 1930 1003 se
1964 948 2168 1017 populo

594 1036 734 1090 dixit
767 1056 780 1091 :
816 1056 834 1088 ι
869 1036 1027 1103 Quod
1056 1038 1257 1093 videtis
1292 1054 1378 1095 me
1421 1039 1623 1107 facere,
1654 1041 1813 1097 facile
1837 1051 1893 1097 et
1915 1056 2013 1097 vos
2039 1043 2102 1097 ¹⁹.
2143 1060 2161 1093 ι

594 1129 662 1184 Ει
705 1129 773 1184 de
795 1131 994 1200 Ioseph
1014 1132 1243 1187 melicus
1271 1116 1612 1188 Psalmorum
1632 1143 1826 1188 cantor
1854 1151 1868 1188 :
1898 1152 1917 1187 ι
1952 1133 2171 1189 Consti-

595 1221 701 1276 tuit
744 1236 871 1275 eum
893 1221 1178 1277 dominum
1208 1224 1405 1279 domus
1430 1240 1541 1280 sure
1573 1233 1629 1279 et
1661 1225 1961 1295 principem
1985 1225 2168 1279 omnis

594 1313 958 1382 possessionis
994 1330 1127 1379 suae,
1166 1326 1226 1370 ut
1265 1316 1513 1371 erudiret
1561 1317 1841 1386 principes
1873 1318 1993 1387 ejus
2023 1317 2169 1371 sicut

594 1405 1041 1474 scmetipsum,et
1060 1408 1308 1463 seniores
1331 1410 1451 1478 ejus
1476 1392 1805 1478 sapientiam
1827 1409 2128 1464 doceret”.
2144 1429 2161 1462 ι

598 1497 812 1567 1209
840 1498 1041 1552 Paulus
1067 1499 1197 1554 item
1230 1516 1243 1553 :
1284 1519 1302 1551 ι
1333 1499 1708 1556 Admonentes
1739 1515 1958 1554 onmem
1991 1500 2171 1555 homi-

596 1599 721 1637 nem
773 1584 827 1637 in
880 1585 1033 1639 omni
1084 1585 1375 1654 sapientia,
1429 1594 1490 1639 ut
1536 1585 1897 1641 exhibeamus
1946 1601 2167 1641 omnem

596 1677 877 1731 hominem
912 1677 1220 1745 perfectum
1266 1680 1321 1732 in
1356 1678 1576 1735 Christo
1602 1679 1755 1744 Jesu,
1788 1680 1841 1733 in
1875 1695 1987 1750 quo
2006 1689 2062 1735 et
2092 1681 2171 1735 la-

593 1767 735 1822 boro
764 1768 1057 1824 decertans
1082 1770 1147 1823 “.
1187 1789 1205 1821 ι
1242 1770 1533 1824 Timotheo
1563 1785 1781 1840 quoque
1810 1788 1823 1824 :
1868 1789 1886 1821 ι
1931 1771 2168 1827 Attende

2272 582 2477 651 στροφῇ
2534 580 2702 650 ἀγίᾳ.’
2762 580 2929 642 ὁσίως
2979 580 3076 632 καὶ
3129 580 3358 645 δικαίως
3396 584 3789 657 πολιτευόμενος,

2268 668 2453 739 τηρῶν
2508 670 2609 722 ὅσα
2665 669 2817 722 ἐστὶν
2874 666 3035 738 ἁγνὰ,
3076 670 3178 724 ὅσα
3229 672 3422 742 σεμνὰ,
3464 676 3593 738 εἴτις
3634 680 3791 749 ἀρετὴ,

2270 759 2365 813 καὶ
2394 757 2527 822 εῐτις
2560 759 2803 823 ἔπαινος,
2838 760 2973 823 εἴτις
3006 759 3251 831 εὔφημος
3271 778 3285 792 ·
3320 763 3579 831 ὡφελείας
3611 766 3794 839 διόρθω.

2272 867 2356 914 σις
2393 850 2627 920 γινέσθω
2673 852 2806 923 παρ’
2846 851 3036 917 αὐτοῦ,
3082 853 3321 907 ἐκδικεῖν
3350 855 3514 909 αὑτοῦ
3555 859 3640 911 τὸν
3665 861 3794 915 τόπον

2271 942 2331 995 ἐν
2385 942 2535 1013 πάσῃ
2592 942 2885 1015 ὲπιμελεία
2944 949 3316 1017 πνευματικῇ,
3377 949 3670 1018 φροντίζειν
3717 955 3795 1024 τῆς

2272 1031 2520 1097 ἑνὼσεως
2573 1033 2683 1089 τῶν
2742 1034 2947 1105 μελῶν,
2987 1031 3054 1108 ἦς
3091 1037 3245 1091 οὐδὲν
3294 1038 3533 1108 ἄμεινον.
3588 1041 3795 1111 [Πάντων

2269 1124 2559 1194 ἀνέχεσθαι
2610 1127 2669 1179 ἐν
2718 1126 2909 1199 ἀγάπῃ
2935 1144 2946 1156 ·
2974 1126 2994 1199 ]
3037 1129 3251 1192 Πάντας
3286 1129 3594 1199 βαστάζειν,
3626 1134 3693 1197 ὡς
3722 1139 3795 1191 καὶ

2270 1216 2433 1270 αὐτὸν
2466 1218 2494 1270 6
2532 1218 2758 1288 Κύριος.
2812 1219 3207 1291 Προσευχέσθω
3249 1221 3391 1292 ὑπὲρ
3432 1224 3643 1277 πάντων
3679 1227 3797 1278 ἀδια-

2270 1310 2527 1373 λείπτως.
2577 1311 2759 1364 Αίτείν
2813 1309 3028 1365 σύνεσιν
3062 1312 3460 1383 πνευματικὴν,
3493 1314 3569 1376 είς
3610 1314 3664 1367 τὸ
3707 1316 3798 1368 δια-

2271 1401 2480 1471 κρίνειν
2510 1402 2672 1455 αὐτὸν
2707 1405 2776 1459 τά
2810 1404 3179 1476 συμφέροντα⁸
3219 1406 3535 1475 γρηγορεῖν,
3572 1410 3799 1475 μεριμνᾷν

2272 1494 2401 1565 περὶ
2434 1494 2651 1549 πάντων
2671 1511 2684 1525 ·
2721 1496 2790 1550 τὰ
2838 1496 3199 1564 ἐλαττώματα
3231 1496 3471 1559 πάντων,
3504 1495 3705 1557 καὶτὰς
3732 1498 3798 1549 νόω

2273 1602 2397 1648 σους
2444 1585 2736 1655 βαστάζειν
2789 1589 2865 1651 ὡς
2918 1587 3141 1649 τελείως
3195 1587 3456 1657 ἀθλητής.
3512 1586 3674 1639 Ὅπου
3717 1588 3801 1656 γὰρ

2273 1675 2473 1729 πλείων
2528 1677 2717 1740 κόπος,
2774 1678 2910 1730 πολὺ
2956 1678 3052 1731 καὶ
3098 1677 3159 1730 τὸ
3202 1678 3414 1748 κέρδος.
3460 1677 3597 1740 Τοὺς
3643 1680 3802 1742 καλοὺς

2275 1766 2526 1837 μαθητὰς
2576 1768 2671 1821 ἐὰν
2726 1768 2878 1839 φιλῇ.
2931 1768 3093 1839 χάρις
3146 1770 3296 1839 αὐτῷ
3343 1769 3445 1822 οὐκ
3498 1770 3658 1833 ἐστιν,
3697 1772 3803 1824 ἀλλὰ

594 1859 840 1923 lectioni,
865 1862 1259 1924 cxhortationi,
1291 1861 1554 1916 doctrina:
1590 1880 1601 1915 :
1640 1862 1785 1917 lnsta
1818 1862 1875 1915 in
1916 1863 2003 1917 his
2031 1864 2098 1918 ”.
2143 1881 2161 1915 ›

2275 1857 2473 1928 μᾶλλον
2504 1858 2631 1921 τοὺς
2658 1859 3082 1929 ἀπειθεστέρους
3110 1861 3168 1913 ἐν
3196 1860 3467 1929 πραότητι
3499 1860 3801 1914 ύποτάσσειν.

595 1948 849 2018 Ephesiis
879 1950 1021 2004 idem
1056 1951 1133 2006 ait
1163 1969 1174 2003 :
1217 1970 1235 2001 ι
1282 1951 1551 2005 Memores
1574 1952 1729 2015 estis,
1765 1953 1896 2022 quia
1927 1970 2025 2023 per
2054 1962 2168 2008 tres

593 2055 769 2094 annos
796 2050 956 2096 nocte
999 2058 1062 2097 ac
1097 2042 1187 2098 die
1223 2059 1334 2098 non
1362 2044 1571 2099 cessavi
1612 2059 1740 2099 cum
1776 2044 2035 2117 lacrymis
2067 2047 2165 2102 ad-

594 2146 821 2187 monere
874 2149 1325 2205 unumquemque
1381 2145 1629 2192 vestrum
1679 2138 1748 2191 ²³.
1810 2156 1829 2190 ι
1896 2139 2167 2196 Rursus:

600 2240 617 2271 ι
660 2221 960 2292 Argentum
1005 2233 1099 2279 aut
1124 2239 1321 2279 aurum
1359 2236 1455 2281 aut
1487 2236 1696 2282 vestem
1729 2227 1939 2282 nullius
1965 2244 2169 2284 concu-

593 2313 733 2381 pivi;
773 2314 878 2383 ipsi
917 2316 1063 2369 enim
1098 2316 1274 2381 scitis,
1320 2317 1448 2386 quia
1482 2319 1909 2375 necessitatibus
1942 2321 2078 2377 meis
2113 2330 2170 2376 et

592 2405 688 2477 qui
744 2421 961 2462 mecum
1018 2417 1169 2471 sunt,
1232 2410 1685 2466 ministraverunt
1744 2428 1941 2467 manus
1992 2414 2165 2469 istae:

592 2495 778 2550 omnia
813 2499 1028 2553 ostendi
1054 2500 1230 2565 vobis,
1270 2502 1530 2572 quoniam
1560 2503 1641 2559 sic
1662 2504 1976 2560 laborantes
2000 2521 2167 2575 opor-

595 2596 672 2643 tet
710 2589 993 2659 suscipere
1036 2591 1286 2670 infirmos
1329 2593 1395 2646 “.
1447 2612 1465 2645 ι
1499 2594 1581 2648 Ad
1606 2594 1754 2650 hunc
1782 2610 1913 2650 sane
1944 2596 2167 2651 modum

591 2683 892 2737 contendat
923 2699 1127 2753 prteses
1159 2685 1361 2755 quivis,
1407 2694 1467 2740 ut
1491 2686 1665 2741 forma
1697 2686 1769 2741 sit
1798 2694 1962 2757 atque
1985 2704 2168 2744 exem-
2217 2701 2231 2708 '

593 2774 713 2843 plar
764 2790 863 2829 suo
902 2776 1051 2847 gregi
1104 2776 1159 2830 in
1209 2778 1357 2832 omni
1395 2778 1611 2849 justitia
1653 2787 1710 2832 et
1746 2778 2167 2833 conversatione

589 2876 1006 2933 sancta,sancte
1038 2877 1093 2925 et
1109 2870 1257 2940 juste
1288 2878 1671 2937 conversatus,
1688 2870 1991 2925 observans
2019 2886 2169 2940 quaa-

589 2974 810 3030 cunque
853 2970 983 3015 sunt
1024 2962 1248 3027 munda,
1300 2978 1642 3032 quaecunque
1684 2962 1919 3031 pudica;
1968 2961 2013 3015 si
2059 2976 2166 3031 qua

588 3052 768 3107 virtus
814 3062 920 3117 est,
952 3053 995 3107 si
1029 3069 1137 3123 qua
1185 3053 1327 3119 laus,
1376 3053 1422 3110 si
1457 3054 1583 3124 quis
1614 3053 1771 3108 bonae
1818 3053 1977 3107 fama:
2005 3053 2051 3085 ³⁸
2086 3070 2099 3107 :
2135 3068 2168 3107 a

590 3141 817 3210 prtelato
851 3141 1027 3211 frugis
1086 3143 1243 3198 bona:
1276 3153 1439 3211 atque
1473 3142 1730 3197 utilitatis
1764 3144 1940 3214 gratia
1978 3158 2168 3199 corre-

589 3231 701 3286 ctio
731 3234 1015 3302 procedat,
1048 3234 1231 3289 locum
1263 3249 1424 3289 suum
1457 3242 1519 3289 ut
1562 3242 1783 3290 tueatur
1812 3234 1867 3290 in
1900 3237 2052 3291 omni
2078 3236 2165 3291 di-
2195 3211 2239 3271 α

588 3324 815 3395 ligentia
840 3324 1136 3393 spirituali,
1162 3324 1381 3379 laudem
1406 3333 1465 3379 ut
1486 3336 1745 3395 procuret
1768 3327 2164 3392 membrorum,

589 3432 697 3486 qua
754 3416 953 3471 melius
981 3416 1118 3470 nihil
1152 3424 1253 3471 est.
1290 3416 1513 3482 Omnes,
1551 3428 1614 3472 ut
1655 3427 1873 3487 Oportet
1921 3418 2085 3487 (sicut
2113 3427 2171 3473 et

591 3512 771 3579 ipsum
800 3508 1110 3579 Dominus),
1135 3524 1349 3573 omnes,
1371 3510 1615 3579 inquam,
1639 3510 1780 3565 ferat
1798 3512 1853 3565 in
1871 3511 2167 3576 charitate,

591 3616 691 3671 pro
740 3601 1000 3655 omnibus
1046 3601 1253 3671 jugiter
1296 3610 1437 3665 oret,
1473 3602 1714 3671 postulet
1747 3602 2167 3673 intelligentiam

589 3696 934 3763 spiritualctn
976 3695 1079 3750 sibi
1123 3696 1386 3759 conferri,
1414 3705 1622 3764 utqua:
1661 3711 1996 3766 magnopere
2038 3712 2170 3751 con-

588 3787 819 3850 ducunt.
847 3786 1067 3841 noverit
1104 3786 1445 3852 discernere,
1478 3786 1787 3857 pervigilet,
1834 3786 1903 3841 de
1939 3788 2170 3859 singulis

589 3879 751 3934 anxie
781 3880 1071 3942 sollicitus,
1102 3879 1351 3933 omnium
1397 3877 1649 3934 defectus
1678 3894 1743 3933 ac
1791 3880 2017 3936 morbos
2065 3897 2169 3951 pro

2276 1948 2352 2001 Οὐ
2390 1950 2498 2002 πᾶν
2540 1949 2763 2020 τραῦμα
2791 1952 2857 2021 τῇ
2904 1950 3041 2021 αὐτῇ
3076 1950 3414 2020 ὲμπλάστρῳ
3454 1950 3801 2019 θεραπεύεταιο

2272 2043 2398 2103 τοὺς
2454 2040 2841 2111 παροξυσμοὺς
2890 2042 2950 2093 ὲν
2997 2042 3219 2113 βροχαῖς
3270 2041 3350 2095 δεῖ
3398 2041 3610 2095 παύειν.
3660 2042 3805 2095 Ἐστω

2276 2133 2541 2204 φρόνιμος
2591 2135 2650 2187 ὲν
2701 2135 2868 2187 πᾶσιν
2912 2133 2989 2197 ὡς
3038 2135 3087 2186 οἱ
3120 2134 3308 2203 ὄφεις,
3354 2133 3453 2186 καὶ
3486 2133 3723 2204 ἀκέραιος
3748 2136 3803 2198 ὡς

2276 2228 2332 2282 αἱ
2384 2226 2739 2297 περιστεραί·
2790 2228 2877 2280 ἵνα
2938 2226 3009 2280 τὰ
3060 2226 3161 2297 μὲν
3208 2228 3516 2297 φαινόμενα
3556 2227 3716 2281 αὐτῶν
3746 2230 3804 2289 εἰς

2277 2321 2568 2392 πρόσωπον
2597 2320 2889 2392 κολακεύῃ,
2920 2321 2989 2375 τὰ
3017 2321 3075 2375 δὲ
3111 2322 3319 2393 ἀόρατα
3363 2324 3491 2392 αίτῇ
3539 2323 3804 2392 φανερωθῇ·

2276 2434 2361 2470 ναι
2389 2415 2558 2486 αὐτῷ·
2606 2417 2692 2470 ἵνα
2730 2414 2961 2486 μηδενὸς
2993 2416 3275 2488 λείπηται,
3307 2414 3428 2470 ἀλλ’
3471 2417 3529 2468 ὲν
3560 2415 3708 2467 παντὶ
3732 2433 3805 2484 xa-

2280 2509 2503 2581 ρίσματι
2536 2508 2859 2579 περισσεύῃ.
2912 2510 2971 2563 '0
3019 2508 3205 2580 καιρὸς
3236 2508 3347 2577 γὰρ
3396 2508 3618 2561 ἀπαιτεῖ
3660 2508 3803 2566 αὑτὸν,

2273 2600 2349 2663 ὼς
2401 2598 2744 2670 κυϐερνήτην
2778 2598 2916 2668 πρὸς
2954 2600 3081 2661 τοὺς
3124 2599 3359 2668 ἀνέμους
3396 2599 3493 2650 καὶ
3522 2597 3617 2657 τὰς
3654 2614 3805 2664 τρικυ-

2278 2693 2408 2761 μίας
2453 2691 2550 2744 καὶ
2598 2690 2763 2755 ζάλας
2793 2691 2902 2743 τῶν
2931 2690 3256 2760 πνευμάτων
3295 2690 3395 2760 τῆς
3427 2686 3675 2759 πορνείας
3707 2687 3804 2755 στῆς

2275 2801 2362 2837 ναι
2389 2783 2780 2852 γενναίως,καὶ
2806 2782 3019 2853 ὁδηγεῖν
3044 2783 3170 2845 τοὺς
3195 2779 3626 2851 χειμαζομένους
3645 2779 3723 2831 ἐπὶ
3738 2780 3805 2829 τὸν

2275 2874 2469 2943 λιμένα
2508 2874 2602 2927 τοῦ
2660 2873 2966 2942 θελήματος
3018 2871 3111 2925 τοῦ
3162 2872 3321 2925 Θεοῦ.
3370 2870 3540 2938 Λέγει
3572 2870 3626 2923 δὲ
3673 2869 3805 2921 καὶὸ

2273 2967 2478 3039 Κύριος
2504 2984 2518 2998 ο
2554 2986 2573 3019 r
2628 2966 2777 3030 Είτις
2809 2965 2953 3019 θέλει
2988 2966 3047 3018 ὲν
3093 2964 3221 3034 ὑμῖν
3270 2962 3476 3032 μείζων
3524 2958 3674 3022 εἶναι,
3700 2961 3805 3012 ἔστω

2275 3061 2492 3115 πάντων
2524 3058 2709 3122 δοῦλος
2736 3058 2831 3111 καὶ
2864 3058 3085 3112 πάντων
3112 3056 3383 3119 διάκονος.
3450 3054 3562 3108 Καὶ
3591 3054 3617 3105 6
3645 3050 3805 3121 μείζων

2273 3153 2332 3206 ὲν
2365 3152 2516 3222 ὑμῖν,
2553 3148 2792 3219 γενέσθω
2835 3149 2910 3213 ὡς
2952 3149 2980 3201 6
3015 3146 3314 3217 νεώτεροςο
3352 3145 3450 3199 καὶ
3487 3146 3516 3197 6
3547 3144 3800 3214 ἡγούμενος

2271 3244 2346 3305 ὠς
2375 3244 2403 3295 6
2430 3240 2710 3295 διακονῶν.
2748 3258 2767 3292 ι
2790 3238 2972 3299 Τύπος
3012 3233 3105 3291 οὖν
3131 3235 3388 3305 γινέσθω,
3418 3234 3495 3297 ὡς
3522 3235 3734 3304 εἴρηται,
3763 3232 3804 3282 ἐν

2273 3334 2445 3388 ἅπασι
2478 3334 2591 3395 τοῖς
2635 3331 2725 3383 ὑπ’
2760 3330 2922 3383 αὐτὸν
2955 3327 3485 3398 ταπεινοφροσύνης.
3550 3324 3631 3385 Ὠς
3677 3323 3754 3373 καὶ
3784 3322 3805 3368 ὁ

2270 3424 2474 3501 Κύριος
2522 3423 2698 3491 λέγων
2726 3436 2740 3450 ⁸
2780 3440 2798 3472 ι
2846 3420 2908 3473 '0
2954 3418 3080 3480 Υἱὸς
3122 3417 3215 3471 τοῦ
3242 3415 3535 3484 ἀνθρώπου
3578 3413 3669 3465 οὐκ
3704 3407 3803 3479 ἦλθε

2270 3516 2680 3586 διακονηθῆναι,
2702 3513 2837 3568 ἀλλά
2864 3511 3208 3581 διακονῆσαι,
3229 3510 3326 3563 καὶ
3350 3508 3535 3561 δοῦναι
3558 3507 3650 3575 τὴν
3668 3504 3804 3573 ψυχὴν

2275 3606 2441 3662 αὑτοῦ
2486 3606 2681 3677 λύτρον
2722 3608 2842 3660 tm
2877 3604 3108 3659 πολλῶν.
3149 3623 3167 3656 ι
3208 3603 3319 3657 Καὶ
3352 3600 3516 3654 πάλιν
3541 3616 3552 3630 ·
3597 3618 3614 3648 ι
3657 3597 3805 3665 Ὑμεῖς

2274 3700 2331 3754 δὲ
2376 3702 2451 3771 μὴ
2496 3700 2737 3771 κληθῆτε
2770 3696 3104 3769 καθηγηταί.
3152 3688 3246 3757 Εἷς
3278 3693 3387 3760 γάρ
3435 3693 3583 3744 ἐστιν
3641 3691 3668 3741 6
3704 3686 3804 3739 καθ-

2280 3792 2492 3864 ηγητὴς
2521 3791 2678 3863 ἡμῶν
2705 3792 2733 3844 6
2758 3789 3014 3861 Χριστός.
3041 3806 3059 3839 ι
3082 3785 3238 3856 Αὐτῷ
3259 3786 3293 3856 ὴ
3315 3782 3444 3849 δόξα
3472 3783 3550 3845 είς
3572 3779 3685 3841 τοὺς
3708 3777 3806 3829 uitii-

2279 3902 2393 3947 νας.
2440 3884 2632 3954 Ἀμήν.

591 3972 816 4028 modulo
838 3972 1067 4026 rationis
1085 3972 1262 4027 discat
1282 3971 1425 4027 ferre
1443 3973 1599 4042 quasi
1623 3972 1903 4042 perfectus
1925 3973 2178 4029 athletes.
2199 3975 2302 4031 Ubi
2319 3975 2467 4030 enim
2488 3974 2829 4047 fatigationis
2851 3972 3025 4028 moles
3042 3974 3235 4042 major,
3255 3970 3332 4024 ibi
3355 3968 3533 4038 major
3552 3966 3803 4020 etiamnum

587 4076 849 4136 quaestus.
877 4065 1031 4133 Quod
1061 4066 1108 4121 si
1135 4065 1543 4120 multitudinem
1572 4066 1968 4135 discipulorum
1995 4067 2129 4122 velit
2163 4084 2457 4141 aggregare
2486 4070 2766 4140 copiosam
2795 4088 2809 4123 :
2844 4083 2955 4122 non
2990 4066 3177 4120 statim
3215 4064 3292 4119 illi
3328 4062 3508 4133 gratia
3532 4070 3641 4124 est;
3672 4055 3748 4112 sed
3772 4052 3805 4106 si

591 4157 772 4211 minus
795 4157 943 4211 dicto
976 4155 1266 4211 audientes
1293 4165 1460 4226 atque
1487 4156 1949 4213 intractabiliores
1977 4158 2046 4213 ad
2074 4158 2315 4216 oﬂicium
2357 4171 2416 4218 et
2454 4162 2852 4228 obedientiam,
2881 4159 3105 4215 amabili
3132 4158 3356 4213 lenitate
3382 4171 3518 4226 erga
3548 4154 3662 4207 illos
3686 4166 3804 4209 usus.

590 4251 902 4307 revocarit:
930 4266 1041 4305 non
1076 4250 1224 4305 enim
1253 4251 1456 4305 vulnus
1484 4265 1647 4305 omne
1680 4266 1792 4305 uno
1815 4258 1871 4306 et
1898 4252 2093 4306 eodem
2128 4263 2359 4308 curatur
2392 4254 2714 4325 emplastro.
2754 4253 2996 4309 Curandi
3033 4250 3264 4306 veniunt
3300 4246 3612 4318 paroxysmi
3652 4242 3805 4313 prolu-

589 4347 753 4401 vione
780 4357 835 4401 et
864 4346 1059 4400 crebra
1085 4343 1359 4398 inlusione
1391 4343 1765 4399 humidorum.
1795 4344 1855 4399 In
1886 4346 2145 4401 omnibus
2175 4347 2394 4403 imitare
2427 4348 2775 4419 prudentiam
2808 4347 3117 4417 serpentis,
3155 4341 3535 4429 columbinam
3570 4338 3805 4394 aemulator

592 4435 998 4505 simplicitatem
1031 4452 1044 4488 :
1079 4442 1139 4488 ut
1174 4448 1298 4503 qua:
1343 4432 1448 4488 sibi
1496 4433 1720 4502 quidem
1749 4443 1941 4504 patent
1972 4438 2027 4492 in
2054 4436 2273 4504 faciem,
2312 4439 2572 4495 observet
2608 4457 2622 4492 :
2655 4454 2777 4509 qua:
2805 4449 2995 4494 autem
3032 4437 3217 4491 minus
3268 4434 3323 4489 in
3367 4432 3662 4503 conspicuo
3689 4434 3805 4487 sunt,

594 4529 835 4596 postulet
872 4528 976 4582 sibi
1016 4525 1379 4591 manifestari,
1416 4527 1489 4581 ita
1533 4536 1593 4581 ut
1624 4528 1777 4582 nulla
1808 4544 1868 4583 re
1900 4530 2258 4597 destituatur,
2284 4533 2384 4588 sed
2423 4532 2576 4588 omni
2609 4532 2858 4588 abundet
2918 4531 3115 4603 gratia.
3144 4529 3539 4600 Opportunum
3589 4536 3705 4577 sane
3736 4517 3805 4576 sit.

590 4632 681 4687 ut,
709 4637 808 4677 ceu
840 4621 1134 4675 nauclerus
1164 4620 1437 4690 quispiam
1465 4662 1478 4685 ,
1512 4636 1779 4690 generose
1810 4623 2100 4678 confirmet
2136 4640 2195 4679 se
2233 4625 2505 4681 adversus
2556 4634 2847 4680 ventorum
2904 4624 3180 4686 turbines,
3237 4622 3498 4692 ingentes
3544 4616 3722 4671 ﬂuctus
3764 4618 3806 4662 et

591 4712 881 4782 naufragas
906 4711 1175 4781 procellas
1204 4711 1571 4780 undecunque
1609 4712 1904 4781 aspirantis
1931 4715 2153 4770 malitiae
2178 4734 2189 4769 :
2214 4717 2316 4773 viae
2346 4716 2571 4786 praedm:
2602 4727 2662 4770 ut
2691 4716 2764 4771 sit
2793 4716 2861 4771 ad
2893 4723 3112 4786 portum
3150 4729 3326 4783 usque
3363 4712 3569 4767 divina:
3597 4707 3808 4761 volunta-

591 4803 681 4867 tis,
716 4805 782 4859 iis
816 4805 911 4874 qui
954 4803 1240 4857 undisonae
1278 4803 1619 4872 tempestatis
1654 4804 1932 4873 agitantur
1970 4804 2251 4862 fluctibus.
2299 4808 2443 4863 Dicit
2471 4816 2656 4862 autem
2685 4818 2743 4862 et
2773 4807 3043 4861 Dominus
3073 4823 3085 4859 :
3120 4824 3137 4857 ι
3171 4804 3228 4860 Si
3259 4803 3384 4874 quis
3410 4803 3531 4856 vult
3568 4800 3698 4853 inter
3734 4805 3806 4846 vos

590 4899 767 4968 major
794 4913 937 4961 esse,
965 4898 1035 4952 sit
1066 4896 1268 4960 minor,
1295 4906 1351 4951 et
1379 4896 1473 4966 qui
1500 4907 1716 4966 praeest,
1740 4897 2099 4953 ministret".
2123 4917 2141 4949 ι
2173 4900 2363 4970 Itaque
2397 4916 2501 4956 ceu
2536 4900 2747 4956 dictum
2781 4898 2916 4952 mihi
2946 4905 3048 4963 est,
3088 4897 3155 4952 iis
3178 4896 3272 4967 qui
3309 4906 3415 4951 tuae
3441 4905 3573 4949 sunt
3602 4891 3805 4962 ditionis,

592 4989 854 5044 modestae
906 4986 1236 5043 humilitatis
1283 4994 1405 5043 esto
1440 4987 1674 5043 formula
1740 4987 1796 5041 in
1847 4989 2153 5044 omnibus:
2188 4990 2264 5043 Ita
2313 4990 2462 5045 enim
2517 5000 2574 5045 et
2622 4989 2886 5045 Dominus
2926 5006 2939 5041 :
2981 5006 2999 5039 ι
3031 4987 3203 5042 Filius
3255 4986 3498 5041 hominis
3545 5002 3648 5041 non
3689 4982 3805 5037 venit

592 5082 921 5148 ministrari,
950 5082 1045 5137 sed
1080 5080 1420 5144 ministrare,
1460 5088 1517 5135 et
1554 5080 1685 5135 dare
1728 5081 1966 5136 animam
1998 5097 2154 5136 suam
2202 5081 2639 5152 redemptionem
2684 5097 2784 5152 pro
2822 5080 3086 5137 multis”.
3116 5099 3132 5132 ι
3178 5080 3381 5135 lterum
3418 5097 3430 5132 :
3471 5099 3489 5131 ι
3530 5080 3633 5134 Vos
3660 5086 3803 5132 autem

591 5190 680 5230 me
702 5174 931 5239 vocatis,
964 5175 1227 5245 magister
1251 5191 1264 5227 :
1292 5174 1446 5229 Unus
1469 5172 1620 5227 enim
1649 5183 1734 5227 est
1762 5174 2023 5245 magister
2048 5182 2232 5229 vester
2247 5174 2313 5240 ³⁸,
2343 5192 2361 5225 ι
2389 5173 2485 5244 qui
2508 5182 2594 5229 est
2614 5173 2889 5231 Christus.
2909 5170 3017 5242 Ipsi
3046 5171 3219 5242 gloria
3255 5171 3311 5226 in
3335 5172 3551 5227 sacula.
3582 5169 3751 5226 Amen.

1004 5289 1219 5358 1210
1253 5287 1537 5343 HOMILIA
1585 5286 1743 5342 CXII.

1118 5402 1196 5455 De
1228 5404 1637 5457 renuntiatione.

660 5514 764 5582 Qui
806 5514 975 5569 semel
1017 5513 1224 5568 mundo
1267 5529 1585 5584 supremum
1628 5514 1765 5570 dicit
1801 5517 1942 5583 vale,
1978 5517 2048 5572 ab
2082 5517 2169 5572 his

590 5607 755 5663 debet
790 5620 1022 5661 avocare
1069 5612 1332 5670 mentem,
1360 5622 1705 5678 quaecunque
1747 5609 1926 5664 oculis
1950 5617 2163 5679 patent,

663 5728 703 5756 "
742 5726 921 5781 Judic.
954 5740 1051 5790 vtt,
1087 5724 1171 5779 l7.
1250 5725 1295 5755 ὀ
1336 5725 1476 5781 Psal.
1514 5743 1617 5789 CIV,
1650 5727 1739 5791 2i,
1778 5728 1868 5782 22.
1946 5728 1988 5760 ²¹
2027 5728 2171 5785 Colos

2274 5744 2311 5791 t,
2346 5728 2432 5783 28.
2514 5730 2558 5760 ”
2598 5727 2878 5788 l'l‘im.tv,
2920 5726 3006 5779 16.
3086 5724 3130 5755 ’³
3170 5723 3453 5793 Ερίηελι,
3482 5719 3561 5771 ll.

592 5814 679 5863 ιι,
714 5796 897 5851 55-35.
975 5796 1017 5829 ’⁸
1060 5795 1295 5866 Philipp.
1327 5812 1398 5861 tv,
1428 5798 1477 5851 8.
1556 5799 1599 5829 ³⁸
1639 5798 1830 5853 Matth.
1867 5801 2068 5865 xx,26.
2148 5802 2165 5831 ³

2273 5799 2398 5855 lare.
2428 5815 2481 5863 ι,
2523 5800 2609 5853 ιδ.

2859 5287 3076 5341 ΛΟΓΟΣ
3124 5284 3271 5338 PlB'.

2806 5398 2943 5465 Περὶ
2994 5392 3321 5464 ἁποταγῆς.

2356 5516 2414 5569 '0
2455 5515 2914 5585 ἀποτασσόμενος,
2975 5510 3183 5580 ὀφείλει
3234 5508 3379 5562 κατά
3425 5508 3656 5563 διάνοιαν
3703 5501 3803 5573 μεθ-

2276 5608 2525 5663 ίστασθαι
2556 5609 2663 5662 τῶν
2686 5607 3002 5678 ὁρωμένων,
3032 5604 3126 5657 καὶ
3146 5603 3215 5657 τὰ
3244 5601 3451 5673 ἀόρατα
3482 5600 3718 5670 καθορᾷ-ι.
3744 5596 3805 5647 τὰ

3638 5718 3677 5746 ’⁸
3709 5712 3802 5769 Act.

2690 5800 2732 5828 ’⁸
2771 5799 2925 5853 Joan.
2964 5813 3076 5861 χιιι,
3109 5794 3189 5849 15.
