4040 6532
294 380 418 447 ιῖδι

1179 385 1508 447 HOMILIA
1545 383 1706 444 CXII
1760 405 1828 416 -·
1861 380 1959 441 DE
1996 375 2654 441 RENUNTIATIONE.

3408 369 3546 436 1782
3579 429 3600 447 ,

288 497 394 567 γὰρ
438 494 711 566 ὁρώμενα,
749 494 1083 568 πρόσκαιρα,
1120 495 1187 550 τὰ
1230 496 1287 549 δὲ
1328 495 1690 587 μὴιόρώμενα
1738 491 1865 546 αἰώ-

1985 502 2026 547 :t
2054 506 2176 547 eam
2208 490 2275 545 ad
2303 488 2668 545 invisibilium
2699 482 3221 549 contemplationem
3249 482 3500 537 attollere
3526 500 3541 549 ;

282 607 388 646 νια.
428 589 524 642 Διά
555 589 712 642 τοῦτο
746 590 855 661 γὰρ
916 589 1242 660 ὀνομάζεται
1274 591 1308 661 ἡ
1338 586 1611 659 ἀποταγὴ,
1641 589 1724 641 ὅτι
1756 586 1864 640 τῶν

284 680 484 750 γηΐνων
513 680 973 749 ἁποτασσόμενοι,
1019 678 1126 732 τῶν
1170 678 1515 747 ἐπουρανίων
1564 676 1863 732 συντασσό⁴

287 774 446 843 μεθα.
484 774 590 826 Καὶ
628 771 727 842 τὴν
757 772 991 826 ἐνταῦθα
1036 771 1273 843 πατρίδα
1331 771 1861 840 καταλιμπάνοντες,

286 865 383 936 τήν
423 866 536 919 ἄνω
563 863 935 936 ἐπιζητοῦμεν
978 864 1359 935 Ἰερουσαλὴμ,
1390 863 1517 926 τοὺς
1554 861 1865 931 κοσμόφροο

287 976 384 1020 νας
406 956 938 1027 ἀπαυτομολοῦντες,
966 959 1079 1020 τοῖς
1111 958 1501 1027 πνευματικοῖς
1529 951 1866 1024 συναμιλλώο

292 1048 452 1120 μεθα.
497 1048 622 1101 Ἐὰν
651 1044 743 1101 οὖν
799 1048 1046 1118 θέλωμεν
1084 1046 1388 1119 κτήσασθαι
1432 1045 1653 1117 ἀρετὰς,
1701 1044 1868 1114 ἀσκήο

290 1157 474 1211 σωμεν
530 1141 898 1211 ἐγκράτειαν,
956 1140 1270 1211 ὑπομονὴν,
1341 1136 1863 1208 ταπεινοφροσύνην·

290 1234 383 1286 ἐπὶ
412 1234 575 1286 πᾶσιν
618 1232 674 1285 δὲ
704 1231 941 1294 τούτοις.
1000 1232 1099 1301 τὴν
1145 1230 1344 1300 συνεχῆ
1392 1230 1698 1300 προσευχήν
1728 1246 1743 1260 ο
1772 1227 1867 1280 καὶ

293 1326 425 1396 ῥᾷον
477 1323 748 1394 ἀνύσομεν
791 1323 852 1376 τὸ
904 1322 1359 1392 σπουδαζόμενον.
1414 1321 1625 1391 Ὠσπερ
1676 1320 1784 1389 γὰρ
1842 1320 1870 1371 6

292 1416 463 1469 θέλων
505 1415 859 1486 οἰκοδομῆσαι
892 1409 1062 1480 οἶκον,
1100 1416 1280 1467 πᾶσαν
1316 1414 1415 1484 τὴν
1448 1412 1581 1480 ῦλην
1627 1428 1873 1482 προετοι-

297 1503 481 1575 μάζει,
513 1506 649 1575 πρὸς
689 1504 1065 1575 καταρτισμὸν
1096 1503 1195 1573 τῆς
1222 1503 1421 1567 οἰκίας,
1452 1502 1625 1566 οὕτως
1662 1504 1755 1556 καὶ
1780 1503 1871 1555 τὸν

294 1596 489 1651 ἐαυτοῦ
536 1593 717 1661 οἷκον,
770 1596 1074 1660 τουτέστιν,
1122 1596 1219 1667 τὴν
1267 1594 1433 1667 μονὴν
1471 1595 1571 1664 τῆς
1619 1595 1869 1664 Τριάδος.

238 1694 239 1697 “
301 1707 321 1739 ι
371 1687 513 1756 Ἐγὼ
542 1689 672 1758 γάρ,
717 1688 901 1759 φησὶν,
936 1688 1030 1740 καὶ
1064 1689 1091 1740 6
1130 1688 1319 1756 Πατήρ
1350 1702 1474 1756 μου,
1514 1684 1869 1755 ἐλευσόμεθα,

294 1779 392 1831 καὶ
460 1778 627 1848 μονὴν
683 1777 814 1847 παρ’
880 1777 1029 1847 αὐτῷ
1097 1776 1459 1847 ποιησόμεθα.
1523 1792 1543 1827 ι
1610 1776 1720 1828 Καὶ
1776 1775 1870 1840 τὸ,

302 1889 321 1921 ι
381 1868 604 1939 Πνεῦμα
636 1870 776 1921 οίκεῖ
809 1869 866 1920 ἐν
906 1868 1057 1937 ὑμῖν.
1115 1887 1134 1920 ι
1183 1868 1329 1938 Πρὸς
1351 1866 1563 1930 ’τέλους
1610 1865 1706 1919 τοῦ
1754 1865 1874 1920 κατ’
1907 1852 1951 1910 Β

295 1962 498 2034 ἀρετὴν
547 1955 690 2013 εῖναι
739 1961 877 2031 βίου,
928 1960 1195 2014 ἀκόλουθα
1251 1960 1507 2031 ὑπάρχει,
1556 1960 1873 2031 ἐγκράτεια,

298 2052 394 2104 καὶ
422 2052 691 2121 ὑπομονὴ,
719 2050 815 2104 καὶ
840 2052 873 2121 ἡ
902 2050 1397 2122 ταπεινοφροσύνη,
1428 2050 1525 2104 καὶ
1567 2051 1601 2120 ή
1640 2066 1876 2121 προσευ-

296 2144 392 2213 χή.
432 2144 545 2213 Τὴν
566 2145 674 2215 γὰρ
704 2144 1012 2214 ἄθραυστον
1042 2145 1136 2197 καὶ
1164 2142 1392 2198 ἄλεκτον
1436 2143 1785 2213 δικαιοσύνην
1828 2143 1876 2197 οί

298 2239 451 2291 πόνοι
501 2238 596 2290 καὶ
640 2240 692 2290 oi.
738 2238 949 2308 ἀγῶνες
994 2238 1243 2307 φύουσιν.
1295 2237 1403 2291 Καὶ
1431 2237 1582 2291 οὐδὲν
1610 2239 1657 2291 οί
1690 2237 1878 2308 μόχθοι

298 2330 437 2398 πρὸς
481 2329 542 2382 τὸ
588 2330 815 2399 μέγεθος
860 2330 959 2400 τῆς
1007 2328 1262 2391 εὐκλείας
1299 2329 1398 2398 τῆς
1430 2329 1732 2400 ὑπομονῆς,
1779 2329 1880 2399 τῆς

297 2422 407 2474 ὑπὸ
441 2422 538 2492 τῆς
576 2423 777 2493 ἀρετῆς
822 2423 1184 2494 τικτομένηςο
1244 2421 1430 2483 καθὼς
1476 2422 1569 2476 καὶ
1615 2424 1644 2475 6
1676 2419 1879 2491 Κύριος

293 2513 606 2585 διαγορεύει
633 2530 646 2544 ο
695 2531 713 2564 t
766 2514 885 2567 Ὀτι
923 2515 1102 2586 θλίψιν
1130 2515 1283 2581 ἕξετε
1322 2517 1379 2568 ἐν
1423 2514 1502 2585 τῷ
1541 2514 1732 2585 κόσμῳ
1756 2513 1880 2568 τού-

296 2622 396 2673 τῳ.
440 2624 457 2656 ι
492 2604 660 2675 Δῆλον
684 2605 791 2677 γὰρ
820 2604 1031 2659 ὅτιτῶν
1058 2605 1158 2677 μὲν
1189 2604 1416 2674 ἀγώνων
1442 2607 1537 2659 καὶ
1565 2606 1674 2658 τῶν
1704 2605 1880 2660 ἄθλων

300 2696 515 2750 στάδιόν
565 2698 713 2750 ἐστιν
763 2700 791 2751 6
839 2698 1033 2770 παρὼν
1084 2698 1234 2768 βίος·
1287 2699 1395 2751 τῶν
1448 2699 1504 2753 δὲ
1549 2699 1801 2753 ἐπάθλων
1855 2701 1883 2753 ὀ

303 2787 537 2857 μέλλων.
583 2789 986 2861 Ἀγαπήσωμεν
1030 2786 1121 2844 οὖν
1172 2790 1263 2844 τὸν
1298 2790 1501 2862 Κύριον
1548 2792 1879 2863 εἰλικρινῶς,

301 2880 392 2935 ἵνα
419 2881 675 2953 παράσχῃ
705 2884 837 2952 ἡμῖν
867 2881 902 2936 ὃ.
924 2882 1291 2954 ἐπηγγείλατο
1330 2886 1441 2948 τοῖς
1472 2883 1760 2952 ἀγαπῶσιν
1789 2885 1883 2939 αῦ-

299 2973 393 3025 τόν
418 2990 429 3003 ·
469 2992 487 3024 ι
526 2974 593 3026 Ἀ
629 2973 908 3043 ὀφθαλμὸς
946 2975 1047 3027 οὐκ
1088 2974 1218 3041 ίδεν,
1267 2977 1360 3029 καὶ
1390 2973 1483 3039 οῦς
1510 2977 1609 3030 οὐκ
1654 2978 1879 3048 ἤκουσε.

301 3065 399 3117 καὶ
427 3065 519 3117 ἐπὶ
561 3065 789 3135 καρδίαν
830 3064 1119 3136 ἀνθρώπου
1146 3066 1246 3120 οὐκ
1274 3067 1464 3139 ἀνέϐη.
1506 3086 1525 3120 ι
1574 3066 1881 3136 Ἀγωνισὼ-

1966 600 2088 655 quae
2117 583 2268 638 enim
2297 582 2581 645 videntur,
2617 578 2948 649 temporaria
2994 585 3123 632 sunt
3152 593 3166 630 :
3199 590 3321 645 qua:
3361 583 3544 629 autem

1964 692 2076 731 non
2127 674 2410 739 videntur,
2456 681 2682 728 aeterna.
2741 671 2819 725 Eo
2866 668 3165 740 siquidem,
3207 666 3545 721 renuntiatio

1966 767 2193 831 dicitur,
2228 765 2377 836 quod
2416 764 2653 820 terrenis
2698 763 2794 834 qui
2828 761 3172 822 renuntiant,
3202 759 3255 813 in
3290 757 3543 812 ordinem

1967 871 2301 931 cooptantur
2341 858 2694 913 caelestium:
2730 856 2863 910 dum
2908 854 3056 909 enim
3108 851 3344 923 patriam
3398 850 3543 905 hanc

1968 967 2080 1006 non
2129 950 2289 1005 inviti
2341 948 2675 1012 deserimus,
2711 945 3005 1001 sublimem
3038 943 3187 997 illam
3233 941 3544 1011 expetimus

1966 1045 2293 1108 Jerusalem,
2328 1041 2458 1097 dum
2505 1040 2697 1096 mundi
2735 1038 2894 1094 istius
2932 1036 3208 1107 sapientes
3253 1048 3322 1087 ne
3366 1033 3544 1088 salute

1969 1138 2196 1208 quidem
2224 1137 2542 1208 dignamur,
2572 1133 2747 1203 magis
2775 1130 2906 1186 vero
2930 1142 3249 1183 aversamur
3282 1140 3346 1179 ac
3375 1139 3544 1193 repu~

1970 1232 2220 1294 diamus,
2289 1243 2413 1283 cum
2473 1223 2859 1295 spiritualibus
2916 1222 3051 1276 viris
3117 1228 3269 1275 tanto
3319 1216 3547 1287 propius

1971 1322 2381 1393 congredimur.
2412 1320 2656 1376 Virtutes
2682 1315 2852 1387 igitur
2884 1313 3116 1384 adipisci
3145 1323 3474 1381 magnOpere
3503 1306 3545 1359 si

1972 1418 2249 1487 cupimus,
2295 1414 2351 1468 in
2384 1412 2581 1483 primis
2623 1410 2738 1481 jugi
2774 1407 3038 1464 etcrcitio
3073 1403 3385 1461 excolendae
3421 1410 3550 1456 sunt

1974 1511 2078 1575 lue,
2110 1508 2474 1571 continentia,
2508 1503 2794 1576 patientia,
2827 1500 3075 1556 modesta
3106 1498 3409 1552 humilitas.
3454 1495 3550 1549 His

1974 1602 2233 1657 omnibus
2280 1600 2572 1654 continens
2611 1595 2942 1665 sulIragetur
2975 1607 3041 1646 ac
3093 1605 3293 1660 perpes
3348 1586 3549 1649 oratio,

1974 1703 2030 1750 et
2074 1693 2223 1764 quod
2257 1692 2504 1747 studiose
2547 1688 2765 1744 cllicere
2820 1685 3099 1749 molimur,
3135 1682 3348 1735 minore
3382 1678 3552 1750 perti-

1977 1788 2190 1843 ciemus
2236 1785 2481 1857 negotio.
2524 1783 2594 1839 Ut
2629 1782 2777 1837 enim
2827 1780 3048 1835 domum
3090 1774 3429 1830 exaedificare
3458 1773 3552 1842 qui

1979 1880 2118 1945 vult,
2152 1879 2439 1935 materiam
2472 1886 2701 1949 apparat
2724 1877 2878 1947 prius
2897 1876 3117 1930 fabricae
3148 1873 3408 1928 omnibus
3438 1869 3555 1924 suis

1978 1972 2229 2045 partibus
2290 1970 2641 2027 absolvenda:
2693 1969 2975 2032 idoneam,
3018 1967 3097 2021 ita
3143 1976 3198 2020 et
3247 1964 3341 2034 qui
3399 1977 3554 2018 suam

1979 2062 2153 2132 ipsius
2183 2060 2432 2126 domum,
2460 2058 2801 2115 domicilium
2828 2073 3025 2127 nempe
3049 2061 3411 2111 sacrosancta:
3433 2052 3557 2108 Tri-

1978 2155 2170 2211 nitatis
2201 2154 2426 2208 molitur
2454 2161 2757 2208 exstruere.
2796 2170 2813 2201 ‹
2846 2151 2958 2221 Ego
2983 2151 3156 2212 enim,
3182 2147 3281 2212 ait,
3310 2156 3365 2200 et
3397 2148 3559 2201 Pater

1980 2262 2136 2302 meus
2188 2246 2477 2302 veniemus
2525 2252 2581 2298 et
2626 2243 2967 2297 mansionem
3017 2240 3164 2309 apud
3211 2255 3336 2293 eum
3385 2238 3555 2292 facie-

1981 2357 2105 2395 mus
2134 2341 2199 2393 ”.
2246 2358 2264 2392 ι
2300 2339 2370 2393 Et
2406 2337 2540 2392 illud
2572 2354 2584 2390 :
2637 2354 2656 2388 ι
2694 2335 2933 2405 Spiritus
2962 2342 3185 2388 sanctus
3221 2331 3314 2401 qui
3345 2330 3559 2385 habitat

1983 2429 2037 2483 in
2069 2428 2227 2484 vobis
2264 2429 2328 2482 ³ο.
2374 2446 2392 2478 ›
2436 2426 2515 2481 Ad
2564 2425 2726 2479 finem
2771 2424 2897 2477 vita:
2946 2423 3108 2477 istius
3139 2421 3203 2489 (si
3252 2419 3558 2475 secundum

1983 2523 2242 2577 virtutem
2276 2518 2620 2590 transigitur)
2652 2519 2735 2572 lue
2762 2516 2944 2571 adsint
2977 2515 3278 2569 individuze
3306 2513 3557 2577 comites,

1982 2613 2344 2677 continentia,
2386 2610 2675 2681 patientia,
2709 2608 2957 2663 modesta
3002 2607 3312 2670 humilitas,
3340 2612 3396 2659 et
3435 2620 3561 2658 ora-

1986 2701 2081 2756 tio.
2119 2700 2458 2757 lneﬂ‘abile'm
2494 2700 2641 2759 enim
2666 2698 2934 2769 justitiam
2966 2713 3069 2752 nec
3103 2697 3395 2766 aliquando
3420 2695 3562 2749 otio-

1984 2810 2098 2849 sam
2131 2803 2227 2848 aut
2260 2791 2604 2847 desinentem
2637 2789 2857 2844 labores
2893 2795 3264 2858 progenerant
3300 2801 3362 2840 ac
3400 2785 3565 2856 spiri-

1986 2886 2162 2942 tualcs
2192 2883 2505 2941 conﬂictus.
2554 2882 2631 2937 Ne
2674 2881 2812 2935 tanti
2839 2879 3066 2949 quidem
3112 2878 3423 2933 aestimandi
3465 2892 3564 2931 ve.

1987 2980 2148 3034 niunt
2181 2979 2398 3033 labores
2440 2976 2626 3031 collati
2661 2974 2727 3029 ad
2760 2972 3198 3043 magnitudinem
3231 2971 3563 3026 felicissima:

1987 3071 2133 3125 illius
2179 3069 2386 3140 gloriae,
2432 3082 2597 3137 quam
2646 3065 2792 3135 parit
2834 3063 3059 3117 virtutis
3096 3062 3365 3124 studium,
3409 3062 3565 3131 juxta

305 3157 447 3226 μεθα
489 3157 712 3228 νικῆσαι
756 3158 854 3229 τὴν
894 3159 1092 3231 σάρκα,
1145 3160 1237 3215 καὶ
1282 3160 1343 3213 τδ
1374 3160 1579 3231 ταύτης
1609 3160 1880 3231 φρόνημα,

1986 3163 2204 3221 Domini
2247 3160 2555 3217 doctrinam
2592 3157 2868 3213 dicentis:
2908 3175 2926 3208 ι
2968 3157 3106 3223 Quia
3146 3155 3565 3209 tribulationem

305 3248 366 3301 ἐν
393 3248 661 3320 πνεύματι
693 3250 828 3303 Θεοῦ
849 3269 863 3284 ο
904 3255 1216 3322 νικήσωμεν
1252 3254 1343 3307 τὸν
1370 3254 1611 3307 Σατανᾶν
1642 3254 1732 3306 τὸν
1752 3252 1880 3324 δρά-

305 3357 495 3404 κοντα,
526 3342 585 3393 ὲν
614 3340 690 3412 τῷ
733 3342 1118 3412 ἐνδυναμοῦντι
1166 3345 1310 3414 ἡμᾶς
1333 3344 1578 3415 Χριστῷ.
1629 3346 1885 3416 Ἀρωμεν

305 3430 400 3524 τρν
430 3434 685 3502 σταυρὸν,
738 3436 831 3487 καὶ
881 3435 1337 3506 ἀκολουθήσωμεν
1371 3436 1448 3505 τῷ
1478 3437 1739 3507 νικοποιῷ
1787 3437 1888 3508 ’1η-

216 3574 227 3587 ,
309 3520 429 3577 σοῦ.
489 3522 912 3591 Ἀγωνισὼμεθα
941 3520 1035 3577 οῦν
1061 3524 1288 3594 δραμεῖν
1328 3526 1530 3589 εὐθέως
1568 3526 1663 3580 καί
1694 3543 1888 3578 πεποι-

310 3612 505 3676 θότως,
533 3613 622 3665 ἵνα
662 3614 1062 3683 καταλάϐωμεν
1106 3615 1165 3669 τὸ
1197 3616 1446 3686 βραϐεῖον
1478 3617 1576 3687 τῆς
1603 3617 1715 3671 ἄνω
1760 3619 1890 3689 κλήο

310 3723 451 3768 σεως
484 3707 540 3758 ἐν
568 3706 807 3777 Χριστῷ.
851 3710 965 3771 Πᾶς
995 3709 1104 3778 γὰρ
1145 3711 1173 3762 6
1206 3709 1414 3780 τρέχων
1462 3709 1889 3782 πεπληροφορη-

313 3795 497 3867 μένος,
530 3799 619 3849 καὶ
643 3798 742 3850 οὐκ
772 3797 1001 3868 ἀδήλως,
1032 3798 1445 3868 καταλαμϐάνει
1489 3799 1578 3852 τὸν
1626 3801 1891 3869 στέφανον

308 3887 410 3955 τῆς
451 3888 765 3957 ἀποταγῆς,
818 3888 912 3941 καὶ
966 3888 1068 3953 τῆς
1121 3889 1344 3956 ἁγνείας
1405 3889 1496 3942 τὸν
1546 3889 1894 3961 πολύμοχθον

310 3979 408 4030 καί⁵
430 3978 562 4032 πολύ
572 3979 761 4049 μισθον
789 3979 1037 4034 πλοῦτον.
1068 3980 1274 4050 Γράφει
1323 3976 1414 4034 οὖν
1436 3982 1463 4033 ὀ
1489 3981 1693 4052 Πέτρος
1715 3998 1728 4012 ·
1752 4002 1768 4035 ι
1806 3981 1893 4047 Ὣς

311 4070 678 4141 ἀρτιγέννητα
720 4070 916 4142 βρέφη,
951 4071 1147 4139 λέγων,
1201 4072 1262 4125 τὸ
1305 4070 1527 4140 λογικὸν
1566 4073 1660 4127 καὶ
1708 4073 1894 4128 ἄδολον

312 4163 455 4230 γάλα
506 4164 919 4235 ἐπιποθήσατε,
997 4165 1085 4218 ἵνα
1143 4166 1200 4219 ἐν
1268 4164 1417 4235 αύτῴ
1467 4165 1808 4236 αὑξηνθῆτε·
1868 4185 1887 4219 ι

312 4256 625 4321 τουτέστιν,
649 4255 747 4326 τὴν
780 4257 1057 4326 ἀκήρατον
1114 4256 1298 4310 πίστιν
1320 4298 1334 4323 ,
1371 4246 1375 4249 ’
1400 4258 1522 4329 ἣτις
1550 4258 1772 4324 αὐξάνει
1802 4259 1896 4311 καὶ

314 4348 545 4416 φωτίζει
589 4348 683 4401 τὸν
715 4347 1002 4418 ἄνθρωπον
1047 4351 1103 4402 ἐν
1136 4352 1247 4412 τοῖς
1278 4351 1463 4415 καλοῖς
1490 4351 1691 4422 ἔργοις.
1732 4353 1843 4405 Καὶ
1869 4353 1897 4405 6

318 4439 554 4502 Παῦλος·
576 4458 596 4491 t
626 4439 953 4494 Ἐνδύσασθε
982 4441 1081 4513 τὴν
1108 4443 1415 4497 πανοπλίαν
1445 4442 1541 4496 τοῦ
1576 4443 1733 4509 Θεοῦ,
1761 4446 1897 4517 πρὸς

1987 3255 2204 3311 habetis
2231 3255 2286 3308 in
2315 3246 2520 3307 mundo
2556 3251 2663 3305 hoc
2690 3251 2756 3305 ³³.
2793 3268 2811 3301 ι
2848 3248 3027 3303 Vitam
3059 3248 3207 3302 enim
3237 3256 3566 3317 praesentem

1987 3350 2161 3420 liquet
2209 3362 2330 3402 esse
2365 3345 2731 3401 certaminum
2764 3352 2928 3411 atque
2962 3341 3241 3395 luctarum
3275 3338 3517 3393 stadium
3549 3355 3565 3392 :

1990 3441 2338 3513 praemiorum
2365 3446 2551 3493 autem
2596 3453 2718 3507 quae
2757 3446 2910 3490 certo
2952 3440 3178 3488 manent
3208 3433 3450 3487 victores
3480 3432 3569 3486 fu-

1992 3545 2115 3591 tura
2153 3535 2245 3588 illa
2280 3541 2365 3588 est
2411 3532 2545 3586 vita.
2579 3530 2874 3585 Dominum
2916 3528 3082 3599 igitur
3110 3527 3332 3581 sincero
3376 3525 3571 3595 diliga-

1993 3644 2116 3682 mus
2144 3626 2367 3691 all‘eetu,
2404 3633 2467 3679 ut
2495 3622 2658 3677 nobis
2687 3638 2752 3677 ea
2774 3622 3078 3676 clementer
3113 3616 3416 3688 impartiat,
3449 3631 3573 3687 quae

1994 3716 2352 3788 diligentibus
2387 3732 2513 3771 eum
2556 3714 2818 3768 daturum
2863 3729 2920 3768 se
2954 3727 3093 3767 essc-
3121 3710 3403 3781 pollicitus
3444 3718 3569 3764 est:

2000 3831 2016 3862 ι
2057 3811 2187 3877 Quae
2214 3808 2439 3880 quidem
2468 3824 2579 3862 non
2602 3807 2797 3862 oculus
2826 3804 2985 3868 vidit,
3010 3820 3123 3858 non
3154 3802 3368 3857 audivit
3397 3802 3571 3867 auris,
3626 3826 3637 3841 ο

1993 3917 2096 3957 nec
2143 3901 2197 3955 in
2239 3916 2334 3955 eor
2386 3900 2629 3955 hominis
2659 3898 3033 3953 ascenderunt
3064 3897 3129 3951 ".
3170 3915 3187 3948 ι
3239 3896 3434 3965 Magno
3476 3909 3572 3949 co-

1994 4002 2126 4048 natu
2176 3993 2492 4047 adnitamur
2538 3989 2970 4057 studeamusque
3005 4002 3230 4042 carnem
3278 3987 3423 4040 hanc
3455 3986 3575 4039 vin-

1995 4099 2141 4150 cere,
2188 4093 2245 4139 et
2274 4084 2393 4153 ejus
2438 4081 2812 4153 prudentiam,
2855 4080 3149 4151 adjuvante
3198 4094 3299 4132 nos
3332 4078 3424 4131 Dei
3463 4078 3576 4147 spi—

1995 4175 2142 4241 ritu;
2196 4174 2419 4230 Christo
2471 4174 2633 4228 nobis
2680 4172 2830 4229 vires
2880 4180 3215 4242 suggerente
3255 4188 3269 4225 :
3316 4169 3573 4225 Satanam

1996 4268 2293 4323 draconem
2322 4265 2724 4338 implacabilem
2767 4278 3125 4335 superemus;
3159 4262 3416 4317 tollamus
3451 4278 3578 4317 cru.-

1998 4375 2139 4424 cem,
2181 4374 2590 4429 sequamurque
2621 4358 2806 4414 Jcsum
2865 4359 2959 4426 qui
3011 4363 3233 4426 praestat
3263 4354 3573 4409 victoriam.

1997 4449 2176 4505 Cursu
2216 4448 2418 4505 festino
2460 4465 2564 4504 nec
2600 4448 2812 4503 minore
2853 4447 3050 4502 ﬁducia
3102 4447 3474 4510 decertemus,
3520 4454 3578 4501 ut

315 4534 378 4587 τὸ
434 4532 695 4587 δύνασθαι
757 4534 901 4604 ὑμᾶς
932 4534 1123 4604 στῆναι
1163 4534 1300 4605 πρὸς
1342 4537 1441 4600 τὰς
1475 4536 1759 4606 μεθοδείας
1799 4538 1883 4592 τοῦ

2000 4543 2252 4598 bravium
2275 4541 2609 4613 attingamus
2639 4556 2891 4611 superna:
2906 4539 3217 4594 vocationis
3244 4539 3299 4592 in
3330 4537 3574 4592 Christo.

317 4624 565 4679 διαϐόλου
597 4642 611 4656 °
641 4626 724 4678 ὅτι
752 4625 852 4678 οῦκ
896 4623 1041 4677 ἔστιν
1078 4627 1210 4695 ήμῖν
1257 4627 1291 4695 ἡ
1341 4627 1488 4697 πάλη
1539 4628 1675 4699 πρὸς
1724 4623 1891 4698 αἷμα,

320 4718 415 4770 καὶ
446 4718 625 4787 σάρκα
658 4731 673 4746 ⁸
709 4717 845 4769 ἀλλὰ
880 4714 1017 4785 πρὸς
1067 4716 1166 4780 τὰς
1214 4718 1411 4788 ἀρχὰς,
1448 4720 1584 4791 πρὸς
1617 4720 1717 4786 τὰς
1754 4720 1897 4786 egw.

321 4810 465 4872 σίας,
503 4809 640 4880 πρὸς
683 4808 810 4871 τοὺς
855 4809 1307 4880 κοσμοκράτορας
1346 4809 1443 4864 τοῦ
1476 4811 1727 4876 σκότους,
1759 4812 1896 4883 πρὸς

234 4964 255 4974 _
322 4900 392 4953 τὰ
433 4899 783 4969 πνευματικὰ
809 4900 907 4969 τῆς
941 4900 1225 4970 πονηρίας.
1268 4919 1286 4953 ι
1324 4901 1433 4953 Καὶ
1463 4898 1657 4965 αὖθις·
1694 4923 1711 4954 ι
1772 4904 1896 4956 Ἐπὶ

322 4993 489 5046 πᾶσιν
542 4992 907 5055 ἀναλαϐόντες
944 4990 1035 5044 τὸν
1080 4991 1272 5062 θυρεὸν
1320 4994 1422 5063 τῆς
1454 4994 1691 5058 πίστεως
1716 5035 1730 5059 ,
1765 4996 1822 5047 ὲν
1852 4989 1896 5064 ᾦ

317 5083 613 5155 δυνήσεσθε
646 5082 823 5137 πάντα
860 5083 930 5137 τὰ
957 5083 1086 5155 βέλη
1116 5082 1210 5136 τοῦ
1251 5085 1500 5155 Πονηροῦ
1530 5087 1599 5139 τὰ
1640 5104 1899 5161 πεπυρω-

324 5177 461 5246 μένα
526 5176 740 5229 σϐέσαι.
773 5175 874 5229 Διά
920 5176 1104 5247 πάσης
1135 5178 1451 5249 Προσευχῆς
1503 5178 1597 5231 καὶ
1638 5179 1898 5250 δεήσεως,

320 5269 757 5340 προσευχόμενοι
809 5268 868 5320 ἐν
902 5269 1065 5321 παντὶ
1113 5269 1310 5342 καιρῷ,
1344 5272 1438 5324 καὶ
1467 5272 1546 5336 είς
1575 5273 1707 5327 αὐτὸ
1740 5274 1898 5329 τοῦτο

318 5360 727 5432 ἀγρυπνοῦντες
756 5360 814 5414 ἐν
843 5360 992 5431 πάσῃ
1020 5366 1492 5435 προσκαρτερήσει
1540 5365 1634 5418 καὶ
1655 5365 1889 5436 δεήσει.»

319 5451 511 5515 Οὕτως
573 5451 683 5521 γάρ
739 5450 1158 5521 ἀγωνιζόμενοι,
1195 5453 1492 5525 δυνήσεσθε
1555 5457 1614 5511 ἐν
1666 5458 1896 5532 ἀληθείᾳ

320 5545 531 5605 ἐαυτοίς
604 5541 1073 5613 ἐμμορφώσασθαι
1132 5546 1232 5615 τὴν
1286 5547 1469 5602 είκόνα
1512 5550 1606 5603 τοῦ
1657 5553 1893 5622 Χριστοῦ

323 5634 384 5689 ἐν
468 5636 671 5702 πᾶσιν,
724 5637 783 5690 ἐν
835 5634 968 5706 βίῳ,
1019 5639 1079 5689 ὲν
1158 5639 1507 5713 ἀναστροφῇ,
1570 5644 1625 5696 ἐν
1692 5645 1893 5717 προθέ⁶

329 5832 345 5872 ι
393 5749 437 5873 ἒ
476 5748 631 5804 Joan.
662 5767 774 5817 xxv,
802 5750 891 5804 ‘25.
1005 5750 1048 5782 ³ο
1090 5750 1262 5807 lCor.
1302 5770 1378 5818 ιιι,
1451 5758 1530 5811 16,

1644 5763 1682 5792 ³¹
1725 5761 1880 5817 Joan.
1940 5780 2046 5829 xw,
2077 5762 2165 5816 55.

1996 4635 2186 4691 Omnis
2225 4634 2373 4689 enim
2404 4634 2498 4703 qui
2538 4634 2733 4699 currit,
2776 4649 2870 4703 spe
2910 4633 3047 4687 nihil
3080 4633 3251 4687 dubia
3284 4633 3575 4693 subnixus,

1996 4742 2107 4781 non
2140 4727 2268 4781 item
2316 4726 2371 4779 in
2417 4725 2707 4788 incertum,
2761 4723 2963 4795 accipit
3013 4724 3268 4779 bravium
3320 4723 3578 4793 perlecta:

1996 4815 2445 4871 renuntiationis.
2486 4813 2568 4870 Ad
2604 4814 2707 4869 hoc
2733 4830 2868 4884 Opes
2917 4814 3234 4883 assequitur
3279 4812 3577 4867 sanctimo-

1998 4910 2104 4964 niae
2136 4924 2398 4979 operosas
2438 4923 2591 4975 sane,
2624 4906 2721 4962 sed
2756 4922 2858 4963 nec
2886 4906 3150 4961 mediocri
3192 4905 3448 4961 mercede
3479 4921 3579 4959 cu-

1997 5003 2252 5057 mulatas.
2284 5002 2351 5056 Et
2381 5000 2601 5071 quidem
2630 5000 2828 5055 Petrus
2867 4998 3062 5054 scribit
3091 5016 3105 5052 :
3149 5017 3165 5048 ι
3203 4996 3371 5073 Quasi
3414 4996 3580 5051 modo

1996 5092 2166 5164 geniti
2200 5092 2458 5155 infantes,
2507 5090 2777 5145 rationale
2817 5097 2874 5145 et
2921 5089 3039 5144 sine
3084 5089 3211 5143 dolo
3243 5089 3327 5143 lac
3374 5103 3581 5143 concu-

1997 5186 2218 5256 piscite,
2259 5193 2320 5239 ut
2354 5184 2408 5238 in
2452 5184 2572 5253 ipso
2606 5182 2866 5238 erescatis
2892 5182 2959 5247 ³³,
3000 5203 3016 5231 ι
3059 5182 3268 5251 1211
3318 5181 3424 5236 hoc
3473 5190 3578 5242 est,

2002 5277 2399 5347 impermistam
2430 5285 2485 5331 et
2517 5277 2892 5344 incorruptam
2939 5274 3123 5337 tidem,
3164 5282 3224 5327 ut
3270 5274 3323 5327 in
3354 5289 3416 5327 ea
3461 5287 3581 5328 cre-

2004 5370 2191 5428 scatis.
2234 5369 2445 5425 Crescit
2486 5368 2636 5422 enim
2683 5368 2740 5421 in
2787 5367 3013 5422 homine
3071 5367 3206 5421 ﬁdes
3256 5364 3580 5435 quotidiana

2003 5462 2341 5527 accessione,
2392 5462 2522 5516 dum
2580 5468 2821 5515 mentem
2874 5459 3115 5513 hominis
3172 5473 3273 5512 suo
3345 5457 3583 5510 illustrat

2003 5557 2297 5629 splendore
2339 5556 2393 5610 in
2425 5554 2587 5610 bonis
2611 5554 2876 5624 operibus
2908 5550 3305 5607 conversantis.
3337 5547 3539 5603 Paulus
3565 5562 3579 5599 :

2010 5667 2027 5699 ι
2065 5646 2281 5704 induite
2314 5663 2408 5703 vos
2437 5654 2769 5701 armaturam
2804 5644 2899 5701 Dei
2936 5651 2995 5697 ut
3036 5641 3259 5713 possitis
3300 5649 3446 5695 stare
3487 5637 3582 5693 ad-

2281 5762 2322 5792 ”
2365 5759 2465 5816 lsa.
2522 5759 2664 5824 inv,
2702 5758 2817 5825 4;l
2873 5756 3001 5813 Cor.
3044 5771 3099 5822 ιι,
3129 5755 3181 5810 9.
3291 5753 3334 5785 ³⁸
3373 5752 3391 5808 l
3432 5755 3579 5809 Petr.
