4040 6514
552 309 686 374 1783

1811 331 2174 396 ANTIOCHI
2213 336 2556 402 MONACIII

3663 357 3796 420 1784

469 408 488 424 ⁸
543 444 736 486 versus
765 429 993 489 insidias
1018 432 1264 504 diaboli;
1312 440 1439 510 quia
1481 456 1595 496 non
1629 451 1712 498 est
1753 444 1914 500 nobis
1945 447 2087 502 collu

2222 467 2325 512 σει,
2373 455 2429 506 ἐν
2473 456 2635 526 λόγῳ,
2673 459 2728 512 ἐν
2767 457 2935 528 ἔργῳ,
2967 460 3022 510 ἐν
3072 459 3339 531 ὑπομονῇ,
3378 461 3434 512 ἐν
3473 461 3715 534 ἀνδρεία,
3747 468 3799 520 ἐν

543 518 709 578 elatio
749 519 1015 580 adversus
1058 529 1384 597 sanguinem
1417 539 1473 585 et
1505 547 1748 599 carnem,
1785 535 1878 590 sed
1925 545 1981 594 et
2013 537 2114 595 ad-

540 623 732 666 versus
764 612 1122 684 principatus,
1170 618 1436 676 adversus
1472 630 1793 691 potestates,
1844 627 2114 688 adversus

539 699 729 754 mundi
759 714 1002 760 rectores
1033 707 1386 764 tenebrarum
1416 711 1634 779 harum,
1657 714 1924 773 adversus
1951 719 2113 786 spiri-

540 791 709 846 tualia
768 797 1026 864 nequitiae
1062 799 1126 854 “.
1181 818 1201 851 ι
1248 801 1502 872 Rursus:
1539 821 1558 855 ι
1604 804 1662 858 1η
1717 806 1977 862 omnibus
2021 824 2112 864 su-

537 893 752 940 mentes
773 895 987 942 scutum
1018 890 1246 957 lidei,lin
1268 909 1378 963 quo
1400 895 1624 964 possitis
1649 898 1755 953 tela
1784 901 2109 969 nequissimi

537 970 705 1043 ignita
731 976 1080 1048 exstinguere
1108 995 1206 1050 per
1234 996 1454 1038 omnem
1486 986 1794 1042 orationem
1827 998 1882 1044 et
1910 989 2109 1060 depre-

534 1063 829 1133 cationem,
876 1081 1100 1126 orantes
1141 1071 1197 1126 iu
1231 1075 1380 1128 omni
1427 1085 1695 1146 tempore,
1733 1080 1789 1134 in
1839 1080 1943 1136 hoc
1988 1082 2107 1151 ipso

533 1154 803 1212 instantes
831 1174 954 1214 eum
984 1163 1131 1218 omni
1169 1165 1430 1222 instantia
1458 1176 1516 1224 et
1555 1170 1941 1228 obsecratione
1967 1175 2031 1226 ³⁸.
2082 1195 2100 1226 ι

530 1244 690 1301 Hunc
720 1248 775 1302 in
815 1251 1060 1318 modum,
1089 1271 1187 1325 pro
1217 1257 1362 1312 virili
1397 1259 1440 1313 si
1480 1270 1759 1316 strenuam
1791 1265 2106 1320 commoda-

529 1338 724 1394 veritis
769 1357 1015 1412 Operam,
1061 1347 1403 1404 verissimam
1452 1352 1506 1405 in
1551 1354 1959 1425 vobismetipsis
2007 1374 2104 1427 per

527 1431 710 1486 omnia
765 1433 974 1490 Christi
1035 1437 1326 1512 imaginem
1382 1444 1703 1512 exprimetis
1753 1446 1806 1500 in
1859 1448 1990 1513 vita,
2046 1450 2100 1503 in

526 1528 967 1594 conversatione,
1014 1531 1070 1585 in
1116 1535 1422 1603 proposito,
1465 1553 1736 1605 sermone,
1785 1555 1972 1610 opere,
2009 1558 2098 1612 pa-

526 1613 742 1692 tientia,
788 1617 932 1674 virili
981 1620 1334 1689 fortitudine,
1388 1625 1442 1680 in
1493 1628 1806 1696 prudentia,
1861 1630 2095 1700 justitia,

522 1703 961 1774 longanimitate,
1010 1710 1064 1764 in
1112 1714 1375 1768 memoria
1421 1725 1660 1785 acceptae
1703 1718 1938 1788 injuriae,
1983 1722 2099 1790 pie-

524 1801 655 1860 tate,
687 1799 998 1866 sanctitate,
1023 1803 1382 1869 continentia,
1414 1806 1466 1859 in
1489 1805 1616 1872 ﬁde,
1637 1824 1753 1878 spe,
1782 1810 2019 1880 denique
2040 1811 2093 1865 in

521 1887 918 1956 perfectissima
974 1893 1040 1947 ad
1091 1894 1262 1949 Deum
1313 1897 1602 1952 charitate.
1667 1899 1942 1971 Agonistzc
2004 1904 2093 1958 isti

520 1993 751 2046 prorsus
776 1983 977 2038 sinceri
1006 1981 1052 2039 si
1089 1998 1236 2053 sunt,
1264 1987 1332 2042 ab
1358 1990 1614 2046 omnibus
1641 1991 1920 2049 abstinent
1942 1998 2092 2053 omni

519 2069 722 2125 virtute
749 2087 806 2125 se
833 2073 1186 2144 adornantes,
1229 2079 1396 2149 inque
1429 2083 1718 2152 praeceptis
1757 2100 2090 2143 conversan-

519 2171 602 2218 tes
633 2163 749 2227 Dei,
775 2167 930 2236 juxta
962 2167 1212 2238 Apostoli
1251 2174 1578 2228 sententiam
1608 2176 1847 2233 dicentis
1876 2197 1888 2233 :
1927 2198 1945 2230 ι
1978 2180 2090 2236 Nos

516 2259 610 2327 qui
640 2260 901 2327 vivimus,
935 2263 988 2318 in
1025 2278 1259 2324 mortem
1304 2271 1574 2326 tradimur
1602 2283 1829 2344 propter
1875 2263 2083 2346 Iesum,

517 2358 576 2402 ut
605 2360 661 2406 et
691 2354 802 2409 vita
831 2355 960 2411 Jesu
1001 2359 1386 2416 manifestetur
1432 2363 1489 2418 in
1529 2367 1746 2420 mortali
1777 2382 1943 2423 carne
1988 2385 2088 2424 no-

514 2450 628 2498 stra
657 2444 720 2498 ³⁶.
760 2465 776 2497 ι
814 2477 884 2487 —-
916 2467 932 2500 ι
962 2447 1182 2506 Scimus
1226 2453 1372 2507 enim
1400 2455 1658 2524 quoniam
1688 2460 1966 2514 terrestris
1989 2460 2087 2516 do-

513 2549 636 2589 mus
690 2545 875 2593 nostra
919 2539 1082 2611 hujus
1130 2541 1486 2599 habitationis
1518 2546 1893 2604 dissolvatur:
1936 2552 2082 2622 quod

509 2627 928 2686 aedificationem
967 2649 1033 2687 ex
1072 2634 1182 2689 Deo
1217 2636 1484 2692 habemus
1511 2639 1731 2695 domum
1763 2658 1872 2697 non
1914 2661 2080 2700 manu

511 2721 728 2788 factam,
765 2734 1025 2780 mternam
1055 2726 1110 2782 in
1143 2729 1328 2783 emlis:
1355 2737 1409 2783 et
1433 2731 1487 2784 iu
1515 2731 1620 2786 hoc
1647 2733 2079 2805 ingemiscimus,

511 2818 906 2875 habitationem
937 2831 1179 2877 nostram
1206 2839 1327 2892 qum
1355 2824 1423 2878 de
1454 2826 1593 2880 coelo
1619 2837 1724 2893 est,
1754 2831 2080 2898 superindui

507 2912 835 2982 cupientes:
874 2913 919 2969 si
966 2924 1147 2969 tamen
1183 2915 1367 2972 vestiti
1405 2927 1460 2972 ct
1497 2935 1607 2974 non
1649 2919 1784 2975 nudi
1831 2922 2081 2979 invenie-

507 3019 632 3062 mur
682 3005 745 3060 ³⁷.
802 3025 821 3058 ι
880 3007 938 3062 In
971 3007 1124 3063 nullo
1154 3025 1406 3079 prorsum
1436 3012 1521 3067 vel
1570 3013 1654 3068 sui
1697 3015 1873 3084 ipsius
1915 3017 2080 3073 habet

2217 548 2520 621 φρονήσει,
2553 550 2612 602 ἐν
2652 550 3002 622 σωφροσύνῃ,
3026 552 3083 604 ἐν
3105 551 3449 625 δικαιοσύνῃ,
3493 555 3554 607 ἐν
3595 572 3791 627 μακρο-

2215 635 2408 708 θυμίᾳ,
2443 639 2536 692 καὶ
2561 640 2886 712 ἀνεξικακίᾳ
2903 643 2996 698 καὶ
3027 642 3302 715 εὐσεϐείᾳ,
3337 645 3397 696 ἐν
3443 647 3722 716 ὁσιότητι,
3746 651 3799 703 ἐν

2213 727 2536 799 ἐγκρατείᾳ,
2567 731 2625 784 ἐν
2655 729 2838 783 πίστει
2898 730 2992 783 καὶ
3043 729 3238 795 ἐλπίδι,
3296 731 3354 784 ἐν
3387 732 3583 802 ἀγάπῃ
3603 733 3798 787 τελειο-

2211 818 2349 890 τάτη
2433 819 2572 890 πρὸς
2626 819 2716 876 τὸν
2778 820 2932 874 Θεὸν.
2986 821 3048 874 Oi
3097 821 3204 892 γὰρ
3250 821 3427 885 ὅντως
3483 822 3796 894 εἱλικρινεξ

2210 913 2532 980 ἀγωνισταὶ,
2570 913 2748 968 πάντα
2779 914 3232 984 ἐγκρατεύονται,
3263 914 3355 968 διὰ
3379 916 3566 986 πάσης
3587 917 3795 987 ἀρετῆς

2212 1003 2304 1056 καὶ⁸
2349 1004 2572 1074 ἐντολῆς
2623 1005 2763 1058 Θεοῦ
2808 1005 3222 1060 πολιτεύονταν
3265 1005 3341 1068 ὥς
3369 1010 3590 1076 φησινὸ
3635 1010 3793 1062 Ἀπό-

2211 1093 2396 1157 στολος
2422 1109 2434 1122 ·
2476 1114 2493 1146 ι
2543 1095 2737 1166 Ἡμεῖς
2767 1097 2817 1149 οἱ
2867 1097 3070 1161 ζῶντες
3107 1099 3188 1160 εἰς
3219 1097 3448 1150 θάνατον
3500 1099 3794 1169 παραδιδό-

2211 1184 2371 1255 μεθα,
2402 1185 2489 1239 διὰ
2536 1185 2743 1256 Ἰησοῦν
2769 1204 2782 1218 ·
2819 1188 2902 1241 ἵνα
2935 1188 3028 1240 καὶ
3058 1190 3090 1259 ἡ
3116 1188 3230 1260 ζωὴ
3266 1188 3360 1244 τοῦ
3410 1189 3589 1258 Ἰησοῦ
3624 1207 3792 1256 φανε-

2209 1275 2355 1347 ρωθῇ
2373 1278 2428 1330 ἐν
2443 1280 2506 1349 τῇ
2529 1277 2696 1349 θνητῇ
2718 1279 2884 1350 σαρκὶ
2898 1277 3076 1348 ἡμῶν.
3089 1298 3209 1330 ι--ι
3223 1278 3460 1349 Οἴδαμεν
3476 1279 3684 1349 γάρὸτι
3702 1280 3792 1333 ἐὰν

2207 1370 2447 1438 ἐπίγειος
2479 1370 2638 1440 ἡμῶν
2670 1371 2820 1426 οἰκία
2846 1368 2940 1423 τοῦ
2971 1370 3208 1440 σκήνους
3239 1369 3544 1439 καταλυθῇ,
3579 1370 3790 1422 οἰκοδο-

2208 1463 2314 1532 μὴν
2345 1463 2408 1514 ἐκ
2442 1462 2577 1515 Θεοῦ
2609 1463 2829 1532 ἔχομεν,
2857 1461 3036 1514 οίκίαν
3081 1458 3543 1532 ἀχειροποίητον,
3571 1459 3788 1514 αἰώνιον

2204 1556 2260 1606 ἐν
2290 1557 2404 1617 τοῖς
2429 1555 2701 1626 οὐρανοῖς.
2732 1554 2842 1610 Καὶ
2871 1553 2980 1624 γὰρ
3007 1555 3065 1606 ἐν
3100 1552 3312 1614 τούτοις
3338 1553 3693 1620 στενάζομεν,
3733 1553 3789 1605 τὸ

2202 1648 2515 1718 οἰκητήριον
2558 1646 2715 1720 ἡμῶν
2765 1645 2827 1699 τὸ
2869 1647 2928 1712 ἐξ
2954 1645 3202 1717 οὐρανῶν
3233 1644 3632 1697 ἐπενδύσασθαι
3666 1646 3787 1696 ἐπι-

2203 1738 2528 1801 ποθοῦντες·
2567 1740 2684 1807 εἴγε
2729 1739 2825 1792 καὶ
2875 1738 3255 1808 ἐνδυσάμενοι,
3283 1737 3344 1791 οὐ
3391 1737 3594 1806 γυμνοὶ
3628 1737 3786 1804 εὐρε-

2195 1830 2500 1901 θησόμεθα.
2554 1850 2573 1883 ι
2622 1829 2682 1885 '0
2725 1830 2958 1901 μοναχὸς
3017 1830 3118 1885 οὐκ
3147 1827 3264 1898 ἔχει
3307 1827 3504 1882 ἐαυτοῦ
3532 1825 3783 1891 ἐξουσίαν

2196 1922 2252 1976 ἐν
2281 1941 2409 1987 τινι,
2441 1922 2564 1977 οὐδέ
2600 1922 2813 1994 θέλημα
2848 1922 3000 1978 ἴδιον.
3038 1939 3058 1974 ‹
3089 1920 3176 1976 Ζῶ
3204 1918 3334 1992 γὰρ,
3369 1918 3562 1990 φησιν,
3594 1918 3781 1972 οὐκέτι

2193 2014 2326 2085 ἐγὼ,
2366 2014 2435 2087 ζῇ
2482 2015 2541 2068 δὲ
2583 2015 2643 2067 ἐν
2693 2015 2819 2086 ἐμοὶ
2880 2011 3139 2086 Χριστός.
3181 2030 3200 2064 ι
3237 2011 3348 2066 Καὶ
3393 2009 3599 2064 πάλιν·
3645 2025 3667 2060 ι
3724 2009 3779 2061 ’0

2191 2110 2405 2178 ἄγαμος
2456 2107 2703 2179 μεριμνᾷ
2758 2106 2830 2160 τὰ
2881 2105 2978 2160 τοῦ
3031 2105 3267 2178 Κυρίου,
3299 2103 3418 2164 πῶς
3468 2103 3660 2172 ἀρέσει
3704 2101 3780 2171 τῷ

2190 2200 2399 2272 Κυρίῳ,
2432 2199 2528 2254 καὶ
2555 2197 2838 2252 τελειώσει
2867 2197 2927 2252 τὸ
2977 2198 3138 2268 ἔργον
3181 2195 3371 2258 αὐτοῦ,
3413 2195 3569 2256 ὅπως
3617 2193 3775 2258 δοξα-

2191 2291 2291 2363 σθῇ
2345 2289 2597 2352 αἱωνίως.
2642 2309 2661 2341 ι
2699 2291 2760 2342 Oi
2823 2289 2935 2358 γὰρ
2977 2288 3234 2359 σαρκικοὶ
3288 2287 3356 2341 τὰ
3420 2287 3776 2355 πνευματικά

2186 2381 2452 2453 πράσσειν
2469 2379 2528 2432 οὐ
2545 2378 2819 2443 δύνανται,
2836 2378 2955 2431 οὐδέ
2974 2380 3021 2434 οἱ
3044 2378 3406 2448 πνευματικοὶ
3417 2377 3486 2430 τὰ
3509 2377 3772 2446 σαρκικὰ.

2184 2474 2304 2546 Χρὴ
2325 2468 2415 2528 οῦν
2440 2472 2531 2526 τὸν
2551 2471 2872 2542 βουλόμενον
2892 2469 2989 2542 τὴν
3017 2470 3311 2540 ἀγγελικὴν
3331 2469 3536 2540 ταύτην
3555 2469 3650 2522 τοῦ
3679 2486 3775 2537 μου

2184 2567 2246 2636 νή
2255 2582 2380 2636 ρους
2409 2563 2522 2633 βίου
2541 2562 2782 2634 ἀσκῆσαι
2805 2561 3100 2624 πολιτείαν,
3116 2561 3421 2630 κτήσασθαι
3448 2558 3548 2628 τὴν
3567 2558 3744 2628 φροντι
3768 2591 3772 2593 »

2185 2671 2268 2708 σιν
2285 2655 2588 2726 τοῦςόφεως,
2602 2654 2696 2708 καὶ
2715 2652 2776 2706 τὸ
2792 2651 3047 2723 ἀκέραιον
3059 2651 3157 2720 τῆς
3175 2651 3525 2719 περιστερᾶς,
3545 2649 3636 2700 ἵνα
3651 2664 3772 2699 συν-

2186 2751 2237 2818 ιῇ
2271 2750 2326 2800 ἐν
2361 2747 2544 2809 παντὶ,
2589 2745 2641 2799 τί
2677 2743 2737 2797 τὸ
2769 2743 2978 2812 θέλημα
3015 2741 3109 2794 τοῦ
3135 2740 3293 2804 Θεοῦ,
3313 2740 3374 2792 τὸ
3421 2738 3655 2807 ἀγαθὸν,
3679 2740 3772 2792 καὶ

2182 2841 2494 2910 εὐάρεστον,
2521 2838 2615 2892 καὶ
2646 2837 2855 2891 τέλειον
2877 2851 2890 2866 ⁸
2917 2835 3002 2888 ἵνα
3028 2833 3258 2906 δοξασθῇ
3281 2833 3310 2884 6
3336 2832 3469 2896 Θεὸς
3499 2833 3558 2884 ἐν
3583 2832 3765 2890 πᾶσιν,

2180 2932 2267 2986 διά
2312 2933 2412 3001 τῆς
2467 2929 2754 2993 θεοσεϐοῦς
2795 2929 2954 3000 ἡμῶν
3000 2928 3240 2994 τάξεως,
3291 2928 3388 2980 καὶ
3438 2923 3770 2995 εἰλικρινοῦς

2183 3021 2483 3086 πολιτείας.
2514 3023 2631 3075 Ἷνα
2681 3021 2732 3074 οἱ
2777 3020 3017 3090 ὁρῶντες
3071 3019 3243 3090 ημᾶς,
3301 3015 3632 3084 ἐπιγνῶσιν,
3688 3015 3769 3066 ὅτι

507 3097 813 3152 monachus
857 3106 1207 3167 potestatem,
1253 3110 1309 3157 at
1359 3119 1428 3158 ne
1480 3105 1815 3161 voluntatem
1855 3109 2078 3178 quidem

2191 3113 2407 3185 σπέρμα
2439 3112 2803 3184 εὐλογημένον
2827 3110 2978 3178 ἅγιόν
3009 3111 3198 3180 ἐσμεν,
3231 3108 3339 3162 υἱοὶ
3371 3106 3508 3160 Θεοῦ
3540 3104 3766 3170 ζῶντος,

508 3189 711 3244 retinet
761 3191 1044 3260 propriam
1089 3211 1101 3246 :
1145 3193 1295 3249 Illius
1332 3204 1416 3250 est
1460 3196 1687 3253 dicere:
1726 3217 1744 3251 ι
1788 3200 1925 3255 Vivo
1969 3203 2082 3273 jam

507 3296 616 3335 non
647 3297 766 3352 ego,
803 3282 938 3336 vivit
982 3300 1112 3338 vero
1148 3283 1201 3338 in
1233 3301 1318 3339 me
1361 3285 1616 3343 Christus
1646 3289 1712 3343 ³⁸.
1759 3309 1779 3342 ι
1831 3290 2034 3346 Iterum
2065 3313 2078 3347 :

513 3392 531 3422 ι
582 3371 684 3438 Qui
741 3372 860 3428 sine
901 3390 1070 3429 uxore
1110 3384 1214 3442 est,
1264 3377 1534 3432 sollicitus
1571 3390 1657 3434 est
1701 3397 1822 3450 qua:
1864 3383 2083 3438 Domini

507 3471 654 3527 sunt,
686 3465 963 3532 quomodo
994 3466 1207 3536 placeat
1252 3469 1385 3534 Deo,
1425 3479 1480 3526 et
1508 3473 1720 3541 expleat
1773 3490 1911 3544 opus
1941 3478 2080 3548 ejus,

507 3563 567 3607 ut
606 3554 948 3624 gloriﬁcetur
980 3558 1032 3612 in
1063 3568 1329 3614 mternum
1360 3561 1425 3616 ³³.
1477 3583 1495 3616 ›
1533 3564 1602 3617 At
1633 3566 1884 3622 carnales
1915 3570 2080 3638 spiri-

504 3648 672 3700 tualia
696 3648 810 3703 hme
833 3652 1059 3722 exsequi
1083 3668 1190 3706 non
1218 3665 1450 3723 queunt,
1481 3669 1540 3710 ut
1562 3673 1739 3728 neque
1767 3661 2083 3730 spirituales

503 3737 761 3792 carnalia.
824 3737 924 3805 Qui
977 3741 1144 3810 igitur
1189 3744 1376 3812 cupiet
1430 3746 1690 3802 solitariae
1741 3749 1904 3806 istius
1955 3753 2082 3809 vitae

501 3833 979 3888 conversationem
1024 3837 1327 3906 angelicam
1375 3839 1622 3910 legitimo
1664 3844 1930 3900 exercitio
1983 3863 2080 3900 ex-

502 3939 754 3987 currere,
778 3941 962 3994 operaa
995 3927 1067 3982 sit
1115 3929 1247 3984 huic
1280 3933 1545 4000 pretium,
1585 3934 1691 3989 sibi
1735 3946 1795 3991 ut
1823 3938 2081 3993 conciliet

500 4016 775 4084 serpentis
805 4019 1155 4088 prudentiam
1185 4030 1242 4076 et
1276 4023 1688 4094 simplicitatem
1721 4029 1989 4085 columba:
2010 4033 2075 4095 ⁵ο,

499 4116 561 4162 ut
584 4109 730 4164 nulla
759 4127 868 4166 non
895 4112 950 4168 in
974 4129 1032 4168 re
1060 4115 1396 4170 voluntatem
1424 4118 1521 4172 Dei
1551 4119 1819 4191 intelligat
1853 4121 2077 4185 bonam,

499 4197 949 4269 beneplacentem
979 4213 1034 4260 et
1072 4206 1394 4275 perfectam,
1430 4216 1595 4279 atque
1632 4211 1704 4264 ita
1735 4213 2077 4282 glorificetur

498 4288 644 4344 Deus
678 4290 732 4344 iu
770 4293 1026 4349 omnibus
1054 4310 1152 4364 per
1180 4306 1424 4351 nostram
1455 4299 1832 4368 operationem
1877 4301 2078 4356 divina:

497 4380 689 4448 pietati
723 4384 1087 4450 eonl‘ormem,
1126 4403 1332 4458 perque
1366 4389 1639 4444 sinceram
1680 4389 1804 4445 vitze
1834 4393 2075 4447 sanctio-

2187 3205 2244 3257 ἐν
2299 3204 2461 3260 σιτοιντ)⁵
2495 3203 2662 3273 λόγῳ,
2703 3203 2864 3264 αἰδοῖ,
2890 3202 3184 3273 πραότητι,
3209 3200 3444 3269 ἀγωγῇ,
3475 3199 3721 3268 προσοχῇ
3753 3215 3766 3226 ·

2184 3299 2263 3353 διὸ
2283 3300 2339 3352 ἐν
2365 3298 2556 3368 μηδενὶ
2587 3297 2733 3365 λόγῳ
2763 3294 3124 3366 ὀμοιωθῶμεν
3148 3295 3261 3356 τοῖς
3288 3292 3600 3362 κοσμικαῖς,
3629 3290 3770 3342 κατὰ

2189 3391 2395 3461 μηδένα
2426 3390 2629 3460 τρόπον
2654 3404 2665 3418 ·
2699 3387 2836 3442 ἀλλὰ
2869 3387 2998 3449 τοὺς
3028 3385 3302 3447 θεοσεϐεῖς
3331 3385 3429 3453 τῆς
3457 3380 3768 3441 θεοσεϐείας

2185 3482 2344 3553 ἡμῶν
2387 3480 2764 3542 διδασκάλους,
2799 3481 2856 3534 ἐν
2887 3480 3037 3548 πάσῃ
3069 3479 3381 3548 ἐπιστήμῃ,
3411 3475 3680 3544 φρονήσει
3712 3489 3767 3524 τε

2185 3575 2278 3628 καὶ
2314 3571 2650 3644 δικαιοσύνῃ.
2689 3569 2776 3624 Ἐν
2805 3572 2956 3642 πάσῃ
2984 3567 3079 3623 οὖν
3108 3568 3378 3638 ἀσφαλείᾳ
3405 3566 3645 3636 φύλαττέ
3675 3583 3764 3618 σου

2182 3666 2280 3736 τὴν
2307 3665 2567 3736 λαμπάδα
2599 3667 2698 3734 τῆς
2727 3662 2970 3732 ἁγνείας,
3002 3662 3078 3725 ὡς
3114 3661 3165 3714 οἱ
3187 3660 3280 3714 τοῦ
3306 3658 3546 3732 Χριστοῦ
3585 3659 3761 3726 φίλοι·

2185 3759 2430 3832 ζήλωσον
2460 3759 2639 3813 αὐτῶν
2661 3758 2759 3829 τὴν
2784 3756 3084 3818 πολιτείαν,
3116 3755 3270 3822 γίνου
3294 3756 3369 3817 ὡς
3408 3754 3437 3805 6
3483 3754 3760 3821 Ἰωάννης,

2181 3855 2210 3906 6
2234 3852 2328 3906 τοῦ
2351 3849 2589 3922 Χριστοῦ
2620 3848 2990 3919 πρόδρομος,ὁ
3009 3847 3171 3914 ἁγνὸς
3199 3845 3293 3899 τοῦ
3322 3844 3530 3913 Κυρίου
3591 3843 3760 3909 ἀγγε-

2182 3944 2292 4008 λος,
2324 3943 2420 3996 καὶ
2447 3943 2521 4006 ὡς
2548 3945 2575 3996 6
2613 3941 2868 4011 Ἰωάννης
2899 3942 2926 3994 6
2960 3937 3276 4008 ἐπιστήθιος
3305 3935 3401 3989 τοῦ
3435 3936 3668 4003 Κυρίου,
3702 3934 3760 3986 δν

2181 4035 2276 4089 καὶ
2311 4033 2486 4103 ἐφίλει
2514 4035 2541 4086 6
2570 4032 2774 4103 Κύριος
2799 4031 2874 4095 ὡς
2913 4029 3094 4099 ἁγνόν.
3131 4028 3371 4091 Παῦλος,
3411 4028 3507 4080 καὶ
3545 4025 3756 4094 Βαρνὰ-

2181 4125 2304 4188 ϐας,
2333 4125 2426 4178 καὶ
2449 4122 2734 4193 Τιμόθεος,
2768 4120 2859 4174 τὸν
2891 4119 3090 4191 δρόμον
3119 4118 3217 4188 τῆς
3251 4115 3476 4185 ἁγνείας
3495 4153 3509 4178 ,
3539 4117 3636 4167 καὶ
3670 4115 3759 4166 τὸν

2179 4218 2389 4286 ἀγῶνα,
2439 4215 2668 4273 ἄσπιλον
2701 4215 2978 4278 ἐτέλεσαν,
3015 4213 3092 4277 ὡς
3123 4211 3338 4282 ἀληθῶς
3387 4210 3630 4280 μιμηταὶ
3667 4207 3757 4262 τοῦ

2179 4309 2438 4378 Χριστοῦ.
2514 4307 2677 4362 Ἀλλά
2735 4307 2829 4360 καὶ
2875 4305 3082 4368 Ἦλιοὺ,
3144 4304 3238 4356 καὶ
3279 4301 3613 4364 Ἐλισσαίου,
3666 4301 3757 4353 καὶ

2178 4400 2355 4455 ἄλλων
2411 4399 2622 4454 πολλῶν
2655 4398 2747 4452 τὸν
2800 4397 2914 4468 βίον
2961 4395 3200 4449 τοιοῦτον
3239 4395 3531 4463 εὑρήσεις,
3565 4393 3755 4458 ἁγνὸν,

498 4472 574 4527 ris
603 4477 1078 4532 conversationem
1112 4496 1123 4532 :
1158 4479 1341 4550 utqui
1378 4496 1479 4534 nos
1514 4483 1757 4550 pressius
1798 4492 2070 4538 contuen-

2191 4493 2274 4547 καὶ
2308 4491 2561 4562 ἄμωμον.
2599 4489 2660 4543 Et
2699 4459 3050 4552 obv'wﬁsou;
3077 4486 3238 4557 θέλῃς
3270 4459 3619 4556 μιμήσασθαι
3665 4485 3753 4536 δυ-

497 4572 590 4618 tur
627 4573 683 4620 et
719 4568 1026 4637 explorant,
1075 4582 1278 4640 queant
1331 4571 1662 4638 internosse,
1710 4575 1840 4644 quia
1884 4591 2074 4632 semen

2191 4584 2372 4647 νατῶς,
2403 4581 2571 4654 μιμοῦ
2627 4581 3054 4653 πρεσϐυτέρους,
3090 4598 3108 4630 ι
3145 4572 3244 4631 Ὧν
3291 4575 3752 4646 ἀναθεωροῦντες,

496 4653 849 4710 benedictum
900 4673 964 4712 ac
1021 4669 1271 4715 sanctum
1320 4676 1513 4716 sumus
1561 4663 1678 4731 (lilii
1730 4680 1929 4735 nempe
1977 4665 2074 4720 Dei

2191 4676 2357 4745 μησὶν,
2384 4653 2483 4744 τὴν
2507 4671 2732 4726 ἔκϐασιν
2772 4672 2873 4742 τῆς
2903 4667 3273 4740 ἀναστροφῆς,
3311 4667 3630 4738 μιμήσασθε
3661 4666 3755 4719 καὶ

497 4745 753 4816 viventis)
787 4747 842 4802 in
873 4749 1023 4803 omni
1063 4765 1340 4817 sermone,
1393 4752 1629 4824 ingenuo
1673 4771 1738 4810 ac
1783 4757 2072 4826 spectabili

2191 4766 2270 4835 τὴν
2304 4765 2516 4818 πίστιν.
2578 4782 2597 4814 ι
2636 4761 2748 4815 Καὶ
2778 4761 2857 4825 τὸ,
2895 4779 2912 4812 ι
2947 4759 3203 4830 Μιμηταί
3244 4776 3346 4828 μου
3377 4756 3598 4825 γίνεσθε
3620 4796 3635 4820 ,
3661 4757 3755 4808 κά.

492 4837 724 4908 pudore,
753 4825 1196 4910 mansuetudine,
1229 4843 1354 4899 vita:
1385 4844 1661 4912 instituto,
1693 4855 1748 4902 et
1778 4848 2068 4905 oratione:

2191 4825 2253 4923 (Lb
2300 4853 2561 4927 Χριστοῦ.
2599 4874 2616 4906 ι
2671 4855 2735 4907 Oi
2773 4853 2869 4906 τοῦ
2923 4825 3160 4923 Χριστοῦ
3221 4825 3482 4921 μιμηταὶ,
3510 4848 3751 4912 δυνατῶς

493 4947 727 5000 quarum
766 4933 1035 4988 virtutum
1065 4935 1242 5006 gratia
1271 4936 1421 4991 nulla
1454 4937 1509 4991 in
1553 4954 1611 4992 re
1649 4940 1870 4994 nullove
1915 4951 2074 5012 pacto

2191 4949 2466 5018 ιιμοῦνται
2516 4946 2709 5000 αὐτόν’
2744 4947 2794 4999 οἱ
2848 4944 3085 4998 τοιοῦτοι
3117 4945 3212 4996 καὶ
3268 4942 3536 5012 μακάριοί
3589 4941 3748 4993 εἰσιν.

494 5024 682 5077 mundi
711 5023 869 5079 istius
892 5025 1214 5081 hominibus
1244 5027 1712 5100 deprehendimur
1734 5033 2069 5102 conformes,

2191 5035 2338 5092 Εἶπεν
2372 5038 2428 5092 δέ
2477 5039 2504 5090 6
2553 5037 2760 5108 Κύριος
2789 5036 2924 5108 πρός
2956 5054 3096 5099 τινα,
3145 5053 3162 5086 ι
3216 5032 3530 5087 Ἀκολούθει
3574 5049 3684 5102 μοι.
3728 5050 3744 5081 ι

490 5113 625 5188 quin
669 5116 857 5185 potius
886 5127 947 5172 ut
995 5121 1256 5175 noverint
1287 5121 1409 5190 pios
1438 5137 1540 5177 nos
1569 5138 1688 5178 esse
1720 5125 1978 5180 doetores
2005 5144 2073 5182 ex

2191 5132 2241 5184 ⁸0
2274 5130 2330 5183 δέ
2359 5130 2507 5196 λέγει
2539 5129 2708 5200 αὐτῷ,
2745 5149 2764 5182 ι
2803 5129 2995 5200 Κύριε,
3030 5127 3326 5198 ἐπίτρεψόν
3363 5143 3494 5195 μοι,
3533 5123 3749 5192 πρῶτον

491 5213 678 5260 nostra
707 5205 775 5259 ad
811 5221 936 5261 eum
975 5209 1196 5264 modum
1248 5211 1505 5284 religiose
1544 5213 1795 5270 instituta
1839 5232 2072 5272 conver-

488 5298 722 5360 satione,
763 5307 819 5352 et
866 5301 1013 5353 omni
1064 5302 1316 5365 scientia,
1361 5305 1512 5359 omni
1565 5305 1857 5375 prudentia
1902 5315 2067 5378 atque

481 5389 696 5460 justitia
726 5400 1039 5446 exornatos.
1079 5393 1288 5462 1212
1324 5394 1658 5468 Lampadem
1696 5399 1864 5469 igitur
1888 5400 2066 5455 since-

489 5480 653 5535 rioris
682 5483 1062 5538 sanctimonize
1094 5483 1218 5538 vitae
1250 5499 1408 5541 serva
1449 5503 1574 5543 cum
1603 5491 1750 5545 omni
1783 5492 2062 5555 cautione,

486 5569 629 5632 Sicut
658 5575 864 5633 amicos
893 5574 1124 5630 addecet
1158 5575 1382 5632 Christi.
1416 5579 1638 5636 Illorum
1669 5581 1755 5638 fac
1786 5583 2064 5638 temuleris

2170 5220 2425 5275 ἀπελθεῖν
2450 5220 2618 5289 θάψαι
2647 5221 2739 5274 τὸν
2771 5221 2982 5290 πατέρα
3020 5236 3145 5287 μου,
3183 5236 3202 5269 ι
3247 5213 3412 5270 Εἶπεν
3453 5217 3511 5269 δέ
3541 5214 3690 5283 αὐτῷ
3724 5216 3750 5265 6

2173 5311 2400 5380 Κύριος,
2433 5329 2458 5381 ,ι
2506 5313 2678 5378 ’Ἄφες
2726 5313 2850 5375 τοὺς
2891 5312 3139 5380 νεκροὺς,
3171 5308 3340 5378 θάψαι
3389 5307 3514 5369 τοὺς
3544 5304 3749 5357 ἑαυτῶν

2173 5399 2420 5471 νεκρούς.
2458 5418 2477 5451 ι
2518 5396 2686 5452 Εἶπεν
2731 5399 2788 5453 δὲ
2824 5401 2914 5452 καὶ
2955 5401 3090 5470 πρὸς
3128 5399 3334 5471 ἕτερον,
3371 5416 3390 5448 ι
3441 5393 3746 5449 Ἀκολούθει

2175 5508 2286 5559 μοι.
2313 5509 2330 5541 ι
2380 5489 2438 5543 ’0
2473 5491 2529 5543 δὲ
2550 5490 2723 5559 λέγει,
2764 5509 2782 5542 ι
2817 5491 2986 5562 Κύριε
3015 5490 3312 5562 ἐπίτρεψόν
3348 5506 3439 5561 μοι
3465 5487 3741 5551 ἀπελθεῖν,

2172 5581 2264 5635 καὶ
2291 5580 2660 5646 συντάξασθαι
2695 5586 2805 5644 τοῖς
2838 5585 2894 5637 ἐν
2933 5582 3008 5654 τῷ
3041 5583 3174 5654 οἴκῳ
3213 5601 3342 5654 μου.
3405 5599 3422 5632 ι
3477 5582 3536 5636 Ὀ
3573 5579 3630 5632 δέ
3663 5573 3741 5630 εἶ-

555 5686 941 5764 “Ephesvl.
977 5690 1286 5764 ῌ,1ί.ί.η³³
1329 5691 1462 5747 ibid.
1494 5695 1672 5749 16-18.
1750 5697 1793 5728 ³ο
1836 5695 2087 5754 "Cor."

2207 5697 2251 5750 l.
2329 5697 2370 5726 ³⁷
2410 5695 2452 5750 ll
2487 5697 2618 5752 Cor.
2657 5715 2708 5763 v,
2746 5697 2849 5751 1—5.
2930 5699 2972 5729 ³⁸
3011 5698 3185 5752 Galat.
3216 5713 3272 5762 ll,
3309 5697 3397 5750 “.10.
3478 5696 3520 5725 ³⁹
3565 5693 3734 5748 ICor.

492 5767 582 5822 vu,
617 5757 702 5812 52.
783 5761 823 5792 "°
863 5762 1052 5817 Matth.
1081 5779 1132 5825 x,
1163 5763 1223 5815 l6
