3960 6516
182 370 332 430 1785

1126 371 1453 432 HOMILIA
1490 371 1703 431 CXIII.
1743 395 1814 405 --
1853 372 1949 431 DE
1989 367 2519 433 SUBJECTIONE.

3302 360 3440 424 1786

178 499 289 534 πεν
321 482 468 550 αὑτῷ
497 498 510 513 θ
553 501 569 533 ι
606 483 794 547 Οὐδεὶς
824 484 1101 539 ἐπιϐαλὼν
1133 488 1233 555 τὴν
1273 489 1431 557 χεῖρα
1466 486 1633 539 αὑτοῦ
1666 485 1756 538 ἐπ’

1868 486 1986 541 vitae
2018 485 2290 540 rationem
2320 490 2376 538 et
2406 480 2743 536 institutum.
2767 474 2873 530 Fac
2895 481 3253 544 repraesentes
3275 473 3440 527 Joan-

180 572 442 641 ἄροτρον,
474 573 567 625 καὶ
610 575 872 643 στραφεὶς
901 576 978 639 εἰς
1012 574 1078 628 τά
1123 577 1315 634 ὀπίσω.
1350 575 1572 638 εὔθετός
1613 576 1762 627 ἐστιν

180 664 269 725 εἰς
287 661 385 733 τὴν
406 663 687 732 βασιλείαν
714 665 823 718 τῶν
847 665 1112 735 οὐρανῶν.
1142 668 1281 719 »Καὶ
1306 668 1522 734 ἐπάγει·
1551 686 1568 717 ι
1604 668 1763 729 Εῖτις

181 752 408 822 ἔρχεται
442 754 576 822 πρός
606 772 698 825 με,
725 756 821 808 καὶ
843 758 902 809 οὑ
926 759 1077 826 μισεῖ
1103 758 1192 811 τὸν
1217 759 1432 830 πατέρα
1457 758 1645 822 αὑτοῦ,
1670 758 1763 810 καὶ

181 843 289 911 τὴν
313 845 544 913 μητέρα,
565 845 659 897 καὶ
682 845 777 914 τὴν
806 850 1062 913 γυναῖκα,
1082 849 1177 902 καὶ
1213 849 1280 902 τά
1303 849 1491 913 τέκνα,
1514 850 1609 901 καὶ
1637 849 1763 910 τοὺς

181 933 476 1001 ἀδελφοὺς,
511 936 603 988 καὶ
660 936 758 1000 τὰς
808 937 1062 1006 ἀδελφὰς,
1091 938 1172 992 ἔτι
1222 940 1279 994 δὲ
1312 942 1406 993 καὶ
1434 940 1532 1010 τὴν
1563 938 1760 993 ἑαυτοῦ

180 1025 387 1098 ψυχὴν,
414 1028 474 1079 ού
523 1027 746 1082 δύναταί
792 1047 892 1099 μου
924 1026 1062 1085 εἶναι
1106 1033 1376 1103 μαθητής.
1424 1052 1443 1084 ι
1477 1014 1611 1097 Καὶ,
1644 1051 1662 1083 ι
1698 1032 1764 1085 EE

178 1133 273 1181 τις
315 1118 440 1190 θέλῃ
498 1119 674 1172 ὀπίσω
727 1138 829 1192 μου
876 1122 1069 1190 ἐλθεῖν,
1103 1125 1514 1195 ἀπαρνησάσθω
1547 1124 1760 1188 ἑαυτὸν,

184 1212 285 1264 καὶ
306 1212 491 1282 ἀράτω
507 1212 597 1264 τὸν
616 1213 846 1284 σταυρὸν
867 1214 1054 1279 αὐτοῦ,
1081 1216 1179 1269 καὶ
1207 1215 1567 1270 ἀκολουθείτω
1590 1233 1697 1286 μοι.
1736 1234 1757 1268 ι

182 1302 350 1372 Αὑτῷ
386 1304 417 1373 ἠ
455 1302 582 1367 δόξα
611 1305 689 1367 εἰς
727 1305 853 1368 τοὺς
882 1305 1104 1368 αἰῶνας.
1146 1306 1337 1377 Ἀμήν.

1864 592 1989 633 nem
2020 577 2171 631 illum
2202 574 2405 630 Christi
2433 580 2858 641 praecursorem,
2889 580 3020 618 vere
3044 564 3297 633 angelum
3329 565 3438 618 Do-

1862 667 2019 731 mini,
2058 666 2299 735 puritate
2328 664 2452 717 vitae
2480 661 2810 732 praesignem
2843 674 2856 709 :
2891 664 2985 710 aut
3012 664 3162 709 certe
3204 655 3439 709 alterum

1862 757 2016 812 illum
2048 756 2315 810 Joannem
2368 752 2635 811 imitator,
2684 746 2916 801 Domino
2946 751 3051 798 tam
3095 741 3439 796 familiariter

1860 864 1925 902 ac
1956 845 2254 902 domestice
2285 854 2496 906 notum,
2527 856 2690 911 quem
2726 837 2926 892 merito
2956 834 3297 891 castimoniae
3324 834 3436 887 vir-

1864 938 2064 1008 ginalis
2093 936 2379 990 deamabat
2403 934 2583 987 Iesus.
2612 930 2843 985 Paulum
2874 928 3007 981 item
3045 934 3278 988 sectare,
3305 924 3438 977 Bar-

1867 1030 2065 1084 nabam
2128 1037 2185 1082 et
2228 1025 2577 1079 Timotheum
2606 1064 2621 1087 ,
2664 1022 2761 1091 qui
2817 1020 2944 1074 vita:
2989 1033 3215 1073 cursum
3275 1026 3439 1085 atque

1868 1136 2098 1191 agonem
2127 1120 2183 1174 in
2212 1118 2467 1173 castitate
2486 1114 2866 1183 expleverunt,
2902 1110 3050 1166 nulla
3080 1108 3288 1178 aspersi
3316 1108 3441 1162 labe

1862 1214 2124 1271 obscenae
2159 1208 2499 1280 pollutionis.
2549 1205 2693 1272 Quin
2722 1204 2854 1259 Elia:
2885 1202 3185 1257 etiamnum
3226 1209 3283 1254 et
3322 1199 3439 1254 Eli-

1868 1304 1983 1370 srei,
2010 1313 2174 1373 atque
2201 1302 2431 1356 aliorum
2453 1312 2558 1352 nec
2590 1309 2892 1368 paucorum
2914 1294 3079 1347 vitam
3112 1290 3249 1345 nihil
3274 1289 3438 1345 dissi-

184 1397 377 1453 utilem
406 1398 713 1466 comperies
740 1398 933 1465 fuisse,
956 1401 1219 1456 nimirum
1273 1403 1657 1457 intemeratam
1682 1416 1787 1457 nec
1826 1402 1921 1456 ulli
1949 1400 2195 1471 perviam
2269 1393 2708 1467 reprehensioni.
2752 1391 2862 1445 Hos
2901 1391 3069 1460 igitur
3109 1389 3154 1441 si
3199 1385 3441 1456 cupieris

180 1488 485 1544 efﬁcaciter
511 1490 780 1554 aemulari,
846 1492 1134 1547 imitamini
1189 1494 1481 1549 seniores:
1518 1512 1536 1546 ι
1583 1493 1825 1560 Quorum
1866 1495 2145 1547 intuentes
2217 1492 2425 1546 exitum
2503 1484 2971 1546 conversationis,
3024 1480 3311 1535 imitamini
3373 1479 3438 1532 ιι-

180 1584 313 1638 dem
344 1582 409 1635 “.
451 1600 469 1633 ι
512 1581 579 1635 Ει
644 1580 820 1636 illud:
857 1603 873 1634 ι
917 1584 1225 1639 Imitatores
1266 1586 1371 1639 mei
1445 1592 1642 1647 estote,
1686 1584 1829 1639 sicut
1864 1592 1923 1638 et
1956 1600 2057 1653 ego
2086 1581 2297 1638 Christi
2324 1582 2390 1632 ".
2424 1597 2442 1630 ι
2482 1576 2686 1634 Christi
2726 1574 2872 1628 enim
2914 1572 3239 1634 imitatores,
3269 1566 3443 1638 ipsius

179 1677 355 1729 vitam
379 1684 602 1730 strenue
626 1682 683 1727 et
706 1674 1002 1733 emcaciter
1029 1677 1447 1741 imitanturzat,
1477 1679 1569 1747 qui
1600 1679 1755 1743 tales,
1798 1678 1943 1732 beati
2005 1684 2154 1732 sunt.
2195 1674 2341 1730 Dixit
2400 1671 2633 1743 proinde
2679 1668 2899 1723 cuidam
2942 1663 3245 1721 Dominus:
3282 1680 3301 1713 ι
3346 1660 3443 1715 Se-

180 1784 356 1839 quere
385 1784 471 1823 me
496 1768 571 1831 ‘i;
599 1786 619 1818 ι
656 1767 746 1822 hic
770 1769 1057 1838 respondit
1083 1770 1316 1824 Domino
1347 1788 1361 1824 :
1398 1788 1417 1821 ι
1456 1770 1718 1825 Permitte
1754 1770 1915 1834 mihi,
1941 1768 2193 1831 Domine,
2219 1775 2282 1821 ut
2311 1765 2502 1819 abeam
2544 1762 2698 1832 prius
2725 1760 2791 1814 ad
2825 1755 3199 1827 sepeliendum
3230 1762 3441 1823 patrem

182 1860 447 1915 meum“.
485 1878 502 1911 ι
552 1858 652 1915 Cui
697 1867 755 1915 et
781 1860 920 1914 dixit
972 1860 1276 1916 Dominus:
1324 1880 1342 1913 ι
1378 1861 1507 1916 Sine
1544 1869 1793 1916 mortuos
1835 1862 2069 1932 sepelire
2116 1868 2366 1915 mortuos
2402 1874 2533 1913 suos
2553 1859 2619 1911 ⁸⁸.
2654 1876 2671 1908 ι
2708 1856 2816 1911 Sed
2840 1864 2899 1910 et
2954 1851 3113 1907 alteri
3141 1848 3382 1918 cuipiam
3424 1861 3441 1904 :

188 1976 205 2006 ι
242 1954 487 2024 Sequere
518 1968 604 2008 me
633 1954 698 2007 “.
739 1972 757 2005 ι
798 1954 892 2008 Ille
926 1955 1211 2025 respondit
1248 1972 1263 2012 :
1306 1976 1324 2007 ι
1372 1956 1635 2011 Permitte
1668 1955 1803 2010 mihi
1846 1958 2085 2026 primum
2126 1957 2444 2009 renuntiare
2475 1951 2545 2006 iis
2577 1950 2669 2021 qui
2702 1949 2759 2003 in
2788 1948 2953 2002 domo
2986 1959 3108 1999 mea
3139 1939 3330 1995 sunt"
3358 1955 3374 1992 :
3419 1954 3438 1987 ι

182 2047 344 2109 IIuic,
383 2045 507 2099 talia
549 2045 812 2099 Dominus
842 2063 857 2099 :
896 2064 916 2098 ι
942 2046 1114 2103 Nemo
1150 2046 1376 2103 mittens
1404 2064 1629 2104 manum
1654 2049 1723 2104 ad
1750 2059 2016 2115 aratrum,
2062 2056 2119 2104 et
2142 2055 2473 2103 convertens
2501 2060 2559 2100 se
2591 2045 2657 2099 ad
2686 2058 2750 2098 ea
2776 2057 2898 2112 quae
2925 2046 3055 2094 sunt
3086 2044 3256 2093 retro.
3284 2038 3451 2101 aptus

180 2148 269 2194 est
293 2153 457 2210 regno
485 2139 751 2194 caelorum
771 2139 836 2193 ⁵⁸.
864 2159 882 2192 ι
922 2140 1139 2197 lnducit
1168 2159 1183 2197 :
1222 2160 1241 2193 ι
1266 2141 1323 2196 Si
1356 2141 1482 2211 quis
1505 2140 1658 2196 venit
1694 2141 1762 2196 ad
1794 2158 1902 2207 me,
1927 2152 1983 2197 et
2005 2156 2115 2197 non
2155 2140 2273 2195 odit
2300 2148 2510 2210 patrem
2536 2151 2722 2199 suum,
2750 2144 2807 2189 et
2835 2142 3090 2195 matrem,
3112 2136 3167 2182 et
3193 2138 3440 2185 uxorem,

182 2240 241 2287 et
279 2231 440 2294 ﬁlios,
469 2239 527 2284 et
570 2229 769 2285 fratres
794 2270 812 2297 ,
846 2240 903 2285 et
934 2247 1158 2288 sorores
1179 2274 1193 2299 ,
1246 2234 1427 2290 adhuc
1472 2245 1657 2290 autem
1693 2244 1751 2291 et
1785 2236 2019 2289 animam
2058 2250 2211 2289 suam
2240 2275 2254 2299 ,
2278 2248 2389 2288 non
2433 2239 2614 2302 potest
2650 2244 2807 2283 meus
2848 2240 2969 2281 esse
2990 2219 3295 2290 discipulus
3325 2217 3391 2267 θ’.
3420 2234 3441 2263 ν

182 2324 256 2381 Et
287 2340 303 2379 :
340 2341 359 2375 ι
396 2321 454 2378 Si
497 2321 623 2390 quis
654 2321 773 2376 vult
805 2331 931 2393 post
969 2340 1056 2381 me
1094 2324 1307 2393 venire,
1339 2326 1570 2398 abneget
1613 2326 1993 2396 semetipsum,
2033 2335 2091 2380 et
2130 2326 2283 2380 tollat
2310 2338 2527 2379 crucem
2594 2335 2771 2383 suam,
2798 2326 2854 2372 et
2882 2324 3144 2384 sequatur
3210 2324 3297 2362 me
3319 2306 3385 2359 π.
3420 2321 3444 2355 ι

184 2417 296 2487 Ipsi
324 2416 495 2489 gloria
532 2418 587 2475 in
619 2419 837 2476 sarcula.
876 2418 1070 2473 Amen.

765 2533 981 2586 ΛΟΓΟΣ
1040 2532 1184 2587 PII".

710 2643 851 2712 Περὶ
906 2643 1234 2711 ὑποταγῆς.

272 2758 329 2811 '0
392 2757 562 2811 θέλων
609 2758 667 2810 ἐν
712 2757 959 2827 ὑποταγῇ
1026 2756 1316 2824 γενέσθαι,
1368 2756 1766 2810 ἀποτασσέσθω

181 2848 256 2902 τά
292 2846 397 2900 ἴδια
429 2846 733 2919 θελήματα,
761 2848 853 2900 καὶ
880 2847 1188 2901 ἐνδυσάσθω
1221 2847 1290 2900 τά
1316 2844 1638 2917 σωτηριὼδη
1668 2845 1762 2899 τοῦ

183 2943 439 3011 Σωτῆρος
470 2940 649 3012 ἡμῶν,
687 2942 782 2993 καὶ
811 2940 999 3012 ἀράτω
1032 2941 1123 2993 τὸν
1153 2940 1387 3011 σταυρὸν
1421 2939 1588 2994 αὑτοῦ
1620 2938 1765 2993 κατά

179 3034 279 3085 τὸν
336 3032 494 3100 λόγον
554 3030 742 3096 αὑτοῦ,
774 3032 869 3086 καὶ
928 3031 1202 3102 βαδισάτω
1247 3031 1422 3084 ὀπίσω
1474 3029 1660 3085 αὑτοῦ.
1706 3030 1764 3084 Ὀ

182 3124 357 3179 θέλων
395 3122 491 3178 οὖν
542 3126 599 3177 ἐν
630 3124 879 3195 ὑποταγῇ
937 3120 1096 3188 εἶναι,
1127 3124 1429 3195 καταλείψῃ
1481 3124 1549 3177 τά
1594 3124 1763 3193 νεκρά

180 3217 353 3272 αὑτοῦ
383 3216 662 3287 θέληματα
694 3220 805 3280 τοῖς
832 3220 1069 3287 νεκροῖς,
1092 3218 1185 3271 καὶ
1216 3219 1465 3290 κατάσχῃ
1492 3216 1559 3270 τά
1586 3215 1766 3280 ζῶντα

183 3308 332 3377 μετά
352 3307 460 3360 τῶν
492 3308 731 3371 ζώντων.
784 3310 842 3362 '0
872 3308 1192 3378 βουλόμενος
1224 3309 1281 3361 ἐν
1328 3310 1574 3377 ὑποταγῇ
1608 3307 1763 3361 πολι-

180 3397 462 3463 τεύεσθαι,
491 3398 820 3469 νεκρωσάτω
869 3399 1060 3451 ἐαυτὸν
1103 3398 1211 3452 ἀπὸ
1268 3398 1367 3467 τῆς
1425 3399 1763 3469 προσκαίρου

182 3489 336 3561 ζωῆς
361 3506 372 3519 ·
406 3490 500 3543 καὶ
574 3492 826 3562 κρατήσῃ
860 3492 920 3543 τὸ
977 3491 1302 3561 ἀψήφιστον,
1347 3492 1433 3544 ἵνα
1460 3491 1557 3560 τῆς
1587 3490 1760 3552 ὅντως

180 3580 410 3633 αἰωνίου
439 3581 583 3651 ζωῆς
618 3582 766 3644 ἐντὸς
797 3582 1046 3650 γένηται.
1080 3582 1137 3632 '(l
1168 3581 1493 3650 αἱρούμενος
1520 3582 1615 3651 τὴν
1644 3582 1765 3633 ὁδὸν

178 3670 298 3723 τῶν
330 3670 559 3723 ἐντολῶν
584 3670 677 3723 τοῦ
706 3671 913 3741 Κυρίου
944 3672 1192 3741 δραμεῖν,
1220 3672 1313 3724 καὶ
1341 3673 1417 3735 είς
1448 3672 1763 3742 πλατυσμὸν

180 3762 546 3831 καταντῆσαι,
586 3765 682 3815 καὶ
715 3763 1171 3833 λαμπρυνθῆναι,
1203 3763 1440 3831 γενέσθω
1477 3763 1551 3825 ὡς
1591 3766 1646 3816 ἐν
1684 3764 1762 3833 τῷ

2214 2534 2247 2563 ο
2400 2515 2684 2574 IIOMILIA
2727 2512 2912 2569 CXIII.

2426 2629 2503 2683 De
2537 2628 2877 2697 subjecttone.

1936 2741 2196 2811 Quisquis
2240 2737 2581 2809 propositum
2613 2732 2810 2802 arripit
2847 2731 3115 2800 religiosa:
3149 2728 3445 2799 subiectio-

1866 2835 1972 2898 nis,
2007 2833 2246 2903 primum
2278 2829 2525 2885 omnium
2579 2824 2802 2895 propria
2853 2836 2911 2876 se
2955 2827 3120 2875 exuat
3148 2834 3212 2873 ac
3244 2819 3445 2887 spoliet

1866 2928 2169 2985 voluntate,
2196 2931 2252 2977 et
2281 2918 2617 2976 salutaribus
2646 2912 2994 2970 documentis
3024 2908 3321 2965 Salvatoris
3349 2924 3446 2962 no-

1866 3018 1967 3075 stri
2003 3017 2284 3079 induatur,
2323 3025 2658 3080 crucemque
2711 3008 2867 3063 tollat
2912 3018 3089 3068 suam,
3120 3004 3273 3073 juxta
3315 3016 3445 3055 ver-

1865 3110 1997 3163 bum
2033 3106 2402 3169 Dominieum,
2436 3112 2671 3173 postque
2698 3114 2827 3154 eum
2878 3096 3099 3151 incedat
3138 3109 3202 3147 ac
3248 3108 3447 3161 sequa-

1866 3208 1974 3253 tur.
2016 3197 2117 3264 Qui
2161 3197 2217 3251 in
2256 3194 2598 3265 subjectione
2634 3191 2803 3245 vitam
2849 3186 3088 3242 instituit
3126 3202 3303 3249 suam,
3332 3184 3443 3253 jam

1864 3298 2145 3344 emortuas
2180 3304 2309 3341 suas
2357 3286 2667 3339 voluntates
2724 3280 3076 3348 derelinquat
3128 3292 3253 3331 eum
3304 3291 3443 3345 prae-

1864 3381 2121 3444 mortuis,
2152 3390 2202 3433 et
2242 3384 2551 3433 antevertat
2589 3374 2702 3428 sive
2740 3379 2974 3442 occupet
3004 3369 3278 3422 viventem
3318 3382 3441 3422 cum

1864 3472 2199 3526 viventibus.
2254 3469 2357 3535 Qui
2407 3464 2883 3523 conversationem
2940 3476 3095 3514 suam
3149 3458 3335 3512 studet
3386 3457 3442 3510 in

1864 3573 2009 3619 statu
2056 3560 2417 3632 subjectionis
2460 3570 2830 3625 componere,
2868 3553 2936 3607 ab
2975 3553 3134 3605 istius
3168 3561 3443 3618 tempora-

1865 3657 1958 3710 riae
2003 3656 2129 3709 vitae
2178 3653 2268 3706 vix
2311 3648 2726 3707 extricabilibus
2764 3646 2911 3701 curis
2949 3660 3007 3700 se
3048 3641 3341 3696 mortiﬁeet
3391 3650 3445 3699 et

1866 3749 2017 3803 velut
2064 3755 2318 3799 mortuus
2368 3742 2625 3812 expediat
2664 3762 2674 3793 :
2712 3740 2767 3792 in
2811 3753 3002 3792 eorum
3037 3752 3095 3790 sc
3136 3736 3334 3788 referat
3370 3735 3453 3787 al-

180 3825 431 3921 xvacpsitp
461 3825 694 3922 ἱμάτιον.
732 3825 945 3925 Ὥσπερ
987 3825 1096 3924 γάρ
1125 3825 1304 3907 ἐκεῖνο
1339 3855 1442 3906 ὑπὸ
1492 3854 1583 3906 τοῦ
1631 3825 1759 3907 κναί-

1868 3838 1997 3892 bum
2029 3836 2121 3905 qui
2160 3835 2313 3888 nullo
2346 3833 2497 3903 digni
2537 3841 2669 3885 sunt
2718 3829 2944 3884 ferendo
2990 3828 3056 3881 de.
3092 3826 3214 3880 aliis
3249 3825 3453 3879 suifra-

180 3945 332 4012 φέως
363 3944 718 4013 τυπτόμενον,
754 3945 1114 4015 πατούμενον,
1154 3945 1409 4015 ξεόμενον
1436 3986 1450 4009 ,
1484 3946 1762 3998 λευκαίνε-

180 4054 298 4100 catt,
335 4040 428 4089 καὶ
458 4036 711 4105 χιονῶδες
755 4037 1099 4089 ἀποτελεῖται
1135 4053 1147 4066 ⁸
1182 4037 1324 4089 οὕτω
1358 4037 1450 4090 καὶ
1479 4037 1507 4088 ὁ
1535 4037 1591 4089 ἐν
1628 4038 1759 4090 ὑπο-

179 4129 327 4197 ταγῇ
358 4127 435 4179 ὢν
474 4128 623 4197 παρὰ
674 4128 883 4180 πολλῶν
912 4127 1289 4197 ὑϐριζόμενος,
1341 4126 1757 4192 ὀνειδιζόμενος,

179 4219 611 4289 εύτελιζόμενος,
669 4219 1011 4288 καθαίρεται,
1052 4220 1147 4271 καὶ
1200 4217 1413 4287 γίνεται
1458 4218 1534 4280 ὡς
1565 4219 1625 4269 τὸ
1657 4236 1760 4269 πυ-

181 4309 452 4382 ρούμενον
477 4307 738 4378 ἀργύριον
781 4308 1191 4362 ἐναποστίλϐον.
1232 4309 1289 4361 '0
1323 4307 1652 4378 ὀρεγόμενος
1679 4308 1760 4369 είς

179 4398 399 4452 τελείαν
446 4396 725 4468 ὑποταγὴν
777 4397 1072 4467 προκόψαι,
1116 4398 1291 4451 πάντα
1357 4397 1635 4467 καταλίπῃ
1690 4395 1759 4449 τά

179 4490 421 4561 ἀνόνητα
448 4528 463 4550 ,
510 4489 605 4542 καὶ
651 4489 979 4559 ἐπιλάϐηται
1031 4490 1101 4542 τά
1147 4491 1227 4551 είς
1267 4489 1454 4559 ὄνησιν
1497 4488 1755 4558 φέροντα,

180 4581 279 4634 καὶ
331 4579 557 4649 γένηται
618 4578 875 4649 ἀληθινὸς
929 4578 1171 4649 Χριστοῦ
1213 4578 1483 4649 μαθητὴς,
1505 4578 1594 4631 ἵνα
1626 4578 1761 4650 εἴπῃ

183 4670 327 4742 μετά
359 4670 452 4723 τοῦ
486 4670 691 4739 Πέτρου
715 4684 727 4699 ο
764 4686 783 4719 ι
830 4669 961 4721 Ἰδοὺ
1016 4670 1174 4738 ἡμεῖς
1203 4669 1498 4738 ἀφήκαμεν
1559 4666 1758 4732 πάντα,

181 4763 279 4816 καὶ
337 4759 786 4831 ἠκολουθήσαμέν
816 4777 921 4812 σοι.
946 4758 1010 4811 Τί
1037 4759 1145 4829 ἀρα
1190 4759 1343 4812 ἐσται
1380 4761 1550 4829 ὴμῑν;
1584 4777 1603 4810 ι
1642 4760 1763 4812 Κα-

180 4854 532 4923 ταλείψωμεν
560 4848 653 4906 οὖν
703 4851 924 4920 ἀδελφοὶ
960 4850 1030 4904 τὰ
1057 4850 1338 4920 θελήματα
1367 4852 1523 4921 ήμῶν
1562 4850 1633 4903 τὰ
1662 4867 1760 4919 χα-

184 4946 393 5016 μερπῆ,
429 4947 521 4998 καὶ
544 4946 640 5009 τὴν
665 4944 884 5014 ἐντολὴν
911 4943 1005 4997 τοῦ
1040 4944 1291 5013 Σωτῆρος
1317 4942 1474 5013 ἡμῶν
1502 4942 1756 5010 φυλάξω-

182 5053 285 5106 μεν
318 5037 419 5103 τὴν
458 5035 720 5105 ὑψιπετῆ.
750 5037 871 5106 ἥτις
914 5035 1104 5102 ἀνάγει
1160 5036 1311 5103 ἡμᾶς
1373 5034 1453 5095 εἰς
1494 5034 1592 5101 τὴν
1643 5033 1756 5086 ἅνω

194 5126 580 5196 Ἰερουσαλήμ.
642 5126 807 5193 Λέγει
855 5125 1015 5195 γὰρὸ
1067 5124 1271 5195 Κύριος
1301 5140 1313 5154 ·
1356 5142 1375 5175 ι
1425 5124 1484 5176 '0
1535 5124 1757 5176 ἀκούων

1872 3930 1982 4000 gio,
2015 3930 2201 3997 sicque
2238 3927 2312 3979 illi
2346 3925 2414 3978 ad
2454 3925 2622 3977 vitam
2663 3930 2922 3976 aeternam
2963 3919 3193 3973 interior
3225 3917 3459 3971 dabitur-

1870 4033 2148 4073 aceessus.
2192 4015 2294 4080 Qui
2339 4015 2510 4068 libera
2551 4011 2822 4066 electione
2857 4010 3099 4064 destinat
3131 4016 3279 4060 recta
3324 4020 3454 4074 per-

1870 4122 2095 4163 currere
2134 4106 2276 4159 viam
2312 4102 2695 4158 mandatorum
2733 4098 2971 4161 Domini,
3007 4106 3060 4151 et
3099 4097 3164 4149 ad
3196 4095 3443 4148 latitudi-

1868 4213 1995 4252 nem
2023 4212 2196 4266 usque
2228 4195 2412 4250 cordis
2429 4209 2722 4247 occurrere
2748 4201 2913 4260 atque
2935 4188 3218 4251 illustrari,
3236 4188 3280 4240 is
3297 4186 3447 4242 situt

1867 4290 2037 4346 vestis
2068 4290 2124 4343 in
2149 4287 2443 4342 fullouaria
2465 4286 2701 4341 oilieina.
2728 4283 2938 4353 1213
2971 4280 3448 4348 Quemadmodum

1867 4385 2017 4439 enim
2045 4383 2215 4437 vestis
2248 4381 2505 4451 quaelibet
2538 4396 2570 4433 a
2600 4377 2807 4432 fullone
2842 4373 3213 4444 pertunditur,
3263 4380 3448 4440 prote-

1868 4476 2014 4530 ritur
2048 4474 2317 4538 calcibus,
2360 4472 2616 4527 eraditur
2648 4479 2705 4524 et
2732 4467 3096 4528 confricetur,
3121 4463 3323 4518 deinde
3357 4462 3449 4516 in-

1868 4568 2100 4623 albescit
2148 4578 2205 4622 et
2256 4565 2515 4621 candicat
2566 4561 2713 4616 nivis
2744 4562 2965 4614 instar:
3014 4559 3089 4611 ita
3130 4566 3187 4611 et
3242 4555 3339 4624 qui
3391 4554 3449 4610 in

1868 4660 2212 4731 subiectione
2244 4671 2370 4712 eum
2406 4654 2495 4717 sit,
2531 4652 2577 4708 si
2611 4665 2879 4722 perquam
2926 4648 3119 4702 multis
3149 4653 3451 4715 appetatur

1869 4750 2087 4821 injuriis
2124 4767 2138 4802 :
2175 4754 2446 4817 purgatur
2496 4742 2646 4797 enim
2719 4750 2776 4795 et
2843 4738 2903 4793 ﬁt
2958 4738 3109 4792 velut
3155 4744 3447 4805 argentum

1868 4842 2015 4912 quod
2048 4841 2171 4909 igne
2204 4838 2544 4906 exploratur,
2578 4832 2764 4887 nativo
2795 4845 2897 4885 suo
2932 4828 3230 4898 praenitens
3260 4826 3448 4895 splen-

1868 4934 2023 4989 dore.
2066 4931 2171 4997 Qui
2203 4928 2357 4997 cupit
2388 4926 2454 4981 ad
2511 4924 2817 4995 perfectam
2871 4919 3273 4990 subjectionem
3319 4933 3448 4986 pro-

1868 5027 2098 5087 moveri,
2127 5025 2173 5077 is
2204 5022 2393 5091 utique
2416 5020 2637 5073 deserat
2669 5022 2870 5070 cuncta
2910 5027 3036 5081 qu.e
3066 5010 3134 5066 ad
3163 5012 3288 5080 ejus
3316 5026 3449 5065 con-

1868 5125 2215 5175 secutionem
2260 5123 2416 5169 certo
2460 5112 2613 5165 novit
2661 5108 2803 5163 nihil
2852 5105 3188 5169 conducere,
3225 5120 3335 5171 quo
3382 5120 3447 5155 ea

178 5217 362 5287 ὑμῶν,
398 5217 532 5288 ἐμοῦ
580 5217 769 5270 ἀκούει
803 5232 817 5245 ·
844 5220 871 5270 ὁ
894 5217 953 5270 δὲ
997 5217 1133 5286 ἐμοῦ
1173 5214 1408 5278 ἀκούων,
1448 5214 1636 5267 ἀκούει
1662 5215 1756 5267 τοῦ

1868 5208 2283 5281 apprehendere
2336 5211 2618 5260 mereatur
2648 5216 2771 5270 qum
2815 5199 2883 5252 ad
2931 5198 3081 5252 illam
3130 5196 3446 5257 conferunt,

179 5307 504 5377 πέμψαντός
536 5325 623 5377 με·
668 5328 686 5360 ι
726 5308 843 5380 [καὶ
873 5312 900 5362 ὁ
943 5308 1151 5361 ἀθετῶν
1190 5309 1337 5377 ὑμᾶς
1360 5348 1374 5373 ,
1402 5307 1502 5376 ἐμὲ
1533 5306 1761 5378 ἀθετεῖ.]

180 5401 306 5470 Χρὴ
350 5400 443 5454 οὖν
493 5403 621 5464 τοὺς
666 5400 1161 5472 μαθητευομένους,
1189 5401 1265 5461 ὡς
1295 5402 1539 5471 πατέρας
1588 5399 1761 5466 φιλεῖν

182 5490 311 5551 τοὺς
335 5488 495 5553 ὄντας
519 5490 896 5555 διδασκάλους,
922 5490 1016 5542 καὶ
1034 5489 1109 5551 ὡς
1136 5489 1405 5558 ἄρχοντας
1430 5488 1755 5541 δεδοικέναι·

183 5578 281 5634 καὶ
321 5580 397 5651 μὴ
431 5581 518 5635 διὰ
567 5582 666 5652 τὴν
710 5582 934 5651 ἀγάπην
965 5578 1410 5650 καταφρονεῖν,ῆ
1472 5576 1759 5630 ἐκλύεσθαι

252 5715 299 5747 ⁸¹
342 5715 715 5778 IIebr.qu,7.
793 5719 836 5748 δ’
866 5716 1031 5772 lCor.
1080 5733 1149 5780 xl,
1186 5718 1229 5770 Ι.

1867 5310 1927 5355 et
1956 5301 2051 5354 fiat
2083 5300 2363 5354 veridicos
2399 5295 2607 5350 Christi
2650 5292 2980 5361 discipulus,
3015 5297 3077 5343 ut
3123 5304 3249 5344 cum
3282 5289 3445 5342 Petro

1868 5393 2015 5447 ausit
2041 5390 2225 5446 dicere
2253 5409 2267 5444 :
2306 5408 2324 5440 ι
2368 5390 2510 5443 Ecce
2560 5401 2663 5439 nos
2710 5384 3024 5438 dimisimus
3050 5381 3235 5435 omnia
3265 5386 3323 5432 et
3352 5394 3441 5431 se-

1866 5484 1979 5538 cuti
2008 5498 2200 5536 sumus
2236 5491 2326 5535 te:
2363 5478 2497 5549 quid
2530 5492 2663 5547 ergo
2704 5478 2814 5531 erit
2850 5477 3013 5531 nobis
3041 5475 3123 5527 l“‘l
3159 5493 3178 5524 ι
3212 5474 3256 5527 Α
3282 5472 3446 5526 nobis

1864 5576 2055 5647 igitur,
2123 5574 2354 5639 fratres,
2423 5573 2742 5627 voluntates
2793 5577 3012 5624 nostras
3071 5564 3442 5623 excutiamus,

1309 5718 1353 5748 "
1393 5716 1582 5771 Matth.
1612 5717 1760 5777 vm,‘.

1914 5716 1958 5746 ⁵³
1994 5715 2237 5769 ibid.2l.
2278 5714 2320 5746 "'
2363 5713 2603 5769 ibidpzlil.
2654 5708 2852 5765 “Luc.
2885 5724 2958 5773 ιι,
2984 5705 3070 5761 59.
3116 5704 3158 5735 ⁸⁷
3190 5700 3445 5757 ἰιιίιί.ι61.

183 5785 228 5817 ⁸⁸
266 5785 407 5842 ibid.
434 5786 520 5843 62.
598 5787 641 5820 δ’
681 5787 817 5843 Luc.
860 5803 969 5853 xw,
1001 5787 1091 5841 9.6.
1167 5787 1211 5818 ⁸⁰
1254 5788 1445 5842 Matth.
1494 5803 1602 5852 xw,
1637 5787 1723 5841 ει.

1890 5786 2080 5839 Matth.
2130 5802 2237 5849 xm,
2266 5784 2355 5838 9.7.
