4040 6556
526 408 627 469 787

1772 406 2130 469 ANTIOCHI
2169 405 2509 466 MONACHI

3608 403 3747 467 1783

493 534 615 588 quae
653 517 793 572 nihil
828 516 979 572 aliud
1016 532 1180 587 quam
1214 527 1419 588 repunt
1446 518 1623 583 humi,
1666 517 1806 573 viles
1831 526 1887 572 et
1912 518 2063 587 abje-

2189 514 2304 585 τρδς
2333 513 2424 566 τὸν
2454 512 2637 581 φόϐον.
2666 511 2980 581 Γέγραπται
3007 509 3063 563 δὲ
3094 509 3188 562 καὶ
3216 512 3273 563 ὲν
3298 512 3363 581 τῇ
3394 510 3587 581 Σοφίᾳ,
3621 534 3639 565 ι
3684 519 3749 568 ὐ

497 620 595 664 ciae
641 628 653 663 :
696 609 1017 664 mandatum
1069 624 1292 678 quoque
1343 609 1645 664 Salvatoris
1696 608 1871 663 nostri
1928 607 2064 663 illud

2189 606 2341 677 τιμῶν
2384 605 2593 676 πατέρα
2636 603 2981 668 ὲξιλάσκεται
3045 602 3342 671 ἁμαρτίας.
3379 621 3398 654 ι
3446 605 3577 661 Kal.
3629 625 3648 656 ι
3689 606 3751 660 '0

498 698 782 754 altivolum
823 697 1050 767 (quippe
1076 696 1224 766 quod
1270 698 1326 751 in
1366 712 1661 766 supernam
1696 712 1869 766 usque
1907 696 2068 751 Jeru-

498 791 665 843 salem
701 805 802 844 nos
835 801 983 844 recta
1014 788 1316 859 provehit),
1347 789 1728 845 observemus.
1772 789 1915 844 Dicit
1957 790 2067 843 Do-

2169 695 2503 767 φοϐούμενος
2532 694 2759 765 Κύριον,
2791 694 3016 764 τιμήσει
3058 693 3148 745 τὸν
3179 692 3395 764 πατέρα
3429 694 3620 757 αὑτοῦ,
3658 697 3753 748 καὶ

2168 786 2244 849 ὼς
2275 783 2508 853 δεσπότῃ
2550 781 2825 835 δουλεύσει
2882 781 3051 851 αὑτῷ.
3096 799 3113 831 ι
3154 780 3264 833 Kal
3304 780 3509 833 πάλιν·
3543 802 3560 831 ι
3600 783 3754 852 τίμα

501 879 726 933 minus:
764 899 781 930 ι
817 879 920 944 Qui
953 879 1109 933 audit
1142 895 1262 944 vos,
1296 894 1382 935 me
1416 880 1594 945 audit,
1632 880 1728 949 qui
1764 888 1947 935 autem
1981 895 2068 935 me

2189 876 2261 929 ξὺν
2292 875 2507 943 πατέρα
2539 890 2656 936 σου,
2674 873 2761 925 ἵνα
2789 870 2989 941 ἐπέλθῃ
3023 888 3104 923 σοι
3128 871 3351 938 εὐλογία
3374 874 3506 942 παρ’
3524 874 3747 926 αὑτοῦ.»

503 968 675 1032 audit,
712 968 866 1022 audit
891 984 1015 1023 eum
1044 970 1139 1039 qui
1163 986 1249 1024 me
1279 971 1429 1026 misit
1458 972 1525 1024 ".
1555 989 1571 1019 ι
1606 971 1841 1025 Necesse
1883 972 2071 1041 itaque

501 1056 576 1110 sit
595 1072 694 1112 eos
710 1058 805 1127 qui
824 1074 884 1113 se
904 1059 1211 1129 disciplinae
1228 1062 1672 1126 substraverunt,
1694 1071 1951 1131 tanquam
1978 1078 2073 1132 pa-

506 1154 620 1201 tres
655 1157 715 1201 ut
743 1148 1000 1203 deament
1022 1165 1174 1214 suos,
1206 1150 1249 1204 si
1275 1151 1439 1204 modo
1470 1150 1584 1204 veri
1614 1159 1763 1213 sunt,
1793 1150 2071 1213 doctores,

502 1247 560 1292 et
592 1239 746 1307 quasi
794 1240 1096 1310 principes,
1152 1240 1333 1295 timori
1368 1240 1689 1317 eosdem‘ut
1737 1241 1977 1295 habeant
2011 1255 2077 1295 ac

506 1337 806 1382 vereantur
832 1346 846 1382 :
878 1346 987 1384 non
1030 1331 1197 1386 etiam
1226 1347 1324 1401 per
1354 1332 1561 1403 amoris
1593 1331 1768 1385 mutui
1794 1330 2078 1385 familiari-

510 1426 675 1474 tatem
710 1419 830 1474 illos
862 1433 1253 1490 aspernentur,
1277 1433 1372 1476 aut
1406 1431 1557 1477 certe
1585 1441 1615 1476 a
1646 1423 1826 1493 rigore
1856 1429 2079 1491 arrepto

509 1508 696 1563 sinant
724 1525 784 1563 se
837 1511 1036 1564 resolvi
1072 1519 1128 1565 et
1169 1512 1443 1575 emolliri;
1497 1512 1764 1580 scriptum
1812 1511 1959 1565 enim
1996 1517 2081 1565 est

514 1599 570 1653 in
614 1599 935 1669 Sapientia:
976 1620 992 1651 ι
1029 1602 1134 1667 Qui
1170 1602 1406 1657 honorat
1435 1612 1666 1672 patrem,
1700 1604 1942 1672 peccatis
1975 1602 2080 1655 im-

511 1700 693 1759 petrat
740 1692 959 1745 veniam
1000 1694 1066 1745 ⁸³.
1120 1712 1138 1743 ›
1178 1693 1292 1747 Et:
1343 1712 1360 1743 ι
1399 1692 1501 1758 Qui
1555 1692 1712 1747 timet
1764 1692 2079 1756 Dominum,

2172 967 2280 1020 Kal
2304 965 2485 1027 πάλιν,
2516 984 2534 1016 ι
2586 965 2675 1017 Ἐν
2704 964 2798 1034 ὅλῃ
2827 963 3027 1033 καρδία
3058 980 3150 1015 σου
3167 963 3390 1026 δόξασαν
3411 965 3503 1016 τὸν
3536 965 3755 1033 πατέρα

2174 1075 2287 1112 σου.
2329 1077 2347 1109 ι
2379 1057 2533 1110 Kalo
2564 1056 2811 1119 Παῦλος,
2854 1074 2871 1105 ι
2914 1054 3195 1118 Πείθεσθε,
3218 1054 3414 1121 λέγων,
3445 1057 3559 1117 τοῖς
3588 1057 3757 1124 ἡγουο

2179 1150 2360 1220 μένοις
2395 1148 2570 1217 ὑμῶν,
2610 1148 2706 1201 καὶ
2730 1146 3006 1200 ὑπείκετε.
3046 1146 3213 1199 Λὺτυὶ
3245 1146 3354 1217 γάρ
3380 1147 3755 1219 ἀγρυπνοῦσιν

2176 1239 2316 1308 ὑπὲρ
2353 1238 2461 1291 τῶν
2489 1236 2679 1307 ψυχῶν
2708 1236 2887 1306 ἡμῶν.
2922 1235 2999 1298 ὡς
3040 1236 3197 1302 λόγον
3232 1234 3632 1299 ἀποδώσοντες,
3669 1236 3758 1287 ἵνα

2180 1332 2316 1402 μετὰ
2339 1332 2511 1401 χαρᾶς
2536 1328 2694 1381 τοῦτο
2721 1327 2941 1390 ποιῶσι,
2970 1327 3060 1380 καὶ
3099 1329 3175 1396 μὴ
3212 1329 3582 1391 στενάζοντες.
3602 1329 3760 1380 ’Δλυ-

2178 1424 2384 1486 σιτελὲς
2411 1424 2520 1493 γάρ
2545 1423 2672 1492 ὑμῖν
2698 1420 2874 1474 τοῦτο.
2921 1440 2938 1472 ι
2978 1421 3084 1473 Kal
3117 1416 3296 1484 αὖθις,
3346 1440 3365 1472 ι
3405 1422 3567 1475 Πᾶσα
3610 1420 3759 1491 ψυχὴ

2176 1513 2449 1579 ἐξουσίαις
2478 1512 2873 1583 ὑπερεχούσαις
2906 1511 3318 1565 ὑποτασσέσθω.
3355 1513 3432 1564 Οὑ
3470 1511 3579 1581 γὰρ
3608 1512 3761 1565 ἔστιν

2179 1604 2417 1670 ἐξουσία,
2450 1605 2499 1657 εί
2561 1605 2636 1674 μὴ
2671 1605 2779 1657 ἀπὸ
2804 1603 2960 1658 Θεοῦ.
2988 1606 3051 1656 Al
3084 1603 3140 1655 δὲ
3162 1599 3322 1657 οῦσαι
3351 1602 3621 1667 ἐξουσίαι.
3656 1604 3763 1656 ἀπὸ

2181 1695 2272 1749 τοῦ
2299 1695 2434 1749 Θεοῦ
2482 1694 2815 1764 τεταγμέναι
2841 1693 2998 1747 είσίν.
3036 1694 3201 1745 Ὥστε
3227 1696 3256 1746 ὁ
3295 1694 3762 1762 ἀντιτασσόμενος

512 1781 810 1836 honorabit
849 1791 1058 1852 patrem
1093 1800 1285 1848 suum,
1320 1794 1376 1839 et
1410 1784 1566 1853 quasi
1616 1784 1849 1838 Domino
1879 1784 2085 1838 serviet

2189 1787 2253 1854 τῇ
2279 1783 2516 1853 ἐξουσίᾳ,
2547 1785 2615 1853 τῇ
2645 1780 2740 1834 τοῦ
2778 1780 2913 1833 Θεοῦ
2958 1781 3191 1849 διαταγῇ
3229 1781 3586 1851 ἀνθέστηκεν.
3615 1782 3681 1833 Ol
3706 1782 3762 1834 δὲ

511 1875 565 1928 ci
592 1875 656 1928 ".
697 1893 715 1926 ι
754 1876 956 1929 lterum
990 1895 1002 1929 :
1041 1896 1059 1928 ι
1097 1877 1320 1931 Honora
1351 1888 1562 1946 patrem
1597 1886 1771 1939 tuum,
1800 1886 1860 1930 ut
1896 1877 2082 1931 veniat

2189 1874 2593 1945 ἀνθεστηκότες,
2628 1874 2841 1934 ἑαυτοῖς
2866 1871 3336 1942 κρίμαλήψονται.
3373 1890 3390 1922 ι
3427 1873 3540 1925 Kal
3578 1869 3755 1934 αὖθις,

512 1979 681 2034 super
718 1973 768 2020 te
799 1965 1113 2021 benedictio
1142 1968 1211 2021 ab
1242 1967 1336 2021 illo
1363 1970 1425 2021 ⁸⁵.
1464 1986 1482 2018 ι
1524 1968 1777 2022 Rursus:
1818 1988 1836 2019 ‹
1873 1968 1929 2021 In
1965 1976 2079 2023 toto

512 2054 681 2109 corde
725 2065 820 2111 tuo
873 2057 1119 2127 gloriﬁca
1168 2068 1376 2128 patrem
1432 2068 1585 2113 tuum
1632 2059 1697 2111 ⁸⁸.
1757 2078 1775 2110 ι
1833 2058 2075 2114 Paulus:

519 2163 537 2194 ι
593 2144 824 2200 Obedite
878 2148 1190 2217 prmpositis
1240 2149 1443 2203 vestris
1500 2157 1555 2203 et
1608 2150 1886 2219 subjacete
1920 2164 1935 2202 :
1972 2149 2076 2218 ipsi

514 2235 660 2289 enim
695 2235 927 2306 vigilant
967 2252 1065 2307 pro
1109 2238 1401 2293 animabus
1428 2239 1648 2301 vestris,
1684 2247 1943 2307 tanquam
1990 2252 2079 2290 ra-

517 2328 721 2381 tionem
754 2327 1026 2383 reddituri
1055 2346 1071 2387 ;
1106 2338 1168 2383 ut
1201 2345 1324 2384 cum
1374 2330 1575 2400 gaudio
1618 2330 1723 2384 hoc
1768 2330 1990 2392 faciant,
2024 2338 2082 2383 et

514 2434 627 2472 non
658 2426 941 2489 gementes
972 2436 986 2473 :
1022 2421 1126 2474 hoc
1164 2421 1309 2474 enim
1352 2436 1466 2475 non
1500 2421 1724 2489 expedit
1764 2419 1921 2473 vobis
1950 2419 2014 2474 ⁸⁷.
2057 2437 2074 2469 ι

517 2511 719 2564 lterum
750 2527 765 2568 :
808 2530 823 2560 ι
852 2510 1042 2565 Omnis
1072 2512 1253 2566 anima
1276 2512 1642 2582 potestatibus
1666 2510 2082 2584 sqblimioribus

515 2598 735 2653 subdita
765 2600 876 2656 sit:
907 2616 1014 2654 non
1046 2610 1129 2656 est
1156 2602 1304 2655 enim
1339 2610 1583 2670 potestas
1612 2601 1716 2654 nisi
1750 2615 1779 2653 a
1809 2601 1942 2663 Deo,
1971 2608 2078 2654 etc.

519 2691 704 2760 Itaque
753 2692 847 2761 qui
894 2694 1104 2747 resistit
1138 2693 1433 2762 potestati,
1478 2692 1575 2746 Dei
1614 2691 1951 2746 ordinationi
1990 2707 2081 2745 re-

516 2782 664 2835 sistit
691 2795 706 2835 :
743 2782 837 2851 qui
872 2792 1055 2837 autem
1088 2785 1385 2847 resistunt,
1417 2783 1517 2853 ipsi
1546 2783 1647 2837 sibi
1676 2783 2082 2837 damnationem

517 2873 884 2941 acquirunt“.
914 2895 931 2926 ι
966 2876 1181 2931 Rursus
1206 2893 1220 2929 :
1261 2896 1279 2927 ι
1309 2877 1377 2931 Ut
1406 2877 1549 2930 servi
1577 2876 1783 2931 Christi
1816 2876 2081 2930 facientes

517 2962 856 3019 voluntatem
908 2965 1004 3019 Dei
1065 2982 1132 3020 ex
1182 2968 1388 3032 animo,
1431 2983 1556 3021 cum
1610 2967 1752 3023 bona
1801 2967 2084 3021 voluntate

519 3056 843 3122 servientes,
866 3058 1009 3113 sicut
1033 3059 1287 3124 Domino,
1317 3068 1368 3114 et
1404 3076 1513 3114 non
1546 3060 1883 3121 hominibus,
1908 3061 2086 3114 scien-

2187 1985 2205 2018 ι
2250 1965 2339 2028 Ὠς
2369 1964 2546 2018 δοῦλοι
2578 1963 2815 2033 Χριστοῦ
2845 1962 3127 2025 ποιοῦντες
3152 1962 3214 2015 τὸ
3237 1962 3451 2031 θέλημα
3483 1961 3579 2015 τοῦ
3623 1962 3759 2015 Θεοῦ

2180 2059 2245 2111 ὲκ
2288 2056 2488 2126 ψυχῆς,
2539 2057 2655 2126 μετ’
2690 2055 2903 2117 εὐνοίας
2948 2052 3295 2116 δουλεύοντες
3332 2053 3404 2115 ὡς
3434 2054 3513 2124 τῷ
3548 2054 3759 2123 Κυρίῳ.

2182 2152 2276 2204 καὶ
2305 2151 2405 2203 οὑκ
2431 2148 2765 2220 ἀνθρώποις,
2792 2148 2996 2210 εἰδότες
3028 2148 3109 2199 ὅτι
3137 2147 3246 2199 ἀπὸ
3276 2146 3489 2216 κυρίου
3518 2145 3760 2212 λήψεσθε

2179 2242 2278 2313 τὴν
2302 2241 2653 2295 ἀνταπόδοσιν
2684 2240 2858 2307 ὑμῶν.
2893 2258 2911 2291 ι
2950 2240 3059 2292 Kal
3088 2239 3227 2308 πρὸς
3255 2238 3443 2299 Τῖτον,
3486 2255 3505 2288 ι
3532 2237 3763 2306 ’Υπομίο

2184 2350 2392 2404 μνησκε
2434 2332 2629 2393 αὐτοὺς
2676 2332 2872 2401 ἀρχαῖς
2897 2330 2991 2383 καλ⁵
3029 2329 3299 2393 ἐξουσίαις
3327 2328 3760 2391 ὑποτάσσεσθαι,

2181 2424 2499 2493 πειθαρχεῖν
2553 2425 2630 2484 εἰς
2670 2424 2778 2474 πᾶν
2806 2421 2966 2489 ἔργον
3012 2421 3249 2488 ἀγαθὸν,
3287 2421 3541 2488 ἑτοίμους
3594 2415 3758 2482 εἶναι,

2181 2516 2277 2569 xal
2309 2515 2384 2585 μὴ
2415 2513 2813 2581 ἀντιλέγοντας.
2860 2533 2879 2566 ι
2914 2515 3021 2566 Kal
3050 2515 3079 2566 ὁ
3124 2513 3349 2583 Πέτρος,
3387 2530 3404 2563 ι
3450 2511 3761 2579 Ὑποτάγη-

2181 2624 2241 2660 τε
2275 2605 2423 2676 πάσῃ
2448 2605 2768 2677 ἀνθρωπίνῃ
2794 2604 2972 2657 κτίσει
3000 2604 3089 2657 διὰ
3115 2603 3205 2655 τὸν
3234 2602 3459 2673 Κύριον,
3484 2603 3567 2655 ὅτι
3589 2600 3761 2663 οὕτως

2183 2698 2299 2751 ἐστὶ
2315 2697 2376 2749 τὸ
2390 2696 2599 2765 θέλημα
2614 2695 2705 2748 τοῦ
2726 2694 2883 2759 Θεοῦ,
2901 2693 3368 2762 ἀγαθοποιοῦντας
3393 2711 3451 2761 φι
3461 2691 3597 2760 μοῦν
3617 2689 3760 2763 [τὴν]

2183 2786 2291 2839 τῶν
2323 2788 2576 2857 ἀφρόνων
2603 2784 2906 2854 ἀνθρώπων
2934 2786 3230 2852 ἀγνωσίαν.
3276 2804 3294 2835 ι
3340 2784 3403 2837 Ὀ
3427 2784 3483 2836 δὲ
3519 2783 3759 2851 Κύριος,

2191 2895 2209 2928 ι
2237 2876 2605 2946 Καταϐέϐηκα
2628 2879 2690 2929 ὲκ
2710 2876 2804 2928 τοῦ
2831 2876 3194 2946 οὑρανοῦ,οὑχ
3214 2873 3451 2928 ἰναποιῶ
3468 2872 3531 2925 τὸ
3548 2872 3761 2940 θέλημα

2183 2967 2246 3021 τὸ
2275 2971 2299 3020 il
2309 2968 2430 3037 μὸν,
2453 2967 2587 3021 ἀλλά
2607 2968 2668 3020 τὸ
2694 2968 2905 3037 θέλημα
2934 2966 3027 3019 τοῦ
3060 2964 3376 3035 πέμψαντός
3396 2981 3463 3034 με
3490 2963 3721 3032 Πατρός.
3738 2979 3757 3012 ο

2185 3058 2345 3129 Αὐτῷ
2373 3062 2405 3128 ἠ
2434 3059 2560 3124 δόξα
2593 3062 2673 3124 εἰς
2706 3062 2833 3123 τοὺς
2879 3060 3100 3121 αίῶνας.
3144 3058 3336 3127 ’Λμήν.

519 3158 604 3205 tes
625 3152 754 3220 quia
783 3154 1200 3209 retributionem
1235 3170 1265 3209 a
1297 3155 1530 3209 Domino
1562 3154 1933 3223 accipietis”.
1964 3173 1981 3205 ι
2041 3154 2123 3209 Ad
2163 3155 2345 3209 Titum
2379 3172 2393 3207 :
2434 3175 2453 3205 σ
2489 3155 2735 3209 Admone
2774 3154 2899 3209 illos
2927 3152 3271 3223 principibus
3318 3158 3374 3204 et
3400 3145 3764 3218 potestatibus

522 3242 772 3297 subditos
800 3259 942 3307 esse,
970 3255 1027 3299 et
1062 3246 1211 3299 dicto
1275 3247 1525 3311 obedire,
1590 3246 1656 3300 ad
1700 3261 1861 3301 omne
1890 3262 2028 3316 opus
2093 3246 2300 3301 bonum
2335 3256 2554 3317 paratos
2603 3262 2747 3309 esse,
2818 3254 2873 3300 et
2920 3261 3028 3299 non
3077 3241 3461 3298 contradicere
3500 3240 3566 3291 ‘°.
3612 3257 3631 3289 ι
3667 3237 3764 3291 Pe-

522 3341 644 3387 trus
683 3352 695 3387 :
735 3354 751 3384 ‹
789 3334 1031 3405 Subjecti
1077 3344 1253 3391 estote
1300 3337 1447 3390 omni
1481 3337 1734 3391 humanae
1765 3345 2030 3391 creaturae
2068 3344 2294 3408 propter
2328 3338 2645 3400 Dominum,
2676 3336 2804 3406 quia
2834 3336 2913 3391 sic
2944 3345 3027 3389 est
3054 3334 3306 3387 voluntas
3344 3331 3437 3385 Dei
3488 3338 3549 3383 ut
3598 3330 3765 3381 bene-

521 3426 786 3480 facientes
815 3427 1194 3483 obmutescere
1221 3428 1432 3484 faciatis
1472 3429 1901 3499 imprudentium
1934 3429 2220 3483 hominum
2254 3429 2621 3499 ignorantiam
2647 3430 2711 3484 “.
2746 3448 2765 3480 ι
2804 3428 3068 3482 Dominus
3098 3435 3281 3480 autem
3308 3440 3322 3476 :
3352 3442 3369 3473 ι
3394 3420 3672 3476 .Descendi
3697 3419 3765 3473 de

522 3517 682 3579 ccelo.
702 3533 810 3571 non
838 3526 896 3573 ut
934 3517 1128 3574 faciam
1156 3520 1493 3575 voluntatem
1520 3536 1718 3586 meam,
1754 3520 1847 3575 sed
1871 3519 2209 3575 voluntatem
2238 3521 2357 3591 ejus
2394 3519 2489 3589 qui
2512 3520 2661 3574 misit
2683 3533 2766 3574 me
2793 3518 3051 3573 Patris“.
3088 3537 3104 3567 ι
3140 3515 3245 3585 Ipsi
3271 3513 3441 3585 gloria
3464 3512 3521 3566 in
3545 3512 3762 3566 saecula.

524 3610 715 3663 Amen.

922 3723 1137 3795 1214
1186 3721 1471 3779 HOMILIA
1515 3721 1700 3778 CXIV.

935 3839 1013 3893 De
1041 3839 1401 3892 observatione
1432 3838 1692 3892 mandati.

600 3951 836 4007 Mandati
873 3950 1196 4006 observatio
1238 3949 1520 4002 hominem
1568 3956 1717 4002 recta
1752 3945 2009 4017 provehit
2035 3945 2092 3999 in

532 4046 680 4100 illam
710 4043 1043 4099 felicissimae
1073 4042 1199 4096 vita:
1231 4041 1513 4110 regionem
1545 4056 1558 4092 :
1596 4048 1808 4103 contra,
1842 4037 2092 4108 ejusdem

531 4136 906 4207 praevaricatio
929 4175 944 4201 ,
994 4135 1159 4189 letale
1194 4134 1397 4188 vulnus
1441 4131 1608 4201 alligit
1650 4131 1848 4185 anima:
1882 4148 1896 4185 :
1928 4130 2095 4199 idque

530 4230 716 4283 dicere
748 4229 911 4282 liceat
955 4227 1223 4291 exactius,
1254 4225 1441 4279 divina
1484 4239 1587 4278 nos
1626 4223 1919 4278 erudiente
1943 4221 2095 4278 Scri-

530 4331 712 4390 ptura.
746 4320 860 4374 Nisi
895 4318 1041 4374 enim
1071 4318 1235 4372 initio
1265 4317 1446 4370 statim
1486 4314 1826 4370 conditionis
1868 4321 2093 4377 nostra},

530 4413 584 4466 in
614 4412 867 4482 paradiso
892 4410 1211 4465 mandatum
1242 4409 1539 4463 fuissemus
1564 4403 2096 4475 transgressi,baud-

530 4519 806 4574 quaquam
841 4503 1163 4573 contigisset
1202 4501 1397 4556 audire
1438 4516 1540 4555 nos
1575 4499 1731 4562 illud,
1767 4516 1785 4549 ι
1830 4498 1999 4551 Terra
2035 4512 2096 4551 es

529 4607 586 4652 et
615 4598 667 4652 in
693 4606 898 4652 terram
939 4596 1117 4649 abibis
1142 4595 1227 4647 "z
1255 4614 1272 4645 ι
1302 4594 1622 4662 neutiquam
1650 4590 1916 4644 mundum
1943 4590 2093 4643 hunc

531 4700 721 4745 noster
748 4689 839 4744 ille
865 4687 1215 4742 adversarius
1247 4694 1327 4739 tot
1359 4694 1510 4739 retro
1547 4684 1708 4737 annis
1738 4697 1881 4736 Sieva
1913 4689 2099 4752 tyran-

530 4780 658 4848 nide
714 4777 1131 4850 grassabundus
1186 4775 1572 4845 oppressisset.
1628 4771 1799 4826 Nemo
1854 4772 1949 4841 qui
2000 4770 2097 4826 Dei

530 4871 852 4929 mandatum
878 4868 1299 4937 contempserit,
1341 4867 1397 4919 in
1434 4863 1769 4919 rectitudine
1799 4862 1969 4916 vitam
2005 4862 2097 4916 in-

530 4964 712 5018 stituit
754 4978 932 5018 suam.
966 4960 1094 5018 Saul
1120 4959 1218 5014 Dei
1263 4958 1523 5012 mandato
1566 4956 1707 5010 male
1745 4955 2007 5023 moriger,
2038 4953 2097 5007 in

2760 3717 2979 3771 ΛΟΓΟΣ
3041 3716 3186 3769 ΡΙΔ⁹.

2475 3832 2611 3901 Περὶ
2662 3830 2769 3885 τοῦ
2806 3829 3154 3900 φυλάσσειν
3203 3825 3482 3891 ἐντολάς.

2262 3944 2336 3999 Τὸ
2356 3944 2647 4015 φυλάσσειν
2670 3941 2910 4010 ἐντολὴν,
2937 3942 3017 4002 είς
3051 3936 3197 4008 ζωῆς
3226 3937 3405 4007 χῶρον
3435 3936 3653 4003 είσάγει
3679 3935 3765 3987 τὸν

2194 4032 2480 4103 ἄνθρωπον
2506 4047 2521 4062 ο
2552 4030 2612 4084 τὸ
2671 4030 2727 4083 δὲ
2794 4027 3175 4099 παραϐαίνειν,
3220 4024 3615 4094 θανατηφόρον.
3658 4026 3759 4075 Καὶ

2194 4125 2351 4178 τοῦτο
2378 4122 2619 4194 ἀκριϐῶς
2645 4122 2794 4191 παρά
2824 4123 2924 4193 τῆς
2958 4119 3107 4182 θείας
3138 4119 3360 4189 Γραφῆς
3394 4117 3759 4186 μανθάνομεν.

2196 4218 2260 4269 El
2283 4216 2389 4285 γάρ
2418 4213 2492 4285 μὴ
2515 4213 2575 4278 ἐξ
2603 4213 2779 4284 ἀρχῆς
2806 4210 3135 4282 παρέϐημεν
3173 4209 3272 4279 τὴν
3302 4209 3360 4260 ὲν
3400 4206 3479 4277 τῷ
3510 4207 3771 4277 παραδείο

2198 4325 2275 4377 σῳ
2305 4307 2546 4378 ἐντολὴν,
2574 4306 2674 4360 οὐκ
2695 4305 2759 4360 ἀν
2787 4304 3125 4374 ἠκούσαμεν,
3158 4302 3243 4355 ὅτι
3284 4321 3304 4352 ‹
3360 4300 3434 4369 Γῆ
3465 4294 3538 4363 el,
3568 4302 3666 4351 καὶ
3694 4301 3773 4361 εἰς

2196 4400 2298 4468 γῆν
2330 4399 2603 4469 ἀπελεύσῃ
2640 4414 2655 4430 ο
2702 4417 2718 4449 ι
2756 4396 2855 4451 οὑκ
2887 4396 2955 4449 ἂν
2997 4392 3274 4453 τοσούτοις
3309 4392 3491 4445 ἐτεσιν
3516 4392 3547 4443 ὁ
3570 4392 3772 4459 κόσμος

2198 4490 2304 4543 ὑπὸ
2324 4489 2416 4542 τοῦ
2428 4489 2691 4560 τυράννου
2708 4489 3014 4559 ἐκρατεῖτο.
3033 4485 3223 4548 Οὐδεὶς
3240 4484 3559 4553 καταφρονὴ
3568 4500 3667 4544 σας
3692 4484 3777 4534 έν-

2196 4581 2355 4651 τολῆς
2387 4580 2544 4645 Θεοῦ,
2572 4579 2749 4651 ὀρθῶς
2772 4578 3018 4633 ἐϐίωσεν.
3055 4576 3230 4631 Σαοὺλ
3263 4573 3627 4644 παρακούσας
3676 4573 3775 4640 τῆς

2199 4673 2292 4727 τοῦ
2318 4672 2452 4726 Θεοῦ
2479 4673 2718 4742 ἐντολῆς,
2741 4672 2837 4726 καὶ¹
2862 4672 2919 4725 ὲν
2935 4669 3137 4733 λύπαις
3162 4668 3445 4739 βιοτεύσας
3461 4668 3553 4718 τὸν
3580 4664 3777 4718 ἑαυτοῦ

2199 4763 2409 4834 χρόνον,
2442 4762 2594 4826 τέλος
2634 4763 2728 4816 καὶ
2775 4765 2875 4832 τῆς
2924 4760 3201 4830 βασιλείας
3243 4758 3524 4823 ἐξέπεσεν.
3558 4755 3629 4810 Ol
3669 4755 3779 4807 υἱοὶ

2208 4853 2348 4919 Ἠλὶ,
2390 4854 2542 4921 Ὀφνὶ
2569 4857 2662 4907 καὶ
2685 4853 2891 4916 Φινεὲς,
2925 4853 3000 4924 μὴ
3048 4850 3414 4911 ὑπακούοντες
3447 4851 3548 4918 τῆς
3593 4847 3778 4915 φωνῆς

2198 4944 2291 4998 τοῦ
2335 4946 2536 5016 πατρὸς
2589 4945 2787 5008 αὑτῶν,
2830 4944 2928 5015 τὴν
2972 4944 3071 5013 μὲν
3103 4942 3337 4996 κιϐωτὸν
3383 4940 3480 4995 τοῦ
3517 4940 3656 4993 Θεοῦ
3700 4941 3776 5003 εἰς

532 5070 771 5112 ιιιωτοτε
813 5054 980 5108 vitam
1037 5068 1163 5108 cum
1213 5052 1456 5122 egisset,
1514 5057 1759 5117 tempore
1812 5046 1916 5114 ipsi
1965 5061 2085 5114 prae-

2200 5040 2386 5107 χεῖρας
2423 5036 2737 5104 ἀλλοφύλων
2785 5034 3145 5106 παρέδωκανο
3202 5032 3358 5086 αὑτοὶ
3392 5031 3448 5083 δὲ
3502 5030 3778 5082 οἴκτιστον

531 5145 742 5213 scripto
791 5144 1014 5199 demum
1085 5160 1255 5215 regno
1305 5157 1527 5212 quoque
1586 5139 1792 5193 excidit
1842 5138 1909 5192 “.
1974 5136 2098 5192 Filii

534 5235 676 5300 lvleli,
706 5234 885 5303 Opbni
935 5244 992 5289 et
1016 5236 1252 5290 Phinees
1282 5235 1349 5299 “,
1391 5247 1517 5287 cum
1567 5229 1677 5284 illis
1736 5229 2099 5299 immorigera:

533 5341 699 5381 aures
726 5326 1112 5381 occalluissent
1142 5326 1210 5380 ad
1241 5320 1433 5380 vocem
1475 5331 1718 5392 paterna:
1752 5320 2097 5383 monitionis,

535 5434 637 5473 nec
659 5416 965 5488 patuissent
999 5417 1170 5481 dicto,
1200 5432 1382 5471 arcam
1410 5414 1633 5485 quidem
1664 5414 1783 5473 Dei.
1812 5413 1870 5466 in
1903 5427 2102 5467 manus

534 5507 971 5578 alienigenarum
1016 5505 1385 5570 tradiderunt,
1442 5503 1543 5573 ipsi
1595 5512 1779 5557 autem
1819 5517 1928 5555 una
1973 5517 2099 5557 cum

608 5677 653 5707 ιι
696 5658 827 5728 Luc.
858 5691 910 5736 Χ,
947 5672 1027 5726 i6.
1127 5672 1171 5703 ω
1210 5669 1375 5724 Eccli.
1421 5684 1502 5732 ιιι,
1552 5667 1602 5721 6.

1706 5666 1751 5698 ⁸⁸⁵
1792 5665 1926 5719 ibid.
1962 5682 2033 5728 ix,
2068 5664 2152 5719 IO.

2205 5127 2434 5181 θάνατον
2458 5128 2829 5196 ἀπενέγκαντο
2859 5127 2955 5179 σὺν
2985 5125 3062 5196 τῷ
3083 5123 3218 5194 λαῷ.
3254 5122 3353 5175 Διά
3374 5121 3534 5175 τοῦτο
3563 5121 3665 5191 βοᾷ
3692 5120 3779 5172 διὰ

2204 5220 2300 5276 τοῦ
2344 5220 2602 5292 Ἰεζεκιήλ
2625 5237 2638 5251 ·
2681 5240 2699 5272 ι
2758 5219 3124 5291 Ἀπορρίψατε
3160 5218 3255 5287 ἀφ’
3283 5216 3435 5286 ὑμῶν
3467 5216 3651 5275 πάσας
3681 5213 3778 5274 τὰς

2206 5313 2460 5377 ἀσεϐείας
2507 5314 2683 5383 ὑμῶν,
2711 5314 2806 5367 καὶ
2853 5313 3117 5383 ποιήσατε
3157 5310 3377 5373 ὲντολάς
3412 5326 3538 5378 μου,
3567 5308 3667 5359 καὶ
3692 5306 3778 5357 ἵνα

2205 5408 2260 5461 τί
2289 5407 2681 5479 ἀποθνήσκετε,
2712 5402 2859 5470 οἶκος
2891 5405 3131 5475 Ἰσραὴλ,
3165 5404 3312 5471 λέγει
3344 5401 3578 5471 Κύριοςς
3622 5399 3780 5450 Ἀπο-

2207 5498 2475 5571 στρέψατε
2523 5498 2629 5551 ἀπὸ
2674 5498 2775 5567 τῆς
2820 5496 2940 5551 ὁδοῦ
2971 5497 3124 5567 ὑμῶν
3148 5494 3250 5563 τῆς
3279 5492 3523 5563 πονηρᾶς
3553 5509 3567 5520 ·
3608 5509 3628 5541 ι
3663 5487 3781 5559 [καὶ

2244 5665 2288 5695 ει
2331 5662 2463 5716 ibid.
2514 5662 2568 5725 9,
2627 5659 2709 5713 io.
2787 5660 2833 5691 ει
2874 5658 3007 5711 ibid.
3046 5658 3129 5711 ιδ.
3236 5656 3281 5686 ιτ
3322 5653 3487 5725 Hebr.
3525 5666 3644 5709 xm,
3698 5650 3777 5725 ig.

540 5746 586 5778 ιο
626 5719 1027 5807 Βιῖῐιῖ,”’χὶ“ιὶ,’ῑξ
1052 5742 1106 5796 a.
1181 5719 1572 5808 εῖὲριὶοξδνιζ
1606 5737 1724 5791 6-8.
1802 5738 1846 5769 εο
1886 5719 2078 5791 Tii.in

2227 5735 2267 5766 “
2312 5734 2329 5788 l
2360 5734 2503 5789 Petr.
2536 5719 2593 5797 ll,
2630 5731 2710 5793 l3,
2750 5729 2830 5783 l5.
2875 5730 2916 5760 θ’
2939 5729 3093 5783 Joan.
3128 5743 3201 5791 γι,
3234 5726 3322 5780 58.
3358 5727 3401 5756 ⁸³
3425 5723 3661 5807 ϐοιωιι,
3696 5719 3779 5774 ιιι.

547 5816 590 5846 ⁸³
620 5816 637 5869 l
668 5816 841 5869 Paral.
879 5831 928 5879 χ,
978 5814 1057 5869 15.
1137 5813 1179 5844 ⁶⁵
1225 5811 1244 5867 1
1291 5810 1403 5878 Reg
1478 5825 1548 5871 iv,
1587 5808 1608 5860 ~l
1639 5823 1791 5874 seqq.
