3960 6560
225 398 383 461 1789

1088 406 1418 467 HOMILIA
1458 408 1655 470 CXIV.
1688 435 1757 462 π-
1786 411 1883 471 DE
1921 413 2240 479 OBSERV.
2282 418 2651 481 MANDATI.

3367 415 3504 482 1790

218 508 329 562 ἵνα.
356 509 410 561 τί
429 507 799 579 ἀποθνήσκετε
819 504 1197 582 οἶκοςῚσραὴλ
1214 512 1377 584 ;]Kai
1399 515 1427 566 6
1452 514 1636 584 νόμος,
1665 532 1683 565 ι
1707 517 1818 569 Οὑκ

1924 522 2132 589 populo
2177 523 2430 579 meritam
2481 525 2792 580 mercedem
2842 524 3153 579 retulerunt
3193 526 3501 579 miserrima

216 601 595 671 ἐκπειράσεις
645 602 848 673 Κύριον
874 604 966 656 τὸν
994 604 1124 656 Θεὸν
1157 621 1272 658 σου.
1331 606 1624 658 Φυλάσσων
1650 607 1818 675 φυλά-

220 690 353 754 ξεις
384 692 481 753 τὰς
505 691 721 756 ἐντολάς
754 693 962 763 Κυρίου
988 694 1083 746 τοῦ
1116 694 1252 747 Θεοῦ
1287 712 1401 750 σου.
1445 715 1464 748 ι
1502 698 1611 750 Kal.
1637 697 1817 761 αὖθις·

227 801 250 833 ι
270 782 507 854 Ἀνδρες
526 782 670 851 ἆγιοι
693 784 883 837 ἐσεσθέ
917 802 1028 855 μοι,
1057 786 1151 839 ἐὰν
1173 791 1290 851 τοῖς
1305 790 1694 858 προστάγμασι
1716 807 1817 860 μου

223 874 562 944 πορεύεσθε,
593 876 690 928 καὶ
740 876 837 939 τὰς
876 876 1097 941 ἐντολάς
1148 896 1251 948 μου
1286 880 1612 947 φυλάξεσθε,
1646 882 1814 950 ἐμπε-

222 967 526 1035 ριπατὴσω
563 958 625 1020 ὲν
658 968 806 1038 ὑμῖν,
844 969 941 1021 καὶ
967 968 1158 1039 ἔσομαι
1190 972 1318 1040 ὑμῖν
1346 972 1501 1035 Θεὸς,
1534 975 1629 1025 καὶ
1659 975 1816 1044 ὑμεῖς

217 1056 424 1109 ἔσεσθέ
464 1074 555 1126 μοι
584 1057 732 1123 λαὸς,
760 1059 908 1127 λέγει
943 1060 1167 1132 Κύριος.
1204 1081 1222 1114 ι
1260 1064 1370 1116 Καὶ
1406 1066 1572 1133 ἡμεῖς
1592 1062 1687 1118 οῦν
1722 1067 1816 1119 ἐὰν

219 1145 496 1215 ποιοῦμεν
534 1147 701 1201 αὑτοῦ
745 1148 805 1201 τὸ
854 1147 1102 1220 θέλημα,
1137 1152 1231 1204 καὶ
1278 1153 1625 1223 πορευόμεθα
1676 1154 1817 1206 κατὰ

215 1237 335 1299 τὰς
379 1237 598 1299 ἐντολὰς
631 1239 819 1305 αὑτοῦ,
856 1242 950 1294 καὶ
999 1242 1304 1314 ἀγαπῶμεν
1336 1243 1555 1309 habri»;
1599 1247 1811 1317 ἀγαπᾷ,

219 1328 361 1391 ναὸς
422 1327 585 1381 αὑτοῦ
643 1330 927 1401 γινόμεθα.
966 1332 1024 1384 'U
1051 1334 1159 1402 γάρ
1189 1332 1328 1403 ἔχων
1378 1335 1477 1405 τὴν
1519 1338 1600 1398 εἰς
1649 1338 1814 1391 αὑτὸν

218 1418 474 1488 ἀγάπην,
508 1420 602 1473 καὶ
631 1422 711 1484 εἰς
748 1421 841 1474 τὸν
884 1422 1132 1493 πλησίον,
1167 1425 1385 1495 μακράν
1429 1425 1583 1479 ἔσται
1630 1429 1814 1497 πάσης

217 1515 548 1586 ἁμαρτίας,
611 1517 707 1572 καὶ
760 1518 1285 1591 ἀνταγαπηθὴσεται
1337 1522 1443 1575 ὑπὸ
1501 1524 1592 1577 τοῦ
1652 1523 1809 1578 Θεοῦ.

232 1601 396 1655 Ἐπεὶ
416 1604 509 1657 ἐὰν
524 1606 998 1677 καταφρονοῦμεν,
1019 1604 1158 1661 οἶδεν
1184 1609 1454 1676 κολάζειν,
1469 1613 1812 1682 παρακουόν·

216 1709 339 1746 των
379 1694 538 1764 ἡμῶν
598 1694 708 1749 τῶν
767 1698 938 1766 ἁγίων
972 1699 1137 1753 αὑτοῦ
1161 1701 1411 1756 ἐντολῶν.
1448 1704 1539 1773 Μὴ
1583 1699 1675 1757 οῦν
1718 1703 1811 1757 λυ-

217 1787 439 1842 πείσθω
470 1789 592 1843 καθ’
613 1789 773 1859 ἡμῶν
800 1790 829 1843 6
861 1790 1063 1857 ἀγαθὸς
1106 1793 1265 1863 ἡμῶν
1288 1793 1442 1859 Θεὸς,
1474 1795 1502 1846 6
1532 1793 1807 1864 εὔσπλαγ-

218 1899 377 1950 χνος,
413 1883 442 1935 6
468 1881 738 1953 ἐλεήμων,
765 1883 793 1934 6
832 1882 1007 1951 ἅγιος,
1040 1886 1069 1938 6
1101 1861 1362 1956 καθαρὸς,
1393 1888 1421 1939 6
1451 1861 1808 1956 apiav:0g,v6
1840 1861 1882 1915 Β

220 1976 417 2039 ἄῦλος,
448 1978 477 2029 6
504 1977 686 2045 μόνος,
716 1978 744 2027 6
770 1971 874 2041 εἷς,
906 1977 934 2028 ὁ
971 1977 1340 2047 ’άμετάόολος,
1376 1981 1405 2031 6
1430 1979 1748 2051 εἰλικρινὴς,
1781 1984 1809 2033 6

222 2066 438 2130 ἄδολος,
473 2066 503 2117 6
527 2067 814 2137 ἀόργητος,
854 2066 883 2117 ὁ
921 2068 1103 2139 πάσης
1130 2070 1435 2139 λεγομένης
1461 2072 1555 2123 καὶ
1577 2071 1807 2141 νοουμέ-

220 2176 329 2229 cn;
386 2161 520 2229 ἡμῖν
568 2159 945 2230 προσηγορίας
992 2159 1266 2228 ἀνώτερος
1318 2161 1415 2215 καὶ
1476 2160 1807 2235 ὑψηλότερος

220 2251 380 2317 Θεὸς,
425 2251 633 2322 Ἰησοῦς
666 2252 901 2322 Χριστός
926 2268 940 2283 ο
974 2252 1352 2323 εὑφραινέσθω
1384 2253 1482 2308 σὺν
1509 2256 1642 2325 ἡμῖν
1666 2295 1679 2317 ,
1709 2272 1807 2309 κα-

222 2345 336 2408 λῶς
404 2343 561 2415 ἡμῶν
652 2344 1092 2415 πολιτευομένων
1126 2362 1139 2376 ·
1206 2345 1487 2416 χαιρέτω,
1548 2346 1807 2417 καθαρῶς

223 2434 491 2502 βιούντων
550 2434 705 2505 ἡμῶν
740 2451 753 2465 ·
793 2433 1163 2488 άναπαυέσθω
1186 2475 1200 2498 ,
1233 2434 1446 2504 σεμνῶς
1478 2434 1636 2504 ἡμῶν
1673 2438 1804 2489 ἀνα-

222 2527 632 2597 στρεφομένων·
666 2527 1000 2598 εὐωχείσθω,
1029 2527 1328 2596 φιλούντων
1391 2528 1553 2581 αὑτὸν
1607 2529 1765 2599 ἡμῶν
1787 2568 1802 2594 ,

222 2623 323 2675 καὶ
342 2621 520 2684 καλῶς
539 2622 1045 2691 ὲγκρατευομένων,
1070 2623 1164 2675 καὶ
1180 2622 1603 2691 σωφρονούντων
1620 2623 1799 2694 ἡμῶν.

235 2710 367 2764 Ἐὰν
409 2706 503 2765 οὖν
553 2710 850 2782 ἀρξώμεθα
889 2710 1107 2780 θερμῶς
1147 2711 1249 2774 τὰς
1282 2711 1505 2773 ἐντολάς
1538 2712 1631 2766 τοῦ
1663 2712 1802 2765 Θεοῦ

218 2804 670 2873 διαπράττεσθαι,
704 2803 923 2857 ἅπαντα
950 2802 1137 2856 λοιπὸν
1167 2803 1237 2855 τά
1262 2802 1599 2874 αἰσθητήρια
1620 2804 1801 2874 ἡμῶν,

220 2904 286 2952 ἐν
326 2898 580 2969 αἰσθήσει
628 2898 943 2966 φωτίζουσα
980 2901 1013 2968 ἡ
1050 2898 1244 2969 χάρις,
1300 2898 1367 2951 τὰ
1414 2898 1513 2967 μὲν
1561 2898 1803 2969 ἡμέτερα

220 2991 612 3061 ἐνθυμήματα,
635 2989 711 3051 ὡς
739 2989 851 3060 πῦρ
874 2990 1231 3059 καταφλέγει,
1267 2988 1536 3060 ἡδύνουσα
1560 2989 1618 3042 δὲ
1643 2990 1802 3061 ἡμῶν

218 3083 323 3154 τὴν
344 3083 571 3154 καρδίαν
594 3083 651 3136 ὲν
678 3083 868 3153 εἰρήνῃ
898 3082 1006 3135 τινὶ
1035 3080 1221 3151 φιλίας
1237 3081 1542 3145 ἀνενδότου,
1563 3099 1803 3152 πνευμα-

1924 623 2100 667 morte
2137 615 2437 684 perfuncti.
2472 616 2713 686 Hujusce
2742 617 2892 671 enim
2923 616 3138 671 vitandi
3168 618 3296 670 mali
3324 619 3497 687 gratia

1920 706 2120 761 clamat
2149 708 2417 763 Dominus
2446 724 2545 779 per
2572 709 2923 764 Ezechielem
2963 728 2975 763 :
3022 728 3041 760 ‹
3070 709 3309 779 Abjicite
3339 726 3369 763 a
3401 726 3501 763 vo-

1919 796 2007 851 bis
2048 811 2245 851 omnes
2296 796 2623 866 iniquitates
2664 806 2897 862 vestras,
2942 805 2998 852 et
3040 797 3207 851 facite
3242 796 3500 851 mandata

1918 903 2061 954 mea,
2095 889 2233 944 dicit
2267 888 2553 954 Dominus,
2593 900 2649 944 et
2678 890 3073 945 convertimini
3123 905 3155 944 a
3184 890 3275 944 via
3313 898 3498 946 vestra

1917 998 2039 1051 qua:
2070 983 2212 1036 mala
2232 992 2319 1037 est
2347 984 2411 1036 “.
2449 1002 2467 1033 ι
2512 984 2578 1037 Ει
2612 1000 2625 1035 :
2656 1002 2673 1033 ι
2707 984 2777 1038 Ut
2804 982 2937 1052 quid
2968 983 3269 1049 morimini,
3297 983 3499 1035 domus

1916 1074 2081 1127 Israel
2115 1074 2180 1128 ".
2241 1093 2259 1125 ι
2305 1073 2418 1127 Lex
2459 1090 2681 1142 quoque
2725 1091 2737 1126 :
2781 1092 2797 1123 ι
2841 1072 3175 1127 Custodiens
3216 1072 3498 1133 custodies

1916 1165 2173 1221 mandata
2208 1166 2427 1221 Domini
2476 1166 2571 1220 Dei
2610 1166 2692 1219 tui
2730 1166 2794 1219 “.
2827 1184 2845 1216 ι
2882 1166 3136 1219 Rursus:
3174 1183 3192 1215 ι
3226 1164 3341 1218 Viri
3367 1178 3494 1217 san-

1914 1258 1986 1313 cti
2019 1259 2175 1313 eritis
2197 1258 2333 1311 mihi
2363 1275 2375 1309 :
2408 1258 2453 1311 si
2481 1257 2534 1311 in
2562 1256 2856 1326 przeceptis
2879 1256 3020 1310 meis
3049 1252 3490 1319 ambulaveritis,

1914 1360 1970 1406 et
2000 1352 2252 1406 mandata
2283 1366 2403 1406 mea
2447 1350 2835 1405 eustodieritis
2862 1350 2925 1402 ⁶⁹.
2960 1368 2977 1399 ι
3000 1376 3071 1388 ——
3092 1368 3109 1399 ί
3130 1346 3494 1401 lnambulabo

1913 1443 2058 1499 inter
2082 1460 2201 1508 vos,
2233 1455 2289 1498 et
2314 1460 2411 1499 ero
2443 1444 2602 1497 vobis
2630 1444 2796 1507 Deus,
2832 1451 2886 1496 et
2924 1456 3021 1495 vos
3044 1440 3202 1495 eritis
3225 1440 3359 1493 mihi
3396 1454 3492 1508 po-

1912 1537 2096 1605 pulus,
2129 1535 2265 1591 dicit
2294 1535 2559 1589 Dominus
2585 1536 2651 1587 ⁷ο.
2693 1553 2711 1584 ι
2754 1534 2865 1587 Nos
2906 1533 3070 1601 igitur
3110 1532 3154 1584 si
3184 1531 3491 1599 expleveri-

1912 1644 2037 1683 mus
2062 1628 2181 1698 ejus
2209 1628 2574 1690 voluntatem,
2608 1626 2654 1681 si
2697 1625 2764 1680 ad
2806 1634 3057 1679 tenorem
3104 1622 3488 1677 mandatorum

1912 1720 2091 1789 ipsius
2114 1720 2557 1789 progrediemur,
2580 1719 2623 1772 sl
2651 1733 2772 1787 qua:
2802 1718 2882 1771 illi
2926 1717 3183 1770 novimus
3206 1729 3331 1770 esse
3362 1731 3489 1783 gra-

1913 1814 2051 1867 tiosa
2078 1821 2134 1866 et
2173 1811 2449 1873 amabilia,
2480 1810 2583 1880 ipsi
2611 1810 2779 1865 etiam
2802 1808 3187 1871 dilexerimus,
3222 1807 3488 1875 templum

1912 1905 1989 1959 illi
2017 1903 2341 1959 eﬂiciemur.
2371 1902 2474 1969 Qui
2511 1903 2661 1957 enim
2700 1917 2829 1972 erga
2879 1902 3052 1954 Deum
3085 1908 3140 1954 et
3177 1898 3488 1969 proximum

1908 1997 2101 2067 ﬂagrat
2130 1997 2419 2057 cbaritate,
2457 1996 2615 2063 longe
2659 2009 2718 2047 se
2760 1994 2829 2047 ab
2860 1993 3012 2045 omni
3058 1990 3331 2061 proripiet
3358 2005 3488 2059 pec-

1907 2099 2050 2154 cato,
2089 2089 2247 2159 isque
2292 2106 2321 2142 a
2362 2089 2477 2141 Deo
2506 2086 2791 2156 diligetur.
2821 2084 2979 2150 Quod
3019 2085 3064 2137 si
3096 2082 3488 2151 deprehende-

1908 2198 2031 2236 mur
2078 2180 2500 2249 contempsisse,
2538 2177 2728 2246 utique
2778 2175 2934 2229 novit
2986 2173 3212 2227 meritas
3264 2172 3488 2241 exigere

1907 2288 2099 2343 poenas
2128 2272 2195 2326 de
2223 2272 2309 2325 his
2343 2270 2551 2324 sanctis
2592 2269 2707 2322 suis
2745 2268 2839 2337 qui
2873 2266 3058 2320 minus
3097 2265 3489 2332 obtemperant

1906 2363 2201 2417 mandatis.
2227 2362 2477 2415 Nolimns
2504 2357 2732 2429 (quaeso)
2763 2356 3057 2411 adversum
3085 2372 3185 2411 nos
3210 2370 3336 2407 eum
3360 2369 3489 2409 exa-

1900 2469 2151 2523 sperare,
2181 2463 2290 2506 tam
2347 2452 2621 2527 benignus
2652 2464 2778 2502 cum
2824 2446 2897 2501 sit
2940 2447 3087 2500 Deus
3139 2452 3351 2507 noster,
3389 2444 3484 2512 qui

1904 2544 2055 2599 aliud
2113 2543 2253 2597 nihil
2300 2557 2467 2612 quam
2513 2541 2724 2594 viscera
2774 2536 3173 2592 misericordiae
3225 2536 3483 2605 gestitat,

1904 2636 2224 2691 misericors
2263 2633 2543 2703 siquidem
2582 2641 2687 2697 est,
2725 2639 2972 2694 sanctus,
3009 2645 3203 2699 purus,
3230 2628 3486 2697 impollu-

1907 2737 2016 2790 tus,
2067 2724 2137 2779 ab
2183 2724 2335 2778 omni
2386 2722 2742 2777 concretione
2798 2719 3042 2775 materia:
3085 2718 3481 2778 alienissimus,

1904 2819 2076 2883 solus,
2127 2831 2275 2871 unus
2300 2854 2314 2881 ,
2364 2813 2683 2877 exorabilis,
2731 2812 2987 2866 sincerus
3012 2851 3026 2875 ,
3073 2809 3141 2864 ab
3175 2808 3327 2863 omni
3356 2808 3486 2862 dolo

1905 2907 2369 2980 sejunctissimus,
2397 2902 2783 2966 inirascibilis,
2811 2901 2963 2956 omni
2987 2899 3228 2967 denique
3252 2912 3485 2951 nomen-

1904 3001 2150 3063 claturae,
2180 3014 2302 3067 qua:
2339 3012 2367 3050 a
2405 2995 2565 3050 nobis
2610 2995 2700 3048 vel
2744 2991 2975 3062 cogitari
3017 2991 3105 3045 vel
3142 2990 3253 3043 dici
3303 2996 3483 3058 potest

1904 3093 2079 3147 multo
2121 3088 2378 3159 superior
2426 3103 2490 3142 ac
2541 3085 2835 3141 sublimior
2893 3084 3040 3138 Deus
3090 3092 3280 3135 noster
3322 3080 3484 3135 Jesus

217 3174 351 3227 τικά
389 3192 511 3227 τινα
556 3174 652 3227 καὶ
690 3174 792 3226 οὑκ
820 3172 899 3225 ἔτι
933 3172 1075 3226 κατὰ
1103 3173 1282 3244 σάρκα
1308 3171 1621 3241 λογίζεσθαι
1648 3175 1796 3245 ἡμᾶς

1904 3182 2181 3238 Christus.
2217 3178 2460 3232 Laztetur
2503 3175 2689 3245 potius
2730 3172 3022 3227 nobiscum
3071 3176 3127 3223 et
3164 3168 3480 3229 bilarescat,

224 3266 657 3337 παρασκευάζει.
682 3266 1001 3336 Γέγραπται
1024 3266 1081 3319 δὲ
1108 3267 1199 3318 καὶ
1218 3266 1277 3317 ὲν
1295 3268 1417 3328 ταῖς
1438 3267 1793 3336 Παροιμίαιςο

227 3378 249 3410 «
274 3359 389 3421 Υἱὲ,
416 3356 490 3428 μὴ
513 3358 865 3427 παραρρυῇς,
883 3356 949 3425 τὴ
962 3372 1126 3425 ρησον
1146 3355 1203 3407 δὲ
1224 3355 1363 3425 ὲμὴν
1392 3354 1588 3426 βουλὴν
1610 3357 1705 3409 καὶ
1723 3357 1799 3410 ἕν-

219 3467 393 3514 νοιαν,
426 3449 515 3502 ἵνα
545 3449 685 3519 ζήσῃ
714 3450 747 3520 ἡ
779 3447 926 3518 ψυχή
957 3464 1075 3500 σου.
1114 3447 1225 3501 Καὶ
1256 3446 1493 3516 πορεύου
1522 3446 1798 3510 πεποιθὼς

219 3546 281 3595 ἐν
310 3542 502 3613 εἰρήνῃ
533 3541 714 3603 πάσας
744 3539 843 3602 τὰς
870 3538 1022 3602 ὁδούς
1048 3555 1142 3591 σου
1165 3555 1178 3569 ·
1232 3539 1261 3591 6
1287 3539 1394 3609 γὰρ
1423 3537 1624 3609 Κύριος
1645 3538 1797 3591 ἔσται

223 3653 309 3688 σοι
359 3636 452 3687 ἐπὶ
500 3634 691 3686 πασῶν
739 3632 872 3685 ὁδῶν
922 3648 1039 3683 σου.
1067 3650 1084 3682 ›
1130 3630 1257 3684 ’Καὶ
1292 3631 1486 3683 πάλων
1543 3631 1797 3684 «Φυλάσ-

223 3745 317 3780 σου
350 3725 589 3789 ἐντολὰς,
629 3724 705 3795 μὴ
735 3723 999 3795 ὲπιλάθῃ,
1038 3723 1173 3794 μηδὲ
1205 3722 1439 3797 παρίδῃς
1471 3723 1632 3794 ῥῆσιν
1660 3722 1795 3793 ἐμοῦ

224 3820 512 3889 στόματος,
539 3817 671 3888 μηδὲ
692 3815 943 3887 ἐκκλίνῃς
966 3816 1074 3870 άπδ
1094 3815 1357 3886 ῥημάτων
1380 3814 1651 3885 στόματός
1671 3832 1795 3886 μου,

226 3912 360 3981 μηδὲ
392 3910 766 3980 ὲγκαταλίπῃς
792 3909 962 3977 αὐτὴν
984 3947 999 3971 ,
1044 3908 1139 3961 καὶ
1168 3905 1453 3971 ἀνθέξεταί
1486 3924 1600 3960 σου.
1632 3926 1649 3957 ι
1690 3908 1799 3960 Καὶ

222 4002 423 4056 πάλιν*
483 4020 502 4055 ι
543 4001 674 4065 ne,
727 3999 866 4070 πρὸς
912 3998 1014 4063 τὰς
1060 3998 1200 4069 ὲμὰς
1244 3999 1432 4069 ῥήσεις
1480 3998 1797 4068 παράϐαλλε

226 4099 316 4151 σὺν
342 4093 463 4164 οὖς,
500 4098 594 4150 καὶ
623 4095 867 4164 φύλασσε
895 4095 1065 4158 αὑτὰς
1094 4095 1150 4147 ὲν
1177 4094 1379 4165 καρδίᾳ
1410 4096 1476 4164 σῇ
1494 4110 1508 4124 ·
1544 4093 1658 4165 ζωὴ
1689 4094 1797 4165 γάρ

224 4190 368 4241 ἐστιν
392 4190 503 4250 τοῖς
524 4186 870 4258 εὑρίσκουσιν
893 4186 1084 4250 αὑτὰς,
1110 4187 1204 4239 καὶ
1232 4186 1382 4258 πάσῃ
1405 4187 1569 4256 σαρκὶ
1588 4186 1791 4257 βασις.»

226 4278 334 4330 Kal.
382 4279 439 4329 ἐν
483 4276 561 4347 τῷ
589 4277 995 4347 Ἐκκλησιαστῇ
1017 4293 1031 4305 ·
1091 4294 1109 4327 ι
1146 4276 1204 4330 Ὀ
1233 4276 1524 4345 φυλάσσων
1552 4276 1795 4349 ἐντολὴν,

226 4368 285 4422 οὑ
324 4369 593 4436 γνώσεται
643 4368 795 4439 ῥῆμα
836 4367 1105 4437 πονηρόν·
1163 4368 1191 4418 6
1234 4367 1524 4435 φυλάσσων
1550 4369 1793 4440 ἐντολὴν,

1900 3276 2032 3330 dum
2063 3272 2167 3343 ipsi
2196 3271 2395 3325 decore
2429 3268 2595 3322 vitam
2632 3265 2977 3319 instituimus
2997 3304 3010 3326 ,
3047 3260 3247 3332 gaudio
3274 3258 3481 3312 diffun-

1900 3368 2085 3431 datur,
2137 3363 2299 3418 nobis
2345 3361 2638 3416 sinceriter
2679 3357 3035 3420 viventibus;
3073 3354 3141 3407 ab
3176 3351 3326 3406 omni
3366 3359 3481 3402 tur-

1903 3459 2023 3513 bela
2056 3453 2478 3523 inlerquiescat,
2512 3450 2685 3520 probe
2715 3448 2877 3503 nobis
2913 3463 2978 3501 ac
3007 3446 3207 3516 pudice
3230 3442 3484 3514 degenti-

1900 3550 2026 3613 bus,
2052 3546 2247 3616 dapsili
2270 3544 2434 3614 epulo
2464 3542 2671 3597 anohis
2692 3541 3021 3609 excipiatur,
3048 3538 3143 3607 qui
3176 3537 3356 3605 ipsum
3385 3534 3481 3588 de-

1900 3654 2167 3702 amamus,
2194 3638 2323 3691 dum
2346 3634 2506 3689 nobis
2533 3633 2761 3703 pulchre
2787 3641 3157 3700 temperamus
3186 3628 3254 3681 ab
3281 3627 3478 3678 immo—

1901 3734 2111 3791 deratis
2157 3729 2362 3785 eduliis
2411 3743 2475 3781 ac
2501 3724 2674 3781 sobrii
2716 3738 2927 3779 sumus.
2959 3720 3171 3791 1215
3207 3719 3260 3772 Si
3312 3717 3479 3786 igitur

1899 3825 2153 3884 aestuanti
2182 3838 2306 3879 cum
2346 3820 2570 3875 fervore
2618 3818 2685 3871 ad
2736 3818 2831 3871 Dei
2868 3815 3252 3870 mandatorum
3294 3809 3480 3878 imple-

1902 3921 2105 3975 tionem
2168 3914 2521 3983 accingemur
2554 3950 2569 3973 ,
2627 3924 2831 3979 organa
2881 3920 3144 3961 sensuum
3229 3902 3477 3956 omnium

1899 4011 2159 4078 deinceps
2175 4005 2349 4077 gratia
2368 4004 2462 4059 Dei
2478 4002 2797 4056 illuminans
2819 4001 2871 4051 in
2888 3999 3007 4067 ipso
3029 4005 3153 4050 actu
3176 3992 3476 4054 sentiendi,

1898 4112 2115 4161 nostras
2137 4099 2357 4170 quidem
2374 4096 2548 4152 veluti
2566 4093 2855 4150 comburet
2883 4087 3264 4160 cogitationes,
3292 4092 3477 4138 nostra

1898 4206 2085 4253 autem
2109 4192 2307 4256 virtus,
2341 4205 2437 4244 cor
2461 4188 2640 4257 ipsum
2668 4185 2743 4238 ita
2772 4181 2973 4237 afﬁciet
3001 4188 3061 4233 ut
3091 4192 3279 4233 secum
3314 4174 3479 4228 ratio-

1899 4289 2116 4345 einetur
2151 4292 2205 4339 et
2225 4280 2499 4352 expendat
2529 4276 2848 4348 spirituales
2870 4271 3037 4326 animi
3060 4268 3475 4337 conceptiones,

1898 4394 2010 4434 non
2065 4377 2176 4446 jam
2229 4369 2533 4427 secundum
2591 4379 2836 4428 carnem,
2877 4362 2931 4414 in
2984 4356 3209 4429 pacifica
3240 4354 3476 4424 quadam

227 4461 381 4530 τηρεί
404 4460 504 4530 τὴν
534 4458 699 4512 αὑτοῦ
725 4457 903 4528 ψυχήν
926 4473 939 4487 °
988 4460 1016 4511 6
1043 4457 1335 4527 φυλάσσων
1361 4458 1606 4529 ἐντολὴν,
1639 4453 1797 4524 οὗτος

1904 4445 2145 4525 amicitia
2172 4472 2228 4518 et
2254 4462 2323 4517 ab
2346 4459 2498 4515 omni
2532 4456 2658 4512 fuco
2681 4455 2885 4509 aliena.
2918 4450 3198 4519 Scriptura
3220 4445 3367 4499 enim
3391 4451 3476 4498 est

228 4556 511 4625 ὑγιαίνει.»
548 4554 658 4608 Kal.
687 4555 904 4622 ἐπάγειο
938 4572 956 4603 ι
988 4554 1274 4624 Μακάριος
1301 4553 1442 4625 ἀνὴρ
1468 4554 1525 4619 ὃς
1551 4555 1797 4608 εἰσακού-

1906 4566 1963 4621 in
1992 4559 2307 4618 Proverbiis
2332 4575 2345 4610 :
2377 4576 2394 4607 ι
2418 4555 2542 4621 Fili,
2569 4567 2639 4606 ne
2662 4546 3054 4621 praeterellluas
3083 4561 3097 4597 :
3131 4538 3346 4597 custodi
3373 4554 3474 4592 au-

229 4648 377 4701 σεταί
408 4665 534 4719 μου,
566 4648 662 4700 καὶ
689 4646 977 4716 ἄνθρωπος
1008 4646 1067 4709 ὃς
1094 4646 1193 4709 τὰς
1219 4648 1361 4716 ἐμὰς
1385 4646 1606 4710 ἐντολὰς
1628 4647 1797 4717 φυλά-

228 4740 369 4804 ξει.»
426 4739 534 4793 Καὶ
582 4741 610 4792 6
655 4737 867 4801 Παῦλος
918 4736 1202 4808 Τιμοθέῳ·
1255 4756 1273 4790 ι
1309 4739 1682 4808 Παραγγέλλω
1715 4757 1798 4794 σοι

226 4828 455 4882 ἐνώπιον
498 4828 709 4897 Κυρίου
730 4868 745 4893 ,
798 4828 1040 4899 τηρῆσαί
1074 4845 1133 4880 σε
1167 4828 1265 4899 τὴν
1294 4829 1518 4899 ἐντολὴν
1545 4830 1797 4895 ἄσπιλον,

225 4920 609 4991 ἀνεπίληπτον.
639 4939 656 4972 ι
699 4922 812 4974 Kal.
840 4920 1151 4990 Κορινθίοις
1172 4937 1185 4949 ·
1244 4940 1261 4972 ι
1299 4921 1539 4974 Ἐπαινῶ
1563 4921 1621 4974 δὲ
1653 4922 1799 4991 ὑμᾶς

226 5013 306 5063 ὅτι
352 5008 587 5063 πάντοτέ
639 5026 740 5079 μου
788 5009 1070 5080 μέμνησθε
1096 5049 1111 5073 ,
1159 5012 1253 5063 καὶ
1287 5008 1470 5075 καθὼς
1506 5011 1799 5081 παρέδωκα

227 5102 371 5169 ὑμῖν,
404 5100 505 5163 τάς
535 5099 869 5169 παραδόσεις
898 5099 1214 5170 κατέχετε.»
1250 5099 1421 5154 Τοῦτο
1446 5099 1504 5152 δὲ
1537 5100 1795 5155 παιδευό-

230 5192 363 5261 μεθα
413 5189 501 5244 διὰ
542 5190 721 5262 πάσης
766 5190 864 5261 τῆς
905 5190 1058 5255 θείας
1085 5192 1345 5263 Γραφῆς,
1400 5193 1483 5245 ὅτι
1527 5194 1587 5246 οὑ
1633 5194 1795 5264 μόνον

224 5281 493 5349 ὀφειλέται
524 5282 724 5353 ἐσμὲν,
758 5282 859 5347 τάς
892 5283 1111 5347 ἐντολὰς
1140 5284 1235 5338 τοῦ
1263 5284 1399 5338 Θεοῦ
1433 5287 1621 5357 τηρεῖν
1648 5288 1794 5343 άπα-

229 5375 497 5444 ραὸάτως,
533 5375 670 5429 ἀλλὰ
698 5378 794 5429 καὶ
826 5375 925 5440 τὰς
953 5376 1061 5430 τῶν
1092 5378 1344 5449 πατέρων
1374 5378 1553 5448 ἡμῶν,
1587 5379 1682 5432 καὶ
1710 5378 1791 5433 δι-

225 5468 503 5522 δασκάλων
530 5470 646 5522 ’καὶ
688 5469 1039 5539 ἡγουμένων,
1092 5470 1233 5540 μετὰ
1281 5471 1463 5541 πάσης
1506 5470 1792 5535 εὐλαϐείας

227 5557 497 5627 ἀτρώτους
549 5559 953 5629 διαφυλάττειν.
1006 5561 1176 5631 Φησὶν
1224 5561 1281 5615 δὲ
1336 5563 1430 5614 καὶ
1480 5563 1507 5614 6
1551 5561 1786 5632 Κύριοςο

232 5666 251 5699 ι
274 5646 456 5717 Ὑμεῖς
488 5648 628 5717 φίλοι
658 5666 756 5719 μου
784 5650 1053 5718 ὲστὲ,ὲάν,
1088 5650 1125 5705 ἃ
1150 5651 1261 5719 ἐγὼ
1287 5652 1604 5720 ἐντέλλομαι
1634 5653 1781 5721 ὑμῖν,

298 5761 340 5792 ⁸⁸
372 5760 569 5814 Ezech.
619 5778 727 5825 xw,
756 5763 805 5815 6.
932 5763 974 5793 ⁵⁷
1007 5764 1201 5817 Ezech.
1242 5782 1387 5825 xvm.
1423 5766 1511 5819 51.

235 5830 278 5867 ⁷⁸
310 5830 466 5886 Prov.
504 5846 613 5900 nx,
648 5832 737 5899 20,
782 5832 869 5886 2|.
948 5834 991 5863 ⁷²
1026 5835 1186 5891 Prov.
1219 5852 1287 5901 iv,
1319 5836 1507 5889 20-22.

1619 5765 1661 5796 ⁵⁸
1706 5766 1880 5820 Levit.
1924 5784 2051 5827 xxn.
2109 5766 2195 5820 3i.

1586 5838 1630 5868 ⁷⁸
1664 5836 1843 5892 Eccle.
1878 5853 1990 5904 vm,
2019 5837 2071 5893 5.

1895 4666 2007 4711 tem
2051 4651 2342 4709 consilium
2376 4662 2559 4702 meum
2590 4655 2646 4699 et
2670 4641 2839 4697 animi
2874 4639 2984 4694 mei
3019 4634 3373 4697 sententiam,
3413 4638 3475 4685 ut

1894 4749 2045 4804 vivat
2069 4746 2250 4800 anima
2297 4752 2393 4795 tua
2425 4747 2481 4794 et
2514 4736 2764 4792 ambules
2804 4730 3090 4787 conlidens
3127 4728 3183 4780 in
3216 4740 3351 4794 pace
3374 4738 3474 4792 per

1893 4853 2088 4894 omnes
2109 4836 2229 4889 vias
2255 4842 2380 4887 tuas
2406 4847 2420 4884 :
2453 4829 2723 4883 Dominus
2750 4824 2898 4880 enim
2926 4820 3106 4876 aderit
3135 4817 3233 4872 tibi
3266 4817 3320 4869 in
3349 4829 3471 4870 om-

1892 4931 2059 4985 nibus
2091 4927 2196 4981 viis
2226 4924 2419 4979 tuis".
2451 4921 2710 4975 rlterum
2742 4934 2755 4971 :
2796 4936 2813 4968 ι
2841 4912 3072 4970 Custodi
3100 4908 3377 4969 mandata.
3402 4921 3473 4960 ne

1893 5013 2263 5077 obliviscaris,
2301 5009 2417 5065 noli
2452 5007 2742 5077 despicere
2772 5018 2835 5057 os
2869 4986 3076 5063 meum,
3111 5009 3168 5052 et
3205 5012 3275 5050 ne
3300 4993 3473 5048 decli-

1897 5121 1999 5161 nes
2031 5121 2061 5160 a
2095 5103 2284 5159 verbis
2329 5101 2444 5156 oris
2472 5097 2603 5162 mei,
2624 5110 2806 5164 neque
2851 5091 3210 5159 derelinquas
3238 5085 3472 5140 manda-

1896 5205 2015 5251 tum
2048 5196 2173 5259 hoc,
2199 5202 2256 5248 et
2284 5190 2571 5263 adjuvabit
2594 5198 2666 5241 te.
2698 5185 2825 5249 Fili,
2857 5182 3046 5238 verbis
3079 5179 3217 5234 meis
3250 5192 3472 5232 accom-

1896 5287 2060 5343 moda
2097 5299 2307 5348 aurem,
2357 5291 2413 5337 et
2450 5279 2664 5335 custodi
2697 5279 2754 5332 in
2801 5276 2966 5332 corde
3016 5285 3133 5330 tuo.
3170 5273 3293 5327 Vita
3321 5271 3471 5325 enim

1891 5389 1979 5436 est
2015 5376 2426 5433 invenientibus
2464 5388 2527 5427 ea
2552 5412 2567 5437 ,
2602 5379 2659 5425 et
2707 5368 2857 5426 omni
2904 5366 3057 5422 cordi
3097 5365 3306 5421 sanitas
3337 5363 3405 5415 ⁷³.
3446 5380 3465 5411 ι

1895 5472 1965 5526 Ει
1995 5470 2049 5524 in
2073 5467 2403 5524 Ecclesiaste
2438 5482 2451 5518 :
2495 5483 2512 5516 ι
2558 5464 2662 5531 Qui
2711 5461 2951 5518 custodit
2983 5458 3325 5519 mandatum,
3360 5468 3470 5506 non

1896 5567 2189 5634 cognoscet
2210 5557 2438 5614 verbum
2464 5557 2665 5610 malum
2700 5574 2713 5608 :
2742 5555 2836 5625 qui
2861 5551 3102 5609 custodit
3129 5547 3469 5607 mandatum,

1896 5654 1987 5707 hic
2027 5665 2192 5707 sanus
2218 5658 2303 5705 est
2337 5651 2403 5704 ⁷³.
2442 5670 2459 5701 ι
2497 5648 2714 5703 lnducit
2752 5664 2765 5700 ε
2811 5666 2827 5695 ι
2867 5646 3066 5699 Beatus
3097 5642 3180 5695 vir
3208 5639 3467 5693 exaudiet

2308 5767 2349 5797 θ’
2382 5764 2613 5819 Zachar.
2648 5780 2724 5830 ιιι,
2756 5765 2805 5816 7.
2914 5760 2957 5789 ⁷⁰
2982 5757 3341 5817 [ιογίινχιινι.
3383 5758 3462 5812 1‘2.
