4040 6508
543 359 672 425 1791
1811 368 2177 430 ANTIOCHI
2217 371 2567 435 MONACHI
3679 388 3803 450 179?.

536 488 649 535 uie,
673 481 729 527 et
757 473 924 529 homo
965 473 1059 544 qui
1088 474 1208 529 vias
1252 490 1404 530 meas
1433 474 1714 532 custodiet
1753 477 1821 530 “.
1858 497 1874 528 ›
1915 479 2096 534 Paulu:

2222 483 2508 553 ποιήσητε.
2525 504 2543 536 ι
2578 486 2685 540 Καὶ
2708 483 2865 552 αὖθις
2883 505 2894 518 ·
2933 508 2952 541 ι
2977 491 3104 545 Ἐὰν
3130 493 3226 557 τὰς
3253 495 3478 559 ἐντολάς
3503 513 3610 566 μου
3633 500 3804 570 τηρήο

537 563 831 619 Timotheo
863 584 877 619 :
901 565 1200 636 «Pracipio
1227 567 1325 621 tibi
1347 583 1533 622 coram
1559 569 1814 630 Domino.
1840 579 1900 624 ut
1928 587 2096 640 serve:

2223 587 2352 641 σητε
2374 615 2389 637 ,
2449 579 2663 644 μενεῖτε
2707 580 2764 631 ἐν
2793 583 2858 650 τῇ
2888 582 3080 654 ἀγάπῃ
3109 602 3211 654 μου
3237 602 3250 616 ·
3305 563 3806 658 καθὼς-κάγὼ-τᾶς

536 653 855 708 mandatum
889 655 1008 710 sine
1051 659 1261 711 macula
1283 657 1776 727 irreprchensibile
1807 661 1871 713 ⁷⁵.
1908 679 1926 712 ι
1963 661 2096 715 ldeu

2221 665 2446 730 ἐντολὰς
2475 671 2572 722 τοῦ
2605 671 2818 742 Πατρός
2847 692 2949 744 μου
2978 653 3263 748 τετήρηκα
3282 720 3296 742 ,
3344 683 3440 734 καὶ
3477 653 3626 752 μένω
3657 687 3716 736 ὲν

533 743 841 802 Corinthiis
871 763 886 801 :
924 765 942 798 ι
979 748 1170 807 Laudo
1195 757 1379 805 autem
1411 752 1562 820 quod
1594 767 1812 823 semper
1845 753 1980 808 estis
2002 767 2096 807 me

2223 757 2416 829 ἀγάπῃ
2445 761 2630 815 αὑτοῦ.
2647 781 2664 814 ι
2701 743 2860 836 Δύτῷ
2887 769 2918 839 ἡ
2947 767 3075 832 δόξα
3205 773 3335 835 τοὺς
3358 743 3662 836 aliIn-mg“
3674 743 3799 844 μήνῖ

535 853 759 905 mores,
795 849 850 894 et
901 842 1046 897 sicut
1093 843 1292 899 tradidi
1347 845 1530 909 vobis,
1591 845 1922 900 traditiones
1993 846 2196 902 tenetis
2225 849 2293 904 "°.
2334 871 2351 903 ι
2384 853 2528 918 Quin
2589 865 2646 910 et
2701 857 2808 913 hoc
2843 876 2946 915 nos
2975 862 3210 917 edocent
3243 863 3446 920 divinae
3504 842 3803 937 Scriptura:

537 945 750 995 omnes,
794 949 905 988 non
961 935 1218 990 mandata
1263 936 1360 992 Dei
1409 937 1588 992 solum
1635 937 1799 992 nobis
1847 944 2114 1006 perpetuo
2149 937 2438 996 observari
2475 943 2702 1011 debere,
2769 950 2868 1004 scd
2920 959 2976 1006 et
3018 951 3241 1006 Patrum
3290 935 3644 1019 nostrorum,
3700 957 3802 1011 do-

537 1032 756 1080 ctorum
793 1043 856 1083 ac
888 1030 1306 1097 praepositorum
1339 1041 1614 1103 praecepta
1646 1048 1771 1087 cum
1793 1032 1942 1085 omni
1971 1031 2228 1088 cautione
2253 1034 2649 1094 inviolabiliter
2715 1049 2970 1099 tenemur
3036 1047 3339 1103 custodire.
3405 1050 3496 1105 Ait
3561 1051 3803 1122 denique

535 1118 805 1175 Dominus
843 1139 857 1174 :
896 1141 914 1174 ι
954 1123 1065 1178 Vos
1094 1125 1256 1180 amici
1290 1126 1399 1180 mei
1441 1127 1597 1192 estis,
1633 1128 1678 1182 si
1715 1126 1960 1182 feceritis
1983 1141 2106 1197 quae
2142 1141 2244 1199 ego
2314 1133 2576 1202 praecipio
2613 1136 2773 1192 vobis
2820 1140 2890 1192 ’⁷.
2943 1158 2960 1189 ι
3012 1141 3230 1196 Rursus
3274 1161 3286 1196 :
3361 1163 3378 1195 ι
3431 1143 3489 1198 Si
3525 1118 3800 1216 praecepta

534 1228 656 1269 mea
708 1219 1085 1284 servaveritis,
1138 1221 1438 1277 manebitis
1490 1223 1544 1276 in
1593 1223 1892 1278 dilectione
1952 1236 2108 1286 mea;
2149 1223 2294 1278 sicut
2325 1236 2382 1280 et
2409 1242 2512 1296 ego
2541 1240 2815 1302 praecepta
2875 1233 3054 1289 Patris
3114 1235 3222 1290 mei
3252 1237 3492 1303 servavi,
3518 1247 3575 1292 et
3605 1254 3802 1295 maneo

534 1307 592 1360 in
624 1307 743 1377 ejus
773 1305 1074 1362 dilectione
1108 1309 1174 1362 ⁷⁸.
1218 1329 1237 1360 ι
1276 1308 1382 1381 Ipsi
1422 1312 1598 1382 gloria
1630 1312 1684 1367 in
1724 1313 1919 1368 saecula
1948 1311 2304 1367 saeculorum.
2329 1314 2526 1370 Amen.

1095 1417 1379 1474 HOMILIA
1404 1419 1561 1476 CXV.

1054 1529 1129 1583 De
1170 1533 1595 1586 mansuetudine.

603 1644 969 1701 Mansuetudo
1004 1647 1334 1716 obsequenti
1378 1649 1645 1704 famulatu
1680 1650 1912 1720 gratiam
1959 1665 2112 1706 eme-

536 1745 692 1791 retur
730 1738 974 1794 divinam
1021 1740 1120 1810 (i).
1151 1741 1328 1797 Moses
1371 1742 1580 1796 etenim
1624 1743 1842 1798 Domini
1872 1743 2113 1799 famulus

2817 1435 3033 1489 ΛΟΓΟΣ
3061 1438 3207 1492 PlE’.

2742 1548 2875 1613 Περὶ
2913 1550 3271 1616 πραότητος.

2297 1649 2362 1703 Ἥ
2394 1653 2636 1723 πραότης
2671 1655 2966 1726 θεραπεύει
2995 1661 3058 1713 τὸ
3085 1662 3261 1719 Θείον.
3298 1663 3410 1717 Καὶ
3437 1665 3551 1736 γὰρ
3577 1665 3608 1716 ὁ
3634 1667 3800 1720 Muti-

2217 1741 2316 1812 σῆς
2340 1742 2430 1797 διὰ
2456 1745 2515 1798 τὸ
2543 1743 2679 1800 εἶναι
2696 1750 2860 1804 αὐτὸν
2885 1753 3192 1821 πραότατον
3217 1755 3372 1823 παρὰ
3391 1757 3626 1822 πάντας,
3647 1759 3799 1828 Gepi-

535 1830 842 1893 promeruit
881 1829 1013 1896 dici,
1047 1831 1197 1900 quod
1233 1838 1463 1887 caeteros
1491 1849 1685 1887 omnes
1727 1834 1928 1888 eximia
1958 1850 2096 1889 man-

2214 1807 2331 1886 πων
2351 1834 2487 1888 Θεοῦ
2520 1839 2749 1909 ἐκλήθη,
2782 1842 2880 1896 καὶ
2903 1807 3157 1909 θιεοπτίας
3181 1807 3323 1917 ὑπὲρ
3350 1849 3565 1911 πάντας

533 1921 828 1976 suetudine
854 1925 1312 1993 antegrederetur
1344 1943 1356 1978 :
1387 1933 1550 1994 atque
1583 1925 1714 1980 hinc
1749 1927 1843 1981 Dei
1872 1927 2106 1993 visione,

534 2027 700 2082 supra
747 2023 979 2070 cunctos
1024 2016 1327 2086 pr0phetas
1366 2016 1566 2086 dignus
1609 2018 1835 2073 habitus
1871 2029 1982 2085 est;
2033 2021 2110 2074 ait

532 2103 679 2156 enim
716 2119 730 2156 :
761 2123 778 2155 ι
823 2105 892 2160 At
936 2123 1046 2161 non
1084 2108 1207 2164 talis
1235 2109 1378 2165 sicut
1408 2111 1650 2167 famulus
1691 2129 1846 2168 meus
1873 2115 2105 2186 Moyses,

531 2212 629 2252 ore
658 2198 726 2252 ad
749 2213 811 2253 os
844 2200 1041 2269 loquor
1068 2202 1118 2256 ei
1154 2203 1215 2256 ⁷³.
1257 2223 1274 2253 ›
1304 2204 1448 2269 Quin
1484 2214 1540 2258 et
1572 2205 1796 2274 quidam
1829 2206 2108 2261 temerarii

531 2286 890 2344 vehementer
917 2305 982 2345 ac
1021 2290 1279 2360 improbi,
1317 2309 1442 2348 cum
1483 2295 1752 2352 adversus
1787 2312 1912 2352 eum
1943 2309 2108 2367 atque

529 2376 803 2433 Aaronem
833 2383 1236 2438 contentiosius
1261 2386 1614 2441 coorirentur
1641 2403 1740 2457 pro
1773 2405 1989 2444 summo
2018 2405 2107 2443 sa-

530 2470 781 2526 cerdotio
799 2482 853 2527 et
874 2474 1316 2543 gentisJudaieae
1340 2478 1678 2549 principatu,
1707 2481 1855 2533 omni
1874 2497 2107 2550 prorsus

529 2564 830 2620 ambitione
866 2574 964 2620 aut
991 2566 1192 2622 eﬂ'ectu
1237 2566 1458 2637 imperii
1486 2570 1542 2623 in
1566 2580 1785 2639 gentem
1831 2571 2104 2626 retinendi

529 2667 588 2708 se
613 2653 911 2709 declaravit
939 2657 1307 2727 superiorem,
1333 2659 1586 2728 nihilque
1610 2671 1901 2716 cunctatus
1918 2663 2104 2732 populi

528 2744 934 2813 praefecturam,
977 2749 1077 2804 Dei
1119 2749 1354 2806 cedebat
1385 2749 1621 2822 judicio.
1657 2753 1874 2825 1216
1893 2753 2106 2808 Rursus

527 2837 752 2904 quando
789 2840 1056 2896 adversus
1105 2857 1232 2897 eum
1281 2845 1601 2915 congregati
1633 2854 1794 2910 sunt,
1842 2845 2103 2915 quodque

530 2928 738 2998 primas
766 2941 1113 3002 occupasset,
1157 2949 1284 2989 cum
1315 2935 1522 3004 probro
1555 2943 1612 2991 et
1641 2937 1976 2992 contumelia
2005 2938 2104 2993 ob-

523 3022 804 3092 jicientes,
844 3023 1369 3088 interminabantur,
1406 3036 1461 3082 et
1499 3028 1612 3097 jam
1661 3027 1718 3082 in
1761 3043 1888 3082 eum
1931 3045 2101 3100 prope

2210 1941 2308 1989 τας
2344 1927 2596 1995 ἠξίωται.
2651 1951 2669 1983 ι
2705 1932 2815 2002 Οὐχ
2851 1933 3025 1999 οὕτως
3064 1938 3192 2010 γὰρ,
3226 1940 3412 2008 φησὶν,
3455 1940 3534 2004 ὡς
3573 1942 3603 1992 ό
3635 1942 3794 2013 Gepi-

2212 2032 2331 2071 πων
2362 2019 2603 2091 Μωῦσῆς
2628 2059 2642 2081 ,
2697 2024 2874 2094 στόμα
2922 2026 3066 2080 κατὰ
3111 2029 3289 2094 στόμα
3323 2031 3548 2100 λαλήσω
3573 2033 3742 2102 αὐτῷ.
3773 2055 3789 2086 ι

2223 2110 2385 2165 Ἀλλὰ
2431 2114 2528 2166 καὶ
2577 2115 2667 2169 ὅτε
2717 2117 2854 2188 πρὸς
2899 2119 3064 2173 αὐτὸν
3112 2122 3326 2177 καὶτὸν
3364 2124 3581 2195 Ἀαρὼν
3617 2127 3793 2196 ίταμοξ

2209 2219 2355 2266 τινες
2410 2204 2552 2275 ὑπὲρ
2625 2207 3042 2281 ἀρχιερωσύνης
3111 2213 3204 2266 καὶ
3258 2215 3558 2285 ἐθναρχίας
3631 2221 3795 2272 ἐπανε-

2209 2292 2446 2363 έστησαν
2460 2298 2913 2366 φιλονεικοῦντες,
2947 2302 3206 2374 ὑπερεῖχε
3244 2307 3363 2375 μεθ’
3390 2307 3616 2378 ἁπάσης
3645 2309 3795 2379 φιλο-

2208 2387 2419 2456 τιμίας,
2447 2389 2542 2442 καὶ
2565 2389 2880 2463 φιλαρχίας,
2907 2396 3002 2447 καὶ
3028 2397 3347 2468 παρεχώρει
3371 2399 3450 2469 τῷ
3470 2399 3593 2471 Θεῷ
3620 2402 3796 2473 κρείτ.

2208 2491 2285 2527 τω
2336 2477 2435 2547 τὴν
2476 2478 2571 2531 τοῦ
2607 2479 2737 2534 λαοῦ
2771 2485 3131 2552 προστασίαν.
3179 2487 3399 2559 Ἐπειδὴ
3427 2489 3486 2542 δὲ
3516 2492 3615 2544 καὶ
3639 2487 3796 2556 αὖθις

2207 2565 2663 2640 ἐπεσυνήχθησαν
2689 2572 2859 2644 αὐτῷ,
2888 2577 2983 2628 καὶ
3010 2576 3136 2648 περὶ
3161 2577 3271 2632 τῶν
3297 2582 3588 2652 προτέρων
3610 2584 3796 2636 ὀνειδί-

2209 2653 2427 2716 ζοντες,
2476 2656 2774 2727 ἠπείλουν,
2826 2664 2921 2716 καὶ
2971 2664 3069 2736 ἤδη
3116 2667 3301 2736 σχεδὸν
3335 2669 3571 2725 ἔπαισαν
3611 2675 3790 2736 αὐτὸν,

2205 2746 2491 2802 ὲπεὸοὰτω
2524 2750 2623 2819 μὲν
2654 2753 2681 2803 ὁ
2717 2756 2922 2824 πρᾶος,
2975 2758 3082 2810 τῶν
3116 2761 3339 2826 ἀγαθῶν
3373 2763 3455 2825 είς
3488 2764 3791 2834 σωτηρίαν,

2205 2837 2369 2902 αὐτὸς
2395 2839 2452 2892 δὲ
2478 2840 2569 2894 τὸν
2594 2842 2728 2896 Θεὸν
2788 2845 2929 2916 ὑπὲρ
3001 2849 3181 2903 αὐτῶν
3224 2852 3568 2918 ἱλεοποιεῖτο,
3594 2855 3789 2925 λέγων’

2211 2949 2229 2981 ι
2261 2927 2322 2982 Εἰ
2353 2933 2452 3003 μὲν
2481 2935 2628 3004 ἀφῇς
2659 2937 2846 3002 αὐτοῖς
2875 2940 2974 3009 τὴν
3001 2942 3301 3013 ἁμαρτίαν,
3332 2945 3503 3014 ἄφες·
3533 2949 3582 3000 εί
3605 2948 3662 3001 δὲ
3688 2950 3788 3019 μὴ,

2205 3019 2350 3089 κάμὲ
2399 3021 2687 3095 ἐξάλειψον
2737 3027 2802 3079 ἐκ
2844 3028 2946 3098 τῆς
2991 3031 3175 3099 βίϐλου
3226 3030 3294 3105 ἧς
3332 3037 3638 3108 ἔγραψας.»
3682 3041 3790 3094 Καὶ

528 3113 878 3179 insilierant;
911 3122 1195 3169 tantacum
1221 3125 1518 3185 urgeretur
1557 3119 1908 3182 necessitate,
1939 3137 2096 3174 exer-

2203 3111 2230 3163 6
2278 3115 2584 3183 πραότατος
2636 3117 2837 3185 Δαυῒδ,
2895 3123 3308 3187 ἐπιϐουλευθεὶς
3353 3130 3508 3200 παρὰ
3537 3131 3637 3184 τοῦ
3671 3133 3785 3186 υἱοῦ

527 3211 584 3255 ta
613 3218 746 3258 voce
781 3205 1038 3259 clamavit
1065 3208 1542 3262 mansuetissimus
1565 3208 1630 3262 ad
1667 3209 1966 3280 benignum
1988 3213 2097 3266 Do-

524 3296 757 3358 minum,
803 3298 904 3352 sibi
938 3307 997 3352 ut
1049 3307 1198 3353 esset
1247 3299 1315 3354 ad
1361 3301 1596 3354 salutem
1636 3317 1647 3354 :
1681 3304 1778 3357 sed
1831 3315 1887 3358 et
1925 3305 2096 3360 Deum

522 3390 828 3459 propitium
879 3391 988 3445 illis
1035 3392 1321 3458 reddebat,
1345 3393 1546 3448 'dicens
1587 3414 1598 3448 :
1645 3416 1663 3447 ι
1698 3397 1982 3466 Siquidem
2011 3399 2097 3454 di-

518 3482 700 3536 mittis
748 3482 856 3537 illis
885 3492 1202 3553 peccatnm,
1237 3485 1491 3546 dimitte;
1530 3487 1611 3541 sin
1651 3498 1858 3553 autem,
1908 3500 1984 3544 et.
2011 3508 2096 3546 me

514 3578 704 3633 deleto
734 3578 802 3633 de
824 3579 968 3632 libro
988 3594 1152 3648 quem
1181 3580 1449 3649 scripsisti
1475 3582 1539 3634 ⁸ο.
1574 3602 1591 3631 ι
1624 3583 2098 3638 Mansuetissimus

515 3685 739 3739 quoque
761 3670 934 3725 David
971 3672 1248 3740 appetitus
1275 3688 1340 3726 ex
1370 3672 1586 3728 insidiis
1610 3693 1639 3728 a
1664 3666 1775 3728 [ilio
1796 3675 2092 3737 Absalone,

514 3761 614 3829 qui
656 3770 711 3814 et
734 3762 1016 3830 propalam
1057 3762 1112 3815 in
1149 3763 1324 3831 patris
1365 3765 1626 3820 mulieres
1663 3767 1936 3821 nefarium
1992 3769 2094 3821 ad-

519 3852 666 3906 misit
701 3853 904 3916 scelus,
932 3853 1063 3906 dum
1088 3854 1266 3908 modis
1304 3856 1564 3911 omnibus
1606 3865 1819 3926 patrem
1850 3859 1915 3913 ad
1949 3876 2094 3914 mor-

519 3956 627 3998 tem
663 3953 915 4004 venatur,
953 3960 1101 4005 vere.
1155 3945 1402 4014 inquam.
1440 3958 1764 4005 mansuetus
1808 3952 1978 4006 David
2004 3954 2094 4020 jn-

517 4045 658 4098 stns,
689 4051 791 4090 nec
837 4035 1004 4090 ullius
1043 4051 1255 4090 memor
1283 4048 1523 4107 acceptae
1555 4039 1792 4110 injuriae,
1831 4058 1929 4110 pro
1963 4059 2091 4112 par-

517 4127 690 4181 ricida
735 4128 1020 4181 luctuosas
1072 4128 1392 4182 eﬂundebat
1426 4130 1712 4200 lacrymas.
1761 4132 1874 4186 Nec
1908 4149 2088 4198 secus,

514 4234 641 4273 cum
677 4219 859 4274 Semei
893 4219 1274 4274 maledicentia
1305 4228 1361 4274 et
1385 4223 1768 4276 exsecratione
1798 4223 1979 4292 ipsum
2009 4225 2093 4280 in-

514 4321 756 4367 cesseret
788 4321 844 4366 et
872 4320 1156 4382 appeteret
1180 4313 1380 4367 crebro
1413 4315 1562 4384 jactu
1614 4314 1858 4383 lapidum
1886 4357 1900 4380 ,
1950 4317 2090 4373 adeo

2201 3204 2368 3258 αὑτοῦ
2419 3210 2799 3278 ἐργασαμένου
2862 3217 3168 3285 ἀναφανδὸν
3223 3219 3283 3271 τὸ
3335 3223 3493 3292 μῖσος
3560 3226 3645 3287 εἰς
3692 3226 3788 3288 τὰς

2200 3296 2367 3350 αὐτοῦ
2418 3304 2708 3370 γυναῖκας,
2750 3307 2845 3358 καὶ
2893 3307 3187 3378 ζητοῦντος
3233 3313 3396 3364 αὐτὸν
3437 3316 3782 3382 ἀποκτεῖναι,

2198 3389 2226 3441 ὁ
2258 3390 2474 3461 ἀληθῶς
2505 3397 2680 3464 πρᾶος
2729 3401 2822 3452 καὶ
2853 3401 3085 3468 δίκαιος,
3125 3406 3217 3458 καὶ
3247 3404 3598 3472 ἀνεξίκακος,
3643 3411 3784 3481 ὑπὲρ

2199 3481 2364 3535 αὑτοῦ
2392 3483 2634 3556 ἐθρήνει.
2671 3488 2904 3558 Ὁμοίως
2935 3495 3149 3548 καὶτοῦ
3180 3497 3351 3566 Σεμεῖ
3383 3503 3782 3571 καταρωμένου

2197 3574 2398 3637 αὐτὸν,
2452 3581 2547 3631 καὶ
2594 3579 2941 3649 λιθάζοντος,
2992 3587 3090 3640 οὐκ
3133 3589 3378 3660 ὠργίσθη
3435 3595 3559 3646 κατ’
3587 3597 3777 3660 αὑτοῦ,

2195 3668 2311 3722 ἀλλ’
2348 3667 2499 3724 εἶπεν
2546 3678 2658 3739 τοῖς
2704 3681 2890 3733 παισὶν
2932 3683 3099 3735 αὑτοῦ
3147 3683 3566 3757 διαπριομὲνοις
3615 3692 3780 3745 αὑτὸν

2196 3762 2437 3818 ἀνελεῖν·
2500 3785 2520 3817 ι
2553 3767 2754 3837 Ἅφετε
2809 3772 2972 3825 αὑτὸν
3021 3778 3368 3847 καταρᾶσθαι
3403 3781 3494 3831 τὸν
3530 3783 3720 3835 Δαυῖδ.
3753 3804 3770 3834 ι

2195 3854 2434 3921 Εἰκότως
2457 3854 2552 3912 οὖν
2578 3860 2793 3930 ἔλεγεν·
2838 3883 2855 3914 ι
2885 3866 3192 3940 Μνήσοητι,
3229 3869 3428 3939 Κύριε,
3462 3872 3562 3925 τοῦ
3594 3876 3774 3939 Annia,

2195 3949 2287 4000 ml.
2343 3951 2521 4022 πάσης
2568 3954 2668 4024 τῆς
2708 3956 3022 4026 πραότητος
3059 3960 3248 4015 αὐτοῦ.
3279 3981 3297 4013 ι
3342 3963 3527 4016 Ἱκανὰ
3560 3967 3664 4035 μὲν
3686 3963 3776 4020 οὖν

2196 4040 2573 4112 ὑποδείγματα
2641 4047 2750 4100 τῶν
2811 4051 3116 4105 Θεσπεσίων
3172 4053 3377 4106 τούτων
3431 4057 3650 4128 ἀνδρῶν
3711 4059 3776 4112 τὰ

2193 4134 2548 4219 φρονήματα,
2599 4141 2711 4202 τοῖς
2747 4140 3095 4212 βουλομένοις
3126 4147 3474 4215 μιμήσασθαι
3508 4150 3571 4202 τὸ
3600 4153 3774 4220 πρᾶον

2190 4224 2372 4278 αὐτῶν
2408 4229 2500 4280 καὶ
2528 4229 2850 4296 ἀνεξίκακον
2870 4275 2885 4294 ,
2937 4235 3086 4299 ὅπως
3117 4239 3213 4291 σὺν
3242 4239 3430 4302 αὐτοῖς
3460 4241 3772 4296 ἀκούσωσιν

2192 4318 2340 4388 παρὰ
2372 4319 2465 4373 τοῦ
2498 4322 2701 4392 Κυρίου
2729 4341 2741 4354 ·
2805 4344 2823 4376 ι
2856 4328 3135 4399 Μακάριοι
3167 4330 3216 4384 oi
3247 4336 3469 4403 πραεῖς,
3500 4335 3588 4388 ὅτι
3615 4337 3772 4389 αὐτοὶ

513 4405 653 4458 nihil
689 4403 954 4459 adversus
981 4404 1134 4458 illum
1167 4404 1421 4474 concepit
1457 4406 1554 4459 irae
1575 4446 1588 4469 ,
1621 4415 1681 4460 ut
1708 4410 1872 4462 etiam
1915 4411 2089 4465 servis

2199 4409 2696 4484 κληρονομήσουσιν
2748 4416 2849 4488 τὴν
2899 4420 3010 4474 τῶν
3056 4422 3279 4492 πραέων
3325 4425 3452 4494 γῆν.
3490 4447 3510 4480 ι
3570 4427 3630 4480 ἸΙ
3666 4432 3773 4498 γὰρ

510 4496 627 4551 suis
666 4495 721 4550 in
766 4496 916 4550 illius
952 4496 1190 4567 improbi
1229 4512 1422 4551 necem
1454 4497 1692 4553 stridore
1727 4499 1966 4568 quodam
1993 4517 2087 4572 ge-

2199 4503 2337 4556 κατά
2379 4504 2511 4560 Θεὸν
2557 4484 2822 4579 πραότης,
2864 4510 3028 4582 ἔργον
3060 4484 3179 4567 ὲέτι
3225 4484 3540 4587 θεάρεστον,
3581 4484 3772 4573 svo-td.—

510 4588 829 4652 stientibus,
877 4588 1076 4642 dixerit
1116 4607 1130 4642 :
1173 4609 1189 4639 ι
1232 4587 1411 4644 Sinite
1449 4605 1575 4644 eum
1624 4591 1960 4647 maledicere
1987 4593 2091 4648 Da-

508 4680 598 4735 vid
630 4679 695 4732 ".
753 4699 772 4731 ι
819 4679 1026 4734 Decore
1073 4680 1242 4752 igitur
1281 4689 1338 4736 et
1384 4681 1674 4737 commode
1723 4683 1770 4738 is
1815 4683 2084 4742 dicebat:

514 4793 532 4827 ι
564 4773 859 4838 Memento,
890 4773 1118 4829 Domine
1144 4774 1335 4840 David,
1360 4784 1413 4829 et
1435 4775 1616 4830 omnis
1646 4778 2088 4836 mansuetudinis

505 4867 627 4935 ejus
651 4867 718 4920 ".
757 4885 775 4916 ι
807 4866 1042 4920 Abunde
1075 4867 1301 4936 quidem
1343 4867 1724 4936 exemplorum
1753 4869 1890 4924 mihi
1925 4870 2087 4927 indu-

506 4965 657 5008 ctum
706 4955 777 5009 sit
808 4956 862 5009 in
896 4969 1088 5010 eorum
1128 4956 1383 5026 gratiam,
1419 4957 1514 5026 qui
1557 4957 1808 5012 virorum
1847 4959 2082 5016 istorum

506 5046 665 5116 plane
711 5048 1123 5103 admirabilium
1172 5050 1448 5104 constanti
1483 5049 1781 5120 prudentia
1821 5055 2081 5122 permoti,

505 5140 709 5194 imitari
739 5141 972 5212 cupiunt
1003 5144 1482 5199 mansuetudinem
1507 5154 1673 5214 atque
1704 5145 2082 5212 clementiam,

506 5242 566 5287 ut
603 5236 855 5292 cumillis
892 5238 1021 5293 olim
1053 5239 1280 5294 audiant
1315 5256 1326 5292 :
1361 5259 1379 5287 ι
1413 5239 1564 5294 Beati
1605 5239 1786 5304 mites,
1819 5241 2079 5310 quoniam

2190 4612 2393 4650 τακτον
2416 4613 2437 4626 ’
2491 4617 2510 4648 ι
2555 4600 2679 4653 Ἐπὶ
2706 4601 2825 4654 τίνα
2853 4603 2983 4672 γὰρ,
3013 4606 3198 4677 φησὶν,
3230 4608 3542 4678 ἐπιϐλέψω,
3589 4611 3708 4664 ἀλλ’
3737 4613 3768 4682 ἦ

2190 4688 2286 4742 ἐπὶ
2332 4689 2424 4744 τὸν
2466 4692 2724 4746 ταπεινὸν
2764 4694 2856 4746 καὶ
2894 4697 3070 4767 πρᾶον
3105 4699 3201 4752 καὶ
3231 4699 3472 4769 ἡσύχιον,
3515 4703 3614 4754 καὶ
3645 4705 3768 4772 τρὲο

2193 4783 2364 4850 μοντὰ
2396 4799 2498 4851 μου
2522 4784 2647 4847 τοὺς
2671 4783 2900 4854 λόγους;
2926 4805 2945 4838 ι
2976 4789 3199 4860 Τερπνὴ
3227 4791 3326 4860 μὲν
3351 4791 3579 4860 Θεωρία,
3601 4795 3769 4864 γαλη·

2187 4871 2360 4926 νιῶσα
2412 4873 2658 4929 Θάλασσα
2681 4915 2697 4939 ,
2753 4877 2881 4930 ἀλλ’
2923 4879 3024 4932 ούκ
3060 4880 3207 4934 ἐστιν
3240 4885 3583 4955 τερπνοτέρα
3616 4888 3766 4955 εἰρη-

2189 4967 2347 5033 νικῆς
2374 4967 2783 5030 καταστάσεωςο
2821 4969 3172 5042 γαληνιὼσης
3203 4973 3299 5042 μὲν
3324 4974 3436 5044 γὰρ
3463 4973 3763 5044 Θαλάσσης,

2190 5056 2560 5122 ὲγκυϐιστῶσι
2591 5057 2858 5126 δελφῖνοι·
2913 5062 3166 5132 εἰρηνικῇ
3199 5064 3254 5117 δὲ
3285 5065 3644 5130 καταστάσει,
3683 5069 3764 5120 ἐν·

2184 5146 2402 5214 ηχεῖται
2434 5146 2655 5216 ῥήματα.
2685 5148 2958 5220 εὐπρεπῆ.
3013 5151 3183 5219 Φησὶν
3209 5152 3266 5205 δὲ
3293 5155 3386 5206 καὶ
3411 5156 3439 5206 ό
3469 5155 3723 5218 Ἰάκωϐος
3743 5172 3759 5186 ο

2187 5255 2208 5285 ι
2232 5237 2581 5308 Ἀποθέμενοι
2615 5240 2795 5295 πᾶσαν
2820 5242 3020 5295 κακίαν
3054 5245 3146 5297 καὶ
3173 5247 3470 5317 ῥυπαρίαν,
3499 5250 3559 5300 ὲν
3584 5250 3760 5320 πραΰ-

504 5325 607 5395 ipsi
646 5327 972 5385 hatreditate
1018 5331 1388 5402 possidebunt
1418 5340 1622 5385 terram
1653 5330 1958 5385 mansuetis
1991 5348 2081 5387 re-

2199 5347 2306 5400 τητι
2339 5329 2473 5402 [τῆς
2503 5331 2768 5405 καρδίας]
2801 5335 3026 5402 δέξασθε
3057 5338 3148 5391 τὸν
3181 5338 3419 5408 ἔμφυτον
3449 5340 3629 5408 λόγον,
3665 5340 3756 5394 τὸν

503 5419 737 5488 positam
767 5421 833 5476 ⁷⁸.
870 5442 888 5474 ι
923 5423 1090 5492 Sane,
1120 5440 1242 5495 qua:
1270 5422 1580 5480 secundum
1605 5423 1779 5478 Deum
1809 5432 1896 5478 est
1925 5438 2081 5477 man-

571 5558 620 5588 "
647 5556 810 5613 Prov.
853 5575 965 5625 vin,
997 5559 1088 5614 54.
1163 5561 1209 5591 ’⁵
1237 5561 1256 5614 1
1285 5560 1428 5616 Tim.
1484 5578 1557 5625 vl,
1611 5561 1694 5615 H.

1771 5561 1864 5614 "l
1903 5559 2029 5616 Cor.
2086 5578 2157 5626 ιιι,
2214 5561 2268 5614 2.

502 5627 548 5658 ⁸¹
574 5626 747 5682 Exod.
774 5645 938 5695 (χχιι,
962 5630 1049 5684 52.
1125 5630 1166 5663 ⁶¹
1200 5631 1241 5684 ll
1271 5632 1405 5703 Reg.
1457 5648 1565 5694 xvu,
1608 5632 1691 5686 10.
1765 5631 1811 5663 ⁸³
1837 5631 1978 5686 Psal.
2014 5647 2190 5695 cxxxn,
2231 5631 2279 5685 1.

2179 5421 2476 5493 δυνάμενον
2512 5424 2683 5475 σῶσαι
2718 5424 2818 5487 τὰς
2849 5425 3026 5496 ψυχὰς
3059 5426 3233 5498 ὑμῶν.
3258 5447 3275 5478 ι
3295 5430 3354 5482 '0
3383 5429 3442 5480 δὲ
3479 5429 3752 5500 ’Υμνῳδὺς

2346 5558 2606 5682 τζιιῧειῗὼ
2625 5575 2712 5623 xv,
2744 5559 2827 5684 lii.
2906 5561 2952 5592 ⁷⁵
2989 5561 3120 5617 ibid.
3157 5561 3242 5618 10.
3317 5565 3362 5596 *θ
3388 5563 3551 5619 Νιιιιι.
3579 5581 3673 5630 xn,
3698 5563 3748 5620 8.

2440 5661 2453 5682 ι
2492 5644 2520 5682 a
2617 5671 2629 5681 .
2663 5645 2711 5684 ν.
2784 5669 2798 5684 .

2440 5644 2629 5682 mauu.
2663 5645 2711 5694 ν,
2744 5644 2798 5684 4.

2040 5743 2247 5800 NOTAE
2259 5782 2270 5797 .

577 5831 653 5904 (1)
682 5832 807 5888 11πο
833 5833 1022 5889 eadem
1063 5835 1224 5890 habet
1341 5835 1562 5908 Dionys.
1600 5836 1798 5907 ιιι-(ευρ.
1833 5839 1994 5908 epist.
2023 5837 2072 5901 8,
2117 5839 2183 5892 ad
2210 5836 2590 5905 Demophilum
2626 5838 2976 5909 monachum,
3006 5841 3078 5896 Dc
3106 5840 3463 5914 benignitate.
