3960 6502
158 378 301 442 1793

1176 370 1501 432 lIOMILIA
1538 371 1737 432 CXVI.
1764 394 1829 406 -
1861 371 1959 431 DE
1996 369 2427 432 PATIENTIA.

3287 370 3424 439 1794

158 487 365 541 Δαυῖδ·
412 505 430 536 ι
452 480 882 552 Ἀναλαμὸάνων
921 480 1116 552 πραεῖς
1147 480 1175 534 6
1203 480 1453 550 Κύριοςὴ
1474 480 1736 533 ταπεινῶι

1850 482 2106 545 suetudo,
2140 482 2252 535 Deo
2292 482 2396 550 ipsi
2437 480 2678 550 gratiosa
2721 491 2806 537 est
2836 491 2894 537 et
2921 497 3190 553 perquam
3218 488 3431 541 amabio

158 582 217 635 δὲ
246 577 610 649 ἁμαρτωλοὺς
642 574 743 637 ἕως
774 574 894 642 γῆς.
924 592 941 623 ι
978 574 1083 625 Καί
1111 590 1123 602 ·
1166 592 1183 624 ι
1225 573 1514 644 Ὀδηγήσει
1548 575 1757 643 πραεῖς,

156 674 222 726 ὲν
249 671 454 741 κρίσει,
490 667 691 733 διδάξει
721 665 875 727 ὁδοὺς
906 665 1129 718 αὐτοῦ.»
1170 665 1282 718 Καὶ
1311 664 1469 724 ἄλλος
1488 681 1502 694 ·
1550 682 1568 714 ι
1598 664 1742 725 Λαὸν

158 764 348 835 πραῢν
373 762 538 815 σώσει
558 759 787 828 Κύριος,
809 758 1122 827 ὀφθαλμοὺς
1144 756 1201 809 δὲ
1221 756 1499 809 ταπεινῶν
1518 754 1735 808 σώσει.»

168 857 232 909 '0
260 857 319 909 δὲ
351 854 554 924 ἀγαθὸς
582 852 742 922 ἡμῶν
766 850 972 921 Κύριος
992 866 1008 881 ο
1051 848 1419 931 «Ἀρατψ
1441 847 1606 915 ζυγόν
1636 859 1740 917 μου

157 947 246 1014 ἐφ’
276 948 456 1016 ὑμᾶς,
506 943 603 998 καὶ
656 940 859 1013 μάθετε
911 941 1006 993 ἀπ’
1037 927 1351 1009 ὲμοῦξῗτι
1402 938 1576 1008 πρᾶός
1625 939 1743 1007 είμι

160 1040 258 1092 καὶ
295 1038 553 1100 ταπεινὸς
600 1039 666 1107 τῇ
703 1034 902 1105 καρδία
926 1074 940 1096 ,
995 1034 1088 1086 καὶ
1134 1032 1397 1102 εὑρήσετε
1432 1032 1742 1084 ἀνάπαυσιν

156 1133 280 1193 ταῖς
330 1130 532 1200 ψυχαῖς
574 1127 750 1198 ὑμῶν.
809 1126 868 1177 '0
891 1124 1000 1195 γὰρ
1032 1121 1196 1191 ζυγός
1225 1140 1326 1192 μου
1353 1122 1609 1193 χρηστὸς,
1646 1124 1741 1176 καὶ

155 1224 223 1275 τὸ
271 1222 491 1293 φορτίον
541 1238 644 1290 μου
695 1218 931 1288 ἐλαφρόν
975 1219 1143 1270 ἐστιν.
1177 1236 1195 1268 ι
1252 1215 1411 1287 Δύτῷ
1442 1217 1475 1285 ή
1502 1215 1627 1280 δόξα
1660 1218 1741 1278 είς

154 1314 289 1375 τοὺς
322 1314 541 1375 αἰῶνας.
593 1314 785 1381 Ἀμήν.

1805 572 1812 579 ’
1846 574 1934 627 lis.
1967 573 2058 627 Ait
2084 574 2232 627 enim
2263 591 2275 626 :
2312 593 2329 624 ι
2358 575 2439 628 Ad
2463 590 2629 643 quem
2680 574 2973 643 respiciam
3001 576 3107 631 nisi
3144 578 3211 630 ad
3242 578 3428 634 humi-

1844 662 1954 718 lem
1986 671 2044 718 et
2068 673 2419 719 mansuetum
2448 674 2503 719 et
2540 666 2817 735 quietum,
2847 681 2912 721 ac
2945 677 3272 722 trementem
3303 684 3427 724 ser-

1847 771 2044 811 mones
2073 770 2228 810 meos
2256 756 2342 809 “?
2378 774 2396 807 ι
2432 757 2683 811 Jncunda
2724 774 2857 813 sane
2904 776 3068 828 quam
3099 771 3184 815 est
3212 762 3428 831 paciﬁci

1848 856 2026 902 status
2062 848 2459 917 contemplatio
2512 848 2609 919 (l).
2658 848 2971 907 Constratis
3020 853 3229 906 etenim
3259 855 3428 909 maris

1848 940 2129 1003 ﬂuctibus,
2182 940 2475 1010 delphines
2521 956 2698 1010 prono
2756 943 2810 996 in
2844 959 3033 1012 aequor
3063 945 3241 1013 capite
3281 944 3429 1000 desi-

1849 1033 2052 1087 lientes
2075 1032 2371 1085 urinantur
2389 1041 2447 1085 et
2468 1032 2700 1087 adnant.
2726 1032 2877 1087 Ordo
2897 1036 3191 1103 tranquilla
3215 1036 3270 1089 in
3292 1052 3427 1105 pace

1846 1121 1893 1176 si
1914 1131 2021 1185 est,
2048 1136 2332 1176 sermones
2363 1122 2583 1176 abunde
2612 1123 2993 1187 cﬁ‘unduntur,
3023 1125 3211 1180 decori
3237 1126 3427 1181 admo-

1846 1214 1978 1269 dum
2027 1224 2084 1269 et
2123 1214 2383 1269 modesti.
2424 1214 2513 1268 Ait
2560 1224 2743 1270 autem
2792 1225 2849 1271 et
2887 1217 3126 1271 Jacobus
3164 1235 3177 1271 :
3224 1237 3241 1269 ι
3272 1219 3426 1289 Αὶήί-

1846 1306 2060 1361 cientes
2113 1321 2333 1360 omnem
2386 1308 2830 1372 immunditiam,
2882 1310 2937 1363 in
3000 1312 3426 1367 mansuetudine

156 1406 428 1477 suscipite
460 1405 686 1459 insitum
716 1404 949 1458 verbum
1017 1402 1168 1471 quod
1234 1412 1419 1472 potest
1483 1402 1695 1455 salvarc
1758 1400 1972 1455 animas
2014 1409 2233 1454 vestras
2276 1398 2345 1453 ⁸⁸.
2405 1419 2423 1450 ι
2491 1400 2833 1470 Hymnorum
2888 1406 3073 1473 regius
3123 1420 3424 1461 eoneentor

157 1500 379 1555 David:
430 1517 448 1549 ι
493 1496 810 1566 Suscipiens
861 1503 1181 1549 mansuetos
1221 1495 1506 1556 Dominus,
1560 1493 1859 1549 humilians
1922 1502 2108 1547 autem
2149 1502 2470 1561 peccatores
2536 1508 2709 1562 usque
2778 1494 2846 1546 ad
2897 1503 3100 1550 terram
3132 1498 3198 1551 ⁸⁸.
3240 1517 3259 1548 ι
3313 1500 3421 1553 Et:

165 1612 183 1643 ι
225 1590 459 1646 Docebit
495 1590 657 1643 mites
686 1589 805 1641 vias
843 1602 971 1641 suas
998 1588 1066 1639 ⁸⁷.
1115 1606 1131 1637 ι
1170 1587 1323 1640 Alius
1362 1602 1374 1637 :
1412 1606 1428 1636 ‹
1466 1586 1736 1654 Populum
1778 1586 2042 1639 humilem
2108 1586 2320 1640 salvum
2348 1584 2512 1638 faciet
2569 1585 2853 1649 Dominus,
2888 1588 3078 1642 oculos
3111 1598 3292 1643 autem
3324 1608 3421 1645 su-

156 1684 462 1754 perborum
508 1679 824 1733 humiliabit
888 1679 957 1732 ⁸⁸.
1011 1697 1028 1727 ι
1085 1677 1189 1732 Sed
1244 1686 1301 1731 et
1351 1678 1624 1747 benignus
1695 1677 1811 1744 ipse
1851 1677 2118 1730 Dominus
2171 1685 2416 1731 noster:

2470 1693 2491 1725 τ
2541 1675 2741 1731 Tollite
2791 1679 2981 1749 jugum
3033 1695 3214 1734 meum
3257 1697 3425 1751 super

162 1794 287 1841 vos,
332 1786 388 1831 et
434 1762 630 1830 discite
678 1789 707 1827 a
742 1790 829 1828 me
879 1773 1005 1842 quia
1057 1774 1208 1827 mitis
1255 1789 1375 1827 sum
1424 1781 1479 1826 et
1520 1772 1745 1825 humilis
1784 1771 1950 1825 corde
1978 1812 1991 1835 ,
2032 1782 2088 1827 et
2142 1771 2438 1825 invenietis
2480 1770 2729 1838 requiem
2814 1770 3105 1825 animabus
3182 1773 3420 1841 vestris;

154 1872 347 1941 jugnm
377 1870 524 1923 enim
554 1882 737 1922 meum
763 1882 929 1921 suave
957 1875 1060 1929 est,
1097 1874 1152 1920 ct
1188 1882 1329 1921 onus
1362 1866 1480 1919 leve
1505 1865 1672 1919 est".
1707 1884 1723 1913 ι
1768 1863 1874 1932 lpsi
1906 1864 2077 1933 gloria
2109 1865 2162 1917 in
2197 1864 2414 1918 szecula.
2443 1863 2638 1917 Amen.

753 1980 972 2033 ΑοΓοΣ
1008 1978 1171 2046 Ριςῖι.

341 2097 481 2166 Περὶ
516 2097 621 2151 τοῦ
651 2095 986 2151 ἀδικεῖσθαι
1014 2136 1027 2159 ,
1071 2095 1169 2150 καὶ
1196 2094 1281 2163 μὴ
1312 2094 1563 2149 ἀδικεῖν.

237 2270 375 2338 Περὶ
404 2268 497 2322 τοῦ
534 2268 607 2339 μὴ
638 2267 843 2321 ἀδικεῖν
878 2269 905 2320 6
938 2265 1167 2329 παλαιὸς
1198 2265 1359 2337 νόμος
1391 2267 1738 2336 προστάττει.

163 2367 297 2435 Περὶ
346 2365 401 2417 δὲ
438 2365 533 2417 τοῦ
577 2364 887 2417 ἀδικεῖσθαι
952 2362 1045 2417 καὶ
1124 2364 1497 2433 εὐχαριστεῖν,
1548 2365 1576 2416 6
1623 2362 1743 2427 νέος

166 2455 605 2525 παρακελεύεται
634 2495 651 2520 ,
716 2455 921 2525 μᾶλλον
950 2454 1007 2505 δὲ
1047 2454 1077 2506 ὁ
1107 2453 1198 2505 τοῦ
1230 2452 1393 2522 νόμου
1425 2453 1741 2523 πληρωτὴς,

161 2549 243 2610 είς
290 2547 604 2615 τελειότητα
656 2546 752 2599 καὶ
801 2544 1077 2598 υἱοθεσίαν
1126 2544 1277 2611 ἄγων
1310 2545 1398 2597 τὸν
1430 2545 1737 2615 ἄνθρωπον.

167 2660 185 2689 ι
220 2638 438 2692 Γίνεσθε
463 2638 592 2709 γὰρ,
618 2638 808 2707 φησιν,
836 2636 1202 2707 οἰκτίρμονες,
1220 2635 1294 2698 ὡς
1323 2636 1350 2687 6
1376 2636 1561 2707 Πατὴρ
1589 2637 1741 2705 ὑμῶν

158 2733 191 2784 6
212 2731 463 2801 οὐράνιος
493 2729 793 2800 οἰκτίρμων
827 2730 995 2782 ἐστίν.
1026 2746 1044 2779 ι
1081 2728 1202 2798 Χρὴ
1226 2728 1407 2780 τοίνυν
1434 2728 1525 2779 τὸν
1556 2728 1739 2796 βουλό-

165 2840 328 2894 μενον
351 2822 615 2893 λαμπρὰν
635 2820 1008 2875 ἀναδύσασθαι
1032 2820 1213 2891 νίκην,
1239 2820 1314 2892 μὴ
1339 2820 1500 2891 μόνον
1523 2820 1739 2892 ὑϐριζό-

165 2933 329 2987 μενον
378 2915 473 2969 καὶ
517 2914 876 2985 ἀδικούμενον
922 2913 1111 2984 φέρειν
1153 2914 1447 2980 γενναίως,
1484 2911 1617 2967 ἀλλὰ
1646 2913 1739 2964 καὶ

161 3009 388 3061 πλείονα
418 3007 683 3078 παρέελειν
710 3007 789 3077 τῷ
816 3005 1117 3067 ἀδικοῦντι.
1148 2999 1223 3057 ὧν
1256 3004 1503 3075 βούλεται
1530 3003 1736 3056 λαϐεῖν·

162 3101 263 3155 καὶ
310 3102 435 3164 τοὺς
484 3101 645 3171 ὅρους
692 3099 791 3167 τῆς
831 3099 1074 3169 πονηρᾶς
1104 3096 1400 3165 ἐπιθυμίας
1427 3095 1640 3148 ἐκείνου
1671 3097 1737 3165 τῇ

158 3192 412 3262 δαψιλείᾳ
435 3191 541 3259 ’τῆς
573 3189 783 3251 οἰκείας
816 3188 1122 3259 ὑπερϐῆναι
1154 3188 1520 3256 φιλοτιμίας.»
1575 3188 1615 3239 O
1645 3186 1736 3238 θέ-

2255 1979 2465 2047 1217
2504 1976 2790 2032 HOMIUA
2828 1976 3011 2032 CXVI.

1844 2096 2111 2167 lnjuriam
2145 2096 2279 2164 ferto
2325 2098 2612 2175 patienter,
2636 2111 2707 2176 'ac
2743 2095 2939 2147 nemini
2991 2095 3206 2149 interim
3239 2098 3309 2151 sis
3333 2099 3418 2151 in-

2528 2182 2729 2233 Janus.

1914 2276 1995 2329 Ne
2041 2275 2173 2345 quid
2227 2274 2443 2344 injurite
2490 2274 2731 2343 cuipiam
2788 2274 3019 2340 inferas,
3056 2276 3141 2329 lex
3178 2275 3422 2344 praescri-

1843 2354 1931 2423 bit!
1955 2378 2158 2423 vetus:
2191 2377 2245 2421 et
2281 2384 2421 2421 nova
2455 2367 2729 2429 hortatur,
2763 2367 2911 2421 illata
2955 2376 3016 2420 ut
3054 2368 3200 2421 feras
3233 2384 3423 2437 aequa-

1844 2458 2093 2521 nimiter,
2138 2472 2237 2511 nec
2284 2457 2483 2519 solum,
2523 2457 2615 2510 sed
2659 2467 2711 2510 et
2748 2473 2867 2510 eam
2915 2467 2971 2511 ut
3016 2458 3258 2524 excipias
3296 2474 3421 2512 cum

1845 2552 2157 2621 gratiarum
2212 2551 2452 2604 actione.
2506 2551 2618 2604 lmo
2674 2552 2882 2613 verius,
2933 2551 2977 2605 is
3027 2552 3120 2619 qui
3166 2552 3301 2620 legis
3337 2560 3423 2606 est

1841 2653 2277 2705 consummatur,
2319 2642 2386 2695 ad
2420 2642 2822 2711 perfectionem
2855 2652 3020 2711 atque
3065 2642 3421 2711 adoptionem

1842 2736 1897 2789 in
1934 2735 2098 2799 ﬁlios,
2125 2736 2382 2804 provehit
2430 2735 2733 2802 hominem,
2783 2718 2974 2790 dicens
3002 2753 3015 2789 :
3056 2756 3073 2787 ι
3104 2736 3292 2789 Estote
3321 2734 3425 2787 tui-

1841 2827 2171 2893 sericordes,
2221 2827 2368 2881 sicut
2406 2827 2568 2881 Pater
2612 2836 2795 2881 vester
2823 2826 3064 2882 cmlestis
3105 2826 3424 2882 misericors

1839 2918 2009 2971 est“.
2042 2938 2058 2969 ι
2098 2918 2345 2973 Necesse
2396 2918 2567 2989 igitur
2608 2918 2699 2981 sit,
2744 2925 2803 2972 ut
2834 2919 2927 2988 qui
2963 2918 3292 2972 ardentibus
3325 2933 3425 2972 vo-

1842 3010 1914 3063 tis
1956 3011 2135 3079 cupis,
2188 3011 2418 3065 obtenta
2469 3011 2715 3065 victoriae
2774 3012 2984 3073 laurea,
3024 3012 3323 3080 palmarem
3355 3026 3423 3065 ex

1843 3101 2001 3154 hoste
2030 3101 2243 3155 referre
2281 3117 2570 3169 coronam,
2598 3118 2708 3156 non
2744 3102 2920 3157 solum
2966 3113 3025 3156 ut
3054 3103 3423 3159 contumelias

1842 3191 2188 3260 iniuriasque
2243 3207 2513 3262 generose
2566 3191 2835 3261 perferas,
2890 3191 2987 3245 sed
3040 3199 3097 3246 et
3151 3201 3213 3247 ut
3265 3202 3423 3261 optes

160 3285 272 3338 λων
302 3280 392 3337 οῦν
423 3283 676 3352 γενέσθαι
710 3282 957 3352 μαθητὴς
984 3280 1079 3333 τοῦ
1106 3278 1347 3349 Χριστοῦ
1375 3319 1389 3343 ,
1445 3278 1512 3331 τά
1559 3278 1736 3347 μαθή-

1845 3287 2011 3341 etiam
2046 3285 2324 3339 atrociora
2370 3284 2647 3354 accipere,
2689 3300 2853 3353 quam
2894 3284 2941 3338 is
2980 3284 3227 3355 irrogare
3256 3285 3417 3352 velit,

163 3394 315 3447 ματα
372 3376 469 3429 τοῦ
526 3375 848 3428 διδασκάλου
918 3372 1255 3443 ἐμπράκτως
1310 3370 1735 3437 ὲναποδείξεται.

170 3483 188 3513 ι
229 3464 329 3526 ὐς
377 3462 809 3531 λοιδορούμενος,
849 3462 1036 3529 φησιν,
1070 3460 1170 3512 οὐκ
1203 3458 1595 3527 ἀντελοιδόρει,
1638 3458 1739 3510 πά-

164 3574 313 3625 σχων
349 3556 447 3607 οὐκ
478 3554 747 3623 ἠπείλει.»
800 3552 953 3605 Ἐπεὶ
986 3550 1219 3605 ἀκοῦσαι
1248 3551 1380 3620 ἔχει·
1423 3568 1441 3600 ι
1473 3549 1538 3601 Τί
1567 3566 1631 3617 με
1656 3548 1741 3601 λέ-

160 3664 319 3715 γετε,
339 3647 534 3718 Κύριε,
566 3644 760 3715 Κύριε,
798 3644 893 3697 καὶ
921 3643 980 3695 οὐ
1012 3644 1212 3695 ποιεῖτε
1240 3642 1275 3694 δ.
1305 3640 1484 3709 λέγως
1516 3660 1533 3690 ι
1577 3640 1632 3692 '0
1657 3640 1742 3691 6v-

159 3756 273 3801 τιυς
306 3738 577 3808 μαθητὴς,
617 3736 762 3789 θέλει
792 3735 1120 3799 ἀδικεῖσθαι,
1158 3736 1250 3786 καὶ
1285 3735 1359 3803 μὴ
1386 3734 1612 3797 ἀδικεῖν,
1646 3734 1739 3785 καὶ

154 3830 252 3883 διὰ
280 3829 660 3891 ταπεινώσεως
687 3828 908 3897 νικῆσαι
939 3830 1064 3888 τοὺς
1089 3826 1407 3888 ἀδικοῦντας
1429 3826 1609 3889 αὑτὸν,
1648 3826 1739 3878 καὶ

158 3922 305 3992 πρὸς
353 3923 451 3985 τὰς
493 3922 662 3992 ὀργὰς
696 3920 871 3973 αὐτῶν
904 3919 1085 3989 πραῢς
1115 3914 1273 3974 εἶναι.
1315 3919 1457 3987 Πρὸς
1485 3918 1542 3971 τὸ
1571 3934 1737 3986 μεγα·

154 4013 447 4085 λορρἧμον
492 4012 707 4078 αὐτῶν,
763 4011 1181 4078 ταπεινόφρων,
1240 4008 1377 4079 πρὸς
1422 4010 1481 4061 τὸ
1525 4008 1736 4077 ἄγριον,

152 4108 370 4175 ἥμερος
399 4121 412 4135 ⁸
470 4105 563 4157 καὶ
597 4104 670 4173 μὴ
702 4100 1023 4173 ὁμοιοῦσθαι
1056 4102 1242 4163 αὐτοῖς
1273 4102 1329 4152 ἐν
1361 4099 1569 4168 μηδενὶ,
1604 4099 1738 4151 ἀλλὰ

152 4203 225 4268 τῇ
277 4199 568 4267 ἐπιεικείᾳ,
615 4197 689 4260 ὡς
742 4195 986 4267 μιμητὴς
1028 4193 1121 4247 τοῦ
1158 4193 1384 4265 Κυρίου,
1424 4191 1737 4256 σπουδάζων

155 4290 365 4362 μᾶλλον
396 4289 746 4359 ἀδικηθῆναι,
784 4288 925 4358 ἤπερ
955 4285 1213 4353 ἀδικῆσαί
1242 4302 1384 4337 τινα.
1440 4283 1616 4334 Καλὸν
1645 4279 1737 4336 οὖν

154 4386 315 4436 ἐστιν
368 4381 468 4451 τὴν
515 4380 635 4449 βίαν
670 4379 857 4449 φέρειν
889 4377 999 4430 τῶν
1031 4375 1296 4429 θελόντων
1331 4375 1479 4443 ἡμᾶς
1509 4374 1735 4437 ἀδικεῖν,

152 4472 259 4526 καὶ
288 4470 545 4540 εὔχεσθαι
582 4468 723 4537 ὑπὲρ
749 4466 961 4531 αὐτῶν,
1018 4466 1104 4517 ἵνα
1150 4464 1237 4515 διὰ
1267 4462 1553 4532 μετανοίας
1581 4460 1737 4531 ἡμῶν

151 4564 261 4618 καὶ
309 4563 397 4616 διὰ
432 4565 531 4632 τῆς
566 4560 998 4622 ἀνταποδόσεως,
1037 4550 1110 4610 ὧν
1140 4556 1234 4624 ἀφ’
1262 4554 1421 4625 ἡμῶν
1452 4555 1732 4623 ἥρπασαν,

148 4654 503 4709 ἀπολυθῶσιν
532 4652 626 4706 τοῦ
658 4652 1005 4720 ἐγκλήματος
1032 4648 1132 4717 τῆς
1160 4646 1476 4712 πλεονεξίας
1506 4662 1519 4676 ο

150 4748 274 4814 γὰρ
303 4744 363 4796 τὸ
388 4743 601 4812 θέλημα
627 4740 761 4793 Θεοῦ
790 4742 958 4801 ἐστιν,
986 4737 1076 4790 ἵνα
1101 4737 1191 4789 τὸν
1216 4734 1550 4803 πλεονέκτην
1573 4734 1733 4785 αὑτὸν

151 4832 541 4903 κερδήσωμεν,
578 4832 698 4900 ούχὶ
726 4830 786 4881 τὸ
818 4825 1235 4895 πλεονεκτηθέν.
1272 4825 1381 4877 Καὶ
1406 4824 1515 4892 γὰρ
1542 4822 1737 4889 ἐκφεύ-

150 4943 251 4994 γει
284 4925 560 4995 ἁμαρτίας
595 4926 621 4977 6
658 4922 807 4992 παρὰ
833 4918 1139 4989 ἀνθρώπων
1169 4915 1525 4984 ἀδικούμενος
1546 4955 1558 4977 ,
1602 4914 1738 4966 ἀλλὰ

1840 3394 1905 3431 ac
1937 3376 2285 3430 liberalitatis
2322 3374 2685 3429 exuberantia
2729 3374 3053 3443 supergredi
3085 3374 3291 3428 limites
3315 3375 3422 3427 im-

1840 3466 2141 3535 probandzn
2170 3464 2644 3531 concupiscentia:
2676 3464 2917 3533 raptoris
2950 3462 3424 3529 illius.QuiChri-

1839 3556 1909 3609 sti
1950 3556 2068 3607 vult
2115 3570 2237 3607 esse
2283 3552 2610 3621 discipulus,
2649 3552 2735 3605 sui
2769 3552 3101 3605 documenta
3149 3552 3418 3615 doctoris,

1839 3662 2006 3715 opere
2046 3646 2253 3699 eﬂicaci
2295 3645 2595 3713 exprimet,
2626 3643 2721 3711 qui
2759 3643 2937 3696 «Cum
2992 3644 3421 3699 malediceretur

1841 3740 2006 3810 (teste
2058 3738 2269 3807 Petro),
2306 3753 2414 3790 non
2460 3736 2912 3797 remaledicebat,
2942 3752 3066 3791 cum
3110 3745 3415 3805 pateretur,

1842 3842 1952 3879 non
1994 3826 2525 3879 comminabatur“.
2558 3845 2577 3876 ι
2610 3826 2825 3894 Alioqui
2862 3826 2987 3895 jure
3037 3826 3082 3880 is
3130 3840 3417 3895 promere-

1843 3917 1994 3970 bitur
2036 3916 2230 3970 audire
2260 3934 2271 3967 :
2304 3936 2320 3966 ι
2346 3916 2489 3981 Quid
2537 3932 2621 3969 me
2669 3917 2877 3979 dicitis,
2934 3917 3190 3982 Domine,
3217 3930 3270 3971 et
3304 3934 3415 3971 non

1842 4006 2022 4059 facitis
2075 4022 2196 4075 quae
2252 4007 2377 4059 dico
2406 4008 2451 4037 θ’
2495 4026 2505 4058 :
2560 4026 2577 4058 ι
2641 4007 2744 4072 Qui
2807 4022 2917 4059 non
2966 4006 3150 4061 fucate
3201 4008 3417 4061 Domini

1837 4106 1922 4151 est
1979 4097 2307 4166 discipulus,
2374 4100 2622 4152 exerceri
2675 4099 2791 4151 vult
2838 4098 3131 4153 tolerantia
3186 4099 3421 4168 injuria-

1841 4205 1986 4253 rum,
2015 4206 2125 4244 non
2170 4190 2298 4244 item
2341 4191 2395 4245 in
2439 4189 2579 4245 alios
2608 4206 2728 4246 esse
2772 4192 3010 4260 injurius
3036 4209 3048 4243 :
3076 4207 3284 4261 perque
3316 4192 3419 4245 hu-

1840 4283 2135 4337 militatem
2166 4284 2392 4339 vincere
2425 4286 2479 4338 in
2521 4300 2580 4339 se
2622 4285 2858 4355 iujurios
2890 4302 2903 4337 :
2936 4284 3203 4338 adversus
3241 4283 3419 4353 impo-

1840 4382 2048 4429 tentem
2092 4375 2315 4429 illorum
2359 4377 2521 4436 iram,
2570 4376 2997 4431 mansuetudine
3049 4384 3258 4430 utetur.
3306 4375 3418 4429 Ad-

1841 4482 2033 4521 versus
2078 4468 2272 4521 talium
2335 4468 2743 4538 magniloquam
2795 4467 3243 4531 ostentationem,
3293 4482 3417 4521 mo-

1840 4559 2033 4612 destus
2068 4559 2199 4625 erit,
2234 4559 2374 4613 nihil
2419 4560 2525 4614 sibi
2559 4560 2841 4629 magniﬁce
2887 4575 3173 4629 arrogans.
3206 4559 3417 4614 Contra

1577 4646 1735 4699 τοῦτο

1842 4648 2128 4703 cﬁ‘eratatu
2161 4661 2217 4705 et
2244 4661 2516 4721 agrestem
2561 4652 2845 4715 ferociam,
2874 4651 3124 4720 placidus
3149 4666 3213 4705 ac
3252 4651 3415 4716 lenis,

1838 4740 1979 4794 adeo
2021 4750 2081 4794 ut
2127 4742 2277 4795 nulla
2327 4742 2382 4794 in
2424 4757 2482 4795 re
2528 4742 2648 4795 istis
2686 4742 2948 4796 assimilis
2998 4742 3175 4811 possit
3208 4741 3412 4797 videri.

1840 4831 1988 4885 Talis
2014 4848 2117 4901 pro
2149 4833 2297 4886 virili
2332 4834 2633 4887 contendet
2671 4834 2939 4901 irrogatas
2966 4834 3219 4903 injurias,
3254 4849 3416 4902 aequo

1838 4921 2024 4974 animo
2055 4930 2116 4973 ut
2146 4921 2287 4976 ferat
2314 4923 2501 4991 potius
2523 4938 2686 4991 quam
2715 4931 2773 4974 ut
2798 4922 2851 4975 in
2885 4923 3199 4991 quempiam
3226 4923 3295 4978 sit
3326 4923 3415 4976 in-

152 5016 259 5071 καὶ
304 5015 497 5085 ὁμοίαν
544 5018 643 5083 τῆς
678 5014 911 5080 θλίψεως
943 5010 1167 5080 εὑρήσει
1198 5006 1507 5075 ἀντίληψιν.
1546 5005 1603 5057 Ὀ
1637 5022 1735 5074 με-

1842 5011 2034 5079 iurius.
2086 5012 2298 5081 Itaque,
2325 5014 2477 5083 juxta
2508 5012 2840 5066 sententiam
2867 5013 3232 5082 superiorem,
3270 5029 3415 5083 pra:-

152 5107 379 5179 τασχὼν
412 5106 665 5175 γνώσεως
700 5104 859 5172 ἁγίας
890 5103 985 5156 καὶ
1009 5100 1345 5170 γλυκύτητος
1374 5098 1509 5151 Θεοῦ
1534 5099 1732 5165 γευσά-

157 5216 345 5270 μενος,
387 5197 508 5252 οὔτε
540 5195 781 5259 δικάζειν
813 5193 1017 5263 ὀφείλει
1046 5193 1198 5250 πότε,
1234 5189 1355 5242 οὔτε
1384 5190 1540 5259 δίκην
1565 5192 1734 5241 κινεῖν

152 5293 300 5355 ὅλως
331 5292 465 5361 πρός
495 5307 637 5352 τινα,
673 5288 775 5339 κᾶν
810 5286 948 5339 αὐτὰ
982 5286 1080 5352 ἁφε
1094 5283 1252 5355 ρῆταί
1278 5299 1361 5342 τις
1393 5280 1535 5349 άπερ
1564 5280 1733 5348 ἠμφί-

156 5396 344 5436 ασται.
387 5378 541 5433 Ἐπεὶ
595 5378 721 5430 ποία
753 5374 985 5445 διαφορὰ
1011 5373 1116 5425 τῶν
1144 5371 1426 5440 τροφίμων
1455 5370 1547 5420 τοῦ
1574 5369 1733 5431 Θεοῦ,

232 5511 283 5544 ⁸⁵
311 5511 410 5565 ιω.
440 5527 579 5574 LXVI,
607 5509 661 5564 2.
738 5510 781 5540 ⁸⁸⁵
805 5508 919 5561 Jac.
947 5522 983 5567 ι,
1014 5506 1099 5558 21.

159 5581 209 5613 ⁹⁰
245 5580 376 5635 Luc.
408 5596 484 5646 vt,
511 5571 600 5634 56.
676 5580 719 5613 ⁸³
753 5579 944 5633 lPetr.
979 5593 1039 5641 ιι,
1080 5576 1167 5628 25.
1247 5575 1290 5605 ⁹¹
1320 5573 1451 5625 Luc.
1477 5587 1548 5632 vr,
1581 5571 1668 5623 46.

1839 5101 2067 5164 stiterit,
2105 5103 2299 5157 talium
2344 5104 2644 5156 violentam
2693 5103 3116 5173 impressionem
3156 5106 3412 5174 excipere

1840 5192 2131 5259 patientia,
2175 5208 2383 5261 proque
2431 5193 2636 5247 talibus
2669 5194 2956 5249 eﬁ'undere
2983 5209 3195 5263 preces,
3224 5204 3285 5248 ut
3317 5210 3411 5264 per

1840 5283 2226 5350 paenitentiam
2270 5283 2336 5336 ad
2385 5284 2679 5337 Dominum
2720 5301 2777 5340 se
2814 5287 3103 5356 recipiant,
3140 5304 3247 5342 non
3282 5290 3409 5348 item

1843 5382 1903 5425 ut
1934 5383 2167 5443 pereant
2208 5374 2558 5429 retaliatione
2596 5388 2834 5447 acceptae
2856 5378 3091 5449 injuriae,
3118 5380 3248 5435 dum
3283 5396 3409 5434 cum

1180 5505 1226 5533 “
1251 5504 1399 5577 Psal.
1432 5514 1604 5577 chvt,
1734 5507 1736 5528 ί

1842 5503 1956 5557 ’sal.
1992 5522 2134 5570 xxiv,
2165 5508 2217 5561 9.
2259 5508 2467 5563 “Psal.
2499 5525 2627 5577 xvu,
2657 5509 2748 5565 28.
2789 5510 2835 5542 9°
2866 5511 3053 5565 Matth.
3094 5527 3163 5576 xi,
3196 5510 3286 5575 29,
3317 5510 3407 5567 50.

1680 5681 1914 5738 ΝΟΤᾸΞ.

236 5754 312 5849 (li
340 5786 472 5843 Vide
509 5786 677 5842 Arist.
724 5800 773 5838 Ix
818 5784 891 5839 De
919 5786 1039 5839 hist.
1079 5781 1426 5843 animalium;
1455 5777 1729 5831 Elianutn
1772 5778 1925 5845 item,
1951 5791 2004 5835 et
2034 5782 2295 5849 Plinium,
2325 5786 2423 5840 lib.
2456 5801 2528 5855 ιι³
2570 5804 2619 5841 (ι,
2654 5788 2706 5841 3,
