4040 6508
527 366 660 435 1795

1791 362 2153 424 ANTIOCHI
2196 360 2541 420 MONACHl

3650 360 3783 425 1796

521 482 604 537 eis
647 476 1064 549 expostulamus
1122 476 1194 530 ob
1261 490 1325 530 ea
1369 488 1494 544 quae
1543 487 1641 543 per
1682 473 2098 528 immoderatam

2205 470 2296 549 καὶ
2339 470 2450 521 τῶν
2481 467 2575 521 τοῦ
2607 468 2805 531 αἰῶνος
2830 469 3025 543 τούτου
3056 469 3406 542 ἀνθρώπων;
3451 473 3512 527 ’0
3544 475 3647 545 μὲν
3674 478 3785 549 γὰρ

522 570 885 640 cupiditatem
927 574 1283 621 extorserunt
1305 580 1335 619 a
1364 565 1547 620 nobis.
1586 565 1752 619 Plane
1782 579 1847 618 ea
1888 572 1973 619 est
2004 563 2098 617 Dei

522 663 782 717 voluntas
825 670 888 715 ut
922 661 1208 714 lucremur
1240 657 1420 727 ipsum
1453 656 1534 711 rei
1576 665 1781 710 nostra:
1806 663 2102 724 occupato-

524 770 664 817 rem,
696 768 805 807 non
851 766 965 805 rem
1011 748 1207 803 fraude
1252 755 1597 815 occupatam.
1640 746 1857 801 Etenim
1891 745 1985 814 qui
2022 744 2102 799 sic

522 846 812 901 hominum
850 842 1191 911 malignitate
1237 839 1494 904 afﬁcitur,
1536 839 1676 893 vitat
1721 848 1970 908 peccata,
2004 836 2101 892 sed

525 947 582 993 et
631 939 686 992 in
732 936 1091 993 tribulatione
1122 933 1263 987 nihil
1308 932 1590 1002 disparem
1626 932 1964 986 nanciseitur
1992 932 2100 985 Do-

490 1024 493 1027 ’
529 1030 681 1084 mino
724 1034 1083 1083 succurrente
1110 1024 1515 1079 defensionem.
1549 1021 1651 1088 Qui
1681 1022 1959 1092 particeps
1982 1021 2100 1075 etii-

527 1118 674 1173 eitur
714 1123 918 1170 sanetae
947 1113 1305 1184 cognitionis,
1357 1113 1594 1181 plusque
1641 1112 1894 1167 melleam
1934 1110 2104 1181 degu-

529 1208 693 1263 stavit
720 1205 1093 1269 dulcedinem,
1120 1219 1229 1257 non
1271 1202 1439 1257 debet
1475 1203 1522 1257 is
1548 1202 1846 1272 aliquando
1870 1202 1937 1256 de
1966 1217 2105 1271 quo-

528 1318 693 1371 quam
742 1298 1073 1355 sententiam
1116 1297 1285 1359 ferre,
1325 1306 1421 1350 aut
1471 1295 1746 1349 actionem
1812 1293 2103 1349 intendere

531 1397 628 1451 ulli
672 1394 981 1452 hominum.
1018 1392 1234 1445 tametsi
1276 1400 1401 1460 toga
1456 1398 1551 1442 aut
1595 1388 1764 1458 pallio
1809 1388 2100 1457 spolietur.

529 1488 702 1554 Quam
733 1486 883 1540 enim
922 1486 1161 1538 immane
1200 1491 1285 1537 est
1320 1482 1641 1543 discrimen,
1672 1496 1781 1549 quo
1812 1481 1956 1535 inter
1982 1495 2103 1535 sese

530 1567 804 1634 dissident
841 1587 897 1631 et
936 1575 1028 1630 Dei
1065 1583 1121 1629 et
1166 1572 1349 1628 smculi
1393 1572 1556 1625 istius
1599 1571 1850 1625 alumni?
1882 1571 2104 1626 Mandat

530 1673 618 1727 lex
653 1688 667 1723 :
703 1670 857 1724 «Non
906 1668 1071 1723 facies
1107 1665 1364 1736 injuriam
1386 1663 1639 1733 proximo
1666 1664 1910 1717 tuo”'”.
1936 1683 1954 1714 ι
1992 1665 2100 1719 Et:

540 1780 556 1811 ι
581 1761 699 1815 Non
746 1758 983 1813 dormiet
1037 1770 1246 1810 merces
1292 1752 1617 1808 mercenarii
1655 1751 1800 1821 apud
1838 1753 1941 1807 te‘.
1980 1752 2101 1807 Non

534 1851 835 1907 maledices
872 1848 1061 1913 surdo,
1096 1856 1152 1901 et
1180 1862 1365 1901 coram
1401 1859 1547 1900 εξεεο
1579 1848 1688 1897 non
1726 1858 1899 1912 pones
1922 1842 2101 1897 oﬂ‘en-

533 1944 839 1999 diculum’.
871 1960 887 1993 ι
928 1939 1311 1995 Parcemiastes
1340 1952 1355 1990 :
1391 1937 1546 1992 «Non
1577 1935 1746 1990 facias
1782 1934 2101 1988 violentiam

533 2033 783 2104 pauperi,
814 2046 1024 2102 pauper
1052 2030 1198 2084 enim
1239 2036 1344 2093 est,
1381 2043 1561 2096 neque
1603 2027 1904 2081 inhonores
1951 2024 2107 2079 inﬁr-

534 2139 681 2177 mum
727 2123 782 2176 in
836 2118 1357 2186 portiszDominus
1428 2119 1575 2172 enim
1628 2117 1899 2187 judicabit
1954 2115 2105 2185 judi-

532 2213 750 2267 cium."
776 2231 795 2264 ι
841 2211 1055 2281 1218
1071 2212 1137 2264 Et
1166 2211 1280 2264 haec
1322 2209 1545 2279 quidem
1579 2218 1739 2263 vetus
1787 2208 1877 2261 illa
1906 2207 2014 2272 lex,
2044 2213 2106 2259 ut

532 2320 653 2375 quae
688 2304 1010 2374 imperfecta
1047 2310 1187 2365 erat,
1224 2318 1347 2356 cum
1398 2300 1645 2355 nondum
1680 2299 1884 2354 adultis
1915 2306 1970 2353 et
1999 2314 2105 2368 pu-

532 2396 783 2451 siouibus
814 2394 881 2448 ad
910 2410 1035 2448 eum
1072 2393 1294 2447 modum
1336 2393 1558 2448 texebat
1589 2406 1914 2456 sermones;
1943 2389 2105 2445 Chri-

530 2489 604 2544 sti
654 2498 835 2543 autem
888 2488 972 2542 lex
1022 2486 1265 2557 perfecta
1312 2500 1438 2539 eum
1495 2485 1587 2547 sit,
1625 2482 1883 2552 perfectis
1909 2483 2020 2552 jam
2050 2491 2106 2536 et

532 2578 627 2647 qui
662 2578 959 2648 participes
1006 2576 1133 2631 facti
1188 2585 1317 2630 sunt
1366 2574 1527 2629 solidi
1557 2574 1688 2637 cibi,
1721 2588 1818 2628 sua
1850 2573 2105 2643 praescri-

533 2671 618 2724 bit
646 2671 923 2724 mandata.
968 2669 1060 2723 Ait
1097 2669 1246 2723 enim
1290 2652 1597 2722 Dominus:
1637 2665 1840 2719 «Orate
1884 2681 1985 2735 pro
2015 2681 2106 2719 ea-

533 2760 936 2814 lumniantibus
960 2774 1059 2813 vos
1094 2767 1151 2813 et
1186 2757 1647 2827 persequentibus
1670 2757 1708 2809 ³.
1738 2774 1755 2806 ι
1788 2757 1901 2811 Hoc
1922 2756 2108 2825 exple-

534 2859 738 2906 verunt
772 2859 1106 2921 praeceptum
1152 2848 1312 2902 initio
1344 2847 1469 2902 fidei
1508 2848 1853 2902 coruscantis
1876 2847 1955 2901 illi
1985 2863 2107 2918 ger-

536 2956 697 2995 mane
746 2940 952 2995 Christi
1009 2938 1289 3009 discipuli,
1343 2937 1659 3008 Stephanus
1710 2949 1764 2993 et
1806 2940 2102 2994 Jacobus".

535 3032 630 3086 Ille
663 3031 884 3101 quidem
922 3032 1259 3087 creberrimo
1294 3033 1541 3102 lapidum
1584 3035 1731 3103 jaetu
1779 3031 2103 3097 adobrulus,

2204 542 2367 627 νόμος
2393 556 2725 611 ἐντέλλεται·
2765 575 2782 608 ι
2814 557 2927 610 Οὑκ
2949 558 3237 629 ἀδικήσεις
3258 561 3351 613 τὸν
3374 542 3605 631 πλησίον
3629 542 3780 616 σουίι

2203 648 2331 699 Καί·
2369 667 2386 699 ι
2414 648 2490 699 Οὐ
2515 645 2910 718 κοιμηθήσεται
2938 648 2967 699 6
2992 644 3183 717 μισθὸς
3209 648 3304 701 τοῦ
3329 650 3607 719 μισθωτοῦ
3634 654 3788 721 παρά

2205 738 2307 793 σοί.
2365 740 2440 793 Οὑ
2493 739 2679 801 κακῶς
2727 740 2875 809 ἐρεῖς
2920 739 3119 809 κωφῷ,
3156 740 3254 794 καὶ
3284 741 3549 796 ἀπέναντι
3579 743 3789 812 τυφλοῦ

2202 831 2265 884 οὑ
2302 830 2490 901 θήσεις
2527 830 2881 884 σκάνδαλον.»
2936 831 3046 883 Kal
3079 832 3107 883 6
3132 832 3561 903 Παροιμιαστής
3583 849 3596 863 ·
3646 853 3666 884 ι
3695 834 3789 902 Μὴ

2201 921 2502 986 ἀποδιάζου
2530 922 2770 991 πένητα,
2808 921 3023 992 πτωχὸς
3050 922 3160 994 γάρ
3189 924 3340 976 ἐστιν
3358 939 3373 953 ο
3420 924 3558 993 μηδὲ
3586 925 3793 994 arma.

2206 1029 2305 1086 σῃς
2333 1014 2535 1083 ἀσθενῆ
2566 1016 2624 1067 ἐν
2657 1013 2853 1077 πύλαις
2886 1030 2899 1045 ’
2949 1016 2977 1067 ὁ
3015 1014 3123 1085 γὰρ
3154 1014 3363 1083 Κύριος
3395 1018 3577 1086 κρινεῖ
3604 1016 3791 1070 αὐτῶν

2204 1106 2303 1176 τὴν
2335 1106 2538 1178 κρίσιν.
2578 1107 2689 1161 Kal
2727 1105 2902 1161 ταῦτα
2936 1105 3037 1177 μὲν
3068 1110 3096 1160 6
3126 1107 3401 1171 παλαιὸς,
3454 1108 3552 1161 an
3593 1109 3662 1179 δὴ
3713 1110 3787 1171 ὼς

2203 1200 2367 1269 ἀτελῆ
2419 1198 2633 1270 νηπίοις
2677 1198 2969 1266 διελέγετο.
3018 1199 3075 1251 '0
3106 1197 3164 1251 δὲ
3196 1197 3293 1252 τοῦ
3324 1199 3566 1270 Χριστοῦ
3596 1200 3790 1271 νόμος,

2204 1291 2408 1354 τέλειος
2438 1290 2511 1343 ὢν
2536 1330 2550 1351 ,
2602 1292 2716 1353 τοῖς
2759 1289 2989 1353 τελείοις
3015 1291 3114 1360 τῆς
3138 1290 3353 1355 τελείας
3403 1292 3613 1363 τροφῆς
3652 1310 3789 1363 μετα

2213 1383 2434 1450 ἔχουσιν
2462 1380 2835 1433 διατάσσεται.
2865 1381 3034 1450 Φησὶν
3058 1385 3166 1451 γὰρ
3182 1381 3209 1433 ὁ
3232 1381 3442 1451 Κύριος
3459 1398 3474 1411 ·
3496 1401 3514 1434 ι
3545 1382 3793 1453 Εῦχεσθε

2204 1473 2345 1541 ὑπὲρ
2396 1472 2505 1525 τῶν
2550 1472 2857 1527 διωκόντων
2903 1473 3048 1542 ὑμᾶς
3113 1472 3208 1525 καὶ
3256 1472 3707 1543 ἐπηρεαζόντων.
3769 1494 3786 1525 ι

2205 1563 2421 1633 Ταύτην
2453 1564 2551 1634 τὴν
2577 1563 2797 1634 ἐντολήν
2832 1564 3033 1626 εὑθέως
3058 1564 3427 1635 ἐκπληροῦσιν
3456 1567 3508 1618 oi
3537 1565 3794 1636 ἀληθινοὶ

2208 1654 2450 1725 μαθηταὶ
2477 1654 2572 1708 τοῦ
2600 1653 2864 1725 Χριστοῦ,
2900 1654 3173 1724 Στέφανος
3210 1655 3305 1708 καὶ
3344 1656 3642 1720 Ἰάκωϐοςο
3696 1658 3795 1711 καὶ

2204 1751 2231 1802 6
2258 1749 2357 1818 μὲν
2380 1748 2760 1819 λιθαζόμενος,
2784 1751 2810 1801 6
2836 1749 2893 1801 δὲ
2919 1750 3383 1821 κρημνιζόμενος,
3407 1750 3793 1821 προσηύχοντο

2207 1841 2346 1912 ὑπὲρ
2392 1840 2502 1893 τῶν
2545 1840 2919 1909 ἀναιρούντων
2958 1841 3177 1905 αὐτούς.
3231 1842 3405 1911 Φησὶν
3433 1842 3491 1894 δὲ
3524 1842 3621 1894 καὶ
3657 1842 3791 1908 mpl

2217 1931 2473 1985 Ἰακώϐου
2496 1932 2591 1985 τοῦ
2611 1931 2845 2001 ἀδελφοῦ
2862 1934 3133 1997 Ἰωάννου,
3149 1935 3231 1986 ὃτι
3250 1933 3373 1986 ἰδὼν
3397 1934 3564 1987 αὐτὸν
3585 1935 3791 2001 ἀπαγό-

2208 2040 2368 2092 μενον
2416 2023 2516 2093 τὴν
2559 2025 2652 2077 ἐπὶ
2691 2024 2947 2090 θάνατον,
2998 2026 3026 2077 ὀ
3067 2026 3460 2095 κατηγορήσας
3486 2024 3653 2076 αὑτὸν
3688 2041 3790 2093 με-

2203 2116 2556 2187 ταμεληθεὶς,
2591 2116 2935 2186 προσέπεσεν
2967 2114 3137 2184 αὐτῷ,
3170 2115 3380 2183 λέγων·
3417 2114 3790 2184 Συγχώρησόν

2209 2223 2320 2275 μοι.
2362 2206 2421 2257 Ὁ
2450 2205 2506 2257 δὲ
2564 2202 2805 2274 ἐπισχὼν
2836 2204 3053 2274 μικρδν,
3086 2200 3270 2256 εἶπεν·
3308 2205 3513 2276 Εἰρήνη
3550 2222 3654 2257 σοι·
3695 2207 3788 2257 καὶ

2207 2297 2574 2367 κατεφίλησεν
2627 2295 2813 2348 αὐτόν.
2876 2296 2936 2347 '0
2987 2295 3043 2347 δὲ
3094 2296 3297 2360 εὐθέως
3358 2299 3513 2366 φωνῇ
3572 2296 3789 2367 μεγάλῃ

2206 2387 2532 2457 Χριστιανὸν
2558 2387 2748 2439 ἑαυτὸν
2771 2387 3160 2455 ἀνηγόρευσεν.
3187 2386 3296 2439 Kal
3318 2388 3789 2457 συγκατακριθεὶς

2205 2475 2284 2546 τῷ
2327 2473 2522 2527 ἑαυτοῦ
2570 2475 3033 2544 κατηγορηθέντι,
3089 2474 3185 2527 σὺν
3213 2474 3363 2545 αὑτῷ
3394 2477 3492 2528 τοῦ
3522 2475 3783 2546 βραδεξου

2206 2567 2305 2636 τῆς
2354 2567 2465 2621 ἄνω
2510 2566 2762 2636 κλήσεως
2804 2565 3016 2635 ἔτυχεν.
3071 2566 3241 2635 Φησὶν
3271 2566 3327 2618 δὲ
3363 2567 3455 2619 καὶ
3486 2568 3514 2618 6
3544 2566 3782 2636 Πέτρο;’

2213 2678 2231 2709 ι
2274 2661 2432 2712 Ποῖον
2470 2659 2624 2721 κλέος
2674 2660 2724 2711 οἱ
2769 2659 3178 2729 ἁμαρτάνοντες
3228 2660 3320 2712 καὶ
3361 2660 3785 2729 κολαφιζόμενοι

2209 2751 2567 2821 ὑπομενεῖτε;
2623 2750 2739 2804 ἀλλ’
2775 2752 2824 2803 εί
2857 2750 3318 2817 ἀγαθοποιοῦντες
3352 2753 3447 2805 καὶ
3477 2753 3787 2822 πάσχοντες

2209 2843 2530 2912 ὑπομενεῖτε
2550 2882 2564 2907 ,
2621 2841 2709 2894 ἴνα
2754 2842 2811 2895 ὲν
2838 2834 2883 2909 ᾧ
2920 2841 3303 2896 καταλαλῶσιν
3328 2844 3484 2915 ὑμῶν
3513 2844 3594 2907 ὡς
3620 2864 3784 2899 κακο-

2210 2935 2378 2986 ποιῶν
2398 2931 2870 3003 καταισχυνθῶσιν
2890 2933 2940 2986 οί
2956 2933 3358 3004 ἐπηρεάζοντες
3374 2935 3474 3007 τὴν
3493 2937 3786 3007 ὲνΧρισ-ιῷ

2209 3024 2381 3095 ἁγνὴν
2412 3024 2764 3093 ἀναστροφὴν
2790 3022 3001 3092 ὑμῶν.)
3038 3023 3151 3077 Kal
3180 3025 3374 3090 ὲπάγει
3392 3042 3407 3056 ·
3446 3043 3466 3074 ι
3493 3022 3649 3078 Οἶδεν
3677 3027 3786 3077 Κῦ-

537 3124 626 3178 hic
662 3138 813 3185 vero,
842 3123 1145 3192 prteeipitio
1173 3124 1410 3179 traditus
1437 3124 1581 3187 neci,
1608 3133 1839 3193 uterque
1863 3139 1964 3192 pro
1990 3124 2102 3178 suis

2212 3134 2327 3189 ριος
2374 3116 2619 3180 εὑσεδεῖς
2669 3119 2735 3169 ὲκ
2776 3117 3098 3187 πειρασμῶν
3131 3117 3431 3188 ῥύσασθαι,
3474 3119 3695 3193 ἀδίκους
3727 3120 3783 3172 δὲ

537 3213 991 3268 interfectoribus
1066 3230 1260 3284 preces
1318 3215 1515 3269 fudit“.
1567 3217 1643 3270 De
1694 3216 1901 3271 Jacobo
1956 3216 2103 3270 enim

536 3302 768 3356 Joannis
817 3301 987 3357 fratre
1042 3303 1321 3357 memoria:
1375 3305 1657 3373 proditum
1715 3314 1821 3368 est,
1873 3306 2018 3375 quod
2060 3307 2107 3361 is

537 3395 695 3465 cujus
730 3394 997 3448 dilatione
1049 3394 1229 3449 fuerat
1272 3395 1659 3461 denuntiatus,
1708 3413 1832 3451 eum
1878 3397 2107 3452 vidisset

535 3484 803 3539 Jacobum
842 3485 960 3555 rapi
999 3485 1067 3540 ad
1104 3494 1363 3552 mortem,
1398 3486 1603 3543 ductus
1636 3489 1983 3558 paenitentia,
2013 3505 2106 3559 pe-

535 3578 701 3632 dibus
730 3577 968 3647 procidit
992 3577 1165 3643 beati,
1194 3578 1387 3633 dieens
1414 3598 1425 3632 :
1454 3579 1682 3651 lndulge
1714 3580 1870 3634 mihi.
1906 3580 2105 3634 Beatus

536 3680 668 3719 vero
699 3666 1043 3735 aliquantum
1079 3667 1310 3720 morulas
1338 3668 1614 3733 restitans,
1642 3668 1927 3738 respondit
1957 3688 1969 3722 :
1994 3670 2105 3723 Pax

537 3757 674 3821 tibi;
716 3756 823 3810 hoc
856 3756 1027 3820 dicto,
1058 3756 1116 3811 in
1167 3756 1319 3811 illius
1352 3758 1637 3828 amplexus
1668 3760 1782 3813 ruit
1812 3769 1867 3814 et
1895 3759 2101 3814 oscula.

534 3847 728 3902 Atille
772 3864 906 3903 voce
950 3858 1136 3903 exerta
1181 3848 1555 3905 Christianum
1591 3867 1648 3905 se
1679 3867 1799 3907 esse
1824 3852 2106 3922 professus

534 3944 644 4001 est,
699 3938 863 4005 eique
927 3948 1325 3995 annumeratus
1363 3949 1468 4005 est,
1502 3956 1664 4010 quem
1709 3942 2008 4007 incusarat,
2050 3953 2105 3997 et

536 4025 784 4080 bravium
840 4042 966 4081 cum
1018 4028 1111 4082 illo
1155 4040 1441 4085 assecutus
1480 4046 1731 4101 supernae
1777 4032 2101 4089 vocationis.

534 4115 625 4169 Ait
653 4125 835 4170 autem
870 4126 927 4172 et
953 4117 1154 4174 Petrus
1181 4135 1197 4172 :
1232 4136 1249 4171 ι
1278 4118 1410 4185 Quae
1438 4122 1585 4175 enim
1613 4122 1783 4193 gloria
1828 4123 1871 4177 si
1914 4139 2105 4193 pecca-

537 4205 626 4269 tis,
655 4215 707 4260 et
757 4207 1089 4276 eolaphizati
1140 4208 1421 4264 suffertis?
1469 4210 1575 4265 Sed
1622 4213 1667 4266 si
1701 4213 2105 4271 benefacientes

532 4301 806 4366 patienter
846 4300 1155 4366 sustinetis,
1207 4301 1325 4357 haec
1368 4312 1451 4358 est
1497 4305 1669 4374 gratia
1716 4306 1859 4374 apud
1892 4307 2101 4371 Deum;

533 4399 594 4444 ut
640 4391 693 4444 in
743 4406 808 4445 eo
853 4392 1001 4461 quod
1062 4394 1379 4448 detractant
1410 4394 1476 4451 de
1521 4397 1681 4452 vobis
1729 4408 1987 4468 tanquam
2036 4400 2103 4454 de

532 4471 1001 4547 malefactoribus,
1024 4486 1435 4554 suppudeseant
1460 4488 1553 4557 qui
1576 4490 1982 4545 calumniantur
2003 4506 2099 4545 ve-

531 4580 704 4643 stram
749 4574 804 4628 in
850 4570 1071 4631 Christo
1111 4586 1355 4631 sanctam
1398 4581 1873 4637 conversationem
1894 4583 1934 4636 ⁸.
1961 4603 1978 4634 ι
2013 4584 2100 4637 In-

533 4664 733 4719 ducit:
770 4666 968 4721 «Novit
1014 4669 1163 4722 enim
1204 4669 1471 4725 Dominus
1518 4671 1639 4740 pios
1687 4672 1754 4726 de
1797 4675 2097 4729 tentatione

532 4756 772 4826 eripere,
799 4758 1016 4826 iniquos
1053 4769 1235 4813 autem
1285 4761 1339 4814 in
1381 4761 1526 4815 diem
1554 4761 1745 4830 judieii
1770 4763 2097 4820 cruciandos

532 4861 752 4899 servare
773 4847 813 4899 ".
836 4865 854 4896 ι
884 4846 1052 4899 David
1081 4864 1135 4899 ει
1157 4846 1261 4913 Qui
1285 4847 1693 4918 faeitjudicium
1716 4850 1971 4920 injuriam
1998 4868 2093 4921 pa-

533 4937 819 5000 tientibus,
849 4937 944 5006 qui
987 4937 1081 4993 dat
1113 4954 1293 4993 escam
1336 4941 1713 4996 esurientibus
1733 4944 1811 4995 ⁸.»
1869 4944 2099 5013 Propter

532 5026 637 5081 hoc
670 5037 725 5081 et
761 5043 861 5098 ego
891 5045 902 5079 :
941 5029 1319 5099 «Iniquitatem
1343 5031 1468 5085 odio
1492 5032 1682 5096 habui,
1713 5034 1885 5104 legem
1916 5043 2098 5089 autem

532 5118 699 5172 dilexi
724 5120 811 5172 ’.ι
856 5119 973 5175 lam
1025 5120 1247 5189 quando
1306 5122 1622 5176 mandatum
1676 5132 1832 5178 tuum
1887 5136 1992 5190 est,
2038 5132 2101 5179 ut

532 5210 738 5264 illatam
775 5211 1030 5281 injuriam
1069 5211 1288 5267 fortiter
1313 5212 1515 5277 ferens,
1554 5215 1758 5270 nemini
1802 5216 1905 5271 sim
1953 5218 2100 5287 inju-

534 5310 685 5373 rius,
739 5307 829 5361 isti
898 5306 1267 5361 reddiderunt
1322 5309 1462 5362 mala
1511 5325 1614 5379 pro
1645 5308 1871 5363 bonis‘o
1901 5328 1913 5363 :
1945 5328 1962 5359 ι
1990 5310 2099 5379 Ego

530 5414 710 5457 autem
744 5401 986 5461 orabam,
1018 5400 1163 5455 Deus
1187 5417 1363 5465 meus,
1386 5402 1537 5472 eripe
1574 5419 1659 5456 me
1685 5402 1751 5458 de
1780 5418 1939 5456 manu
1972 5418 2102 5457 con-

2205 3188 2286 3272 εἰς
2334 3208 2549 3280 ἡμέραν
2599 3209 2837 3278 κρίσεως
2894 3207 3297 3279 κολαζομένους
3342 3188 3557 3279 τηρεῖν.
3597 3230 3616 3262 ι
3676 3209 3784 3263 Kal

2204 3303 2232 3354 6
2263 3301 2431 3354 Δαυῒδ
2452 3316 2467 3329 ο
2508 3318 2527 3352 ι
2558 3298 2825 3353 Ποιοῦντα
2852 3303 3025 3370 κρῖμα
3049 3302 3163 3364 τοῖς
3187 3300 3591 3370 ἀδικουμένοις,
3618 3301 3785 3354 διδόν-

2203 3409 2272 3445 τα
2304 3390 2508 3463 τροφὴν
2538 3393 2651 3453 τοῖς
2682 3391 2958 3444 πεινῶσιν.
2984 3410 3003 3443 ι
3044 3391 3141 3445 Διά
3168 3391 3326 3444 τοῦτο
3354 3393 3511 3459 κάγώ
3534 3409 3547 3423 ·
3603 3412 3622 3443 ι
3647 3392 3784 3445 ’Δῶ-

2206 3483 2328 3537 κίαν
2377 3483 2618 3552 ἐμίσησα
2670 3482 2766 3535 καὶ
2809 3481 3217 3552 ἐϐδελυξάμην,
3271 3484 3362 3535 τὸν
3395 3483 3453 3535 δὲ
3487 3484 3657 3554 νόμον
3690 3501 3781 3536 σου

2202 3580 2487 3649 ἠγάπησα.
2524 3596 2542 3630 ι
2602 3578 2711 3631 Kal
2760 3577 2971 3647 ἐπειδὴ,
3009 3577 3274 3641 Δέσποτα,
3314 3578 3379 3649 σὴ
3411 3579 3602 3647 ἐντολή
3637 3581 3781 3631 ἐστιν

2205 3668 2529 3733 ἀδικεῖσθαι,
2562 3667 2658 3721 καὶ
2693 3666 2769 3736 μὴ
2796 3667 3031 3721 ἀδικεῖν*
3065 3668 3487 3722 ἁνταπεδίδοσάν
3515 3686 3607 3737 μοι
3636 3672 3779 3721 κακά

2206 3762 2327 3815 ἀντὶ
2369 3760 2613 3828 ἀγαθῶν.
2673 3758 2903 3828 Ἐγὼδὲ
2937 3759 3365 3829 προσηυχόμην,
3413 3760 3442 3811 6
3474 3758 3611 3822 Θεός
3656 3777 3779 3828 μου,

2209 3852 2370 3924 ῥῦσαί
2403 3869 2469 3922 με
2500 3854 2563 3904 ὲκ
2588 3851 2769 3921 χειρὸς
2794 3849 3241 3921 παρανομοῦντος
3271 3850 3362 3902 καὶ
3394 3850 3729 3913 ἀδικοῦντος.
3757 3869 3775 3900 ι

2218 3947 2275 3997 Ὀ
2301 3945 2357 3998 δὲ
2386 3943 2629 4006 Παῦλος·
2675 3961 2693 3993 ι
2722 3942 2821 3995 Διὰ
2854 3942 2909 3994 τί
2944 3942 3065 4011 οὐχὶ
3097 3941 3297 4010 μᾶλλον
3323 3940 3638 4007 ἀδικεῖσθε;
3668 3940 3780 3994 ἀλλ’

2207 4037 2365 4105 ὑμεῖς
2387 4035 2643 4097 ἀδικεῖτε,
2669 4034 2764 4086 καὶ¹
2785 4034 2990 4087 ἀποστε
3000 4034 3165 4104 ρεῖτε’
3189 4032 3476 4088 καὶταῦτα
3490 4033 3777 4103 ἀδελφούς.

2206 4129 2277 4181 Ἢ
2328 4126 2428 4180 οὑκ
2477 4127 2655 4181 οἴδατε
2711 4129 2794 4181 ὅτι
2845 4128 3023 4181 ἄδικοι
3075 4127 3353 4199 βασιλείαν
3385 4129 3523 4182 Θεοῦ
3561 4130 3625 4183 οὑ
3654 4129 3775 4199 κληο

2209 4220 2603 4291 ρονομήσουσιν
2622 4238 2667 4283 ;›
2699 4220 2809 4272 Kal
2833 4221 2890 4273 ὲν
2912 4220 3111 4283 ἄλλοιςο
3144 4239 3162 4272 ι
3187 4220 3778 4291 Ἀδε).φοὶ,ἀναμιμνήο

2204 4312 2366 4364 κεσθε
2423 4312 2522 4375 τὰς
2568 4312 2836 4383 πρότερον
2875 4313 3093 4384 ἡμέρας
3144 4314 3203 4365 ἐν
3247 4306 3337 4376 αἶς
3382 4312 3775 4381 φωτισθέντες,

2204 4403 2406 4474 πολλὴν
2444 4403 2672 4475 ἄθλησιν
2717 4404 3047 4472 ὑπεμείνατε
3078 4403 3440 4473 παθημάτων.
3477 4403 3651 4457 Τοῦτο
3681 4404 3779 4473 μὲν

2134 4471 2175 4525 D
2204 4471 2529 4563 ὀνειδισμοῖς
2558 4471 2618 4547 τε
2654 4495 2747 4548 xal
2777 4471 3021 4564 θλίψεσιν
3054 4471 3499 4566 θεατριζόμενοι,
3536 4471 3776 4548 τοῦτοδὲ

2206 4587 2452 4641 κοινωνοὶ
2502 4586 2612 4638 τῶν
2655 4584 2829 4650 οὕτως
2860 4586 3350 4656 ἀναστρεφομένων
3374 4587 3719 4656 γενηθέντες.
3753 4604 3769 4635 ι

2204 4679 2370 4745 Λέγει
2394 4677 2451 4730 δὲ
2481 4679 2508 4729 6
2534 4675 2774 4746 Κύριος·
2832 4696 2850 4728 ι
2887 4677 3011 4729 Ἐάν
3040 4677 3123 4739 τίς
3159 4694 3217 4729 σε
3243 4677 3567 4749 ἀγγαρεὺσῃ
3604 4678 3776 4747 μίλιον

2203 4770 2284 4832 ἓν,
2321 4768 2495 4836 ὕπαγε
2532 4769 2650 4837 μετ’
2673 4768 2838 4821 αὑτοῦ
2868 4768 2981 4831 δύο,
3013 4769 3109 4821 καὶ
3138 4767 3215 4839 τῷ
3240 4768 3446 4821 θέλοντί
3474 4786 3557 4821 σοι
3582 4767 3777 4838 κριθτῆ⁸

2203 4877 2322 4923 ναι,
2360 4860 2453 4912 καὶ
2484 4859 2574 4911 τὸν
2601 4859 2809 4928 χιτῶνά
2838 4878 2931 4913 σου
2964 4859 3152 4912 λαϐεῖν
3172 4900 3185 4921 ,
3245 4859 3381 4928 ἄφες
3411 4860 3563 4929 αὑτῷ
3595 4861 3690 4913 καὶ
3717 4859 3775 4912 τὸ

2207 4951 2421 5021 ἱμάτιόν
2469 4968 2595 5004 σου’
2653 4952 2749 5004 καὶ
2798 4952 2876 5023 τῷ
2917 4952 3176 5005 τύπτοντί
3221 4969 3278 5004 σε
3334 4953 3428 5004 ἐπὶ
3467 4952 3569 5020 τὴν
3597 4950 3776 5014 δεξιὰν

2207 5044 2460 5111 σιαγόνα,
2501 5045 2710 5114 πάρεχε
2741 5044 2834 5096 καὶ
2862 5042 2959 5113 τὴν
2988 5043 3175 5114 ἄλλην.
3215 5043 3493 5111 Μακάριοι
3518 5043 3629 5112 γάρ
3652 5045 3773 5094 ἐστε

2204 5134 2334 5187 ὅταν
2363 5134 2669 5205 μισήσωσιν
2699 5134 2844 5204 ὑμᾶς
2878 5135 2927 5186 οἱ
2962 5133 3241 5203 ἄνθρωποι
3267 5173 3281 5194 ,
3316 5135 3411 5187 καλ⁵
3439 5134 3774 5203 ἀφορίσωσιν

2204 5224 2390 5278 ἕνεκεν
2419 5224 2512 5278 τοῦ
2542 5225 2675 5277 Υἱοῦ
2705 5223 2797 5277 τοῦ
2825 5223 3117 5293 ἀνθρώπου
3137 5240 3152 5255 ’
3205 5226 3446 5295 χαίρετε,
3484 5224 3578 5277 καὶ
3607 5224 3774 5291 ἀγαλ-

2204 5316 2414 5377 λιᾶσθε,
2452 5316 2535 5367 ὅτι
2567 5319 2595 5369 6
2627 5315 2819 5386 μισθὸς
2847 5315 3002 5385 ὑμῶν
3032 5315 3199 5378 πολὺς
3229 5318 3284 5368 ὲν
3312 5318 3426 5377 τοῖς
3452 5316 3722 5385 οὐρανοῖς.
3750 5333 3767 5364 ι

2205 5405 2364 5476 Αὐτῷ
2395 5406 2427 5475 ή
2455 5404 2580 5471 δόξα
2612 5408 2690 5470 είς
2716 5407 2841 5468 τοὺς
2867 5405 3090 5469 αἰῶνας.
3128 5406 3319 5477 Ἀμήν.

533 5508 613 5553 tra
646 5498 819 5567 legem
854 5496 1069 5567 agentis
1100 5506 1156 5551 et
1188 5495 1363 5564 iniqui
1389 5497 1451 5550 “.
1482 5515 1499 5546 ι
1544 5497 1749 5552 Paulus
1791 5497 1921 5551 item
1952 5512 1966 5550 :
1994 5517 2010 5547 ι
2035 5498 2103 5553 Ut
2139 5499 2270 5569 quid
2305 5515 2416 5554 non
2454 5499 2628 5569 magis
2687 5499 2945 5571 injuriam
3008 5501 3296 5570 patimini?
3325 5500 3434 5555 Sed
3466 5516 3566 5555 vos
3598 5500 3773 5555 facitis

626 5615 746 5668 ’3'.”
777 5638 949 5692 Exod.
985 5654 1073 5698 xx.
1109 5637 1197 5690 16.

534 5723 629 5769 vlt,
666 5707 684 5758 l
727 5723 842 5777 seq.

533 5791 683 5841 θην,
719 5779 770 5831 '7.
810 5776 815 5777 7
844 5780 865 5809 ⁹
893 5778 1033 5831 Psal.
1068 5793 1246 5840 cxvtu.
1296 5776 1414 5829 H5.

1326 5636 1547 5716 ’.Levit.
1576 5655 1684 5716 x1},
1911 5641 2102 5716 ’_ibi_d._

2210 5685 2223 5699 .
2299 5644 2538 5716 ’_'_Pj'ov.
2573 5660 2701 5705 χχιι.
2725 5645 2831 5716 22,
2862 5644 2951 5699 25.
3058 5646 3076 5677 ³
3104 5646 3289 5716 Matth.
3322 5662 3373 5707 v,
3420 5645 3509 5716 44.
3614 5646 3632 5675 ⁸
3655 5645 3772 5716 Act.

919 5710 938 5739 ⁸
969 5708 1105 5761 Vide
1166 5706 1486 5771 Eusebium,
1544 5723 1593 5761 e.
1623 5710 1675 5771 9,
1722 5710 1819 5764 lib.
1851 5727 1885 5764 ιι
1911 5711 2196 5766 Ecclﬂist.

2314 5714 2333 5744 ⁸
2359 5713 2377 5766 1
2402 5714 2550 5767 Petr.
2588 5730 2645 5778 ιι,
2676 5715 2775 5779 20;
2808 5731 2884 5779 ιιι,
2924 5716 3007 5770 16.
3086 5717 3104 5746 ’
3130 5711 3170 5769 11
3198 5717 3341 5769 Petr.
3368 5731 3419 5778 ιι⁶
3447 5715 3480 5768 9
3579 5717 3600 5747 ⁸
3632 5715 3772 5772 Psal.

1524 5778 1565 5810 ¹⁰
1596 5779 1734 5833 Psal.
1769 5782 2040 5845 xxxrv,l‘2.
2118 5785 2154 5814 ¹¹
2188 5783 2327 5837 Psal.
2363 5798 2482 5849 ιτς,
2510 5785 2560 5836 4.
