4040 6510
272 361 403 426 1797
988 363 1315 425 HOMILIA
1353 363 1582 426 CXVI'I.
1618 391 1686 400 —
1710 367 1804 426 DE
1843 366 2302 429 GRATIARUM
2343 366 2687 429 ACTIONE.
3390 366 3524 431 1798

268 472 521 544 injuriam
576 480 633 528 et
674 470 973 538 fraudatis;
1007 482 1064 527 et
1105 473 1211 529 hoc
1264 473 1550 529 fratribus.
1600 474 1681 528 An
1730 490 1840 529 non
1882 475 2035 529 scitis
2057 476 2186 545 quia
2213 475 2388 544 iniqui
2429 491 2655 547 regnum
2695 474 2790 530 Dei
2829 490 2938 530 non
2981 488 3393 547 consequentur
3418 478 3518 532 ιιι»

264 568 389 624 Alio
421 568 552 623 item
578 569 740 623 loco:
780 588 798 620 ι
830 568 1304 625 Rememoramini
1346 572 1612 641 pristinos
1646 571 1767 625 dies
1831 571 1884 624 in
1922 571 2127 642 quibus
2166 572 2458 627 illuminati
2516 572 2771 643 magnum
2851 581 3131 629 certamen
3187 576 3530 631 sustinuistis

264 662 617 729 passionum;
662 662 717 716 in
764 662 941 716 altero
969 662 1193 732 quidem
1230 664 1544 734 opprobriis
1600 675 1657 720 et
1688 666 2139 732 tribulationibus
2165 666 2542 735 spectaculum
2597 665 2749 732 facti,
2822 666 2878 720 in
2945 669 3126 723 altero
3159 680 3343 725 autem
3393 669 3528 728 socii

270 755 449 808 taliter
496 754 944 810 conversantium
1001 754 1309 810 eﬂ‘ecti".i
1370 756 1513 811 Dicit
1558 766 1742 811 autem
1780 767 1837 814 et
1910 758 2224 813 Dominus:
2267 759 2361 813 «Si
2394 759 2520 829 quis
2558 760 2929 830 angariaverit
2961 769 3010 816 te
3047 763 3284 819 milliare
3330 781 3526 828 unum,

265 844 403 900 vade
432 860 555 899 cum
585 858 653 898 eo
676 852 731 898 et
764 842 916 909 duo;
950 853 1006 899 et
1028 845 1081 899 ei
1110 846 1204 915 qui
1238 846 1357 900 vult
1395 856 1578 901 tecum
1612 847 1668 900 in
1705 847 1918 917 judicio
1958 848 2325 912 contendere,
2353 857 2409 901 et
2434 847 2674 902 tunicam
2710 857 2860 903 tuam
2891 850 3110 914 tollere,
3142 852 3360 908 dimitte
3392 854 3441 909 ei
3474 865 3531 910 et

267 938 494 1007 pallium
529 944 725 1000 tuum;
766 934 809 989 si
848 935 975 1004 quis
1023 944 1074 990 te
1114 938 1456 1006 percusserit
1491 938 1546 991 in
1574 937 1853 994 dexteram
1894 939 2195 1003 maxillam,
2223 938 2407 1008 praebe
2440 938 2490 993 ei
2549 947 2603 993 et
2624 939 2825 1006 aliam;
2856 940 3002 997 beati
3032 942 3178 997 enim
3211 945 3370 1001 eritis
3403 962 3527 1002 cum

268 1028 491 1084 oderint
543 1042 641 1081 vos
698 1025 972 1089 homines,
1004 1038 1060 1082 et
1098 1029 1477 1097 separaverint
1508 1037 1738 1099 propter
1766 1027 1964 1082 Filium
2008 1028 2278 1095 hominis;

266 1128 353 1175 est
380 1119 435 1173 in
463 1119 638 1176 caelis.
672 1138 690 1170 ι
723 1117 829 1188 lpsi
860 1118 1035 1189 gloria
1068 1117 1120 1170 in
1146 1118 1367 1172 sarcula.
1395 1118 1591 1173 Amen.

866 1233 1086 1286 ΛΟΓΟΣ
1107 1232 1258 1288 ΡΙΖ’.

768 1342 907 1411 Περὶ
936 1342 1348 1409 εὐχαριστίας.

340 1460 450 1514 Τοῦ
482 1462 540 1513 ὲν
572 1460 738 1511 παντὶ
764 1457 1113 1527 εὐχαριστεῖν
1162 1454 1442 1525 ὀφειλέται
1477 1454 1667 1523 ἐσμὲν,
1708 1455 1852 1508 κατὰ

269 1554 362 1607 τὸν
397 1550 742 1611 ’Λπόστολον,
772 1549 883 1601 είτε
900 1545 1386 1619 παρακαλούμεθα,
1407 1544 1518 1598 εἴτε
1530 1543 1849 1615 θλιόόμεθα.

281 1644 341 1698 '0
372 1645 482 1714 γὰρ
513 1642 820 1712 προνοητὴς
849 1639 957 1692 τῶν
974 1638 1163 1710 ψυχῶν
1193 1637 1349 1709 ἡμῶν
1380 1636 1715 1707 Κύριος,τὰς
1736 1635 1851 1689 θλί-

269 1737 396 1808 ψεις
434 1736 577 1805 ὑπὲρ
614 1734 710 1787 τοῦ
748 1732 1125 1802 συμφέροντος
1155 1729 1375 1796 ἐπάγει,
1405 1728 1481 1791 ὡς
1511 1729 1733 1799 ἄριστος
1767 1730 1849 1781 ία-

270 1828 399 1898 τρός
419 1845 434 1860 ·
467 1828 562 1883 καὶ
588 1828 713 1889 τούς
737 1825 953 1895 δριμεῖς
982 1821 1306 1893 καυστῆρας
1356 1822 1493 1893 πρὸς
1527 1822 1588 1873 τὸ
1636 1821 1851 1889 νόσημα

272 1922 601 1992 προσφέρει,
641 1917 726 1971 ἵνα
765 1917 952 1987 ἄρτιος
992 1914 1218 1986 γένηται
1249 1916 1276 1967 ὁ
1309 1912 1623 1983 ἄνθρωπος·
1658 1913 1752 1965 καὶ
1778 1911 1852 1973 ὡς

272 2012 628 2083 φιλόστοργος
664 2009 867 2080 πατὴρ,
924 2009 1052 2061 ὅταν
1078 2007 1177 2077 μὲν
1212 2007 1313 2077 όρᾷ
1366 2005 1459 2057 τὸν
1492 2004 1689 2057 ἑαυτοῦ
1736 2005 1853 2057 υἱὸν

271 2103 633 2166 ἀτακτοῦντα,
678 2101 959 2155 παιδεύει·
997 2100 1123 2152 ὅταν
1147 2098 1203 2151 δὲ
1252 2098 1338 2167 ἴδῃ
1372 2096 1759 2167 ὀλιγωροῦντα,
1815 2097 1849 2168 ἢ

271 2194 668 2267 δυσφοροῦντα,
698 2192 1005 2264 παρακαλεῖ
1030 2207 1044 2221 ο
1089 2189 1260 2253 οὕτως
1308 2191 1455 2241 ποιεῖ
1483 2190 1615 2259 ἡμῖν
1649 2188 1853 2254 ἀγαθὸς

271 2288 431 2359 ἡμῶν
466 2286 741 2357 Δεσπότης
764 2284 858 2338 καὶ
892 2284 1105 2354 Πατὴρ,
1168 2281 1349 2335 πάντα
1385 2281 1522 2348 πρὸς
1553 2280 1614 2332 τὸ
1642 2280 1849 2351 συμφέ-

275 2397 368 2451 ρον
401 2380 533 2449 ήμῖν
562 2377 813 2448 ἐπιφέρει
835 2390 848 2404 ⁸
881 2375 994 2428 εἴτε
1034 2372 1407 2445 παράκλησιν,
1440 2372 1551 2424 εἴτε
1579 2370 1849 2434 παιδείαν,

272 2469 348 2533 ὡς
378 2469 713 2539 φιλότεκνος.
747 2468 940 2537 Ἡμεῖς
996 2460 1089 2519 οῦν
1131 2466 1189 2517 ὲν
1220 2466 1339 2526 ταῖς
1376 2462 1620 2532 θλίψεσιν
1668 2462 1850 2516 πλεῖον

1877 1208 1923 1263 Δ

2354 1026 2625 1097 gaudete,
2659 1027 2789 1096 quia
2833 1044 3047 1087 merces
3105 1042 3288 1089 vestra
3358 1037 3528 1090 multa

2359 1226 2575 1299 1219
2612 1226 2900 1287 HOMILIA
2937 1232 3142 1290 CXVII.

2408 1340 2481 1394 De
2507 1342 2809 1411 gratiarum
2843 1346 3066 1399 actione.

2022 1448 2150 1504 Sive
2190 1450 2293 1520 ipsi
2329 1451 2704 1517 consolamur,
2731 1454 2847 1509 sive
2878 1455 3104 1511 afﬂictat
3125 1474 3226 1516 nos
3258 1464 3527 1534 quaepiam

1952 1540 2262 1607 tribulatio,
2320 1552 2377 1598 et
2425 1559 2759 1614 quocunque
2828 1547 2882 1601 in
2944 1557 3089 1603 statu
3152 1554 3525 1624 consistimus,

1947 1632 2101 1703 juxta
2130 1636 2484 1704 apostolicam
2518 1638 2873 1704 sententiam,
2908 1642 3208 1710 gratiarum
3252 1648 3525 1704 actionem

1952 1724 2220 1779 debemus
2258 1726 2564 1781 exsolvere.
2598 1728 2864 1782 Dominus
2897 1730 3043 1784 enim
3088 1733 3391 1789 animarum
3426 1753 3527 1793 no-

1952 1826 2192 1872 strarum
2248 1827 2474 1873 curator
2510 1819 3049 1887 providentissimus,
3094 1826 3324 1893 perinde
3364 1838 3527 1899 atque

1954 1924 2099 1963 unus
2132 1910 2336 1979 aliquis
2384 1910 2612 1965 medicze
2659 1910 2738 1965 rei
2779 1913 3312 1982 experientissimus,
3337 1929 3529 1974 nostro

1952 2001 2199 2056 omnium
2256 2001 2378 2056 usui
2443 2002 2737 2057 consulens
2798 2004 3183 2061 tribulationes
3213 2007 3429 2079 inﬂigit,
3471 2019 3529 2065 et

1953 2094 2313 2150 acrimoniam
2380 2095 2849 2165 asperitatemque
2895 2099 3109 2153 urentis
3161 2103 3391 2157 cauterii
3431 2104 3530 2158 ad-

1953 2194 2148 2241 versus
2181 2186 2581 2241 coalescentem
2614 2186 2871 2241 morbum
2902 2188 3177 2253 admovet,
3227 2190 3437 2261 integer
3466 2201 3529 2247 ut

1952 2276 2025 2331 sit
2049 2276 2215 2330 homo
2241 2284 2297 2330 et
2326 2275 2639 2330 incolumis.
2666 2277 2734 2331 Et
2768 2286 3020 2347 tanquam
3046 2279 3207 2333 Pater
3240 2280 3292 2334 in
3318 2281 3525 2336 liberos

1952 2368 2349 2437 pientissimus,
2398 2368 2442 2421 si
2488 2369 2713 2437 quando
2757 2370 3117 2438 perpenderit
3161 2387 3322 2426 suum
3354 2373 3527 2441 ipsius
3588 2378 3592 2383 ’

1954 2459 2133 2514 filium
2158 2459 2441 2530 quipdiam
2474 2460 2766 2531 designare
2789 2461 3059 2525 indecori,
3084 2464 3311 2533 castigat
3337 2465 3523 2519 illum:

272 2560 565 2631 ὀφείλομεν
594 2559 959 2631 εὐχαριστεῖν,
987 2556 1061 2619 ὼς
1094 2555 1332 2626 γνήσιοι,
1364 2556 1455 2607 καὶ
1476 2554 1573 2624 οὐχ
1609 2553 1683 2615 ὡς
1702 2553 1846 2606 νόθοι

1952 2552 2097 2621 quod
2135 2552 2181 2607 si
2204 2552 2548 2622 perspexerit
2571 2553 2865 2623 neglectim
2897 2554 3188 2610 admittere
3213 2556 3524 2626 correptio-

276 2654 403 2708 υίοί.
447 2654 511 2708 Εἰ
539 2652 771 2724 Χριστὸς
800 2650 1076 2719 Δεσπότης
1110 2647 1233 2700 κατ’
1283 2644 1492 2713 οὐᾶίαν,
1528 2647 1624 2699 καὶ⁵
1645 2646 1850 2698 Δεσπό-

274 2761 375 2815 της
409 2745 528 2797 κατ⁹
558 2740 889 2813 οἰκονομίαν.
928 2741 1074 2809 (Ὅτι
1112 2738 1206 2793 καὶ
1236 2738 1311 2808 μὴ
1370 2738 1530 2802 ὄντας
1572 2737 1850 2809 ἐποίησεν,

276 2838 370 2887 καὶ
400 2834 657 2897 θανόντας
686 2836 749 2903 τῇ
770 2831 1041 2903 ἁμαρτίᾳ,
1073 2828 1160 2882 διὰ
1184 2828 1279 2882 τοῦ
1311 2829 1442 2883 ίδίου
1470 2829 1703 2899 αἵματος
1764 2829 1852 2893 ὲξ-

277 2923 597 2995 ηγόρασεν.)
631 2913 820 2992 Ἢμεῖς
854 2922 912 2976 δὲ
944 2922 994 2974 oi
1026 2921 1238 2992 ἀχρεῖοι
1266 2920 1465 2986 δοῦλοι,
1493 2920 1653 2974 ποίαν
1685 2921 1851 2992 εὐχα-

278 3017 494 3085 ριστίαν
548 3014 825 3084 δυνάμεθα
876 3012 1026 3083 αὐτῷ
1076 3012 1389 3076 ἀποδοῦναι,
1436 3013 1559 3065 ἐπεὶ
1605 3012 1699 3065 ἐὰν
1731 3016 1852 3075 ταῖς

276 3107 601 3178 εὐημερίαις
621 3107 778 3177 μόνον
799 3103 1253 3175 εὐχαριστοῦμεν,
1283 3104 1458 3174 ὅμοιοι
1482 3104 1852 3175 εὑρισκόμεθα

276 3203 391 3263 τοῖς
419 3199 736 3270 ἀχαρίστοις
768 3197 1045 3261 Ἰουδαίοις
1067 3212 1081 3227 ο
1121 3197 1341 3260 οἵτινες,
1377 3197 1507 3249 ὅταν
1547 3197 1645 3266 μὲν
1678 3194 1850 3265 ἔτρω-

276 3306 375 3358 γον
408 3291 466 3342 ἐν
516 3290 582 3358 τῇ
615 3287 811 3357 ἐρήμῳ
862 3283 1411 3355 θαυματουργοῦντος
1464 3284 1557 3336 τοῦ
1621 3283 1849 3353 Κυρίου,

278 3379 470 3448 ἔλεγον
502 3393 515 3407 ⁸
560 3396 578 3429 ι
617 3373 783 3439 Οὗτός
834 3380 981 3430 ὲστιν
1008 3373 1224 3443 ἀληθῶς
1279 3378 1306 3428 ὁ
1344 3376 1649 3444 προφήτης,
1704 3393 1722 3424 ι
1758 3373 1853 3426 καὶ

276 3470 469 3543 ἢθελον
506 3468 666 3521 αὐτὸν
696 3467 965 3537 ἁρπάσαι,
1026 3468 1119 3519 καὶ
1153 3466 1378 3535 ποιῆσαι
1401 3464 1645 3534 βασιλέα.
1680 3464 1852 3519 Ὅταν

276 3562 333 3615 δὲ
364 3561 552 3629 ἔλεγεν
573 3560 779 3625 αὐτοῖς,
815 3578 832 3609 ι
874 3557 1227 3627 Ἐργὰζεσθε,
1257 3557 1332 3627 μὴ
1364 3557 1464 3625 τὴν
1525 3554 1728 3626 βρῶσιν
1754 3556 1852 3626 τὴν

275 3650 685 3720 ἀπολλυμένην,
715 3649 850 3703 ἀλλὰ
872 3649 970 3719 τὴν
991 3649 1258 3718 μένουσαν
1291 3650 1373 3711 είς
1390 3648 1534 3718 ζωὴν
1550 3648 1791 3713 αἰώνιον,
1826 3668 1843 3699 ι

277 3742 488 3811 ελεγον,
543 3761 560 3794 ι
600 3742 664 3794 Τί
703 3742 928 3811 σημεῖον
977 3739 1244 3803 δεικνύεις
1280 3740 1453 3809 ήμῖν;
1502 3740 1564 3792 Οἱ
1618 3740 1853 3808 πατέρες

275 3839 309 3905 ἠ
320 3835 439 3905 μῶν
467 3834 528 3887 τὸ
571 3834 746 3903 μάννα
777 3833 979 3902 ἔφαγον
1005 3832 1062 3885 ἐν
1090 3834 1155 3902 τῇ
1183 3832 1395 3902 ἐρήμῳ.
1446 3850 1463 3882 ι
1493 3830 1732 3894 Εἰκότως
1759 3826 1851 3885 οὖν

279 3926 515 3997 ἁρμόζει
535 3927 669 3995 ἡμῖν
695 3924 755 3978 τό
783 3939 797 3953 °
830 3944 848 3974 ¢
892 3922 1405 3995 Ἐξομολογήσονταί
1438 3940 1540 3986 σοι,
1561 3923 1687 3976 ὅταν
1714 3925 1851 3991 ἀγα-

280 4018 463 4081 θύνεις
498 4017 717 4081 αὐτούς.
757 4035 775 4067 ι
814 4017 973 4070 Καὶό
1003 4015 1267 4078 τοιοῦτος,
1306 4034 1324 4066 ‹
1367 4015 1511 4078 Ἕως
1541 4013 1735 4077 αἰῶνος
1751 4014 1852 4067 οὐκ

278 4110 471 4181 ὄψεται
501 4110 638 4179 φῶς.
684 4127 702 4161 ι
731 4110 822 4179 Μὴ
851 4108 945 4161 οῦν
974 4107 1333 4178 όμοιωθῶμεν
1368 4108 1483 4169 τοῖς
1517 4106 1848 4177 ἀχαρίστοις,

278 4202 394 4256 ἀλλ’
426 4202 499 4263 ὡς
536 4200 776 4271 μαθηταὶ
805 4200 903 4269 τῆς
934 4200 1157 4269 χάριτος
1198 4198 1503 4267 ὑπόδειγμα
1547 4198 1716 4266 αὐτῆς
1765 4196 1852 4251 διὰ

277 4294 375 4364 τῆς
435 4292 791 4364 εὐχαριστίας
827 4290 1137 4361 γενώμεθα,
1174 4290 1262 4343 ἵνα
1309 4291 1401 4342 καὶ
1434 4290 1587 4342 αὐτοὶ
1614 4288 1853 4358 δυνηθῶ-

277 4400 385 4445 σιν,
418 4383 654 4453 ὁρῶντες
676 4380 738 4433 τὸ
769 4380 882 4449 φῶς
909 4380 1008 4450 τῆς
1040 4379 1392 4449 εὐχαριστίας
1415 4378 1592 4448 ήμῶν,
1614 4378 1851 4449 ἀποστῆ-

277 4491 362 4524 ναι
398 4470 491 4523 τοῦ
529 4470 854 4539 κατέχοντος
893 4470 1091 4532 αὐτοὺς
1130 4470 1351 4532 σκότους
1386 4468 1482 4538 τῆς
1505 4468 1847 4538 ἀχαριστίας.

275 4562 349 4615 Τὸ
381 4560 490 4630 γάρ
514 4578 525 4590 ·
566 4578 583 4610 ι
606 4560 694 4611 Ἐν
728 4560 891 4611 παντὶ
925 4560 1322 4629 εὐχαριστεῖτε,
1356 4577 1374 4609 ι
1416 4561 1736 4629 περιεκτικὴ
1766 4560 1853 4611 ὲν·

275 4652 407 4721 τολή
442 4653 623 4703 ἐστιν·
657 4650 770 4702 εἴτε
809 4649 1037 4718 εὐθυμεῖ
1065 4665 1169 4713 τις,
1202 4649 1310 4700 εἴτε
1345 4648 1564 4717 ἀθυμεῖ,
1593 4649 1702 4700 είτε
1743 4648 1853 4702 θλί-

278 4742 456 4805 ϐεται,
492 4741 603 4793 εἴτε
632 4741 838 4810 χαίρει,
873 4738 1159 4808 ὀφειλέτης
1184 4738 1332 4791 ἐστὶν
1356 4738 1447 4790 τοῦ
1469 4739 1814 4809 εὐχαριστεῖν
1834 4755 1849 4769 ·

276 4828 387 4896 οἷος
412 4829 479 4905 ἦν
507 4836 534 4887 ὁ
564 4833 739 4903 μέγας
779 4830 917 4885 Ἰώὸ.
954 4830 1249 4891 Ἀπολέσας
1285 4830 1392 4899 γὰρ
1418 4830 1595 4884 πάντα
1621 4832 1687 4883 τὰ
1720 4832 1851 4883 ἐαυ-

276 4926 396 4992 τοῦ,
433 4925 513 4979 έτι
552 4926 606 4978 δὲ
630 4928 727 4977 καὶ
752 4923 849 4995 τὴν
871 4919 1249 4994 δεκ[ἀστεγον]
1280 4922 1472 4974 καλιὰν
1490 4922 1599 4974 τῶν
1621 4922 1847 4988 τέκνων,

280 5016 704 5087 συγχωσθέντων
725 5014 905 5069 αὐτῶν
937 5015 1041 5067 ὑπὸ
1073 5012 1505 5084 συμπτώματος,
1527 5015 1583 5065 ὲν
1606 5014 1683 5085 τῷ
1716 5030 1851 5084 συμ-

279 5109 477 5179 ποσίῳ,
511 5108 912 5179 εὐχαριστήσας
959 5106 1143 5171 ἔλεγεν
1167 5120 1182 5135 ο
1221 5122 1239 5155 t
1283 5103 1342 5157 '0
1394 5104 1596 5175 Κύριος
1625 5105 1847 5169 ἔδωκεν,

1952 2659 2100 2709 nem,
2134 2654 2229 2699 aut
2257 2645 2549 2715 implacide
2575 2646 2739 2711 ferre,
2771 2646 3097 2703 obsecratet
3132 2648 3414 2716 hortatur;
3451 2650 3527 2705 ita

1952 2737 2239 2793 nobiscum
2266 2738 2378 2809 agit
2413 2738 2686 2809 benignus
2722 2733 2909 2793 noster
2939 2740 3204 2795 Dominus
3230 2758 3293 2796 ac
3322 2742 3483 2797 Pater
3508 2760 3524 2809 ;

1953 2845 2075 2900 quae
2107 2829 2261 2885 novit
2293 2839 2495 2885 nostra:
2544 2830 2832 2900 profutura
2856 2832 3044 2905 saluti,
3077 2833 3288 2888 invehit
3315 2834 3525 2899 omnia,

1956 2920 2073 2975 sive
2121 2920 2502 2975 consolatione
2558 2936 2698 2991 opus
2737 2928 2821 2975 est
2873 2931 2968 2975 aut
3018 2930 3167 2976 certe
3226 2923 3527 2993 asperitate

1952 3012 2340 3083 correptionis,
2397 3011 2579 3081 utqui
2643 3021 2751 3066 tam
2812 3022 3061 3067 amanter
3113 3013 3297 3068 erudit
3360 3014 3505 3069 filios

1953 3104 2437 3158 Tribulationibus
2471 3102 2640 3172 igitur
2684 3103 2857 3157 attriti
2902 3113 3160 3174 tanquam
3195 3106 3423 3174 genuini
3463 3120 3527 3161 ac

1952 3196 2206 3266 legitimi,
2234 3212 2343 3249 non
2393 3196 2522 3249 item
2568 3204 2627 3249 ut
2670 3194 2863 3264 spurii,
2899 3203 3049 3249 tanto
3078 3196 3401 3265 ampliorem
3426 3197 3526 3252 de-

1954 3288 2150 3343 bemus
2184 3287 2488 3357 rependere
2518 3287 2818 3357 gratiarum
2859 3287 3156 3340 actionem.
3186 3287 3241 3342 Si
3272 3287 3527 3345 Christus

1953 3390 2148 3449 snapte
2184 3379 2493 3433 substantia
2538 3378 2803 3432 Dominus
2849 3388 2932 3433 est
2982 3387 3191 3444 noster,
3226 3380 3271 3434 si
3300 3380 3444 3435 idem
3471 3390 3529 3437 et

1955 3469 2219 3523 Dominus
2257 3476 2341 3523 est
2383 3467 2794 3537 dispensatione
2838 3478 3133 3537 assumpta:
3169 3470 3352 3523 carnis
3386 3471 3529 3540 (ipse

1953 3562 2123 3625 enim,
2157 3574 2278 3620 nos,
2309 3574 2432 3614 cum
2466 3574 2578 3612 non
2622 3573 2893 3620 essemus,
2924 3558 3195 3622 condidit,
3230 3562 3525 3616 conditos:

1952 3650 2046 3705 sed
2093 3651 2303 3718 peccati
2357 3648 2644 3719 tyrannide
2694 3657 2963 3712 mortuos,
3032 3652 3253 3719 proprio
3293 3652 3528 3707 redemit

1954 3742 2265 3812 sanguine),
2314 3755 2418 3794 nos
2450 3740 2677 3794 inutiles
2718 3741 2884 3804 servi,
2919 3756 3081 3809 quam
3126 3741 3203 3795 illi
3254 3744 3527 3802 resolvere

1955 3834 2172 3904 dignam
2231 3848 2527 3903 possumus
2582 3833 2878 3903 gratiarum
2926 3834 3232 3889 actionem?
3281 3836 3434 3902 Quod
3478 3838 3527 3893 si

1956 3936 2070 3981 tum
2104 3924 2307 3995 gratias
2334 3923 2716 3993 rependimus,
2760 3924 3031 3993 tantisper
3062 3925 3194 3979 dum
3230 3927 3525 3984 commode

1952 4018 2240 4084 habemus,
2275 4016 2421 4070 felici
2475 4030 2661 4069 rerum
2715 4015 2997 4069 laetissime
3047 4016 3364 4070 cadentium
3395 4034 3524 4075 suc-

1950 4123 2132 4173 cessu,
2190 4108 2364 4161 nihilo
2395 4105 2870 4176 deprehendimur
2904 4105 3133 4175 ingratis
3167 4108 3277 4162 illis
3319 4109 3527 4165 Judteis

1951 4199 2247 4255 dissimiles
2277 4216 2289 4252 :
2317 4197 2434 4267 qui,
2467 4212 2591 4253 cum
2618 4197 2849 4251 Domino
2871 4197 3220 4266 suspicienda
3257 4200 3523 4255 miracula

1950 4290 2171 4356 edente,
2209 4291 2265 4344 in
2297 4306 2485 4345 eremo
2522 4298 2882 4343 vescerentur
2916 4290 3175 4359 panibus,
3209 4291 3474 4347 dicebant
3507 4310 3522 4347 :

1959 4402 1978 4435 ι
2013 4380 2113 4437 Hic
2142 4392 2228 4437 est
2256 4397 2384 4436 vere
2439 4381 2702 4451 propheta
2732 4382 2794 4445 ",
2828 4399 2845 4431 ι
2884 4397 3119 4451 eumque
3171 4399 3343 4452 prope
3372 4400 3524 4439 arre-

1951 4484 2109 4545 ptum
2154 4488 2338 4543 regem
2389 4481 2549 4527 erant
2596 4472 2818 4527 facturi.
2855 4474 2925 4527 At
2961 4474 3054 4527 ubi
3088 4474 3207 4529 istis
3240 4484 3346 4529 tam
3380 4478 3523 4532 male

1950 4566 2121 4638 gratis
2150 4565 2369 4619 dicebat
2398 4581 2411 4617 :
2453 4584 2470 4615 ι
2500 4564 2819 4634 Operamini
2854 4580 2962 4618 non
2996 4566 3181 4619 cibum
3229 4567 3320 4635 qui
3357 4568 3520 4637 perit,

1950 4658 2047 4713 sed
2077 4656 2171 4727 qui
2205 4664 2389 4710 manet
2421 4656 2474 4710 in
2503 4655 2672 4710 vitam
2695 4666 2959 4709 aeternam
2983 4657 3045 4721 ¹⁶,
3080 4674 3098 4706 ι
3147 4648 3479 4727 subjun'xere
3505 4681 3520 4713 :

1958 4771 1975 4802 ι
1996 4750 2151 4818 Quod
2181 4750 2398 4819 signum
2427 4747 2675 4801 ostendis
2698 4746 2892 4801 nobis?
2916 4747 3108 4801 Patres
3135 4750 3308 4802 nostri
3339 4764 3523 4803 come-

1952 4842 2155 4898 derunt
2200 4855 2401 4894 manna
2438 4839 2491 4892 in
2541 4838 2839 4892 deserto”.
2863 4857 2880 4890 ι
2912 4837 3004 4892 Sic
3036 4840 3182 4891 enim
3228 4839 3428 4894 merito
3466 4840 3522 4895 in

1950 4948 2052 4986 nos
2102 4930 2349 4999 apposite
2412 4927 2839 4996 detorquebitur
2900 4928 3074 4982 illud:
3111 4949 3128 4979 ι
3155 4928 3523 4983 Conﬁtebitur

1953 5019 2051 5072 tibi
2084 5033 2209 5073 cum
2262 5016 2605 5072 benefeceris
2638 5016 2770 5071 ei".
2805 5037 2823 5069 ι
2868 5016 2971 5083 Qui
3017 5020 3176 5088 plane
3217 5020 3342 5073 talis
3372 5036 3524 5073 com-

1950 5108 2199 5179 perietur
2232 5123 2246 5160 :
2282 5126 2298 5157 ι
2328 5108 2512 5176 Usque
2579 5108 2635 5160 in
2697 5108 2957 5161 szeculum
3013 5124 3123 5162 non
3181 5108 3393 5163 videbit
3438 5109 3523 5163 lu-

278 5200 306 5253 ὁ
337 5196 539 5272 Κύριος
569 5200 847 5269 ἀφείλατο.
886 5200 976 5261 Ὠς
1005 5198 1084 5269 τῷ
1119 5197 1307 5269 Κυρίῳ
1335 5197 1533 5263 ἔδοξεν,
1561 5196 1734 5261 οῦτως
1750 5200 1842 5252 καὶ

1954 5216 2079 5255 men
2106 5201 2170 5253 ¹⁹.
2198 5219 2214 5250 ι
2256 5200 2335 5254 Ne
2366 5198 2596 5271 (quaeso)
2627 5208 2733 5253 tam
2765 5215 2959 5255 averse
2998 5211 3179 5271 gratos
3216 5216 3523 5272 repraesen-

279 5297 521 5362 ὲγένετο’
541 5294 626 5365 εἴη
654 5295 714 5347 τὸ
738 5295 909 5364 ὄνομα
929 5292 1131 5364 Κυρίου
1164 5292 1550 5361 εὐλογημένον.
1588 5310 1605 5341 ι
1626 5288 1749 5343 ’Καὶ
1781 5291 1842 5342 οὐ

282 5385 441 5453 μόνον
465 5385 645 5451 τοῦτο,
674 5384 810 5438 ἀλλὰ
850 5385 942 5437 καὶ
995 5385 1054 5437 ὲν
1086 5386 1152 5454 τῇ
1185 5384 1390 5455 κοπρίᾳ
1417 5383 1747 5452 καθήμενος,
1789 5383 1847 5435 ὲν

280 5476 487 5546 σαπρία
512 5474 829 5543 σκωλήκων,
881 5475 977 5528 καὶ
1008 5473 1249 5537 ἀκούσας
1293 5474 1445 5544 παρὰ
1485 5474 1580 5543 τῆς
1618 5473 1846 5540 συμείου

278 5567 443 5621 αὐτοῦ
489 5569 582 5622 τό·
623 5587 641 5619 ι
672 5568 808 5621 Εἰπὲ
838 5566 993 5639 ῥῆμα
1022 5567 1155 5635 πρὸς
1186 5566 1411 5638 Κύριον,
1439 5568 1530 5619 καὶ
1558 5565 1836 5631 salsura,»

351 5708 392 5739 “
419 5707 464 5762 ll
493 5708 618 5763 Cor.
644 5723 698 5772 v,
729 5706 851 5762 7-9.
929 5705 973 5738 ¹³
1003 5705 1169 5762 Hebr.
1200 5723 1251 5771 κ,
1276 5705 1450 5762 32-35
1549 5706 1591 5753 ⁸³
1618 5706 1807 5760 Matth.
1839 5723 1891 5769 γ,
1915 5706 2106 5761 59-41.

280 5774 324 5806 ⁸⁸
351 5778 491 5833 Psal.
523 5794 705 5845 xum,
734 5778 821 5834 l9.
900 5777 944 5809 "
966 5775 1100 5831 ibid.
1138 5778 1226 5831 ll.

1955 5298 2134 5345 temus
2172 5308 2388 5345 morum
2427 5291 2815 5356 similitudine,
2849 5292 3021 5363 magis
3047 5302 3232 5348 autem
3264 5295 3520 5364 discipuli

1952 5382 2143 5452 gratiae
2188 5383 2284 5453 qui
2326 5398 2538 5446 sumus,
2581 5382 2753 5437 simus
2802 5398 2899 5452 per
2930 5384 3305 5439 continentem
3346 5387 3523 5441 actio-

1952 5488 2078 5528 nem
2108 5474 2409 5544 gratiarnm
2446 5474 2558 5527 illis
2586 5476 2858 5545 exemplo.
2895 5485 2955 5530 ut
2986 5476 3040 5530 in
3090 5476 3249 5531 nobis
3278 5486 3524 5532 contem-

1954 5566 2088 5636 plati
2130 5566 2318 5620 lumen
2357 5567 2745 5637 splendescere
2781 5569 2883 5638 pia:
2920 5569 3292 5639 gratitudinis,
3318 5582 3523 5640 queant

2207 5707 2433 5763 “Joan.
2468 5724 2539 5773 vr,
2599 5709 2685 5763 Η.
2766 5710 2808 5739 “’
2835 5708 2968 5762 ibid.
3003 5708 3091 5763 27.
3173 5710 3213 5741 "
3242 5710 3375 5765 ibid.
3427 5713 3516 5768 5i.
