4040 6508
529 387 664 450 1799

1791 376 2155 440 ANTIOCHI
2197 375 2544 437 MONACHI

3648 376 3782 442 1800

523 512 554 550 a
578 492 904 549 densissima
943 492 1179 563 caligine
1219 489 1642 562 ingratitudinis
1675 507 1784 562 qua
1819 491 2098 546 obvallan~

2203 487 2567 557 ἐπιστομίσας
2583 485 2755 558 αὐτὴν
2785 485 2954 555 λέγει·
2999 503 3018 539 ‹
3043 487 3160 542 Ἷνα
3180 489 3232 540 τί
3251 488 3326 552 ὡς
3357 489 3455 558 μία
3475 486 3588 539 τῶν
3618 489 3783 557 ἀφρό-

531 591 640 650 tur,
678 599 976 654 emergere.
1022 582 1162 638 lllud
1230 583 1380 637 enim
1439 582 1593 635 Pauli
1634 599 1696 633 τι
1725 581 1782 634 In
1839 580 2100 634 omnibus

523 677 662 746 grati
701 685 880 731 estote
902 677 984 739 ²⁰;
1011 695 1029 726 ι
1064 676 1119 728 in
1163 689 1370 744 genere
1404 673 1516 727 vim
1559 673 1771 727 obtinct
1813 672 2096 743 praecepti,

525 770 642 824 sive
674 770 800 838 quis
832 767 1000 821 animi
1025 766 1376 837 jucunditate
1407 764 1732 836 perfruitur,
1770 766 1887 818 sive
1923 763 2099 817 tribu-

524 861 751 924 latione,
786 859 899 914 sive
943 857 1134 913 nubilo
1178 857 1381 928 tegitur
1419 855 1682 920 tristitiae,
1716 864 1772 908 et
1803 855 2099 909 alllictatur

524 953 742 1016 anxius,
767 959 1027 1005 autcerte
1065 948 1400 1004 diﬂ‘unditur
1436 947 1659 1018 gaudio,
1695 945 1861 1000 debet
1892 947 2099 1000 nihilo-

525 1043 712 1097 minus
734 1058 895 1112 agere
924 1043 1225 1113 gratiarum
1265 1041 1542 1096 actionem
1571 1057 1582 1092 :
1617 1041 1796 1110 qualis
1829 1040 1966 1094 nihil
1999 1039 2100 1095 ob-

525 1150 687 1189 scure
721 1133 829 1188 fuit
855 1135 1093 1188 eximuis
1122 1134 1212 1187 ille
1250 1133 1376 1187 Job.
1401 1133 1455 1188 Is
1477 1133 1626 1187 enim
1658 1132 1900 1202 perditis
1928 1133 2100 1187 semel

525 1227 806 1291 omnibus,
855 1226 1069 1296 1220
1117 1225 1286 1280 domo
1329 1223 1558 1294 insuper
1592 1224 1783 1280 decem
1817 1225 2103 1295 contigna-
2148 1228 2152 1232 '

527 1318 773 1374 tionibus
808 1318 1091 1387 fastigiosa
1130 1317 1419 1386 adaequata
1458 1317 1601 1382 solo,
1627 1316 1723 1370 sed
1761 1326 1817 1371 et
1846 1315 1974 1370 ﬁliis
1998 1315 2102 1385 (in-

526 1413 688 1467 terim
719 1411 852 1466 dum
880 1410 1081 1482 geniali
1127 1411 1293 1480 epulo
1325 1410 1566 1466 invitant
1608 1425 1666 1464 se
1699 1419 1756 1463 et
1785 1407 2098 1479 indulgent)

524 1505 686 1559 ruina
713 1505 1029 1574 oppressis:
1063 1519 1226 1572 quam
1268 1503 1500 1557 Domino
1551 1517 1653 1572 pro
1706 1503 1794 1556 his
1844 1501 2103 1571 rependit

525 1597 826 1665 gratiarum
877 1595 1186 1650 actionem?
1218 1596 1513 1659 Nimirum,
1552 1605 1782 1664 accepto
1822 1595 1928 1648 hoc
1958 1610 2103 1648 nun-

526 1689 626 1753 tio,
670 1688 930 1743 dicebat:
979 1689 1286 1743 «Dominus
1331 1687 1504 1752 dedit,
1533 1687 1800 1740 Dominus
1848 1686 2100 1751 abstulit,

525 1782 672 1836 sicut
702 1781 934 1835 Domino
969 1781 1198 1850 placuit,
1222 1780 1296 1834 ita
1320 1788 1376 1834 et
1417 1778 1620 1833 factum
1644 1789 1766 1833 est:
1795 1778 1866 1834 sit
1900 1793 2100 1832 nomen

2202 598 2309 635 νων
2343 580 2620 649 γυναικῶν
2664 579 2962 651 ἐλάλησας;
3004 582 3145 635 εῐτά
3175 583 3357 652 ἀγαθά
3374 579 3679 652 ἐδεξάμεθα
3721 584 3784 636 ἐκ

2205 672 2389 743 χειρὸς
2418 670 2646 742 Κυρίου,
2704 672 2770 724 τά
2809 673 2956 726 κακὰ
3000 673 3098 743 οὐχ
3132 673 3466 744 ὐποίσομεν;
3529 693 3550 726 τ
3594 673 3786 736 Οὕτως

2205 763 2530 834 γνωρίζεται
2582 764 2610 815 6
2663 763 2916 832 ἀληθινὸς
2943 764 3284 834 εὐχάριστος,
3310 767 3337 818 6
3368 765 3428 818 ἐν
3476 765 3597 829 ταῖς
3633 766 3788 834 μεγί-

2208 869 2360 915 σταις
2395 855 2705 922 συμφοραῖς
2729 851 3266 926 ἀνθομολογούμενος
3287 854 3364 926 τῷ
3395 856 3607 927 Κυρίῳ.
3643 855 3788 908 Γνώ-

2207 959 2383 1013 ρισμα
2443 943 2501 996 δέ
2535 942 2629 997 τοῦ
2663 943 2986 1015 ἀχαρίστου,
3045 947 3106 999 rb
3142 947 3524 1018 μεμψίμοιρον
3545 951 3605 1001 ἐν
3668 947 3790 1010 ταῖς

2204 1033 2474 1105 θλίψεσιν,
2517 1036 2578 1089 τὸ
2611 1039 3000 1105 γογγυστικὸν,
3053 1038 3114 1092 rb
3145 1039 3429 1109 ἄχθεσθαι,
3465 1039 3528 1093 r6
3587 1040 3790 1093 ἀπολο-

2203 1127 2442 1196 γεῖσθαι,
2473 1128 2569 1181 καὶ
2597 1127 2664 1182 τά
2702 1128 2915 1193 τούτοις
2944 1131 3126 1202 ὅμοια.
3157 1132 3217 1185 '0
3247 1131 3308 1185 δὲ
3326 1132 3662 1204 καρτερικὸς
3699 1135 3791 1186 καὶ

2203 1219 2410 1283 πλατὺς
2439 1221 2496 1273 ἐν
2520 1219 2767 1290 θλίψεσιν
2793 1221 2981 1290 Δαυῒδ,
3018 1222 3142 1276 ἰδὼν
3164 1223 3248 1277 ὅτι
3276 1224 3541 1295 τέθνηκεν
3568 1225 3630 1277 rb
3662 1242 3792 1277 παι-

2203 1311 2410 1382 δάριον,
2457 1313 2659 1384 ἀνέστη
2705 1315 2773 1368 ἐκ
2806 1315 2906 1386 τῆς
2959 1315 3085 1386 γῆς,
3125 1318 3218 1370 καῖ⁵
3263 1317 3679 1387 προσεκύνησεν
3714 1318 3793 1387 τῷ

2205 1403 2428 1475 Κυρίῳ·
2456 1405 2556 1457 καὶ
2585 1406 2773 1460 ἄλλοτε
2823 1407 3042 1476 ἔλεγεν·
3079 1428 3096 1460 ι
3136 1409 3235 1472 Τίς
3289 1411 3406 1478 είμι
3445 1410 3578 1478 ἐγὼ,
3615 1411 3790 1479 Κύριὲ

2206 1513 2328 1565 μου,
2363 1496 2560 1568 Κύριε,
2581 1499 2663 1552 ὃτι
2693 1500 2987 1572 ἠγάπησάς
3013 1518 3080 1570 με
3114 1502 3218 1564 ἕως
3247 1501 3453 1554 τούτων
3473 1519 3488 1568 ;
3512 1522 3530 1553 ι
3572 1503 3684 1556 Καὶ
3703 1498 3793 1555 αὖε

2204 1586 2287 1651 θις
2316 1589 2580 1659 ὐμνῳδῶν
2611 1589 2820 1658 ἔλεγεν·
2862 1610 2880 1642 ι
2918 1592 3104 1645 Πάντα
3127 1594 3195 1645 τὰ
3221 1595 3356 1646 ὀστᾶ
3405 1610 3508 1664 μου
3542 1594 3789 1663 ἐροῦσιν,

2202 1681 2398 1752 Κύριε,
2436 1681 2630 1753 Κύριε,
2659 1683 2742 1746 τίς
2774 1684 2958 1753 ὅμοιός
2993 1702 3107 1750 σοι;
3142 1685 3404 1756 ῥυόμενος
3454 1685 3675 1753 πτωχὸν
3728 1685 3792 1736 ἐκ

2203 1772 2387 1843 χειρὸς
2463 1775 2849 1846 στερεωτέρων
2910 1775 3112 1828 αὐτῶν.
3175 1795 3192 1826 ι
3232 1776 3344 1828 Καὶ
3394 1776 3600 1829 πάλιν·
3640 1794 3659 1826 ι
3726 1775 3792 1828 Ἀ

525 1871 744 1925 Domini
777 1871 1207 1926 benedictum”.
1232 1890 1251 1922 ι
1287 1870 1400 1924 Nec
1425 1879 1655 1924 eatenus
1689 1869 1864 1923 solum
1893 1867 2101 1937 perspi-

2207 1862 2472 1930 ἐποίησάς
2509 1879 2598 1932 μοι
2634 1862 2919 1934 μεγαλεῖα,
2952 1866 2980 1917 6
3009 1863 3176 1926 Θεός·
3218 1865 3300 1926 τίς
3330 1865 3518 1936 ὅμοιός
3557 1883 3679 1930 σοι;
3710 1867 3790 1917 ὅτι

525 1977 692 2017 cuum
720 1964 999 2033 specimen
1039 1962 1213 2017 edidit
1260 1978 1376 2017 suae
1411 1962 1468 2015 in
1508 1963 1681 2016 Deum
1723 1960 2098 2032 gratitudinis,

526 2053 622 2108 sed
668 2064 725 2108 et
763 2054 819 2107 in
861 2054 1212 2122 sterquilinio
1257 2053 1478 2117 sedens,
1518 2054 1574 2106 in
1624 2054 1890 2108 vermium
1911 2068 2100 2108 erum-

527 2144 775 2214 pentium
807 2145 1026 2199 saniosa
1063 2145 1374 2199 consistens
1406 2145 1719 2214 putredine,
1749 2146 1914 2200 simul
1939 2155 2100 2215 atque

525 2236 809 2291 convivam
842 2251 1070 2290 uxorem
1095 2236 1307 2290 audivit
1339 2236 1692 2307 objicientem
1723 2237 1860 2293 illud
1900 2255 1912 2291 :
1947 2257 1965 2289 ‹
2003 2239 2102 2294 Dic

525 2328 755 2381 verbum
778 2327 1043 2381 adversus
1075 2328 1368 2382 Dominum
1400 2338 1458 2384 et
1487 2345 1702 2385 morere
1726 2331 1808 2397 ²²;
1843 2350 1862 2382 ι
1899 2348 1961 2386 os
1997 2332 2100 2386 im-

524 2417 757 2486 pudenti
791 2417 1094 2480 obturavit,
1131 2418 1326 2473 dicens
1358 2437 1370 2472 :
1416 2439 1433 2470 ι
1462 2419 1630 2486 Quasi
1666 2437 1774 2475 una
1815 2422 1882 2477 de
1917 2423 2102 2478 stultis

527 2508 856 2564 mulieribus
879 2510 1062 2564 locuta
1088 2525 1150 2564 es
1177 2528 1189 2562 :
1213 2511 1257 2565 si
1295 2512 1439 2565 bona
1470 2514 1815 2581 suscepimus
1843 2513 1911 2568 de
1936 2530 2102 2568 manu

528 2599 767 2664 Domini,
800 2599 944 2653 mala
967 2598 1160 2667 quidni
1201 2600 1709 2655 sustineamus”?i
1749 2603 1864 2657 Hoc
1900 2602 2101 2672 insigni

525 2701 854 2762 argumento
903 2692 1302 2746 internoscitur
1335 2693 1430 2762 qui
1487 2694 1626 2748 nihil
1675 2694 1857 2749 fueate
1915 2703 2104 2766 gratus

525 2793 636 2848 est,
680 2783 813 2839 dum
869 2784 1016 2838 inter
1049 2783 1262 2838 medias
1319 2784 1698 2856 deprehensus
1741 2787 2100 2853 calamitates,

529 2885 646 2930 toto
683 2884 910 2944 pectore
947 2876 1153 2945 gratias
1188 2875 1300 2946 agit
1334 2876 1587 2930 Domino.
1633 2877 1856 2944 Contra,
1895 2894 2102 2948 cogno—

527 2965 722 3020 scibile
763 2965 1032 3020 indicium
1087 2965 1192 3019 viri
1246 2965 1386 3019 male
1415 2967 1558 3036 grati
1592 2985 1604 3020 :
1641 2967 1687 3022 is
1719 2968 1848 3022 dum
1884 2970 2104 3038 angitur

527 3056 786 3125 quapiam
815 3055 1193 3119 tribulatione,
1227 3056 1271 3110 si
1303 3067 1388 3110 est
1414 3059 1702 3125 querulus,
1740 3059 1785 3112 si
1821 3075 2102 3114 murmure

536 3143 910 3213 interstrepit,
943 3145 987 3197 si
1023 3144 1392 3198 discruciatur
1420 3147 1490 3201 ob
1522 3147 1627 3202 hoc
1648 3148 1868 3212 misere,
1906 3150 1951 3204 si
1979 3159 2100 3204 tue—

531 3248 621 3292 tur
652 3251 875 3291 causam
926 3251 1081 3290 suam
1135 3243 1190 3290 et
1243 3246 1471 3291 excusat
1510 3238 1886 3294 innocentiam
1924 3250 2021 3296 :et
2055 3241 2100 3296 si

527 3342 636 3396 qua
671 3326 758 3382 his
792 3325 1014 3380 similia.
1050 3325 1216 3380 David
1255 3325 1385 3380 item
1423 3343 1554 3383 sane
1603 3345 1766 3399 quam
1799 3330 2105 3386 adversita-

528 3420 600 3474 tis
654 3419 914 3482 tolerans,
969 3418 1212 3488 dumque
1278 3419 1634 3476 aﬂliclarctur
1690 3423 1743 3476 in
1809 3423 2102 3478 latitudine

526 3507 714 3562 cordis
764 3523 1117 3577 permanens,
1173 3516 1232 3562 ut
1281 3509 1519 3578 primum
1553 3521 1784 3565 mortem
1833 3512 2103 3567 intellexit

525 3601 769 3670 pueruli,
803 3615 833 3654 e
862 3609 1008 3654 terra
1043 3600 1223 3654 erexit
1269 3615 1327 3654 se
1360 3607 1418 3654 et
1457 3603 1686 3671 supplex
1718 3602 1969 3658 adoravit
1999 3605 2102 3658 Do-

527 3692 760 3746 minum.
797 3691 850 3746 ls
877 3706 1275 3760 nonnunquam
1309 3691 1528 3747 dicebat
1558 3709 1572 3746 :
1607 3712 1623 3743 ι
1647 3692 1782 3759 Quis
1818 3710 1940 3750 sum
1975 3710 2097 3766 ego,

527 3785 758 3838 Domine
780 3783 874 3848 mi,
927 3784 1003 3838 mi
1055 3785 1306 3849 Domine,
1338 3784 1510 3854 quiin
1545 3794 1755 3840 tantum
1791 3803 1878 3842 me
1909 3787 2100 3842 dilexi-

524 3873 741 3929 δινεῖ»
785 3872 1000 3928 Rursus
1049 3873 1285 3944 hymnos
1328 3882 1490 3928 cantu
1516 3873 1732 3928 mellico
1770 3891 2096 3945 personans,

524 3966 748 4022 dicebat
777 3982 792 4020 :
836 3983 854 4017 ι
877 3965 1074 4021 Omnia
1107 3980 1232 4020 ossa
1279 3981 1399 4019 mea
1440 3965 1626 4020 dicent
1653 3985 1666 4020 :
1690 3965 1941 4032 Domine,
1977 3967 2100 4037 quis

524 4061 728 4117 similis
767 4059 890 4122 tibi,
944 4058 1192 4129 eripiens
1243 4059 1464 4129 inopem
1501 4057 1569 4113 de
1600 4073 1764 4113 manu
1806 4057 2098 4114 fortiorum

521 4158 784 4230 ejus”?i
823 4157 1074 4213 lterum:
1115 4156 1286 4223 «Qua:
1343 4155 1522 4211 fecisti
1583 4156 1740 4218 mihi,
1773 4157 1937 4214 Deus.
1982 4172 2098 4211 ma-

525 4250 727 4320 gnalia,
763 4249 892 4319 quis
925 4248 1126 4304 similis
1168 4248 1268 4302 tibi
1295 4248 1384 4300 πῖ
1427 4247 1566 4313 Quia
1599 4247 1825 4302 tenuisti
1874 4263 2097 4301 manum

525 4341 808 4395 dexteram
849 4355 1053 4404 meam,
1089 4346 1140 4392 et
1179 4339 1233 4393 in
1263 4338 1547 4393 voluntate
1589 4338 1863 4393 deduxisti
1901 4353 2009 4403 me,
2043 4346 2099 4392 et

525 4447 650 4485 cum
685 4431 860 4501 gloria
884 4431 1174 4500 suscepisti
1208 4431 1376 4485 me".
1407 4449 1426 4482 ι
1462 4431 1816 4500 Pr0pterhoe
1845 4448 1857 4484 :
1897 4449 1912 4480 ι
1939 4430 2098 4484 Exal-

2201 1954 2514 2024 ἐκράτησας
2565 1956 2666 2026 τῆς
2697 1955 2879 2026 χειρὸς
2933 1956 3032 2028 τῆς
3077 1956 3256 2023 δεξιᾶς
3311 1975 3436 2028 μου,
3495 1958 3591 2010 καὶ
3616 1960 3674 2010 ὲν
3723 1961 3788 2028 τῇ

2203 2045 2368 2115 βουλῇ
2403 2063 2494 2098 σου
2517 2045 2796 2117 ὁδὴγησάς
2823 2065 2913 2116 με,
2941 2053 3040 2101 καὶ
3076 2047 3214 2117 μετά
3247 2047 3410 2119 δόξης
3443 2047 3792 2122 προσελάεοο

2204 2153 2292 2204 με.
2333 2157 2350 2187 ι
2385 2137 2485 2190 Διά
2513 2136 2693 2191 τοῦτο·
2728 2157 2746 2190 ι
2768 2139 3001 2208 Ὑψώσω
3019 2157 3099 2207 σε,
3119 2139 3295 2204 ὁΘεός
3325 2158 3450 2211 μου,
3484 2145 3512 2195 6
3531 2137 3790 2213 βασιλεύς

2205 2244 2330 2298 μου,
2374 2230 2469 2280 καῖ⁵
2498 2228 2780 2298 εὐλογήσω
2810 2229 2870 2282 τὸ
2898 2231 3070 2302 δνομά
3098 2249 3190 2284 σου
3216 2235 3296 2297 είς
3324 2234 3417 2286 τὸν
3462 2233 3660 2299 αἰῶνα,
3695 2237 3788 2289 καὶ

2201 2319 2670 2391 ἐξομολογησομαί
2700 2338 2806 2387 σοι,
2831 2324 2912 2376 ὅτι
2962 2323 3276 2394 ἐπήκουσάς
3307 2342 3430 2395 μου,
3471 2327 3568 2380 καὶ
3599 2327 3788 2395 ἐγένου

2205 2428 2294 2481 μοι
2309 2413 2387 2475 εἰς
2413 2413 2706 2484 σωτηρίαν.
2727 2414 2820 2466 Ἐκ
2839 2413 2948 2484 γὰρ
2969 2417 3147 2486 πάσης
3169 2415 3424 2486 θλίψεως,
3445 2418 3670 2490 ἐρῤὐσω
3689 2432 3786 2488 με·

2202 2501 2480 2573 ἐμνήσθην
2538 2520 2654 2568 σου,
2717 2505 2985 2570 Δέσποτα,
3039 2509 3134 2559 καὶ
3184 2509 3531 2579 ηὐφράνθην.
3575 2530 3594 2560 ι
3653 2512 3785 2572 Καὶ,

2211 2593 2545 2665 «Εὐλογητὸς
2574 2591 2644 2660 ei,
2675 2597 2702 2648 6
2724 2597 2876 2662 Θεὸς,
2897 2599 3070 2668 ὂςξούκ
3083 2601 3402 2671 ἀπέστησας
3431 2604 3532 2674 τὴν
3555 2619 3789 2674 atposse-

2203 2688 2304 2756 χήν
2341 2703 2466 2756 μου,
2500 2687 2594 2739 καὶ
2614 2687 2675 2740 rb
2699 2688 2847 2751 ἐλεὸς
2882 2707 2977 2742 σου
3012 2691 3106 2743 ἀπ’
3132 2691 3291 2761 ἐμοῦ.
3335 2713 3352 2744 ι
3389 2693 3562 2765 Φησὶν
3597 2694 3654 2748 δὲ
3693 2696 3788 2749 καὶ

2200 2777 2230 2829 6
2271 2777 2533 2841 Ἡσαΐας·
2581 2797 2600 2828 ι
2657 2779 2951 2850 Εὐλογήσω
2982 2799 3063 2846 σε,
3122 2783 3319 2856 Κύριε,
3341 2785 3480 2838 διότι
3507 2786 3788 2858 ὡργίσθης

2206 2883 2320 2936 μοι,
2346 2868 2443 2920 καὶ
2477 2867 2718 2940 ἠλέησάς
2751 2887 2839 2940 με.
2878 2890 2898 2922 ι
2941 2872 3048 2926 Καὶ
3073 2877 3100 2927 6
3127 2875 3424 2946 Ζαχαρίας·
3463 2896 3479 2927 ι
3511 2878 3631 2930 Εῖτι
3654 2881 3788 2945 ἀγαο

2205 2959 2315 3023 Obv,
2347 2960 2515 3014 αὐτοῦ
2539 2979 2552 2992 ·
2581 2963 2674 3015 καὶ
2712 2963 2817 3014 εἴτι
2848 2964 3182 3036 καλὸν,παρ’
3203 2968 3390 3021 αὐτοῦ.
3423 2989 3441 3019 ι
3473 2971 3532 3021 '0
3563 2969 3620 3022 δὲ
3641 2970 3788 3023 Παῦ-

2205 3051 2316 3116 λος,
2345 3073 2362 3103 ι
2395 3054 2511 3106 Πᾶν
2536 3054 2563 3107 ὃ
2588 3072 2638 3107 τι
2660 3055 2726 3109 ἂν
2749 3057 2963 3127 ποιῆτε,
2997 3060 3181 3127 φησὶν,
3207 3062 3264 3112 ἐν
3293 3060 3459 3131 λόγῳ,
3495 3062 3782 3132 ἢένέργῳ,

2208 3142 2385 3195 πάντα
2436 3144 2493 3194 ἐν
2539 3143 2765 3214 ὀνόματι
2796 3146 2972 3210 Ἰησοῦ
3015 3149 3272 3217 Χριστοῦ,
3328 3151 3784 3222 εὐχαριστοῦντες

2204 3233 2282 3304 τῷ
2297 3233 2415 3306 Θεῴ
2435 3235 2526 3288 καὶ
2545 3237 2738 3308 Πατρὶ,
2771 3239 2837 3291 δι’
2863 3239 3081 3294 αὐτοῦ.»
3118 3242 3226 3294 Καὶ
3256 3242 3420 3296 πάλιν
3443 3262 3452 3272 ·
3478 3263 3496 3293 ι
3523 3245 3659 3298 Τίνα
3678 3246 3784 3313 γὰρ

2205 3327 2552 3394 εὐχαριστίαν
2592 3329 2871 3400 δυνάμεθα
2911 3333 3202 3387 ἀποδοῦναι
3253 3334 3393 3406 ὑπὲρ
3435 3336 3595 3406 ἡμῶν
3627 3357 3642 3404 ;
3680 3341 3784 3392 Καὶ

2204 3419 2364 3488 ἡμεῖς
2396 3415 2488 3474 οῦν
2530 3419 2895 3487 ἀδιαλείπτως
2927 3424 3419 3498 εὐχαριστήσωμεν
3439 3429 3519 3499 τῷ
3542 3430 3664 3500 Θεῷ
3692 3433 3783 3484 καὶ

2203 3509 2399 3580 Πατρὶ,
2453 3511 2535 3565 ὃτι
2593 3510 2694 3565 οὐκ
2752 3515 3008 3582 ἐφείσατο
3036 3517 3132 3570 τοῦ
3178 3520 3501 3589 μονογενοῦς
3532 3521 3668 3575 Υίοῦ
3697 3525 3778 3576 αὐ-

2200 3602 2318 3669 τοῦ,
2357 3602 2476 3655 ἀλλ’
2532 3602 2675 3675 ὑπὲρ
2708 3605 2866 3676 ἡμῶν
2921 3607 3142 3662 πάντων
3192 3611 3513 3682 παρέδωκεν
3547 3614 3731 3668 αὐτόν.
3758 3635 3775 3666 ι

2201 3695 2702 3767 Εὐχαριστήσωμεν
2746 3697 2824 3768 τῷ
2865 3699 3004 3770 Υίῷ,
3033 3701 3114 3754 ὅτι
3149 3703 3239 3757 διὰ
3266 3703 3359 3758 τοῦ
3393 3705 3526 3758 ίδίου
3552 3708 3781 3778 αἵματος

2199 3784 2534 3858 ἐξηγόρασεν
2568 3791 2713 3858 ἡμᾶς
2746 3790 2808 3842 ἐκ
2845 3793 2942 3861 τῆς
2973 3791 3217 3863 κατάρας
3246 3793 3339 3847 τοῦ
3387 3797 3581 3867 νόμου,
3631 3799 3780 3868 γενό-

2203 3894 2360 3946 μενος
2395 3878 2532 3948 ὑπὲρ
2566 3877 2723 3948 ἡμῶν
2789 3883 3026 3950 κατάρα.
3053 3883 3163 3935 Καὶ
3211 3884 3334 3937 τίνα
3381 3882 3532 3939 αἶνον
3567 3889 3602 3958 ἢ
3663 3890 3777 3942 τίνα

2199 3969 2550 4040 εὐχαριστίαν
2581 3969 2860 4041 δυνάμεθα
2889 3972 3182 4028 ἀποδοῦναι
3215 3976 3363 4047 αὐτῷ
3395 3980 3525 4048 περὶ
3565 3980 3778 4034 πάντων

2198 4063 2306 4115 τῶν
2336 4062 2557 4130 ἀγαθῶν
2583 4057 2658 4117 ὧν
2678 4063 2950 4128 πλουσίως
2985 4067 3258 4138 παρέσχεν
3283 4070 3415 4140 ἡμῖν
3447 4075 3560 4134 τοῖς
3590 4091 3778 4126 ταπει-

2199 4157 2342 4221 νοῖς;
2375 4155 2873 4226 Εὐχαριστήσωμεν
2891 4156 2968 4228 τῷ
2995 4159 3134 4230 ἁγίῳ
3171 4161 3471 4232 Πνεύματι,
3503 4165 3583 4234 τῷ
3617 4165 3777 4234 luit.

2201 4262 2352 4298 σαντι
2384 4246 2440 4297 ἐν
2463 4246 2610 4318 νόμῳ
2640 4248 2734 4300 καὶ
2765 4251 3071 4318 προφήταις
3129 4251 3224 4303 καὶ
3256 4256 3324 4321 τῇ
3375 4255 3552 4326 Καινῇ
3576 4259 3775 4329 Διαθή-

2198 4352 2290 4404 κῃ,
2325 4335 2404 4406 τῷ
2433 4337 2718 4405 φωτίζοντι
2747 4337 2844 4397 τὰς
2873 4338 3112 4402 διανοίας
3142 4341 3299 4411 ἡμῶν
3324 4345 3430 4397 τῶν
3456 4347 3777 4419 ἐσκοτισμέ-

2198 4443 2326 4488 νων,
2345 4427 2424 4490 είς
2443 4429 2773 4498 κατανόησιν
2813 4430 3181 4500 καὶέργασίαν
3206 4433 3311 4487 τῶν
3335 4436 3497 4488 αὐτοῦ
3524 4439 3771 4491 ἐντολῶν·

527 4521 653 4575 tabo
706 4530 780 4584 te,
815 4522 960 4575 Deus
1012 4535 1168 4575 meus
1190 4535 1310 4585 rex,
1340 4528 1397 4574 et
1419 4520 1728 4575 conﬁtebor
1750 4520 1958 4573 nomini
2000 4527 2093 4573 tuo

2203 4520 2290 4573 καὶ
2332 4520 2600 4588 ἀνοίγοντι
2642 4521 2705 4574 τὸ
2737 4523 2911 4592 στόμα
2941 4524 2972 4592 ἡ
2984 4523 3099 4592 μῶν
3120 4525 3200 4588 εἰς
3233 4525 3634 4596 ἐξομολόγησιν
3685 4532 3775 4582 καὶ

527 4612 580 4665 in
612 4612 960 4676 s:eculum";
993 4611 1120 4679 quia
1146 4609 1418 4665 exaudisti
1452 4625 1539 4664 me
1572 4619 1627 4665 et
1660 4610 1838 4665 factus
1871 4627 1932 4665 es
1963 4611 2095 4665 mihi

526 4702 580 4754 in
611 4701 842 4756 salutem
864 4703 930 4752 ".
957 4702 1035 4754 Ex
1065 4702 1213 4754 omni
1257 4702 1406 4756 enim
1461 4701 1817 4756 tribulatione
1851 4701 2100 4772 eripuiin

528 4809 615 4846 ine
639 4793 704 4845 ³⁸.
770 4793 978 4846 Memor
1037 4792 1116 4846 fui
1176 4793 1290 4856 tui,
1349 4793 1615 4857 Domine,
1683 4801 1739 4847 et
1799 4794 2102 4848 delectatus

527 4897 649 4935 sum
678 4882 742 4935 ³³.
772 4903 789 4932 ι
823 4882 890 4937 Et
924 4898 937 4934 :
975 4901 991 4929 ι
1022 4881 1354 4935 Benedictus
1387 4891 1472 4935 est
1503 4882 1646 4946 Dens
1689 4882 1783 4950 qui
1815 4898 1923 4936 non
1953 4899 2104 4937 amo-

531 4971 608 5022 vit
653 4971 961 5024 orationem
1016 4985 1192 5023 meam
1247 4981 1304 5024 et
1354 4971 1795 5026 misericordiam
1860 4988 2013 5027 suam
2069 4989 2100 5028 a

529 5075 616 5114 me
643 5062 705 5114 ³³.
736 5081 752 5110 ι
813 5061 920 5115 Sed
965 5069 1019 5114 et
1069 5061 1276 5114 Isaias:
1321 5061 1693 5116 «Benedicam
1740 5071 1814 5127 te,
1849 5063 2099 5127 Domine,

528 5153 792 5222 quoniam
843 5153 1014 5206 iratus
1061 5167 1122 5207 es
1177 5152 1334 5218 mihi,
1367 5162 1423 5207 ct
1454 5154 1713 5207 misertus
1750 5168 1809 5207 es
1861 5155 2049 5208 mei”.
2077 5173 2094 5205 ι

2200 4611 2552 4682 εὐχαριστίαν
2605 4613 2701 4684 τῆς
2745 4615 2910 4667 αὐτοῦ
2947 4615 3303 4687 ἁγαθότητος.
3331 4621 3503 4687 Φησὶν
3534 4621 3594 4674 δὲ
3627 4625 3722 4674 καὶ
3748 4626 3774 4676 6

2198 4703 2620 4772 εὐαγγελιστής·
2661 4725 2677 4756 ι
2720 4705 2809 4758 Ἐν
2834 4707 3028 4776 ἐκείνῳ
3074 4707 3152 4779 τῷ
3176 4709 3372 4780 καιρῷ,
3396 4711 3720 4782 ἀποκριθεὶς
3747 4716 3773 4766 ὀ

2213 4792 2419 4861 Ἰησοῦς
2442 4787 2616 4859 εἶπεν,
2634 4794 3090 4865 Ἐξομολογοῦμαί
3115 4815 3218 4864 σοι,
3241 4801 3444 4871 Πάτερ,
3483 4804 3657 4874 Κύριε
3682 4805 3772 4855 τοῦ

2202 4884 2434 4954 οὐρανοῦ
2503 4886 2597 4937 καὶ
2630 4885 2731 4955 τῆς
2761 4887 2882 4955 γῆς,
2913 4889 2992 4940 ὅτι
3027 4889 3350 4961 ἀπέκρυψας
3372 4893 3543 4946 ταῦτα
3570 4896 3679 4947 ἀπὸ
3702 4913 3774 4948 σο

2206 4977 2321 5043 φῶν
2375 4979 2469 5028 καὶ
2500 4978 2759 5042 συνετῶν,
2785 4979 2880 5032 καὶ⁹
2912 4981 3272 5052 ἀπεκάλυψας
3303 4985 3441 5038 αὐτά
3473 4988 3716 5055 νηπίοις·
3748 5008 3765 5038 ι

2207 5069 2316 5130 ναὶ,
2352 5068 2378 5118 6
2402 5068 2623 5139 Πατὴρ,
2654 5071 2735 5123 ὅτι
2761 5069 2933 5133 οὕτως
2963 5073 3182 5139 ἐγένετο
3211 5075 3427 5130 εὐδοκία
3464 5077 3771 5148 ἔμπροσθέν

2209 5174 2327 5212 σου.
2352 5159 2511 5230 Αὐτῷ
2547 5162 2578 5230 ἡ
2603 5161 2730 5228 δόξα
2752 5166 2831 5226 εἰς
2864 5167 2988 5227 τοὺς
3018 5167 3242 5230 αἰῶνας.
3280 5169 3474 5240 Ἀμήν.

529 5243 863 5298 Zacharias:
900 5242 991 5297 «Si
1025 5242 1156 5312 quid
1229 5243 1458 5310 bonum,
1490 5245 1651 5313 ejus:
1720 5252 1776 5298 et
1817 5244 1859 5297 si
1908 5243 2046 5312 ‘quid
2110 5246 2444 5314 pulchrum,
2496 5249 2564 5302 ab
2614 5251 2800 5305 c035.»
2850 5252 3051 5308 Paulus
3115 5272 3334 5328 qucque
3392 5262 3465 5314 aii
3503 5283 3516 5316 ε
3559 5285 3574 5315 ι
3604 5265 3770 5321 Omne

528 5336 897 5406 quodcunque
941 5335 1122 5390 facitis
1157 5336 1212 5390 in
1281 5336 1453 5390 verbo
1489 5346 1582 5390 aut
1627 5335 1682 5389 in
1728 5352 1917 5406 opere,
1958 5337 2140 5391 omnia
2182 5338 2238 5392 in
2285 5341 2507 5395 nomine
2561 5342 2688 5396 Jesu
2739 5344 2944 5401 Christi
2995 5345 3157 5405 facile
3208 5353 3273 5412 ³³.
3305 5355 3509 5422 gratias
3555 5370 3770 5426 agentes

529 5431 641 5486 Deo
680 5439 737 5486 et
765 5430 914 5484 Patri
957 5445 1056 5499 per
1104 5429 1280 5499 ipsum
1306 5429 1369 5482 3°.
1413 5449 1428 5480 ι
1466 5430 1669 5484 lterum
1715 5446 1728 5481 :
1768 5449 1783 5479 ι
1814 5429 1985 5496 Quam
2041 5431 2188 5484 enim
2229 5432 2529 5497 gratiarum
2569 5434 2840 5490 actionem
2905 5455 3197 5509 possumus
3249 5447 3482 5504 reddere
3545 5465 3648 5520 pro
3685 5465 3773 5505 vo-

594 5655 640 5735 ‘2
669 5613 879 5735 Cptoss.
915 5669 1018 5735 vi,“
1045 5653 1167 5735 15.“
1201 5653 1268 5735 ’ξι
1295 5652 1398 5735 .lob
1452 5667 1487 5711 ι,
1523 5652 1631 5735 2L.
1692 5651 1878 5735 "Job
1911 5667 1996 5735 In,
2025 5652 2077 5706 9.

2203 5659 2206 5682 λ
2238 5655 2386 5735 ibid;
2411 5657 2498 5735 19.
2612 5657 2654 5689 “
2688 5657 2896 5735 l_l_Reg.
2924 5660 3013 5735 19.,
3029 5663 3132 5735 35.
3232 5664 3275 5735 ’_"
3298 5665 3438 5735 Psal.
3479 5683 3660 5735 xxxiv,
3685 5669 3767 5725 lo.

526 5723 913 5803 f°_Ps:lni-._‘Lx:‘,
957 5724 1040 5775 l9.
1201 5722 1347 5803 Pin-It
1379 5736 1538 5782 va",
1569 5721 1658 5803 :24.
1695 5721 1945 5803 ."1Pslal.
1974 5725 2198 5803 cx:.rv,_l
2279 5729 2322 5803 ξ’
2350 5727 2490 5803 [sa].
2514 5743 2656 5792 cxlv,
2846 5721 3062 5803 31,1355].
3095 5745 3204 5797 ιλιι,
3228 5733 3282 5787 9.
3361 5733 3402 5767 ³¹
3431 5721 3766 5803 Ρεαιίιίι-νι,

527 5793 617 5848 ﬂ.
696 5793 897 5848 "Psal.
933 5809 1052 5855 va,
1093 5793 1182 5846 9.0.
1261 5792 1305 5823 ³³
1335 5792 1435 5845 lsa.
1464 5795 1616 5850 vim.
1695 5789 1985 5845 “Zachar.
2013 5808 2085 5859 ix,

2203 5836 2211 5848 .
2290 5797 2332 5830 ³⁵
2359 5797 2564 5867 Ephes.
2600 5789 2651 5861 v,
2681 5797 2770 5851 ‘20.
2848 5798 2893 5830 ³⁸
2924 5798 3085 5853 Rom.
3114 5789 3230 5864 vni,
3263 5806 3353 5860 52.
