4040 6508
285 323 408 381 nm
1017 326 1342 386 IIOM‘ILIA
1383 328 1739 389 CXVIII.-
1769 331 1867 390 DE
1909 333 2481 397 DELECTATIONE
2521 337 2602 397 IN
2647 339 2812 400 DEO.
3401 349 3535 414 1802

279 425 498 479 bis’"?
530 428 638 482 Nos
680 430 862 498 itaque
917 431 1024 485 Deo
1084 442 1139 487 et
1208 434 1354 488 Patri
1424 446 1705 504 perpetem
1747 446 1801 491 et
1845 437 2175 493 indivulsam
2221 442 2523 511 gratiarum
2556 445 2830 501 actionem
2883 452 3272 521 rependamus,
3336 460 3431 528 qui
3476 477 3545 516 ue

276 519 561 590 unigenito
596 521 817 590 quidem
857 523 993 577 Filio
1021 540 1122 579 suo
1150 526 1417 595 pepercit,
1445 528 1538 582 sed
1586 543 1681 597 pro
1707 528 1868 583 nobis
1906 531 2165 585 omnibus
2203 533 2372 589 tradit
2418 536 2571 589 illum
2595 538 2725 592 ml“.
2770 538 2988 596 Gratias
3050 519 3276 616 insuper
3321 519 3547 621 agamus

277 611 498 666 Christo
527 612 660 679 Deo,
698 615 827 682 quia
854 630 955 669 nos
988 616 1122 669 tanti
1164 617 1458 671 wstintavit
1491 634 1632 687 quos
1660 620 1883 689 proprio
1920 623 2186 691 sanguine
2228 623 2521 680 redimeret
2549 626 2618 682 de
2687 630 2982 687 maledicto
3020 611 3394 705 legum—factus
3426 642 3544 712 ipse

278 704 453 759 nostri
480 720 646 759 causa
669 705 1025 761 maledictum
1086 707 1150 760 ³⁷.
1186 708 1428 776 Ecquam
1489 708 1730 769 laudem,
1791 724 2023 780 quamve
2082 711 2385 781 gratiarum
2446 716 2722 772 actionem
2771 720 2876 790 ipsi
2926 726 3207 793 possimus
3255 704 3541 791 exsolvere

277 812 378 867 pro
407 797 669 851 omnibus
696 796 859 852 bonis
887 812 1011 867 quae
1037 797 1199 852 nobis
1234 800 1539 857 humilibus
1579 802 1869 870 opulenter
1906 804 2179 858 contulit?
2244 804 2465 862 Gratias
2523 808 2761 880 denique
2805 826 3034 884 agamus
3060 831 3253 874 sancto
3282 821 3539 897 Spiritui,

274 883 369 953 qui
416 884 471 938 in
521 884 663 953 lege,
699 883 757 937 in
808 886 1121 956 prophetis,
1164 889 1371 958 1221
1425 888 1482 943 in
1531 889 1686 944 Novo
1735 890 1864 946 item
1904 893 2125 948 locutus
2191 904 2277 949 est
2344 896 2718 965 Testamento,
2751 883 2861 973 qui,
2896 915 3112 964 mentes
3140 883 3357 970 nostras
3386 883 3543 987 prius

272 976 498 1045 quidem
528 977 696 1031 densa
727 978 963 1049 caligine
995 978 1359 1049 ignoratiouis
1381 990 1554 1037 tectas
1577 982 1855 1039 illustrare
1895 985 2153 1055 dignatus
2187 997 2272 1042 est
2308 987 2375 1041 ad
2443 992 2813 1062 cognitionem
2881 976 3541 1075 operationemquesuo-

281 1084 397 1122 rum
435 1068 607 1136 ipsius
656 1070 1063 1135 mandatorum,
1106 1073 1203 1142 qui
1256 1089 1318 1128 os
1381 1084 1630 1130 nostrum
1692 1078 1985 1147 adaperuit
2029 1080 2099 1134 ad
2141 1080 2545 1138 confessionem
2575 1095 2636 1140 et
2697 1088 2998 1157 gratiarum
3054 1068 3328 1152 actionem
3380 1100 3543 1156 boni-

275 1160 407 1213 tatis
440 1158 634 1229 ipsius.
666 1159 752 1213 Ait
786 1160 1017 1231 insuper
1059 1163 1394 1231 evangelista
1426 1181 1439 1217 :
1479 1184 1495 1215 ι
1531 1166 1592 1219 in
1626 1166 1721 1219 illo
1755 1177 2001 1237 tempore
2050 1172 2394 1240 respondens
2449 1174 2612 1229 Jesus
2665 1176 2839 1233 dixit:
2868 1180 3150 1240 Confiteor
3218 1188 3339 1253 tibi,
3379 1190 3539 1246 Pater

277 1252 513 1306 Domine
550 1253 677 1306 cmli
722 1262 778 1307 et
823 1261 1006 1319 terra),
1031 1254 1158 1324 quia
1196 1256 1534 1311 abscondisti
1586 1258 1699 1315 haec
1725 1274 1754 1313 a
1786 1261 2129 1330 sapientibus
2172 1273 2228 1317 et
2276 1266 2668 1334 prudentibus,
2709 1280 2765 1325 et
2827 1276 3082 1332 revelasti
3142 1292 3209 1334 ea
3274 1285 3538 1352 parvulis.

270 1345 372 1409 ita,
405 1345 591 1408 Pater,
621 1345 749 1415 quia
781 1346 861 1400 sic
890 1346 993 1399 fuit
1021 1347 1282 1416 placitum
1316 1357 1446 1405 ante
1481 1358 1533 1405 te
1554 1350 1650 1403 ³⁸.»
1691 1351 1795 1419 Ipsi
1823 1353 1995 1422 gloria
2024 1352 2079 1407 in
2104 1356 2322 1410 saecula.
2354 1357 2550 1415 Amen.

870 1461 1089 1514 ΛΟΓΟΣ
1119 1460 1269 1514 PIH'.

580 1572 721 1641 Περὶ
752 1573 864 1640 τῆς
887 1574 960 1628 ἐν
991 1574 1113 1639 Θεῷ
1140 1575 1549 1643 εὐφροσύνης.

355 1688 420 1740 Ἢ
438 1686 682 1759 ἀοίδιμος
698 1687 1035 1760 εὐφροσύνη,
1058 1688 1165 1741 τῶν
1183 1688 1285 1759 τὴν
1311 1689 1449 1760 πρὸς
1474 1690 1607 1743 Θεὸν
1637 1691 1852 1744 τελείαν

268 1778 495 1848 ἀγάπην
525 1781 883 1849 κεκτημένων
910 1781 1081 1834 ἐστιν.
1122 1781 1278 1834 ’⁷οσοι
1313 1781 1720 1853 ὲμφορηθέντες
1753 1782 1850 1835 τοῦ

268 1872 429 1939 ἁγίου
461 1872 778 1943 Πνεύματος
801 1874 859 1924 ὲν
889 1872 1039 1944 αὐτῷ
1061 1873 1471 1945 εὐφραίνονται,
1490 1875 1539 1927 οἱ
1567 1874 1695 1945 περὶ
1720 1875 1848 1938 τοὺς

263 1965 631 2029 ἀποστόλους,
665 1965 762 2018 καλ⁵
777 1967 1086 2035 προφήτας,
1114 1967 1207 2018 καὶ⁸
1238 1966 1540 2037 μάρτυρας,
1562 1969 1655 2021 καὶ
1680 1968 1727 2020 oi
1754 1967 1847 2019 τέ-

267 2054 405 2107 λειοι
435 2056 695 2125 ἀσκηταὶ,
729 2056 927 2119 οἵτινες
955 2059 1081 2120 τοὺς
1113 2058 1413 2128 διωγμοὺς,
1456 2064 1553 2111 καὶ
1598 2060 1697 2123 τὰς
1734 2059 1841 2111 θλίς

263 2147 414 2217 «idem,
449 2149 544 2202 καὶ
577 2149 677 2211 τὰς
719 2150 1012 2218 βασάνους,
1064 2150 1409 2221 εὐφροσύνην
1460 2151 1725 2221 ἡγοῦντο·
1756 2156 1851 2205 καὶ

269 2242 452 2295 πάντα
486 2241 557 2295 τὰ
594 2242 688 2295 τοῦ
727 2243 960 2312 κόσμου,
989 2243 1065 2306 ὡς
1099 2243 1350 2297 σκύόαλα
1398 2244 1735 2311 ὲλογίσαντο,
1763 2246 1849 2298 ἵνα

266 2331 507 2400 Χριστὸν
536 2330 896 2401 κερδήσωσιν.
925 2333 997 2385 Τὸ
1033 2332 1164 2403 πῦρ,
1197 2333 1266 2386 τὰ
1304 2333 1491 2404 θηρία,
1526 2333 1595 2386 τά
1633 2333 1781 2405 ξίφη,
1815 2336 1847 2405 ή

267 2423 449 2491 λιμὸς,
478 2425 505 2476 ὁ
533 2424 766 2495 κρυμὸς,
802 2425 897 2477 καὶ
927 2424 993 2477 τά
1028 2425 1190 2478 λοιπά
1225 2426 1404 2479 πάντα
1437 2426 1719 2498 ηὐφρανεν
1750 2428 1849 2479 αὐ-

266 2516 418 2580 τοὺς,
450 2514 539 2567 διά
564 2513 663 2587 τὴν
701 2518 780 2578 εἰς
808 2515 938 2568 Θεὸν
972 2517 1196 2587 ἀγάπην
1217 2535 1229 2548 ο
1265 2517 1445 2581 καθὼς
1483 2519 1581 2571 καὶ
1617 2518 1847 2583 Ἡσαΐας

264 2608 597 2677 διαγορεύει.
627 2624 645 2657 ι
676 2608 951 2673 Ἔσονται,
982 2611 1166 2679 φησὶν,
1195 2609 1597 2680 λελυτρωμένοι
1618 2609 1848 2664 καὶσυν-

264 2699 499 2769 ηγμένοι
532 2700 621 2752 διὰ
679 2700 883 2771 Κύριον
905 2718 919 2732 ’
952 2701 1264 2771 εὐφροσύνη
1312 2703 1529 2767 αἰώνιος
1578 2702 1718 2776 ὑπὲρ
1748 2720 1844 2756 xe-

2472 1472 2757 1531 HOMILIA
2796 1478 3027 1543 CXVIII.

2234 1580 2312 1637 De
2354 1582 2540 1641 Ιωιὶιὶα
2571 1597 2621 1641 et
2650 1588 2998 1649 delectatione
3033 1598 3090 1651 in
3134 1598 3260 1657 Deo.

2025 1695 2231 1751 Eorum
2264 1708 2350 1755 est
2373 1700 2679 1758 oblectatio
2697 1705 3000 1779 laetitiaque
3038 1711 3127 1768 illa
3150 1717 3410 1787 celebris,
3436 1724 3533 1792 qui

1953 1802 2083 1857 erga
2116 1788 2289 1843 Deum
2317 1792 2647 1849 charitatem
2674 1797 2977 1865 perfectam
3010 1803 3223 1876 indepti
3242 1809 3355 1879 jam
3381 1788 3533 1872 sunt.

1953 1879 2088 1933 Nam
2147 1890 2423 1952 quotquot
2495 1889 2792 1956 praesentia
2858 1894 3223 1961 perfruuntur
3291 1901 3537 1973 Spiritus

1953 1973 2154 2038 sancti,
2181 1974 2237 2028 in
2272 1976 2394 2045 ipso
2423 1979 2812 2049 jncuudantur
2852 1994 2911 2041 et
2944 1988 3386 2062 exhilarescunt,
3435 2001 3533 2069 qui

1951 2065 2220 2121 nimirum
2260 2069 2657 2139 Apostolorqu
2684 2085 2816 2130 sunt
2848 2090 3242 2151 assectatores,
3280 2065 3534 2159 PrOphe-

1950 2166 2134 2213 tarum
2165 2170 2223 2216 et
2263 2161 2589 2234 Martyrum,
2631 2169 2728 2237 qui
2782 2169 2836 2225 in
2872 2175 3179 2231 monastica
3238 2177 3535 2252 disciplina

1949 2262 2216 2307 exercent
2253 2268 2335 2320 se,
2377 2256 2473 2325 qui
2522 2263 2964 2327 persecutiones,
2999 2266 3355 2337 atlictiones,
3419 2282 3537 2328 tor-

1950 2353 2145 2398 menta
2182 2344 2402 2401 ducunt
2433 2348 2748 2406 auimiesse
2777 2352 3046 2425 integram
3097 2358 3530 2429 iucunditatem,

1949 2442 2005 2488 et
2025 2450 2149 2505 qua:
2201 2438 2391 2492 mundi
2447 2450 2579 2495 sunt
2626 2447 2812 2499 omnia
2865 2447 2933 2501 ad
2992 2463 3193 2505 suaves
3234 2451 3533 2513 illecebras

1948 2527 2327 2595 prolicientia,
2358 2529 2483 2586 loco
2511 2531 2833 2591 habuerunt
2855 2537 3049 2592 vilium
3087 2548 3422 2609 stercorum,
3464 2555 3531 2600 ut

1944 2617 2231 2674 Christum
2251 2622 2663 2681 lucrifacereut.
2681 2626 2849 2698 ignis,
2876 2630 3091 2699 bestia,
3115 2635 3307 2705 gladii,
3330 2634 3525 2700 fames,

1949 2712 2281 2781 praecipitia,
2321 2722 2379 2769 et
2408 2730 2533 2784 quae
2567 2732 2873 2789 supersunt
2898 2732 3118 2789 cetera,
3157 2727 3298 2784 tales
3330 2730 3526 2786 oblec-

266 2792 443 2862 φαλῆς
465 2790 673 2845 αὐτῶνθ
710 2794 804 2845 καὶ
852 2792 1169 2862 ἀγαλλιαμα
1205 2795 1296 2846 καὶ
1327 2795 1637 2866 εὐφροσύνη
1674 2812 1841 2847 κατα-

1949 2811 2086 2866 tant,
2110 2803 2240 2859 dum
2276 2806 2377 2860 toti
2404 2806 2460 2861 in
2488 2807 2663 2865 Deum
2708 2810 2947 2882 ﬂagrant
2998 2815 3292 2883 charitate,
3324 2832 3526 2878 conte-

264 2883 500 2953 λήψεται
526 2883 746 2947 αὐτούς.
773 2904 791 2935 υ
830 2886 937 2937 Καὶ
960 2886 1142 2938 πάλιν·
1180 2904 1197 2935 ι
1227 2886 1547 2957 Εὐφροσύνη
1575 2886 1716 2957 ὑπὲρ
1742 2904 1836 2940 κε-

265 2975 443 3045 φαλῆς
465 2976 665 3031 αὐτῶν.
682 2977 983 3038 nemeae»;
1002 2976 1217 3043 αὐτοὺς,
1238 2978 1599 3045 ἐπιγνώσεται
1620 2977 1840 3040 αὐτοὺς,

269 3087 288 3117 ε
316 3069 439 3121 Ὅτι
466 3062 613 3121 οὗτοι
633 3071 769 3121 εἰσιν
796 3070 1019 3138 σπέρμα
1047 3069 1411 3140 εὐλογημένον
1428 3069 1533 3121 ὐπὸ
1554 3067 1714 3134 θεοῦ,
1746 3067 1843 3122 καὶ

261 3160 728 3229 εὐφρανθήσονται
764 3162 855 3212 ἐπὶ
890 3160 1112 3228 Κύριον.
1182 3179 1200 3213 ι
1258 3162 1366 3214 Καὶ
1393 3157 1583 3223 αὖθις·
1636 3181 1654 3213 ‹
1704 3161 1838 3214 Ἰδοὺ

259 3249 314 3300 oi
365 3249 707 3311 δουλεύοντές
749 3266 860 3319 μοι,
893 3252 1176 3319 φάγονται,
1213 3250 1307 3302 καὶ
1341 3251 1575 3311 πίονται,
1622 3249 1720 3301 καὶ
1751 3250 1842 3301 εὐ·-

264 3340 676 3410 φρανθήσονται
723 3341 819 3395 καὶ
868 3340 1289 3408 ἀγαλλιάσονται
1352 3342 1408 3391 ὲν
1439 3338 1767 3409 εὐφροσύνῃ.
1816 3356 1834 3390 ι

264 3430 381 3483 Καὶ
413 3432 440 3481 ὁ
472 3431 731 3500 Σοφονίας
753 3447 767 3462 ⁸
807 3450 825 3479 ι
884 3431 1104 3495 Ἐπάξει
1161 3433 1254 3483 ἐπὶ
1278 3437 1337 3483 σὲ
1373 3430 1713 3501 εὐφροσύνην
1746 3431 1840 3482 καὶ

262 3523 473 3574 αἴνεσιν
491 3526 546 3575 ὲν
571 3526 638 3593 τῇ
660 3524 935 3593 ἀγαπήσει
960 3523 1145 3575 αὐτοῦ.
1184 3541 1202 3573 ι
1247 3524 1353 3574 Καὶ
1379 3522 1594 3589 Ναούμ,
1629 3539 1647 3572 ι
1688 3520 1841 3591 Ἐόρ-

264 3615 420 3678 ταζε,
449 3614 642 3682 λέγων,
687 3615 859 3667 ’ἰούδα
895 3615 994 3678 τὰς
1022 3615 1213 3684 ἑορτάς
1246 3631 1364 3677 σου,
1410 3614 1608 3676 ἀπόδος
1648 3614 1839 3684 Κυρίῳ

262 3708 366 3771 τὰς
380 3708 547 3777 εὐχάς
578 3724 671 3759 σου
692 3724 704 3736 ·
736 3709 821 3760 ὅτι
848 3706 1016 3777 ἀνέϐη
1046 3708 1074 3758 ὁ
1115 3706 1379 3776 ἐμφυσῶν
1409 3707 1489 3766 si;
1545 3704 1839 3774 πρόσωπόν

266 3816 383 3851 σου.
412 3818 429 3847 ι
472 3801 579 3851 Καὶ
604 3802 632 3853 ὁ
656 3800 890 3870 Χριστὸς
922 3802 1036 3862 τοῖς
1058 3799 1402 3861 ἀποστόλοις,
1432 3798 1607 3866 λέγων
1627 3815 1638 3826 ι
1674 3818 1692 3849 ι
1729 3797 1840 3849 Λά-

266 3892 393 3943 ϐετε
422 3890 646 3959 Πνεῦμα
673 3891 848 3958 ἆγιον.
879 3909 897 3942 ο
938 3893 1084 3944 Κα¹ιὸ
1109 3891 1293 3954 Δαυῖδ,
1324 3910 1342 3943 ι
1374 3890 1839 3960 Εὐφρανθὴσομαι

265 3981 364 4034 καὶ
397 3981 794 4050 ἀγαλλιάσομαι
819 3983 876 4035 ὲν
903 3983 1004 4035 σοί.
1043 4001 1138 4033 ιο-
1161 4000 1179 4032 ι
1216 3981 1364 4050 Αὕτη
1430 3982 1541 4050 γάρ
1574 3984 1607 4051 ἡ
1634 3982 1836 4050 ἡμέρα,

263 4074 334 4143 ἢν
358 4074 614 4144 ἐποίησεν
633 4076 660 4125 ὁ
675 4073 905 4144 Κύριος·
926 4072 1383 4142 άγαλλιασὼμεθα
1413 4077 1506 4125 καλ⁵
1530 4073 1839 4142 εὐφρανθῶ-

1949 2902 2133 2949 staule
2159 2896 2321 2962 lsaia,
2358 2918 2376 2950 ι
2426 2898 2607 2955 Erunt
2647 2901 2923 2973 redempti
2968 2914 3026 2959 et
3054 2911 3370 2981 congregati
3425 2929 3527 2982 per

1944 2984 2265 3051 Dominum,
2320 2988 2514 3044 laetitia
2584 2993 2925 3063 sempiterna
2977 3012 3149 3067 super
3203 3009 3373 3070 caput
3430 3019 3527 3060 eo-

1945 3077 2149 3131 rum”.
2189 3096 2209 3129 ι
2245 3076 2438 3135 Omnis
2468 3081 2667 3138 videns
2686 3100 2805 3153 eos,
2837 3096 3138 3158 cognoscet
3161 3090 3305 3156 illos,
3340 3110 3359 3143 ι
3391 3095 3523 3164 quia

1945 3166 2033 3222 isti
2070 3178 2200 3223 sunt
2222 3185 2409 3226 semen
2442 3172 2802 3229 benedictum
2850 3191 2881 3231 a
2908 3177 3045 3241 Deo,
3090 3189 3154 3235 et
3188 3180 3518 3239 laetabuntur

1945 3276 2112 3328 super
2139 3261 2434 3316 Dominum
2456 3263 2524 3318 “.
2565 3282 2583 3315 ι
2627 3266 2880 3322 Rursus:
2912 3288 2929 3319 ι
2963 3267 3105 3324 Ecce
3128 3270 3225 3340 qui
3268 3272 3522 3330 serviunt

1944 3349 2104 3414 mihi,
2131 3351 2447 3415 comedent,
2484 3352 2705 3420 bibent,
2735 3364 2792 3411 et
2812 3358 3174 3429 laetabuntur,
3205 3365 3520 3420 etexsulta-

1942 3440 2082 3495 bunt
2117 3442 2170 3495 in
2199 3442 2386 3497 laetitia
2406 3444 2473 3498 “.
2518 3463 2537 3496 ι
2574 3445 2920 3517 Sophonias:
2951 3470 2973 3501 ς
3002 3452 3233 3508 lnducet
3269 3470 3440 3526 super
3463 3467 3518 3510 te

1942 3531 2188 3586 lanitium
2220 3533 2275 3587 in
2324 3535 2621 3592 dilectione
2667 3543 2849 3595 sua".
2887 3560 2905 3593 ›
2939 3543 3136 3608 Naum,
3203 3564 3222 3596 ι
3257 3545 3515 3609 Celebra,

1940 3625 2503 3688 JndteaJestivitates
2547 3639 2689 3695 tuas,
2738 3633 2908 3687 redde
2951 3635 3187 3691 Domino
3232 3650 3361 3694 vota
3402 3648 3516 3699 tua,

1941 3715 2073 3783 quia
2104 3716 2355 3770 ascendit
2380 3717 2668 3774 insumans
2700 3720 2754 3774 in
2781 3722 2976 3776 faciem
3008 3725 3241 3780 tuam".
3275 3746 3292 3778 ι
3329 3728 3517 3782 Domi-

1944 3821 2047 3859 nus
2070 3806 2200 3860 item
2227 3808 2307 3861 ait
2331 3808 2654 3879 discipulis:
2707 3831 2724 3861 ι
2758 3812 3004 3881 Accipite
3032 3814 3305 3885 Spiritum
3357 3832 3489 3871 sane

1943 3902 2058 3947 tum
2082 3896 2150 3949 “.
2194 3914 2211 3948 ι
2256 3897 2452 3962 David,
2493 3917 2509 3948 ι
2543 3898 2795 3953 Lzetabor
2819 3911 2874 3955 et
2909 3904 3200 3959 exsultabo
3242 3904 3298 3958 in
3326 3905 3454 3960 te".
3492 3925 3511 3956 ο

1940 4017 2012 4027 -—
2047 4008 2066 4038 ‹
2098 3989 2225 4043 Hac
2248 3990 2394 4043 enim
2438 3990 2558 4044 dies
2582 4007 2746 4059 quam
2782 3992 2911 4046 fecit
2956 3995 3244 4060 Dominus,
3274 3998 3519 4051 exsulte-

1945 4096 2069 4133 mus
2126 4091 2182 4135 et
2227 4080 2475 4135 laetemur
2520 4083 2572 4135 in
2625 4082 2784 4136 ea“:
2827 4102 2844 4134 ι
2914 4100 3112 4155 nempe
3179 4086 3519 4142 resurrectio

266 4183 372 4237 μεν
404 4170 460 4220 ἐν
486 4168 679 4236 αὐτῇσι
703 4166 903 4235 δηλαδὴ
933 4166 965 4235 ἡ
996 4166 1092 4219 τοῦ
1131 4165 1367 4236 Χριστοῦ
1401 4167 1792 4234 ἀναστάσιμος.
1818 4185 1834 4216 ι

1945 4169 2176 4223 Christi.
2212 4170 2306 4223 Et:
2343 4190 2360 4220 ι
2394 4171 2634 4226 Ltetitica
2661 4174 2925 4239 animam,
2950 4176 3202 4239 Domine,
3238 4178 3382 4232 servi
3412 4179 3515 4240 tui,

264 4259 399 4312 Καί·
426 4276 444 4309 ι
488 4258 766 4327 Εὐφρανον
798 4256 893 4327 τὴν
913 4257 1091 4325 ψυχὴν
1116 4258 1208 4308 τοῦ
1223 4255 1409 4308 δούλου
1432 4256 1677 4307 σου.”οτι
1710 4255 1841 4323 πρὸς

1945 4262 2073 4329 quia
2096 4261 2162 4315 ad
2184 4269 2237 4314 te
2264 4262 2443 4316 levavi
2485 4264 2723 4317 animam
2770 4281 2946 4319 meam
2971 4268 3034 4321 δ’.
3070 4286 3088 4319 ι
3119 4268 3187 4322 Ει
3218 4288 3231 4323 :
3272 4287 3289 4318 ι
3320 4269 3517 4323 Anima

266 4350 348 4412 σὲ,
380 4350 576 4419 Κύριε,
610 4344 1038 4419 ἦραατὴνιψυχήν
1060 4366 1183 4413 μου.
1206 4368 1225 4399 ι
1262 4351 1390 4410 Καὶ,
1415 4369 1433 4398 ι
1469 4349 1533 4400 'll
1565 4347 1710 4418 ψυχή
1741 4365 1841 4417 μου

1945 4368 2064 4405 mea
2119 4353 2417 4408 exsultabit
2482 4354 2537 4407 in
2596 4356 2869 4421 Domino,
2919 4357 3290 4422 dclectabitur
3350 4375 3521 4430 super

273 4441 654 4509 ὶγαλλιάσεται
685 4439 776 4491 ἐπὶ
808 4440 1489 4509 τῷΚυρέῳηερφθήσεται
1511 4440 1602 4491 ἐπὶ
1627 4438 1705 4509 τῷ
1740 4455 1845 4490 σω·

263 4531 440 4602 τηρίῳ
457 4529 644 4584 αὐτοῦ.
687 4548 810 4581 »--‹
851 4532 960 4583 Καὶ
991 4531 1099 4601 γὰρ
1128 4532 1413 4601 ηὐφράνθη
1434 4534 1465 4602 ἡ
1485 4531 1679 4600 καρδία
1712 4547 1841 4602 μου,

264 4624 364 4673 καὶ
389 4621 762 4689 ἠγαλλιάσατο
779 4625 811 4691 ἡ
834 4623 1056 4689 γλῶσσά
1074 4640 1195 4693 μου,
1214 4625 1296 4676 ὃτι
1324 4623 1629 4692 πληρώσεις
1659 4640 1727 4693 με
1746 4623 1837 4675 εὐ-

265 4708 560 4779 φροσύνης,
598 4709 736 4779 μετὰ
773 4711 868 4763 τοῦ
894 4710 1187 4782 προσώπου
1221 4728 1335 4765 σου.
1362 4730 1382 4761 ο
1411 4713 1519 4764 Καὶ
1550 4712 1837 4782 ἐμπλησθῇ

268 4821 355 4866 τις
397 4802 649 4877 τοιαύτης
679 4804 1021 4874 εὐφροσύνης
1064 4805 1151 4857 διὰ
1179 4806 1282 4874 τῆς
1312 4806 1393 4867 εἰς
1424 4804 1556 4857 Θεὸν
1596 4804 1835 4873 ἀγάπης.

276 4900 340 4952 Ἦ
368 4902 475 4971 γὰρ
502 4901 809 4971 εὐφροσύνη
852 4901 962 4953 τῶν
989 4899 1233 4964 δικαίων,
1268 4901 1300 4969 ἡ
1349 4902 1430 4962 εἰς
1485 4898 1618 4952 Θεὸν
1648 4899 1838 4966 ἀγάπη

262 4990 434 5046 ἐστίν.
457 4992 659 5044 Λοιπὸν
691 4995 786 5044 καὶ
824 4991 1016 5053 ἀλλους
1052 4990 1444 5062 προτρέπεται,
1485 5008 1503 5039 ι
1537 4989 1725 5052 Δεῦτε,
1752 4989 1840 5040 λέ-

261 5095 415 5146 γων,
480 5080 966 5150 Ἀγαλλιασώμεθα
1039 5081 1118 5151 τῷ
1174 5079 1381 5150 Κυρίῳ.
1424 5097 1442 5129 ι
1474 5079 1604 5141 Καὶ,
1648 5097 1667 5130 ι
1703 5080 1834 5129 Δου-

263 5171 492 5224 λεύσατε
519 5173 595 5241 τῷ
625 5172 812 5243 Κυρίῳ
839 5177 895 5224 ἐν
914 5174 1064 5243 φόσῳ
1086 5174 1179 5225 καὶ
1196 5176 1252 5225 ὲν
1278 5171 1604 5243 εὐφροσύνῃ.
1648 5190 1666 5222 ι
1703 5172 1834 5231 Καὶ,

272 5283 292 5314 α
326 5264 762 5333 Κατατρύφησον
790 5266 883 5314 τοῦ
907 5264 1164 5332 Κυρίου,ι
1190 5263 1486 5325 τουτέστιν,
1506 5261 1839 5315 Ἀπόλαυσον

264 5356 364 5426 τῆς
420 5356 754 5425 γλυκύτητος
818 5355 1015 5409 αὐτοῦ.
1075 5374 1092 5404 ι
1159 5356 1305 5422 Φάγε
1362 5355 1492 5424 γὰρ,
1540 5356 1645 5419 υἱὲ,
1692 5355 1834 5425 μέλι,

1939 4446 2170 4500 salutari
2230 4460 2332 4499 suo
2356 4445 2423 4500 ⁸⁵⁸.
2484 4465 2503 4497 ι
2555 4477 2625 4486 -
2661 4468 2679 4499 ι
2714 4448 2932 4503 Etenim
2982 4450 3226 4505 laetatum
3277 4460 3369 4506 est
3422 4467 3521 4509 cor

1942 4553 2147 4601 meum,
2184 4545 2241 4590 et
2264 4538 2561 4592 exsultavit
2595 4539 2781 4611 lingua
2817 4557 2959 4607 mea,
2993 4543 3124 4612 quia
3161 4545 3404 4614 replebis
3430 4561 3520 4601 me

1938 4628 2288 4698 iucunditate
2321 4644 2444 4684 cum
2478 4631 2634 4685 vultu
2667 4634 2857 4687 tuo".
2896 4653 2912 4684 ι
2961 4632 3318 4691 Jucunditate
3368 4638 3517 4692 enim

1944 4719 2039 4773 tali
2068 4719 2403 4791 adimpletur
2425 4722 2552 4791 quis
2612 4738 2711 4793 per
2745 4725 3073 4782 charitatem
3123 4744 3252 4800 erga
3309 4731 3518 4798 Deum;

1944 4811 2139 4864 laetitia
2194 4812 2340 4865 enim
2370 4813 2648 4881 justorum
2687 4815 2803 4884 ipsa
2842 4826 2928 4871 est
2957 4833 3087 4891 erga
3119 4820 3293 4876 Deum
3331 4823 3522 4878 chari~

1947 4907 2048 4953 tas.
2072 4900 2224 4953 Talis
2246 4901 2486 4970 denique
2510 4904 2650 4957 alios
2670 4905 2836 4959 etiam
2855 4921 2921 4960 eo
2934 4907 3281 4976 adhortatur,
3306 4911 3517 4969 dicens

1951 4990 2162 5058 1222
2226 5007 2245 5039 ι
2278 4990 2505 5055 Venite,
2566 4994 2910 5051 exsultemus
2960 4996 3193 5055 Domino
3214 5003 3281 5055 5°.
3347 5022 3366 5055 ι
3417 5003 3480 5058 Ε·

1951 5099 1969 5131 ι
2008 5080 2220 5134 Servite
2274 5080 2507 5136 Domino
2540 5082 2596 5137 in
2643 5085 2832 5139 laetitia
2854 5087 2921 5141 ".
2986 5106 3005 5139 ι
3037 5088 3137 5144 Et:
3180 5111 3198 5142 ι
3238 5093 3521 5150 Delectaro

1946 5171 1999 5225 in
2030 5172 2357 5237 Domino";
2394 5193 2412 5224 ι
2461 5174 2567 5229 hoc
2624 5184 2732 5242 est,
2792 5177 2977 5233 fruere
3026 5181 3321 5240 dulcedine
3377 5187 3519 5256 ejus.

1945 5262 2091 5318 Dicit
2145 5265 2292 5317 enim
2347 5264 2673 5336 Scriptura:
2715 5288 2732 5319 ι
2763 5267 3026 5337 Comede,
3061 5272 3161 5341 ﬁli,
3196 5276 3399 5343 favum,
3461 5291 3522 5334 ut

1944 5356 2236 5409 edulcetur
2285 5367 2475 5426 guttur
2528 5367 2711 5427 tuum,
2751 5370 2808 5416 et
2861 5360 3016 5418 dabit
3066 5367 3163 5422 tibi
3221 5370 3518 5438 petitiones

339 5500 417 5533 ³⁸*
438 5499 725 5574 Ephes.v._
870 5497 1031 5574 __”"
1053 5498 1209 5574 lion].
1251 5515 1367 5574 vtn,
1391 5498 1522 5574 32._
1560 5497 1602 5529 ⁸⁷
1635 5497 1807 5574 Calai.

1960 5500 2044 5574 15Γ
2061 5571 2086 5574 __
2120 5501 2165 5532 ³⁸
2189 5499 2376 5574 Matth.
2406 5517 2479 5567 xl,
2514 5500 2607 5564 25,
2639 5502 2729 5558 96.
2804 5505 2847 5537 ³⁸
2891 5506 2996 5563 lsa.
3029 5524 3153 5574 xxv,
3178 5508 3263 5565 10.
3342 5510 3385 5541 ⁸⁸
3416 5512 3519 5567 lsa.

268 5588 389 5634 uv,
432 5568 521 5625 ‘23.
616 5572 655 5599 ⁸⁸
692 5568 826 5621 ibid.
864 5568 945 5621 i3.

268 5658 431 5703 cxvii,
463 5642 551 5693 Ἡ.
650 5640 693 5669 ⁸⁷
728 5638 871 5692 Psal.
912 5655 1109 5699 Luxv,
1152 5640 1205 5692 '5.

268 5714 313 5743 “
348 5713 487 5765 Psal.
520 5726 699 5771 um,
735 5710 786 5762 ιι.

593 5806 861 5863 Parant.
899 5804 1013 5864 GI».
1046 5804 1389 5863 LXXXIX.

1050 5568 1093 5597 δ’
1134 5568 1304 5625 Soph.
1337 5585 1417 5625 III.
1463 5571 1545 5622 17.

1211 5589 1304 5639 pu.
1337 5589 1417 5625 Ill.
1465 5589 1545 5622 ιι.
1649 5589 1829 5623 "nan

1295 5640 1340 5671 ‘3
1366 5640 1508 5694 I’sal.
1545 5656 1724 5704 xxxnv,
1748 5641 1832 5693 77.

1648 5568 1692 5598 ⁸³
1715 5570 1910 5623 Nanm.
1940 5588 1975 5633 ι,
2021 5571 2108 5624 l5.

2777 5574 2823 5607 “
2857 5577 3000 5631 Psal.
3029 5594 3102 5640 Ix,
3136 5581 3187 5634 3.

2474 5644 2518 5674 ⁵⁰
2545 5642 2685 5699 Psal.
2714 5660 2856 5714 xcrv,
2900 5648 2950 5701 1.

3296 5580 3340 5613 ⁸⁵
3374 5582 3521 5638 Psnl.

3054 5649 3095 5680 ⁸¹
3124 5650 3268 5704 Psal.
3296 5667 3438 5717 xcu,
3465 5654 3514 5707 1.

2210 5571 2255 5602 ⁸⁸
2281 5572 2438 5625 Joan.
2470 5588 2561 5635 xx,
2585 5574 2676 5627 21.

1934 5640 1976 5674 δν
2016 5642 2155 5695 Psal.
2183 5658 2269 5707 xv,
2313 5644 2365 5696 9.

3104 5810 3181 5871 57
