4040 6544
544 335 680 399 1803

1804 327 2168 388 ANTIOCHI
2207 326 2553 388 MONACHI

3657 325 3790 391 1804

541 445 727 500 cordis
757 443 919 498 tui".
955 459 974 495 ι
995 439 1294 511 Discipulis
1322 438 1470 494 enim
1499 437 1638 494 dixit
1659 437 1961 494 Dominus:
2003 459 2020 490 ι
2054 437 2110 493 Si

2225 437 2398 508 φησιν·
2423 436 2627 506 ἀγαθὸν
2647 436 2777 506 γὰρ,
2810 437 2897 490 ἵνα
2919 431 3195 508 γλυκανθῇ
3257 455 3349 491 σου
3377 440 3407 492 6
3431 435 3660 508 λάρυγξ,
3690 443 3786 492 καὶ

541 539 772 610 diligitis
789 553 899 602 me,
922 545 980 591 et
999 535 1256 590 mandata
1279 549 1398 612 mea
1419 532 1797 597 servaveritis,
1821 531 2108 602 quodcun-

541 648 648 703 que
672 630 984 695 volueritis,
1012 628 1214 698 petetis
1248 643 1278 682 a
1301 627 1464 681 Patre
1513 641 1659 692 meo,
1683 635 1739 680 et
1761 625 1917 679 dabit
1951 624 2113 678 vobis

541 726 598 780 in
623 724 851 780 nomine
882 723 1092 777 meo".
1135 739 1152 772 ι
1183 719 1437 774 lterum:
1493 737 1512 771 ι
1549 719 1793 773 Laetetur
1833 731 1932 770 cor
1961 730 2114 784 qua:-

543 816 787 870 rentium
835 811 1130 867 Dominum
1161 810 1234 863 -”.
1278 827 1297 860 ι
1353 809 1447 863 Et:
1490 825 1508 859 ι
1548 805 1833 862 Lmtamini
1871 804 2008 877 justi
2057 805 2115 858 in

543 903 860 960 Domino".
891 920 909 953 ι
936 900 1036 956 Et:
1068 917 1086 950 ι
1127 898 1636 968 Laetabiturjustus
1661 898 1713 951 in
1739 897 1974 952 Domino
1991 897 2058 949 ".
2089 914 2108 948 ι

541 998 644 1052 Et:
685 1015 703 1047 ι
739 995 982 1050 Lretetur
1026 992 1195 1046 Israel
1232 991 1287 1046 in
1311 1005 1380 1045 eo
1426 992 1522 1060 qui
1543 989 1678 1045 fecit
1715 1005 1863 1052 eum,
1922 999 1979 1044 et
2017 988 2114 1043 filii

545 1091 676 1144 Sion
735 1088 1015 1142 exsultent
1073 1085 1129 1140 in
1191 1099 1319 1154 rege
1383 1098 1484 1138 suo
1522 1083 1588 1136 ⁸⁸.
1623 1101 1640 1133 ι
1677 1113 1744 1124 --
1783 1102 1801 1132 ι
1839 1082 2115 1136 llabitatio

541 1180 692 1236 enim
749 1178 804 1232 in
853 1185 904 1232 le
945 1176 1104 1247 quasi
1155 1175 1465 1230 laetantium
1515 1175 1762 1228 omnium
1782 1173 1848 1226 ⁸³.
1895 1191 1913 1224 ι
1960 1173 2118 1228 Alius

544 1275 714 1326 item:
753 1289 772 1320 ι
810 1270 907 1324 His
937 1269 1029 1339 qui
1061 1268 1317 1322 serviunt
1369 1266 1531 1330 mihi,
1568 1265 1864 1320 vocabitur
1915 1280 2117 1319 nomen

543 1378 771 1427 novum,
804 1360 952 1431 quod
982 1359 1340 1414 benedictum
1387 1359 1495 1412 erit
1538 1372 1704 1426 super
1758 1365 1962 1410 terram
1989 1355 2057 1408 ⁶⁰.
2093 1372 2112 1405 ι

543 1458 830 1525 Quotquot
868 1453 1016 1508 enim
1049 1451 1303 1506 serviunt
1325 1452 1376 1506 ei
1406 1452 1460 1505 in
1490 1452 1712 1511 timore,
1763 1458 1818 1502 et
1845 1448 2120 1502 exsultant

545 1547 602 1600 in
631 1545 955 1603 tremore“,
985 1541 1042 1595 hi
1076 1550 1206 1596 sunt
1247 1541 1344 1594 lilii
1385 1541 1482 1594 Dei
1514 1539 1770 1594 viventis.
1815 1537 2119 1592 Paruamia-
2147 1541 2150 1544 ‘

548 1647 660 1692 stes
702 1633 938 1705 proinde
968 1632 1076 1686 ait:
1111 1651 1129 1683 ι
1161 1631 1216 1684 In
1244 1630 1455 1685 laetitiis
1483 1645 1591 1682 non
1638 1628 1982 1682 admiscetur
2019 1627 2118 1681 tri-

548 1729 696 1783 stitia
721 1728 790 1780 ⁶¹.
830 1746 848 1778 ι
891 1727 934 1779 Α
959 1725 1130 1780 choro
1156 1725 1305 1778 enim
1352 1723 1630 1793 justorum
1675 1720 1814 1791 fugit
1875 1721 2035 1775 dolor
2064 1729 2119 1774 et

553 1819 774 1874 tristitia
805 1826 860 1872 ct
890 1818 1149 1888 gemitus.
1180 1816 1283 1869 Et:
1315 1835 1333 1866 ι
1371 1814 1431 1868 In
1461 1812 1552 1868 die
1595 1813 1863 1868 bonitatis
1891 1813 2015 1867 vive
2064 1813 2117 1866 in

551 1911 776 1966 bono“.
817 1929 835 1960 ι
886 1911 1127 1964 lterum:
1172 1927 1190 1958 ι
1226 1906 1431 1962 Oculus
1465 1907 1658 1962 videns
1707 1906 1849 1960 bona
1883 1905 2119 1958 delectat

549 2019 648 2058 cor
700 2002 766 2055 “‘.
857 2000 1038 2055 Corde
1095 2010 1278 2054 autem
1332 1999 1644 2054 exhilarato
1693 1998 1862 2052 facies
1909 1997 2120 2052 revire-

551 2095 733 2150 scit“.
767 2112 786 2144 ι
819 2095 911 2149 Ait
933 2094 1079 2148 enim
1120 2092 1420 2148 Dominus:
1462 2111 1480 2144 ι
1509 2091 1565 2148 Si
1591 2091 1785 2146 oculus
1836 2103 1961 2145 tuus
1985 2089 2088 2144 sim

551 2187 675 2257 plex
705 2185 896 2250 fuerit,
937 2194 1110 2240 totum
1140 2199 1346 2255 corpus
1376 2193 1534 2238 tuum
1583 2184 1829 2238 lucidum
1865 2183 2055 2238 erit“.
2104 2202 2121 2236 ι

517 2321 520 2323 μ
549 2311 621 2324 --
658 2299 675 2331 ι
707 2280 868 2335 Fama
889 2287 1070 2332 autem
1098 2278 1243 2331 bona
1287 2277 1592 2346 impingunt
1633 2277 1842 2338 033a",
1882 2295 1898 2326 ι
1929 2289 2125 2344 quem-

552 2370 850 2426 admodum
911 2378 968 2423 et
1018 2368 1200 2422 anima
1229 2367 1403 2430 Pauli,
1432 2381 1557 2420 cum
1577 2365 1821 2419 dicebat:
1857 2384 1874 2416 ι
1904 2363 2127 2419 Gaudeo

550 2473 608 2520 et
627 2462 947 2534 congaudeo
965 2460 1224 2514 omnibus
1251 2456 1487 2512 vobis“.
1522 2477 1539 2508 ι
1572 2458 1671 2511 Et:
1703 2475 1720 2507 ι
1750 2458 1856 2510 Cor
1880 2455 2121 2525 gaudens

553 2561 694 2614 bene
751 2557 935 2610 valere
985 2553 1194 2607 facit”.
1238 2572 1254 2603 ι
1321 2551 1646 2620 Apostolus:
1707 2568 1724 2600 ι
1762 2548 2010 2604 Gaudete
2063 2548 2119 2603 in

553 2647 805 2709 Dom‘ino,
834 2645 1034 2698 iterum
1071 2643 1218 2704 dico,
1245 2641 1480 2712 gaudete
1497 2640 1596 2694 ὀ.»
1637 2638 1742 2694 Sed
1773 2648 1828 2694 et
1852 2642 1906 2692 in
1942 2639 2124 2692 Evan-

552 2740 694 2810 ge.io
725 2739 803 2792 ait
833 2737 946 2791 ﬁlio
991 2743 1179 2806 pater:
1221 2753 1238 2784 ι
1278 2731 1480 2787 Laetari
1535 2740 1718 2786 autem
1772 2740 1828 2786 et
1881 2731 2122 2800 gaudere

551 2831 863 2899 oportebat,
916 2826 1044 2896 quia
1078 2826 1222 2879 Illius
1267 2839 1424 2879 meus
1453 2823 1547 2878 hic
1576 2831 1827 2878 mortuus
1879 2832 2017 2888 erat,
2068 2832 2122 2878 et

555 2922 787 2976 revixit:
815 2919 1077 2989 perierat,
1113 2925 1167 2971 et
1195 2919 1454 2972 inventus
1482 2918 1646 2973 est".
1687 2936 1704 2970 ι
1743 2917 1849 2986 Ipsi
1875 2917 2046 2986 gloria
2067 2917 2121 2972 in

552 3011 770 3064 siccum.
805 3010 1001 3063 Amen.

2215 529 2326 600 δῴη
2358 546 2440 582 σοι
2469 529 2539 582 τὰ
2570 529 2850 600 αἰτήματα
2877 529 2980 598 τῆς
3012 531 3241 601 καρδίας
3264 548 3380 586 σου.
3423 549 3442 582 ι
3484 531 3648 598 Λέγει
3681 533 3789 601 γὰρ

2215 625 2243 674 6
2291 622 2494 690 Κύριος
2518 622 2631 684 τοῖς
2676 620 2979 691 μαθηταῖςσ
3010 641 3028 674 ι
3081 622 3207 675 Ἐὰν
3262 621 3519 688 ἀγαπᾶτὲ
3556 639 3645 691 με,
3694 628 3788 676 καὶ

2215 715 2310 777 τὰς
2329 713 2547 776 ἐντολάς
2578 731 2681 784 μου
2709 715 3008 786 τηρήσητε,
3045 715 3162 778 καὶ,
3210 715 3236 767 ὃ
3260 717 3353 768 ἐὰν
3378 715 3599 784 θέλητε,
3631 715 3790 785 alti;-

2218 823 2347 859 σατε
2375 807 2465 860 τὸν
2485 806 2708 878 Πατέρα
2735 824 2860 877 μου,
2895 807 2990 860 καὶ
3012 807 3172 860 δώσει
3210 808 3338 877 ὑμῖν
3382 808 3442 859 tv
3467 807 3545 877 τῷ
3571 807 3790 876 ὀνόματί

2221 920 2344 973 μου.
2385 920 2403 953 ι
2433 900 2543 953 Καὶ
2577 901 2769 954 πάλιν
2802 920 2820 952 ι
2848 900 3222 971 Εὑφρανθήτω
3250 899 3452 970 καρδία
3482 899 3796 969 ζητούντων

2216 1003 2308 1054 τὸν
2335 1000 2607 1072 Κύριον.ζι
2624 999 2753 1061 Καὶ,
2793 1019 2812 1051 ι
2846 1000 3223 1070 Εὐφράνθητε,
3247 999 3470 1063 δίκαιοι,
3504 1000 3562 1050 tv
3586 999 3667 1068 τῷ
3689 998 3797 1049 Ku-

2223 1097 2343 1169 ρίῳ.
2382 1117 2400 1150 ι
2436 1098 2564 1160 Καὶ,
2589 1116 2608 1148 ι
2639 1095 3092 1166 Εὑφρανθήσεται
3118 1094 3331 1157 δίκαιος
3357 1097 3415 1147 ὲν
3439 1092 3520 1162 τῷ
3540 1094 3753 1162 Κυρίῳ.
3771 1111 3789 1142 ι

2221 1189 2348 1253 Καὶ,
2396 1207 2413 1239 ι
2465 1186 3066 1257 ΕὐφρανθήτωΊσραὴλ
3083 1186 3173 1238 ἐπὶ
3197 1186 3275 1256 τῷ
3297 1186 3584 1254 ποιήσαντι
3611 1183 3796 1246 αὑτὸν,

2221 1281 2315 1334 καὶ
2340 1280 2444 1334 υἱοὶ
2475 1279 2612 1332 Σιὼν
2643 1278 3097 1348 ἀγαλλιάσθωσαν
3126 1279 3216 1330 ἐπὶ
3242 1277 3321 1347 τῷ
3351 1276 3563 1346 βασιλεῖ
3596 1275 3798 1328 αὐτῶν.

2237 1373 2299 1424 Ἦ
2327 1371 2436 1441 γὰρ
2467 1374 2524 1425 tv
2553 1371 2636 1425 col.
2666 1369 2919 1423 κατοικία
2941 1371 3013 1432 ὡς
3038 1369 3484 1438 εὐφραινομένων
3505 1367 3744 1419 πάντων.
3775 1386 3795 1416 ι

2223 1468 2332 1520 Καὶ
2361 1465 2518 1527 ἄλλος
2540 1481 2555 1496 ο
2598 1483 2616 1515 ι
2653 1464 2778 1525 Τοῖς
2806 1462 2914 1534 γὰρ
2943 1461 3286 1515 δουλεύουσίν
3325 1477 3416 1530 μοι
3461 1460 3800 1529 κληθήσεται

2221 1558 2388 1628 ὄνομα
2417 1555 2622 1619 καινὸν,
2653 1553 2682 1607 ὃ
2708 1553 3134 1622 εύλογηθήσεται
3164 1555 3254 1605 ἐπὶ
3282 1553 3385 1621 τῆς
3415 1552 3551 1622 γῆς·
3583 1552 3683 1603 καὶ
3711 1551 3800 1602 εὑ-

2224 1649 2500 1721 φροσύνην
2555 1649 2650 1700 καὶ
2707 1646 3025 1715 ἀγαλλίαμα
3079 1646 3406 1716 εὑρήσουσιν
3458 1642 3548 1696 ἐπ’
3608 1643 3801 1710 αὐτῆς.

2227 1743 2381 1794 Ὅσοι
2414 1741 2522 1810 γὰρ
2545 1738 2887 1794 δουλεύουσιν
2911 1737 3060 1808 αὑτῷ
3087 1741 3144 1790 ὲν
3175 1736 3346 1806 φόϐῳ,
3367 1735 3464 1789 καὶ
3496 1734 3805 1802 ἁγαλλιῶν-

2226 1853 2318 1888 ται
2357 1832 2506 1902 αὐτῷ
2541 1833 2597 1883 tv
2618 1829 2839 1900 τρόμῳ⁶
2864 1820 3013 1881 οὗτοί
3045 1829 3182 1881 εἰσιν
3215 1827 3323 1878 υἱοὶ
3353 1823 3488 1878 Θεοῦ
3520 1823 3750 1888 ζῶντος.
3777 1841 3797 1875 ι

2226 1925 2391 1995 Φησὶν
2417 1923 2471 1976 δὲ
2508 1921 2604 1975 καὶ
2631 1923 2659 1974 6
2697 1917 3128 1990 Παροιμιαστὴς,
3173 1935 3191 1968 ι
3243 1917 3332 1969 Ἐν
3356 1913 3721 1984 εὐφροσύναις
3743 1913 3803 1965 οὗ

2231 2014 2632 2086 προσμίγνυται
2650 2011 2795 2080 λύπη
2823 2025 2836 2038 ·
2868 2009 2977 2064 ἀπὸ
2995 2010 3101 2079 γὰρ
3143 2005 3237 2060 τοῦ
3269 2005 3434 2077 χοροῦ
3449 2003 3803 2058 τῶνδικαίων

2229 2107 2439 2174 ἀπέδρα
2466 2105 2558 2158 καὶ
2587 2103 2768 2172 ὀδύνη,
2805 2103 2899 2156 καὶ
2937 2101 3101 2170 λύπη,
3137 2100 3232 2153 καὶ
3257 2097 3585 2166 στεναγμός.
3625 2113 3645 2145 ι
3679 2095 3804 2154 Καὶ,

2235 2217 2253 2251 ι
2309 2199 2396 2252 Ἐν
2443 2197 2628 2266 ἡμέρᾳ
2691 2194 3038 2265 ἀγαθοσύνης
3107 2190 3231 2258 ζῆθι
3287 2192 3344 2241 tv
3374 2186 3591 2257 ἀγαθῷ.
3634 2204 3653 2237 ι
3705 2185 3810 2237 Καὶ

2229 2290 2410 2355 πάλιν,
2456 2307 2472 2337 ι
2507 2286 2739 2358 Θεωρῶν
2777 2285 3058 2354 ὀφθαλμὸς
3108 2282 3271 2345 καλὰ,
3319 2279 3607 2349 εὐφραίνει
3674 2294 3810 2345 καρ-

2227 2384 2364 2438 δίαν.
2405 2401 2422 2432 ι
2471 2379 2712 2451 Καρδίας
2749 2378 2804 2430 δὲ
2837 2374 3290 2446 εὐφραινομένης,
3329 2372 3628 2442 πρόσωπον
3681 2368 3810 2420 θάλ-

2227 2475 2343 2527 λει*
2384 2493 2401 2525 ι
2453 2473 2579 2527 Ἐὰν
2645 2471 2753 2541 γὰρ
2783 2469 2810 2520 6
2874 2466 3148 2535 ὀφθαλμός
3201 2482 3317 2526 σου,
3351 2461 3538 2532 φησιν,
3607 2457 3812 2520 ἁπλοῦς

2225 2557 2283 2634 ᾖ,
2324 2562 2443 2615 ὅλον
2476 2561 2536 2614 τὸ
2565 2559 2724 2630 σῶμα
2740 2575 2833 2610 σου
2869 2556 3126 2626 φωτεινὴν
3161 2554 3337 2609 ἔσται.
3362 2554 3523 2622 Φήμη
3547 2549 3607 2602 δὲ
3633 2549 3812 2618 ἀγαθὴ

2222 2653 2460 2708 λιπαίνει
2474 2652 2624 2706 ὀστᾶ·
2650 2671 2667 2702 ι
2690 2653 2764 2714 ὼς
2781 2649 2927 2720 καὶὴ
2953 2647 3045 2700 τοῦ
3076 2647 3290 2700 Παύλου
3332 2644 3481 2714 ψυχὴ
3504 2646 3537 2714 ἡ
3553 2642 3808 2709 λέγουσα,

2223 2749 2409 2817 Χαίρω
2447 2746 2542 2799 καὶ
2575 2745 2855 2815 συγχαίρω
2905 2743 3073 2795 πᾶσιν
3126 2739 3275 2809 ὑμῖν.
3314 2757 3331 2788 ι
3360 2737 3492 2802 Καὶ,
3529 2753 3550 2784 ι
3601 2732 3814 2803 Καρδία

2221 2837 2626 2910 εὐφραινομένη
2670 2836 2910 2889 εὐεκτεῖν
2970 2835 3135 2886 ποιεῖ.
3179 2850 3196 2882 ι
3234 2829 3345 2884 Ka‘t
3392 2830 3420 2881 6
3461 2824 3810 2884 Ἀπὸστολοςο

2229 2953 2247 2984 ι
2287 2933 2521 3004 Χαίρετε
2587 2931 2646 2984 ὲν
2704 2928 2891 2999 Κυρίῳ
2947 2927 3218 2988 πάντοτε,
3289 2923 3381 2974 καὶ
3431 2919 3600 2972 πάλιν
3681 2915 3810 2985 ἐρῶ,

2155 3018 2202 3080 C
2233 3023 2468 3093 χαίρετε.
2498 3039 2516 3071 ι
2553 3019 2706 3089 Ἔχει
2725 3019 2781 3071 δὲ
2814 3016 2910 3070 καὶ
2932 3018 2988 3069 tv
3008 3015 3085 3086 τῷ
3113 3011 3435 3082 Εὑαγγελίῳ
3461 3025 3476 3038 ·
3513 3027 3531 3058 ι
3561 3007 3812 3074 Εὐφραν-

553 3101 714 3170 θῆναι
738 3101 794 3154 δὲ
828 3100 920 3152 καὶ
950 3099 1308 3169 χαρῆναιδεῖν
1351 3099 1515 3169 φησιν
1541 3098 1570 3150 δ
1603 3098 1811 3170 Πατὴρ.
1837 3101 1917 3155 ὅτι
1951 3105 1978 3157 6
2005 3110 2118 3175 υἱός
2161 3133 2262 3185 μου
2277 3114 2465 3184 νεκρὸς
2491 3109 2582 3185 ἦν,
2615 3111 2710 3164 καὶ
2741 3109 3030 3180 ἀνέζησενο
3059 3105 3352 3167 ἀπολωλὼς
3387 3103 3456 3177 ἦν
3497 3101 3596 3155 καὶ
3648 3100 3809 3170 εύρὲ-

554 3203 644 3270 θη.
691 3219 710 3251 ι
745 3197 904 3267 Αὐτῷ
929 3199 963 3266 ἡ
990 3196 1116 3260 δόξα
1145 3197 1225 3258 είς
1252 3195 1378 3257 τοὺς
1409 3193 1631 3258 αίῶνας.
1682 3196 1871 3267 Ἀμήν.

822 3282 824 3284 ’
1084 3310 1370 3366 nonum
1417 3309 1606 3366 CXIX.

663 3426 891 3479 Anxium
930 3432 978 3476 et
1041 3423 1462 3492 intempestivam
1497 3421 1908 3478 sollicitudinem
1940 3443 2049 3481 esse

1196 3492 1491 3546 vitandam.

627 3605 774 3662 Cura
806 3606 896 3660 illa
926 3605 1262 3674 nimisquam
1287 3604 1446 3658 anxia
1481 3604 1550 3659 de
1584 3605 1672 3660 his
1703 3621 1826 3675 quae
1857 3616 2132 3678 tempora-

560 3699 655 3752 rire
680 3698 841 3752 istius
862 3697 984 3750 vitae
1023 3705 1258 3751 cernunt
1306 3711 1487 3760 usum,
1544 3696 1784 3751 hominis
1836 3707 1920 3752 est
1971 3701 2132 3768 plane

561 3789 716 3843 infidi
750 3799 803 3844 et
829 3787 1215 3858 pusillanimis.
1255 3788 1443 3856 NeQue
1497 3788 1646 3841 enim
1681 3789 1763 3842 sic
1809 3790 2030 3844 solliciti
2078 3792 2133 3845 in

558 3896 688 3935 eum
715 3881 827 3950 jam
878 3880 1209 3934 inclinamus
1240 3878 1294 3931 in
1344 3877 1513 3933 dubia
1557 3894 1674 3948 spe,
1719 3880 1805 3933 cui
1852 3879 1919 3934 de
1976 3881 2137 3937 nobis

561 3973 790 4044 provida
817 3980 900 4026 est
927 3986 1083 4032 cura,
1136 3971 1310 4024 Deum
1361 3985 1559 4039 nempe
1616 3980 1891 4036 nostrum,
1937 3973 2030 4026 sed
2083 3974 2135 4027 in

561 4062 816 4132 nosipsos
850 4062 1181 4115 reclinamus
1211 4075 1386 4130 spem,
1413 4060 1480 4114 de
1504 4061 1801 4129 nobisipsis
1854 4071 2136 4132 tantopere

564 4150 807 4207 solliciti.
841 4149 899 4204 Si
942 4151 1089 4203 enim
1122 4149 1424 4203 visibilium
1478 4164 1667 4202 curam
1719 4149 1990 4204 bonorum
2016 4168 2136 4221 qua:

564 4241 727 4296 nobis
759 4241 997 4311 benigne
1027 4241 1300 4311 benignus
1330 4241 1595 4310 impartit,
1622 4257 1731 4294 non
1763 4243 2139 4310 permittimus

562 4334 684 4404 ejus
713 4332 862 4399 fidei,
895 4347 1005 4402 quo
1036 4341 1197 4402 pacto
1222 4331 1290 4386 de
1316 4331 1718 4398 invisibilibus,
1777 4351 1898 4403 quae
1931 4335 2137 4404 alioqui

2830 3316 3045 3370 ΛΟΓΟΣ
3066 3314 3212 3368 ΡΙΘ’.

2659 3429 2796 3500 Περὶ
2825 3429 2930 3484 τοῦ
2949 3428 3036 3499 μὴ
3063 3425 3380 3498 μεριμνᾷν.

2320 3613 2384 3666 Ἦ
2417 3611 2526 3665 τῶν
2560 3610 2828 3682 βιωτικῶν
2877 3607 3225 3679 πραγμάτων
3269 3607 3535 3677 μέριμνα,
3576 3606 3807 3659 ἀπίστου

2238 3704 2333 3758 καὶ
2351 3703 2676 3774 ὀλιγοψύχου
2702 3701 2990 3770 ἀνθρώπου
3019 3699 3189 3754 ἐστίν.
3213 3700 3327 3752 Οὐκ
3367 3699 3449 3751 ἑτι
3488 3699 3601 3767 γὰρ
3624 3700 3704 3760 είς
3722 3699 3810 3750 τὴν

2239 3795 2588 3868 μεριμνῶντα
2620 3793 2752 3846 Θεὸν
2805 3791 3124 3860 ἐλπίζομεν,
3163 3789 3278 3842 ἀλλ’
3309 3791 3386 3852 είς
3419 3791 3677 3853 ἑαυτοὺς,
3722 3790 3811 3841 καὶ

2234 3886 2363 3956 περὶ
2390 3884 2547 3954 ἡμῶν
2577 3881 2950 3953 μεριμνῶμεν.
2975 3880 3038 3933 Et
3077 3879 3183 3948 γὰρ
3208 3879 3277 3932 τὰ
3295 3878 3571 3948 ὁρώμενα,
3601 3880 3639 3932 ἃ.
3675 3896 3810 3949 παρ-

2240 3973 2354 4045 έχει
2407 3975 2538 4044 ἡμῖν
2580 3975 2608 4026 6
2636 3971 2838 4040 ἀγαθὸς
2880 3971 3013 4034 Θεὸς
3049 3969 3255 4038 ἀγαθὰ,
3280 3969 3380 4022 οὐκ
3401 3969 3811 4039 ἐμπιστεὺομεν

2238 4062 2407 4133 αὐτῷ,
2461 4061 2593 4131 περὶ
2642 4060 2752 4112 τῶν
2793 4059 2871 4130 μὴ
2929 4059 3244 4130 ὁρωμένων,
3285 4053 3360 4110 ὧν
3419 4060 3809 4128 ἐπηγγείλατο,

2240 4152 2355 4214 πῶς
2385 4150 2840 4221 ὲμπιστεύσωμεν
2885 4149 3071 4220 αὐτῷ;
3111 4149 3185 4201 Οὐ
3225 4149 3333 4219 χρὴ
3358 4149 3418 4202 δὲ
3449 4147 3628 4211 οὕτως
3671 4150 3812 4218 ἡμᾶς

2233 4246 2478 4313 κρατεῖν,
2509 4241 2645 4296 ἀλλὰ
2675 4241 2874 4312 μᾶλλον
2917 4240 3015 4311 τὴν
3052 4240 3215 4294 αὑτοῦ
3251 4239 3527 4310 βασιλείαν
3562 4241 3810 4311 ζητήσω-

2240 4351 2360 4404 μεν,
2391 4332 2691 4386 καὶταῦτα
2737 4333 2916 4386 πάντα
2975 4331 3408 4402 προστεθήσεται
3475 4333 3631 4402 ἡμῖν,
3673 4331 3815 4382 κατὰ

561 4439 622 4478 se
651 4433 802 4478 certo
823 4424 987 4479 nobis
1013 4423 1270 4492 promisit
1295 4423 1576 4488 daturum,
1607 4425 1765 4479 fidem
1790 4426 1866 4480 illi
1897 4442 2122 4481 commo

2241 4426 2332 4478 τὸν
2353 4425 2508 4493 λόγον
2537 4422 2706 4478 αὐτοῦ
2729 4439 2742 4453 ⁸
2785 4421 3226 4494 λυσιτελέστερον
3255 4425 3388 4492 ἡμῖν
3443 4423 3617 4488 ἐστιν,
3649 4439 3814 4474 κατα-

565 4513 852 4568 dabimus?
911 4515 1031 4569 Non
1073 4515 1164 4569 hic
1215 4524 1623 4570 consentaneus
1656 4525 1741 4570 est
1794 4517 1930 4572 ordo
1993 4517 2122 4572 bona

2244 4517 2462 4584 φρονεῖν
2501 4515 2608 4568 τῶν
2641 4515 2714 4585 μὴ
2747 4513 3058 4584 ἡμετέρων,
3112 4513 3206 4565 καὶ
3242 4513 3533 4583 ὀρέγεσθαι
3557 4514 3629 4566 τὰ
3683 4514 3815 4584 ὴμέ-

567 4604 872 4671 obtinendi,
908 4605 1081 4675 magis
1110 4614 1291 4659 autem
1335 4621 1648 4676 quaeramus
1677 4607 1853 4676 ipsius
1886 4623 2115 4678 regnum

2226 4640 2227 4643 η
2251 4626 2410 4680 τερα,
2446 4610 2546 4679 τὴν
2576 4609 2886 4679 ἀφθαρσίαν
2925 4607 3020 4668 καὶ
3047 4607 3142 4676 τὴν
3166 4608 3467 4661 ἀθανασίαν
3493 4608 3661 4675 λέγω.

567 4699 754 4755 ctbtec
777 4699 960 4753 omnia
983 4697 1316 4768 adjicientur
1344 4698 1525 4763 nobis,
1549 4696 1713 4769 juxta
1758 4698 2006 4769 ejusdem
2067 4701 2298 4755 verbum
2316 4703 2388 4755 τ’.
2421 4702 2599 4756 Tanto
2664 4716 2796 4755 sane
2860 4699 3198 4769 praestiterit,
3228 4700 3394 4769 inque
3417 4717 3533 4756 rem
3571 4711 3812 4756 nostram

568 4791 729 4846 cedet
777 4790 1017 4854 felicius,
1042 4790 1088 4843 si
1113 4790 1222 4856 his,
1251 4806 1373 4859 quae
1401 4798 1591 4844 nostra
1622 4790 1942 4859 neutiquam
1990 4799 2139 4854 sunt,
2181 4794 2541 4862 contemptim
2580 4791 2937 4855 transmissis,
3001 4807 3125 4861 qua:
3187 4791 3408 4861 proprie
3438 4799 3629 4845 nostra
3667 4803 3812 4859 sunt,

570 4892 681 4938 tota
703 4881 986 4936 alacritate
1015 4890 1362 4952 expetemus,
1397 4881 1606 4951 1223
1633 4897 1829 4951 nempe
1853 4882 2332 4952 incorruptionem
2367 4893 2424 4939 et
2459 4884 2956 4938 immortalitatem.

639 4972 947 5042 lncorrupti
981 4973 1129 5026 enim
1165 4972 1258 5026 ubi
1277 4973 1390 5043 jam
1415 4981 1469 5026 et
1500 4973 1846 5028 immortales
1870 4973 2122 5026 fuerimus

2321 4975 2487 5028 Ὅταν
2513 4974 2621 5046 γὰρ
2667 4975 2934 5045 ἄφθαρτοι
2964 4973 3252 5044 γενώμεθα
3281 4975 3376 5026 καὶ
3406 4973 3684 5035 ἀθάνατοι,
3717 4975 3814 5046 τῆς

567 5080 668 5136 per
705 5065 1057 5134 purissimam
1094 5063 1554 5134 speculationem,
1587 5062 1912 5132 conspicua'
1937 5062 2118 5131 explet

2251 5066 2348 5134 μὲν
2371 5066 2571 5136 ὁρατῆς
2598 5065 2762 5119 αὑτοῦ
2793 5065 3080 5134 θεοφανίας
3123 5067 3181 5118 tv
3218 5066 3516 5135 πανάγνοις
3560 5067 3813 5138 θεωρίαις

569 5156 666 5212 Dei
705 5157 1048 5225 apparitione
1071 5195 1086 5219 ,
1139 5169 1584 5225 quaquaversum
1622 5155 1933 5210 illustrante
1959 5170 2059 5208 nos
2086 5171 2116 5209 e

2247 5153 2462 5222 ἀποπλη
2473 5152 2566 5222 ρού
2576 5171 2726 5224 μενοι
2745 5194 2759 5216 ,
2839 5171 3005 5222 φανοτ
3013 5155 3169 5217 άταις
3226 5155 3375 5225 ἡμᾶς
3423 5173 3533 5227 μαρ
3541 5175 3617 5224 μα
3627 5160 3810 5226 ρυγαῑς

569 5243 1044 5299 circumfundente
1070 5243 1496 5298 radiantissimis
1521 5243 1630 5297 illis
1659 5243 2064 5311 splendoribus,
2084 5258 2119 5295 u

2251 5244 2772 5312 περιαυγαζούσαις,
2797 5246 2870 5307 ὡς
2898 5247 3020 5309 τοὺς
3039 5245 3287 5315 μαθητὰς
3311 5249 3369 5300 tv
3391 5250 3575 5319 ἐκείνῃ
3598 5253 3666 5319 τῇ
3683 5251 3812 5302 θειο-

517 5325 546 5340 ’
570 5333 702 5388 olim
730 5332 1036 5402 discipulos
1068 5332 1123 5386 in
1151 5333 1541 5403 angustissima
1576 5331 1891 5410 illzLChristi
1922 5331 2122 5386 transiit

2249 5333 2385 5404 τάτῃ
2429 5336 2882 5407 μεταμορφώσει⁶
2920 5337 3020 5407 τῆς
3045 5337 3102 5390 δὲ
3156 5340 3356 5408 νοητῆς
3389 5341 3554 5394 αὐτοῦ
3582 5343 3808 5410 φωτοδο-

638 5514 684 5545 ⁵³
713 5511 871 5567 Prov.
905 5529 1048 5575 χειν,
1073 5514 1158 5566 15.
1235 5513 1282 5544 ⁸³
1320 5515 1479 5568 Joan.
1504 5532 1611 5580 xiv,
1653 5518 1734 5580 l5,
1768 5515 1854 5568 15.
1931 5516 1977 5548 ⁵⁵
2003 5516 2120 5569 Psal

2225 5533 2275 5578 v,
2307 5516 2357 5567 ’5.
2436 5516 2481 5546 ⁸⁸
2505 5516 2650 5570 Psal.
2690 5531 2829 5581 xcvi,
2857 5516 2940 5570 12.
3020 5518 3063 5549 ⁸⁷
3084 5517 3222 5571 Psal.
3248 5532 3395 5582 Lxrn,
3421 5518 3511 5573 Η.
3601 5521 3647 5551 ⁸⁸
3675 5519 3808 5573 Psal.

571 5599 742 5644 crux,
765 5585 816 5636 2.
894 5584 937 5615 ³ο
968 5583 1108 5637 Psal.
1150 5599 1364 5645 Lxxxw,
1397 5585 1446 5636 7.
1524 5587 1567 5616 ⁸ο
1590 5587 1691 5639 Isa.
1724 5601 1849 5648 un,
1871 5586 1924 5638 ‘2.
2003 5587 2042 5616 ⁶¹
2077 5586 2219 5639 Psal.
2246 5603 2302 5649 ιι,
2326 5586 2406 5637 l0.
2486 5586 2530 5617 ⁸⁸
2559 5586 2738 5640 Eccle.
2767 5603 2820 5648 γ,
2851 5586 2937 5638 l7.
3014 5587 3058 5618 ⁵³
3085 5586 3263 5640 Eccle.
3292 5603 3386 5651 vn,
3415 5589 3502 5642 l5.
3581 5591 3626 5619 “
3656 5591 3809 5642 Prov.

574 5668 663 5717 xv,
692 5653 776 5728 μ’).
808 5653 897 5728 __’_‘
930 5652 1063 5706 ibid.
1095 5654 1208 5728 5ολ
1258 5654 1530 5728 “piatur.
1551 5672 1625 5718 γι,
1649 5657 1822 5728 2L)"
1850 5655 2008 5708 Prov.
2046 5672 2122 5707 xv.

2225 5658 2258 5709 l.
2335 5657 2378 5685 ⁸⁸
2413 5655 2652 5726 Philipp.
2679 5673 2738 5720 ιι,
2771 5657 2856 5710 17.
2933 5657 2978 5687 ⁶⁹
3013 5657 3171 5712 Prov.
3200 5672 3287 5723 xv,
3315 5659 3399 5712 i7.
3502 5660 3546 5689 "
3577 5659 3808 5728 Philipp.

580 5737 652 5787 Iv,
679 5723 730 5776 ὁ.
808 5723 847 5752 ⁷³
874 5722 1007 5777 Luc.
1033 5739 1118 5788 xv,
1149 5724 1235 5777 Η.
1315 5724 1357 5754 ⁷³
1384 5725 1572 5777 Matth.
1609 5741 1681 5788 vl,
1704 5725 1792 5777 5?.
