4040 6512
247 334 378 397 ιδῡῦ

1261 333 1591 395 HOMILIA
1628 332 1802 393 CXX.
1844 357 1912 369 -
1940 332 2039 394 DE
2072 334 2479 398 PBIMITIIS.

3367 336 3505 403 1806

244 453 383 515 σίας,
422 450 480 501 ὲν
529 447 732 502 ἀπαθεῖ
784 448 879 503 καὶ
917 446 1067 517 άῢλῳ
1097 445 1175 517 τῷ
1206 446 1283 517 νῷ
1317 448 1633 518 μετέχοντες
1662 486 1679 511 ,
1730 446 1816 500 καῖ

1925 449 2246 522 guratione:
2284 449 2586 521 participes
2633 458 2817 505 autem
2850 448 3193 505 intellectilis
3238 451 3413 521 ipsius
3449 456 3503 508 in

242 546 335 613 τῆς
392 542 536 613 ὑπὲρ
580 540 704 595 νοῦν
739 540 1007 603 ὲνώσεως,
1056 541 1116 593 ἐν
1163 542 1285 604 ταῖς
1334 539 1445 593 τῶν
1498 538 1819 609 περιφανῶν

242 633 500 697 ἀκτίνων,
547 631 849 701 ἀγνώστοις
907 631 1006 685 καὶ
1066 632 1360 702 μακαρίοις
1397 629 1717 692 ἐπιϐουλαῖς
1759 630 1820 682 ιν

243 726 489 796 θειοτέρα
524 725 753 795 μιμήσει
786 723 897 777 τῶν
943 724 1287 796 ἐπουρανίων
1330 723 1504 776 νοῶν⁶
1542 721 1819 792 ἰσάγγελοι

241 817 372 887 γὰρ,
418 819 493 881 ὡς
530 820 560 871 6
612 818 755 881 θεῖος
813 818 977 887 λόγος,
1031 817 1169 888 ἔφη,,
1236 814 1500 882 ἐσόμεθα,
1558 816 1654 869 καὶ
1713 815 1820 869 υίοὶ

239 909 397 976 Θεοῦ,
440 910 539 979 τῆς
587 910 938 973 ἀναστάσεως
984 910 1138 973 ὄντες
1168 908 1298 962 υίοί.
1344 927 1363 960 ι
1426 907 1626 972 Καλῶς
1655 903 1747 961 οὖν
1790 909 1819 959 6

254 1000 683 1072 Ἐκκλησιαστὴς
710 1000 1039 1071 διαγορεύει,
1073 1002 1281 1070 φήσας·
1318 1019 1335 1051 ι
1364 998 1572 1064 Γλυκύς
1595 1002 1622 1052 6
1653 998 1819 1062 ὕπνος

240 1092 317 1163 τῷ
345 1092 538 1162 δούλῳ,
573 1095 621 1145 εί
645 1093 824 1160 ὀλίγον
860 1094 952 1146 καὶ
982 1095 1031 1146 εί
1062 1093 1199 1146 πολύ
1230 1095 1485 1162 φάγεται.
1528 1112 1546 1144 ι
1583 1094 1692 1147 Kal
1722 1095 1820 1146 ἐπ-

242 1186 459 1253 άγειν(
502 1186 688 1237 Ἔστιν
726 1184 1008 1258 ἀρρωστία
1042 1186 1108 1257 ἥν
1168 1188 1275 1239 ίδον
1327 1186 1432 1239 ὑπὸ
1493 1187 1585 1239 τὸν
1641 1187 1813 1255 ἧλιον,

244 1274 471 1326 πλοῦτον
504 1274 913 1344 φυλασσόμενον
957 1276 1037 1345 τῷ
1070 1276 1202 1346 παρ’
1254 1276 1444 1337 αὐτοῦ,
1495 1279 1574 1340 εἰς
1619 1278 1816 1330 κακίαν

241 1366 443 1418 αὐτοῦ·
479 1367 574 1419 καὶ
623 1366 903 1420 ἀπολεῖται
951 1368 980 1419 6
1019 1367 1248 1431 πλοῦτος
1294 1370 1501 1432 ἐκεῖνος
1558 1372 1613 1421 ὲν
1658 1387 1816 1440 περιο

242 1457 481 1526 σπασμῷ
533 1456 786 1527 πονηρῷο
825 1457 917 1510 καί
950 1474 1013 1524 γε
1038 1460 1209 1511 πᾶσαι
1233 1462 1287 1511 αἱ
1319 1461 1523 1528 ἡμέραι
1571 1460 1733 1511 αὐτοῦ
1758 1462 1816 1512 ὲν

242 1550 444 1615 σκότει,
481 1551 577 1603 καὶ
632 1549 838 1613 πένθει,
871 1551 963 1602 καὶ
990 1549 1145 1620 θυμῷ
1175 1552 1355 1620 πολλῷ
1375 1552 1470 1606 καὶ
1492 1552 1773 1624 ἀρρωστίᾳ.
1795 1567 1812 1584 ο

241 1645 336 1696 καὶ
373 1645 402 1696 6
430 1642 630 1713 μόχθος
668 1642 829 1694 αὐτοῦ
858 1643 936 1705 εἰς
965 1643 1185 1713 ἄνεμον.
1250 1644 1465 1714 Ὥσπερ
1503 1648 1611 1715 γὰρ
1662 1664 1807 1716 παρ-

239 1735 461 1801 εγένετο
493 1734 722 1803 γυμνὸς,
749 1734 923 1798 οὕτως
938 1735 1034 1789 καὶ
1058 1734 1440 1789 ἀπελεύσεται.
1466 1737 1727 1802 Πολλάκις
1758 1738 1815 1792 δὲ

1928 554 2029 595 nos
2060 538 2252 596 etusae
2281 540 2443 606 lucis,
2479 550 2770 595 consortes
2797 556 3018 610 quoque
3063 542 3288 597 uniouis
3339 544 3502 599 intel-

1926 628 2133 682 lectum
2155 629 2316 699 longe
2348 629 2755 698 exsuperantis,
2791 630 2845 682 in
2876 629 2985 684 illis
3018 632 3305 685 constituti
3334 633 3503 686 nulli-

1925 719 2058 773 dum
2087 720 2325 790 cognitis
2353 736 2417 775 ac
2433 721 2610 775 beatis
2641 711 3110 791 ejaculationibus
3157 724 3273 779 sive
3317 726 3503 781 vibra-

1926 811 2127 865 mentis
2151 812 2560 881 praenitentium
2588 814 2971 879 radiorum,in
3021 817 3296 871 diviniore
3337 819 3504 872 caele-

1926 903 2091 956 stium
2133 904 2399 956 mentium
2452 903 2598 957 felici
2652 904 2980 960 imitatione.
3035 908 3187 963 Tunc
3231 910 3404 973 enim,
3440 920 3503 964 ut

1922 996 2173 1049 divinum
2200 996 2447 1051 asseruit
2482 996 2747 1061 Verbum,
2784 999 2998 1068 angelis
3021 1000 3264 1068 aequales
3290 1002 3502 1056 erimus

1921 1096 1979 1141 et
2013 1086 2109 1140 ﬁlii
2154 1086 2271 1146 Dei,
2321 1087 2772 1151 resurrectionis,
2827 1087 3072 1157 inquam,
3131 1091 3342 1145 erimus
3380 1092 3499 1146 ﬁlii.

1924 1180 2217 1249 Eleganter
2251 1195 2380 1233 sane
2424 1180 2787 1233 coneionatur
2828 1181 3227 1236 Ecclesiastes:
3267 1203 3285 1233 ι
3314 1184 3502 1239 Dulcis

1921 1286 2148 1326 Somnus
2177 1272 2346 1335 servi,
2370 1271 2416 1325 si
2445 1288 2638 1342 parum
2669 1283 2726 1326 et
2752 1272 2796 1326 si
2832 1274 3066 1327 multum
3100 1275 3434 1330 comedet".
3474 1295 3495 1328 ι

1922 1364 2178 1419 luducit:
2217 1384 2234 1413 ι
2272 1365 2370 1419 Est
2404 1364 2697 1420 inﬁrmitas
2728 1382 2892 1435 quam
2910 1367 3021 1419 vidi
3049 1369 3152 1422 sub
3181 1369 3330 1422 sole:
3361 1370 3501 1423 divi-

1923 1457 2026 1510 tias
2076 1465 2524 1520 conservantem,
2580 1467 2637 1511 ct
2680 1458 2786 1512 hoc
2819 1473 2920 1512 suo
2969 1459 3158 1513 labore
3194 1461 3247 1514 in
3292 1462 3496 1515 malum

1922 1549 2060 1603 sibi:
2090 1559 2145 1604 et
2176 1550 2443 1618 peribunt
2471 1550 2684 1604 divitiae
2713 1550 2818 1604 illae
2839 1551 2894 1604 in
2928 1553 3288 1620 occupatione
3320 1554 3495 1608 mala:

1920 1649 1977 1694 et
2004 1649 2154 1695 certe
2190 1658 2384 1696 omnes
2432 1642 2553 1697 dics
2598 1645 2720 1713 ejus
2752 1644 2806 1697 in
2839 1644 3086 1699 tenebris
3122 1655 3179 1699 et
3236 1645 3389 1700 luctu
3440 1655 3500 1701 et

1922 1732 2301 1804 indignatione
2338 1737 2510 1789 multa
2534 1746 2589 1790 et
2613 1736 2969 1792 inﬁrmitate:
2996 1746 3051 1792 et
3086 1738 3243 1791 labor
3291 1739 3414 1807 ejus
3441 1740 3498 1794 in

239 1828 341 1879 οὐκ
381 1827 687 1891 ἑξουσιάσει
718 1828 865 1898 αὐτῷ
887 1831 914 1881 6
942 1828 1076 1892 Θεὸς
1107 1830 1299 1897 φαγεῖν
1330 1828 1425 1882 ἀπ’
1453 1828 1639 1894 αὐτοῦ,
1697 1830 1813 1883 ἀλλ’

1920 1834 2144 1880 ventum
2174 1827 2563 1882 transvolahit.
2601 1828 3074 1893 Quemadmodum
3097 1830 3243 1883 enim
3274 1830 3502 1885 advenit

238 1919 269 1970 6
294 1919 441 1984 ξένος
466 1918 697 1987 φάγεται
723 1918 906 1972 αὐτόν.
944 1919 1092 1973 Διότι
1125 1920 1294 1989 πένης
1318 1916 1460 1974 οἶδεν
1482 1922 1813 1993 πορευθῆναι

242 2011 534 2064 κατέναντι
560 2012 657 2080 τῆς
683 2011 849 2081 ζωῆς.
888 2031 905 2063 ι
942 2012 1051 2065 Kal
1072 2011 1232 2074 ἄλλος
1255 2027 1272 2045 ο
1302 2030 1321 2063 ι
1346 2012 1437 2083 Μή
1472 2014 1815 2086 μεριμνήσῃς

240 2103 495 2171 περὶτοῦ
524 2102 744 2173 αὐριον·
803 2105 862 2156 οὐ
898 2104 1007 2172 γὰρ
1038 2099 1185 2167 οἶδας
1222 2103 1271 2155 τί
1303 2103 1514 2167 τέξεται
1561 2107 1592 2176 ή
1628 2106 1813 2158 ἐπιοῦ-

242 2210 334 2247 σα.
356 2212 373 2243 ι
396 2194 503 2248 Kal
529 2194 712 2247 πάλιν
728 2214 743 2244 ι
764 2194 856 2264 Μὴ
879 2193 943 2266 δὴ
960 2194 1261 2265 καυχάσθω
1277 2197 1357 2257 είς
1386 2194 1591 2266 αὔριον.
1610 2196 1683 2248 Οὐ
1708 2196 1816 2266 γὰρ

240 2282 389 2349 οἶδας
427 2287 481 2339 τί
540 2304 622 2339 σοι
652 2287 994 2357 ἀπαντήσει·
1054 2284 1456 2356 παρελεύσεται
1511 2285 1620 2355 γάρ
1649 2288 1676 2337 6
1703 2284 1816 2354 βίος

241 2377 422 2446 ήμῶν,
453 2377 527 2441 ὼς
557 2381 677 2448 ἴχνη
724 2378 953 2449 νεφέλης
980 2394 994 2409 ο
1031 2380 1189 2441 σκιᾶς
1237 2377 1346 2450 γὰρ
1374 2377 1513 2443 ὁδὸς,
1567 2379 1595 2429 6
1625 2377 1812 2451 καιρὸς

240 2472 421 2542 ἡμῶν.
464 2474 573 2525 Καὶ
600 2473 700 2524 οὐκ
729 2471 874 2525 ἔστιν
907 2470 1277 2541 ἁναποδισμὸς
1313 2471 1571 2540 τελευτῆς
1602 2470 1815 2541 ἀνθρώ-

241 2581 367 2617 που.
408 2584 426 2617 ι
478 2564 535 2616 Ὀ
570 2563 627 2616 δὲ
657 2564 855 2617 Δαυῖδ·
911 2583 929 2616 ι
972 2563 1290 2634 Ἐπίῤῥιψον
1341 2565 1432 2615 ἐπὶ
1467 2563 1668 2634 Κύριον
1717 2566 1815 2633 τὴν

242 2639 516 2727 μέριμνάν
556 2673 672 2720 σου,
713 2656 808 2709 καὶ
836 2656 999 2719 αὐτός
1042 2672 1100 2707 σε
1139 2654 1437 2725 διαθρέψει.
1468 2656 1541 2707 Οὐ
1575 2656 1684 2725 γὰρ
1707 2656 1816 2708 ἴδον

237 2745 452 2799 δίκαιον
510 2747 1093 2816 ἐγκαταλελειμμένον,
1145 2746 1267 2798 οὐδὲ
1297 2747 1356 2798 τὸ
1392 2746 1617 2817 σπέρμα
1648 2746 1814 2799 αὐτοῦ

240 2836 442 2907 ζητοῦν
470 2837 702 2908 ἄρτους·
735 2838 794 2890 οὐ
827 2837 1382 2907 καταισχυνθήσονται
1421 2838 1479 2889 ὲν
1509 2837 1684 2907 καιρῷ
1716 2854 1815 2890 πο-

239 2930 414 3001 νηρῷ,
460 2930 554 2984 καὶ
588 2934 647 2984 ὲν
682 2930 919 3001 ἡμέραις
969 2929 1129 2999 λιμοῦ
1182 2929 1665 3001 χορτασθήσονται.
1704 2932 1816 2999 Τὴν

238 3024 353 3093 γὰρ
378 3021 551 3094 θήραν
581 3023 750 3091 αὐτῆς
778 3020 1037 3089 εὐλογῶν,
1066 3021 1371 3091 εὐλογήσω,
1396 3022 1489 3073 καὶ
1520 3023 1645 3085 τοὺς
1668 3038 1817 3074 πτω-

238 3113 373 3181 χοὺς
402 3112 573 3181 αὐτῆς
600 3114 851 3183 χορτάσω
886 3111 1071 3183 ἄρτον.
1107 3131 1126 3164 ι
1180 3112 1291 3165 Kal
1326 3114 1354 3165 6
1383 3112 1608 3181 Πέτρος,
1648 3131 1666 3163 ι
1704 3113 1816 3165 1Ιᾶ-

1916 1920 2120 1984 nudus,
2159 1922 2239 1976 sic
2273 1921 2561 1975 etabibit:
2595 1922 2831 1976 subinde
2859 1938 2990 1976 vero
3020 1932 3348 1992 potestatem
3386 1942 3498 1981 non

1918 2012 2072 2066 dabit
2095 2012 2172 2065 illi
2198 2013 2344 2067 Deus
2383 2022 2444 2066 ut
2478 2014 2733 2067 comedat
2767 2014 2834 2068 de
2872 2015 3059 2069 labore
3109 2031 3228 2079 suo,
3281 2017 3377 2071 sed
3410 2016 3496 2071 vel

1917 2113 2216 2159 extraneus
2269 2106 2522 2159 comedet
2575 2106 2725 2160 illius
2773 2107 3014 2160 divitias.
3068 2108 3300 2177 Propter
3348 2108 3496 2178 quod

1919 2212 2129 2265 pauper
2161 2197 2315 2251 novit
2338 2212 2568 2267 pergere
2594 2198 2814 2251 obviam
2844 2199 3053 2252 vitm“.
3093 2218 3110 2249 ι
3136 2199 3293 2253 Alius
3328 2200 3494 2254 item:

1925 2307 1943 2339 ι
1980 2290 2059 2344 Ne
2093 2289 2364 2344 sollicitus
2386 2290 2461 2343 sis
2494 2289 2560 2343 dc
2588 2289 2856 2353 crastino,
2888 2306 2996 2345 non
3042 2291 3188 2344 enim
3224 2292 3336 2345 scis
3361 2292 3494 2361 quid

1917 2382 2157 2436 crastina
2176 2382 2360 2451 pariet
2394 2383 2592 2437 dies”.
2641 2403 2659 2433 ι
2693 2384 2928 2438 lterum:
2967 2401 2987 2434 ι
3029 2384 3150 2437 Noli
3179 2385 3401 2455 gloriari
3439 2386 3495 2439 in

1918 2468 2245 2534 crastinum,
2299 2484 2481 2539 neque
2539 2470 2685 2523 enim
2739 2472 2849 2526 scis
2900 2472 3032 2540 quid
3067 2472 3167 2527 tibi
3202 2482 3493 2528 occurret:

1920 2562 2180 2615 transibit
2205 2562 2352 2617 enim
2389 2564 2503 2617 vita
2534 2572 2721 2619 nostra
2750 2573 3007 2634 tanquam
3042 2564 3273 2636 vestigia
3305 2567 3493 2622 nubis.

1918 2653 2139 2709 Umbra:
2162 2655 2309 2709 enim
2343 2656 2453 2719 via,
2485 2666 2700 2726 tempus
2738 2666 3014 2723 nostrum,
3043 2665 3100 2711 et
3138 2674 3247 2712 non
3274 2666 3360 2713 est
3404 2674 3496 2712 re-

1919 2744 2104 2798 versio
2148 2744 2273 2798 ﬁnis
2311 2745 2552 2800 hominis
2572 2747 2635 2799 ⁷⁸.
2682 2766 2700 2799 ι
2751 2746 2920 2801 David
2967 2763 3223 2817 quoque:
3271 2767 3291 2800 ι
3340 2750 3495 2805 Jacta

1916 2849 2085 2907 super
2118 2836 2412 2890 Dmninum
2444 2854 2633 2891 curam
2663 2847 2835 2905 tuam,
2859 2846 2915 2894 et
2946 2840 3064 2909 ipse
3093 2846 3144 2895 te
3168 2841 3491 2896 cnutriet":

1919 2940 2028 2977 non
2066 2926 2212 2978 enim
2246 2926 2357 2979 vidi
2390 2928 2600 2997 justum
2632 2927 2985 2995 derelictum,
3014 2944 3116 2986 nec
3151 2944 3338 2985 semen
3374 2932 3496 3001 ejus

1919 3031 2173 3084 quaerens
2226 3032 2429 3084 panes:
2482 3033 2595 3071 non
2663 3018 3075 3075 confundentur
3127 3020 3183 3074 in
3248 3029 3495 3091 tempore

1921 3108 2088 3171 malo,
2121 3107 2214 3160 sed
2244 3109 2296 3161 in
2340 3107 2539 3162 diebus
2584 3108 2747 3163 famis
2783 3110 3202 3164 saturabuntur.
3233 3111 3496 3165 Venatio-

239 3221 348 3258 σαν
378 3204 475 3276 τήν
511 3204 786 3276 μέριμναν
820 3204 973 3275 ὐμῶν
1001 3204 1334 3276 ὲπιρῤίψατε
1371 3204 1458 3256 ἐπ’
1491 3204 1675 3269 αὐτὸν,
1733 3204 1813 3256 ὅτι

1920 3214 2044 3253 nem
2074 3200 2221 3253 enim
2262 3200 2599 3255 benedicens
2636 3201 2986 3268 benedicam,
3049 3218 3323 3272 pauperes
3372 3203 3494 3273 ejus

235 3294 393 3364 αὐτῷ
441 3295 593 3365 μέλει
646 3296 774 3367 περὶ
817 3297 993 3366 ὐμῶν.
1037 3315 1055 3348 ι
1124 3296 1353 3366 Ὁμοίως
1387 3295 1536 3349 καὶὸ
1568 3294 1813 3362 Παῦλος,

243 3404 263 3434 ι
308 3384 365 3437 Ὀ
398 3384 619 3455 Κύριος,
656 3384 849 3453 λέγων,
879 3386 1077 3453 ὲγγύς,
1121 3385 1286 3455 μηδὲν
1324 3387 1646 3456 μεριμνᾶτε.
1678 3387 1817 3439 Ἀλλ’

238 3479 302 3530 ἐν
337 3480 498 3530 παντὶ
545 3481 610 3548 τῇ
662 3481 937 3550 προσευχῇ
980 3480 1077 3531 καὶ
1102 3481 1166 3549 τῇ
1204 3479 1383 3549 δεήσει
1423 3478 1563 3547 μετὰ
1592 3478 1817 3548 εὐχαρι-

242 3570 404 3633 στίας
455 3570 525 3622 τὰ
595 3572 872 3640 αἰτήματα
927 3570 1082 3640 ὑμῶν
1142 3570 1492 3639 γνωριζέσθω
1544 3570 1680 3639 πρὸς
1729 3569 1819 3624 τὸν

237 3660 397 3713 Θεόν.
431 3678 450 3711 ι
483 3660 592 3713 Kal
618 3656 775 3723 αὖθις
800 3673 813 3685 ·
849 3678 867 3711 ι
901 3660 1132 3723 Δυνατδς
1164 3661 1220 3713 δὲ
1249 3663 1277 3713 6
1301 3659 1433 3723 Θεὸς
1450 3661 1630 3713 πᾶσαν
1659 3661 1819 3730 χάριν

240 3750 603 3822 περισσεῦσαι
626 3753 705 3814 εἰς
734 3752 879 3822 ὑμᾶς
901 3768 913 3780 ο
944 3752 1029 3804 ἵνα
1058 3753 1116 3803 ἐν
1147 3752 1313 3804 παντὶ
1365 3752 1596 3804 πάντοτε
1637 3754 1818 3804 πᾶσαν

239 3840 575 3909 αὐτάρκειαν
606 3839 817 3909 ἔχοντες
842 3839 1239 3911 περισσεύσητε
1262 3842 1341 3903 είς
1363 3843 1471 3893 πᾶν
1503 3841 1661 3910 ἔργον
1686 3842 1819 3909 ἀγα·-

239 3930 390 3984 θόν.)
412 3932 521 3985 Kal
542 3933 570 3985 6
598 3932 823 4002 Κύριος,
842 3951 859 3983 ι
881 3933 971 4002 Μὴ
992 3932 1365 4001 μεριμνήσητε
1388 3934 1455 4001 τῇ
1473 3930 1619 4002 ψυχῇ
1643 3931 1816 4001 ὐμῶν,

240 4024 296 4075 τί
332 4023 563 4093 φάγητε,
594 4023 627 4092 ἦ
661 4023 714 4076 τί
741 4024 928 4094 πίητε,
961 4024 1095 4094 μηδὲ
1116 4023 1193 4093 τῷ
1225 4024 1436 4091 σώματι
1464 4024 1615 4087 ὐμῶν
1645 4025 1695 4075 τί
1729 4025 1817 4075 ὲν-

238 4110 511 4180 δύσησθεο
547 4106 687 4165 οἶδεν
712 4112 822 4182 γὰρ
871 4114 900 4165 6
944 4111 1130 4183 Πατήρ
1167 4111 1322 4181 ὐμῶν
1353 4112 1381 4163 6
1425 4111 1691 4182 οὐράνιος,
1739 4114 1818 4165 ὅτι

242 4202 475 4273 χρῄζετε
521 4202 725 4255 τούτων
778 4204 1070 4256 ἁπάντων·
1109 4204 1326 4273 ζητεῖτε
1360 4202 1416 4255 δὲ
1456 4203 1670 4271 πρῶτον
1723 4203 1820 4272 τὴν

242 4293 527 4362 βασιλείαν
560 4294 668 4349 τῶν
698 4296 967 4366 οὐρανῶν,
1002 4297 1098 4349 καὶ
1139 4296 1313 4350 ταῦτα
1363 4297 1541 4349 πάντα
1590 4313 1821 4365 προστε-

243 4383 470 4455 θήσεται
530 4387 679 4457 ὐμῖν.
718 4406 737 4439 ι
791 4387 950 4457 Αὐτῷ
991 4389 1026 4456 ή
1084 4387 1211 4453 δόξα
1274 4388 1353 4451 είς
1409 4388 1533 4449 τοὺς
1595 4387 1816 4449 αἰῶνας.

257 4476 448 4547 Ἀμήν.
829 4491 832 4495 ‘

829 4779 1050 4832 ΛΟΓΟΣ
1084 4779 1214 4834 ΡΚ⁹.

782 4893 919 4961 Περὶ
949 4891 1252 4962 ἀπαρχῶν.

319 5006 450 5076 Περὶ
469 5006 577 5058 τῶν
603 5007 884 5076 ἀπαρχῶν,
914 5008 1047 5060 πᾶσι
1080 5007 1299 5076 τρόποις
1321 5003 1816 5075 κεχρεωστήκαμεν

246 5098 314 5149 τὰ
351 5099 416 5150 ἐκ
443 5097 536 5150 τοῦ
569 5098 705 5151 Θεοῦ
738 5098 813 5167 τῷ
855 5095 972 5169 Θεῷ
1023 5099 1351 5167 προσφέρειν
1396 5098 1460 5149 ὲκ
1507 5095 1614 5148 τῶν
1675 5094 1818 5148 ἰδίων

248 5191 531 5258 καμάτων,
576 5192 668 5242 καὶ
698 5191 762 5242 ὲκ
788 5191 886 5259 τῆς
912 5189 1115 5259 ἰσχύος,
1165 5184 1230 5261 ἧς
1262 5187 1423 5250 αὐτὸς
1478 5187 1816 5257 ἐπιχορηγεί,

247 5282 343 5334 καὶ
376 5283 435 5347 ἐξ
463 5275 535 5335 ὧν
568 5283 727 5343 αὐτὸς
758 5282 1152 5351 προνοούμενος
1181 5280 1455 5350 φροντίζει
1481 5279 1657 5347 ήμῶν,
1676 5276 1820 5329 κατὰ

248 5375 346 5444 τὴν
374 5376 620 5445 Γραφήψ
662 5394 680 5427 ι
714 5374 860 5445 Τίμα
886 5374 1016 5445 γὰρ,
1050 5374 1203 5443 φησὶ,
1238 5373 1329 5426 τὸν
1363 5371 1589 5440 Κύριον,
1615 5372 1677 5422 ὲκ
1710 5369 1819 5421 σῶν

248 5466 425 5518 πόνων
456 5466 703 5527 δικαίων.
738 5467 833 5519 καὶ
880 5467 1129 5533 ἀπάρχου
1179 5463 1326 5532 αὐτῷ
1369 5464 1433 5515 ἐκ
1459 5462 1566 5513 σῶν
1592 5460 1818 5530 καρπῶν

246 5556 615 5627 δικαιοσύνης,
650 5558 735 5611 ἵνα
764 5556 1186 5628 ἐμπιμπλῶνται
1215 5555 1283 5608 τὰ
1311 5552 1536 5624 ταμιείά
1555 5570 1647 5605 σου
1683 5553 1819 5623 πλη-

323 5694 367 5723 ⁷³
396 5693 576 5750 Eccle.
618 5712 673 5759 v,
703 5695 790 5748 Η.
865 5694 913 5725 ⁷⁵
939 5694 1120 5748 Eccle.
1148 5709 1223 5757 v1,
1250 5694 1302 5748 8.
1394 5694 1441 5726 ⁷⁵
1463 5694 1570 5748 lsa.
1599 5709 1674 5757 iv,
1709 5693 1797 5746 M.

1922 3288 2184 3344 saturabo
2216 3288 2533 3357 panibus“.
2574 3308 2591 3338 ›
2628 3290 2826 3343 Petrus
2861 3290 3024 3343 item:
3063 3308 3081 3340 ι
3112 3290 3339 3344 Omnem
3382 3291 3495 3344 sol-

1888 3380 2267 3457 licitudinem
2316 3390 2554 3435 vestram
2611 3381 2866 3451 projicite
2913 3381 2968 3436 in
3015 3397 3176 3446 eum,
3211 3383 3340 3452 quia
3389 3382 3495 3452 ipsi

1921 3487 2051 3526 cura
2081 3471 2190 3527 erit
2220 3472 2289 3525 de
2320 3473 2559 3526 vobis”.
2586 3492 2604 3522 ι
2641 3474 2753 3527 Nec
2787 3474 2946 3527 aliter
2985 3474 3218 3527 Paulus:
3262 3492 3280 3525 ι
3307 3474 3496 3528 Domi-

1920 3574 2027 3612 nus
2080 3575 2253 3629 prope
2288 3568 2393 3621 est,
2445 3560 2584 3613 nihil
2632 3562 2855 3615 solliciti
2914 3561 3057 3625 sitis,
3094 3561 3189 3616 sed
3246 3562 3301 3616 in
3344 3563 3494 3617 omni

1920 3656 2170 3707 oratione
2223 3663 2279 3707 et
2332 3653 2720 3708 obsecratione
2776 3653 3069 3722 petitiones
3126 3662 3325 3708 vestra:
3367 3671 3493 3710 cum

1920 3744 2219 3811 gratiarum
2267 3744 2483 3797 actione
2552 3745 2904 3798 iunotescant
2957 3744 3104 3812 apud
3141 3745 3313 3799 Deum
3343 3743 3410 3798 ⁸⁸.
3469 3766 3488 3795 ι

1920 3835 2163 3889 Rursus:
2197 3854 2215 3886 ι
2248 3836 2447 3890 Potens
2478 3845 2663 3889 autem
2710 3845 2798 3890 est
2824 3837 2969 3890 Deus
3007 3851 3229 3890 omnem
3264 3836 3494 3907 gratiam

1919 3927 2376 3995 superabundare
2427 3928 2612 3981 facere
2670 3927 2723 3980 in
2770 3927 2967 3991 vobis,
3020 3936 3081 3982 ut
3134 3927 3188 3980 in
3235 3927 3495 3981 omnibus

1918 4034 2139 4074 omnem
2162 4016 2544 4071 sufﬁcientiam
2578 4018 2867 4082 habentes,
2909 4017 3206 4072 abundetis
3243 4017 3298 4070 in
3329 4032 3494 4072 omne

1920 4124 2059 4177 Opus
2080 4092 2377 4160 bonum“.
2423 4124 2439 4157 ι
2470 4105 2925 4160 Dominusitcm:
2986 4124 3004 4155 ς
3046 4106 3225 4160 Nolite
3269 4107 3493 4163 solliciti

1919 4214 2040 4252 esse
2063 4198 2258 4251 animae
2280 4205 2475 4251 vestra:
2494 4196 2627 4265 quid
2664 4195 3009 4250 manducetis
3051 4204 3146 4249 aut
3174 4196 3305 4265 quid
3338 4196 3493 4249 biba-
3550 4206 3553 4209 '

1922 4290 2013 4352 tis,
2044 4305 2223 4358 neque
2246 4288 2462 4357 corpori
2489 4299 2692 4352 vestro,
2721 4303 2843 4357 qua:
2865 4287 3196 4340 induamini:
3218 4288 3321 4340 scit
3346 4286 3493 4340 enim

1921 4385 2082 4439 Pater
2119 4395 2300 4439 vester
2327 4384 2593 4448 cmlestis,
2623 4385 2750 4453 quia
2782 4384 2868 4437 his
2903 4383 3166 4438 omnibus
3195 4382 3491 4451 indigetis:

1920 4478 2149 4547 quaerite
2185 4488 2371 4541 autem,
2412 4477 2648 4545 primum
2691 4492 2919 4546 regnum
2950 4476 3237 4538 caelorum,
3291 4483 3347 4528 et
3378 4474 3494 4528 haec

1920 4572 2105 4625 omnia
2130 4570 2462 4640 adjicientur
2496 4567 2736 4624 vobis”.
2787 4588 2803 4619 ι
2842 4568 2951 4637 lpsi
2975 4567 3146 4639 gloria
3177 4567 3231 4620 in
3270 4566 3489 4620 szecula.

1923 4661 2117 4716 Amen.

2337 4773 2549 4845 1224
2586 4773 2869 4828 HOMILIA
2907 4771 3070 4827 CXX.

2518 4888 2594 4941 De
2622 4888 2887 4957 primitiis.

1991 5005 2265 5071 Quantum
2321 5002 2513 5056 attinet
2558 5001 2624 5055 ad
2669 5000 2968 5070 primitias,
3018 4999 3108 5052 his
3146 4994 3496 5051 exsolvendis

1922 5097 2101 5151 modis
2155 5095 2415 5149 omnibus
2467 5093 2886 5162 obstringimur,
2941 5107 3006 5146 ex
3062 5090 3147 5144 liis
3192 5090 3493 5143 etiamnum

1922 5201 2043 5256 quae
2070 5193 2199 5239 sunt
2228 5183 2451 5253 proprio
2480 5199 2601 5253 qua:
2623 5184 2727 5236 sita
2752 5182 2964 5245 labore,
2989 5196 3056 5235 ex
3087 5179 3337 5251 corporis
3363 5177 3497 5231 viri~

1924 5281 2049 5341 bus,
2069 5294 2208 5349 quas
2250 5278 2488 5347 benigne
2519 5276 2634 5345 ipse
2660 5275 2982 5345 suppeditat
3015 5273 3306 5338 Dominus,
3329 5284 3496 5340 quas-

1925 5383 2032 5437 que
2060 5383 2156 5420 sua
2192 5366 2364 5421 solius
2416 5363 2767 5433 providentia
2828 5362 3092 5434 suggerit,
3140 5361 3272 5415 dum
3319 5358 3495 5412 nostri

1925 5459 2212 5529 providam
2260 5456 2371 5527 agit
2421 5471 2645 5518 curam,
2698 5456 2853 5525 juxta
2905 5454 3204 5524 Scriptura:
3247 5461 3495 5505 tenorem

1927 5547 2201 5605 dicentis:
2235 5566 2254 5598 ι
2289 5546 2507 5600 Honora
2528 5545 2818 5599 Dominum
2853 5545 2922 5600 de
2957 5544 3067 5598 tuis
3101 5544 3266 5614 justis
3291 5540 3497 5596 labori-

1900 5690 1945 5722 ⁷⁸
1965 5689 2090 5760 Sap.
2116 5703 2177 5760 t_t,
2202 5686 2254 5740 5.
2352 5685 2396 5715 "
2432 5684 2575 5760 Psal.
2600 5700 2724 5760 _L_tv,
2749 5685 2839 5741 23.
2938 5684 2987 5717 ⁷⁸
3008 5682 3148 5737 Psal.
3176 5696 3360 5746 χχχιιι,
3406 5678 3492 5733 19.

252 5764 294 5795 τυ
328 5764 515 5819 chtr.
560 5782 613 5831 v,
637 5753 687 5817 ’7.
763 5765 810 5797 ⁸ο
837 5764 1073 5834 Philipp.
1099 5779 1174 5827 tv,
1211 5753 1263 5827 Β,
1295 5763 1355 5817 6.
1430 5765 1472 5796 “
1501 5753 1692 5816 "Cor.
1726 5778 1800 5828 ιχ,

1925 5761 1981 5816 9.
2038 5753 2101 5791 ’⁸²
2132 5757 2267 5812 Luc.
2298 5770 2400 5820 ιιι,
2474 5756 2565 5822 50,
2599 5753 2687 5808 51.
