4040 6512
545 336 665 394 18in

1810 317 2173 381 ANTIOCHI
2214 318 2559 378 MONACIII

3683 315 3817 378 1808

540 443 665 501 bus,
688 445 744 491 et
770 430 1051 504 primitias
1070 428 1208 486 oller
1238 429 1289 484 ei
1317 426 1386 484 de
1416 427 1526 483 tuis
1558 426 1838 483 fructibus
1863 427 2116 499 iustitiae,

2230 428 2436 498 σμονὴν
2458 429 2627 483 σίτου.
2672 448 2694 482 ι
2731 430 2841 481 Καὶ
2868 430 2896 481 6
2924 428 3107 499 νόμος,
3165 446 3183 477 ι
3216 427 3329 481 Οὐκ
3350 425 3590 497 ὀφθήσῃ.
3624 426 3818 494 λέγων,

542 539 601 585 ιιι
628 528 966 597 impleantur
1003 524 1203 577 horrea
1236 532 1328 577 tua
1361 522 1641 576 frumento
1657 521 1724 573 ⁸³.
1765 540 1784 571 ›
1816 520 1931 576 Lex
1983 535 2127 590 quo-

540 642 683 698 quc:
721 643 737 674 ι
766 623 885 677 Νοη
908 619 1209 691 apparebis
1230 633 1441 673 vacuus
1468 618 1520 671 in
1543 627 1844 687 conspectu
1874 633 1998 672 meo
2012 618 2078 672 “.
2103 636 2122 669 ι

540 720 643 774 Et:
686 735 703 767 ι
736 714 1021 771 Primitias
1064 712 1346 768 fructuum
1378 722 1599 765 tuorum
1636 710 1843 765 inferes
1892 711 2127 765 Domino

542 814 654 867 Deo
681 808 855 864 tuo”.
890 827 908 860 ι
958 807 1059 862 Et:
1114 825 1133 857 ι
1174 806 1253 860 Ne
1300 805 1377 858 sis
1433 802 1759 858 incredulus
1785 801 1867 857 ei:
1920 819 2125 859 nomen

540 900 689 956 enim
727 908 883 952 tuum
920 896 978 951 in
1001 896 1097 950 illo
1127 902 1230 950 est.
1284 893 1566 949 Primitias
1584 908 1727 947 area:
1748 899 1805 948 et
1835 893 2127 949 torcularis

541 1009 652 1047 non
686 990 930 1046 tardabis
964 988 1230 1043 reddere:
1265 987 1471 1042 donum
1520 986 1900 1057 primitiarum
1930 986 2127 1042 oﬂ‘cret

541 1086 658 1139 haec
687 1080 1002 1137 Domino".
1038 1099 1057 1132 ι
1089 1081 1193 1135 Et:
1244 1098 1262 1131 ι
1298 1078 1514 1135 Olferes
1561 1079 1898 1134 sacriﬁcium
1930 1078 2126 1148 primi-

541 1177 783 1230 tivorum
838 1171 1147 1229 tuorum”.
1206 1194 1225 1226 ι
1293 1173 1391 1227 Et:
1453 1191 1471 1224 ι
1506 1172 1837 1228 Placationis
1886 1172 2123 1227 hostiam

539 1266 741 1321 oll‘eret
775 1265 1037 1320 sacerdos
1073 1280 1174 1335 pro
1200 1274 1428 1334 peccato
1459 1280 1583 1330 suo,
1611 1274 1669 1327 et
1716 1266 2003 1321 auferetur
2052 1266 2123 1321 ab

537 1375 607 1413 eo
623 1359 690 1411 ⁸⁸.
728 1376 747 1408 ›
786 1358 1002 1412 Rursus
1038 1374 1051 1410 :
1107 1376 1125 1409 ι
1162 1358 1231 1411 Ει
1257 1358 1584 1413 obtulerunt
1646 1358 1927 1428 principes
1978 1359 2123 1414 dona

538 1466 640 1505 sua
690 1458 819 1505 ante
868 1450 1043 1505 altare
1064 1449 1131 1506 ⁸³.
1172 1468 1191 1500 ι
1237 1450 1521 1505 Ezechiel:
1577 1468 1596 1501 ι
1636 1451 1829 1506 Omnis
1885 1453 2125 1523 populus

538 1543 995 1613 dabitprimitias
1040 1542 1091 1598 ei
1123 1543 1219 1614 qui
1272 1544 1629 1615 praesidet”.
1670 1565 1690 1597 ι
1738 1547 1970 1617 Pr0pter
2018 1546 2123 1602 hoc

538 1638 744 1693 Tobias
765 1636 1021 1692 diccbat:
1052 1657 1071 1689 ι
1102 1637 1385 1693 Primitias
1406 1637 1619 1693 fetuum
1650 1655 1900 1695 meorum
1922 1640 2120 1696 dabam

538 1730 924 1785 sacerdotibus
956 1738 1085 1784 ante
1116 1732 1290 1785 altare
1308 1732 1377 1786 ⁹¹.
1406 1749 1425 1782 ι
1460 1731 1650 1786 Alius:
1685 1751 1704 1783 ι
1738 1732 1859 1787 Non
1890 1749 2121 1803 appare-

538 1822 628 1877 bis
659 1822 715 1876 in
742 1832 1043 1893 conspectu
1073 1838 1196 1877 meo
1226 1824 1515 1877 vacuus”.
1554 1840 1572 1873 ι
1610 1822 1737 1878 Haec
1761 1824 1911 1879 enim
1934 1826 2118 1881 omnia

536 1923 765 1985 propter
786 1914 1104 1970 mandatum
1130 1915 1199 1969 da
1223 1915 1687 1987 AltissimoJ-Ixta
1707 1916 1896 1971 datum
1921 1918 2117 1987 ipsius,

537 2016 593 2061 et
623 2006 1007 2076 multipliciter
1038 2006 1312 2063 retribuet
1345 2007 1467 2062 tibi.
1505 2009 1564 2062 In
1601 2008 1749 2063 bono
1788 2008 1950 2063 oculo
2004 2008 2121 2079 glo-

537 2099 690 2155 riﬁea
734 2099 929 2165 Deum,
985 2108 1042 2154 et
1098 2114 1168 2154 ne
1222 2099 1521 2156 imminuas
1562 2100 1806 2155 decimas
1854 2117 2121 2156 manuum

538 2191 864 2247 tuarum.ln
897 2190 1051 2247 omni
1098 2192 1227 2248 dato
1255 2192 1489 2247 hilarem
1545 2192 1632 2248 fac
1680 2193 1894 2247 vultum
1936 2202 2117 2259 tuum,

536 2284 667 2355 quia
698 2283 911 2338 oblatio
933 2284 1068 2355 justi
1092 2284 1399 2356 impinguat
1432 2284 1628 2342 altare.
1663 2286 1771 2342 Sed
1806 2297 1862 2342 et
1913 2304 2121 2359 praece-

536 2373 615 2444 pti
642 2374 808 2428 istius
851 2373 1152 2430 observans
1205 2375 1411 2431 David:
1445 2396 1464 2429 ι
1499 2377 1749 2433 lntroibo
1795 2378 1851 2433 in
1892 2379 2118 2435 domum

539 2475 689 2521 tuam
722 2467 779 2521 in
820 2466 1182 2535 holocaustis,
1216 2468 1449 2524 reddam
1498 2470 1602 2525 tibi
1649 2481 1775 2526 vota
1830 2488 1953 2527 mea
1997 2488 2121 2543 qua:

537 2559 918 2613 distinxerunt
942 2559 1090 2613 labia
1123 2575 1263 2616 mea.
1302 2561 1635 2619 Holoeausta
1654 2563 1955 2619 medullata
1978 2564 2119 2618 olfe-

539 2668 657 2706 ram
697 2651 797 2707 tibi
846 2667 972 2707 cum
1017 2652 1247 2708 incenso
1301 2663 1356 2709 et
1413 2655 1704 2720 arietibus,
1743 2656 1973 2712 oﬂ‘eram
2020 2656 2120 2711 tibi

540 2744 713 2799 boves
751 2759 880 2798 cum
929 2744 1101 2801 hircis
1121 2745 1189 2798 ³³.
1220 2763 1238 2797 ι
1294 2745 1444 2801 ldem
1496 2747 1807 2803 hortatorio
1860 2764 2122 2806 sermone

537 2836 678 2892 alios
702 2836 1075 2892 submonens:
1102 2855 1119 2888 ι
1146 2836 1357 2893 Aﬂ'erte
1388 2839 1646 2906 Domino,
1668 2840 1762 2894 lilii
1788 2842 1904 2905 Dei,
1926 2842 2120 2898 all'erte

538 2926 771 2982 Domino
802 2926 947 2983 ﬁlios
1000 2928 1319 2984 arietum“.
1363 2949 1381 2982 ι
1418 2961 1487 2970 -
1523 2951 1541 2983 ι
1581 2932 1783 2988 Tollite
1824 2933 2039 2989 hostias
2066 2942 2121 2989 et

540 3020 768 3073 introite
804 3020 859 3074 in
887 3021 1028 3076 atria
1066 3024 1270 3092 eius“.
1306 3042 1324 3075 ι
1367 3024 1471 3079 Et:
1505 3044 1523 3077 ι
1558 3026 1767 3081 Vovete
1805 3034 1863 3081 ct
1903 3027 2120 3082 reddito

2232 519 2458 574 ἐνώπιόν
2493 537 2594 590 μου
2626 520 2834 583 κενός..
2868 548 2932 557 -
2963 520 3102 581 στὰς
3131 520 3387 588 ἀπαρχὰς
3406 517 3519 572 τῶν
3544 521 3819 587 γεννημά-

2229 630 2337 666 των
2368 628 2462 665 σου
2494 611 2664 673 οἴσεις
2691 612 2770 672 είς
2795 608 2947 666 οἷκον
2976 611 3180 680 Κυρίου
3202 610 3445 665 τοῦΘεοῦ
3479 627 3597 663 σο).
3632 630 3652 661 ι
3688 611 3821 673 Καὶ,

2234 723 2253 755 ι
2293 703 2384 774 Μὴ
2429 704 2650 757 ἀπείθει
2713 704 2895 775 αὐτῷ·
2942 704 3004 757 τὸ
3048 704 3157 774 γὰρ
3212 704 3383 772 ὄνομά
3416 720 3513 756 σου
3552 704 3704 755 ἐστὶν
3731 704 3823 756 ἐπ’

2228 795 2397 865 αὐτῷ.
2443 794 2723 866 Ἀπαρχὴν
2778 793 2985 857 ἅλωνος
3018 795 3110 847 καὶ
3139 793 3329 863 ληνοῦ,
3375 794 3435 846 οὐ
3470 794 3822 863 καθυστερή-

2230 904 2363 951 σεις.
2395 888 2575 958 Δῶρον
2642 888 2899 957 ἀπαρχῆς
2949 886 3303 957 προσοίσεται
3345 886 3487 938 αὐτὰ
3546 887 3761 956 Κυρίῳ.
3796 904 3817 935 ι

2230 981 2358 1045 Καὶ,
2382 1000 2403 1032 ι
2428 981 2749 1049 Προσοίσεις
2782 979 2975 1032 θυσίαν
3000 980 3107 1033 τῶν
3136 996 3408 1050 προγεννη
3419 980 3607 1048 μάτων
3643 995 3767 1030 ceu:
3797 997 3815 1027 ι

2228 1072 2359 1135 Kal,
2399 1090 2417 1123 ι
2466 1071 2802 1137 Ἐξιλὰσεται
2833 1073 2860 1124 6
2898 1071 3076 1140 ἱερεὺς
3120 1071 3367 1140 περὶτῆς
3407 1068 3691 1141 ἁμαρτίας
3722 1071 3823 1122 αὖ·

2225 1167 2343 1228 τοῦ,
2405 1166 2499 1218 καὶ
2530 1165 2863 1234 ἀφεθήσεται
2913 1163 3083 1233 αὐτῷ.
3119 1182 3137 1215 ι
3202 1164 3310 1215 Καὶ
3348 1158 3528 1227 αὖθις,
3584 1181 3604 1213 ι
3643 1164 3825 1232 Προσ-

2227 1262 2486 1332 ήνεγκαν,
2506 1259 2693 1329 φησὶν,
2720 1259 2769 1311 οί
2796 1257 3056 1329 ἄρχοντες
3081 1257 3152 1309 τὰ
3165 1255 3316 1327 δῶρα
3341 1256 3524 1308 αὐτῶν
3552 1255 3821 1307 ἀπέναντι

2225 1352 2319 1406 τοῦ
2345 1350 2760 1422 θυσιαστηρίου.
2792 1369 2809 1403 ι
2855 1351 3019 1419 Λέγει
3058 1349 3238 1403 δὲκαὶ
3278 1348 3545 1418 Ἰεζεκιηλ
3569 1363 3583 1376 ⁸
3647 1366 3666 1397 ι
3707 1348 3822 1409 Ili;

2224 1447 2254 1499 6
2284 1445 2412 1508 λαὸς
2461 1442 2624 1497 δώσει
2655 1444 2755 1513 τὴν
2803 1441 3060 1513 ἀπαρχὴν
3116 1441 3195 1513 τῷ
3226 1440 3622 1510 ἀφηγουμένῳ.
3666 1458 3687 1490 ι
3720 1440 3822 1491 Διὰ

2224 1539 2383 1593 τοῦτο
2412 1539 2506 1592 καὶ
2534 1540 2562 1591 6
2606 1537 2822 1600 Τωϐίας
2873 1535 3111 1604 ἔφασκεν
3136 1550 3151 1566 ο
3200 1553 3220 1586 ι
3256 1534 3368 1597 Τὰς
3416 1533 3681 1604 ἀπαρχὰς
3710 1532 3822 1584 τῶν

2224 1633 2579 1703 γεννημάτων
2631 1647 2732 1701 μου
2765 1629 2969 1682 ἐδίδουν
3020 1630 3133 1692 τοῖς
3166 1628 3374 1698 ἱερεῦσι
3415 1628 3495 1690 είς
3526 1628 3591 1679 τὸ
3621 1626 3819 1679 θυσια-

2226 1729 2471 1797 στήριον.
2509 1744 2527 1775 ι
2563 1724 2673 1777 Καὶ
2694 1722 2883 1786 ἄλλος·
2926 1742 2943 1773 ι
2969 1722 3060 1791 Μὴ
3086 1721 3302 1791 ὀφθήσῃ
3336 1718 3573 1772 ἐνώπιον
3607 1720 3821 1788 Κυρίσυ

2224 1818 2398 1882 κενός.
2432 1836 2451 1869 ι
2507 1815 2697 1870 Ταῦτα
2728 1816 2837 1886 γὰρ
2886 1814 3062 1868 πάντα
3093 1815 3255 1883 χάριν
3278 1811 3501 1881 ἐντολῆς
3527 1811 3621 1875 δὸς
3661 1812 3823 1880 ’Υψίο

2223 1931 2335 1984 στῷ
2355 1929 2369 1944 ·
2403 1913 2497 1965 καὶ
2526 1911 2671 1965 κατὰ
2692 1909 2788 1981 τὴν
2826 1908 2974 1961 δόσιν
2996 1906 3162 1961 αὑτοῦ
3188 1949 3202 1973 ,
3252 1912 3349 1960 καὶ
3398 1906 3819 1959 ἑπταπλασίονα

2220 2002 2595 2059 άνταποδώσει
2638 2019 2739 2057 σοι.
2785 2002 2874 2055 Ἐν
2913 1999 3183 2071 ὀφθαλμῷ
3216 1999 3408 2069 ἀγαθῷ
3454 2000 3689 2064 δόξασον
3726 1998 3819 2051 τὰν

2221 2099 2353 2153 Θεόν
2375 2114 2389 2131 ⁸
2423 2099 2516 2152 καὶ
2549 2097 2625 2168 μὴ
2658 2094 2964 2166 σμικρύνῃς
3002 2092 3260 2163 ἀπαρχὴν
3296 2092 3500 2162 χειρῶν
3550 2109 3672 2144 σου.
3730 2092 3817 2144 ἐν

2220 2186 2372 2256 πάσῃ
2396 2185 2539 2239 δόσει
2568 2185 2834 2255 ίλάρωσον
2864 2183 2923 2235 τὸ
2958 2181 3251 2253 πρόσωπόν
3275 2198 3390 2246 σου,
3418 2182 3502 2233 ὃτι
3523 2182 3818 2251 προσφορά

2220 2277 2431 2331 δικαίου
2480 2278 2717 2331 λιπαίνει
2773 2278 3181 2349 θυσιαστήριον.
3241 2279 3299 2331 'U
3332 2279 3391 2332 δὲ
3444 2279 3819 2346 ὲντολοφὺλαξ

2222 2369 2410 2437 Δαυτδ,
2476 2388 2496 2422 ι
2531 2370 2923 2441 Είσελεύσομαι
2954 2375 3033 2436 είς
3080 2372 3170 2427 τὸν
3217 2369 3369 2426 οἶκόν
3400 2389 3518 2437 σου,
3571 2375 3733 2442 φησὶ,
3762 2376 3817 2425 ἐν

2220 2462 2666 2532 ὁλοκαυτώμασιν
2724 2462 2991 2516 ἀποδώσω
3046 2481 3129 2518 σοι
3181 2464 3281 2529 τὰς
3332 2465 3502 2534 εὐχάς
3555 2482 3663 2534 μου
3688 2505 3703 2524 ,
3752 2464 3817 2526 ἃς

2221 2556 2512 2611 διέστειλεν
2540 2556 2609 2609 τὰ
2635 2558 2787 2628 χείλη
2825 2573 2951 2628 μου.
3013 2556 3474 2627 Ὀλοκαυτὼματα
3519 2558 3814 2628 ι.ιι.εμυι-·.λιλι.ι⁹

2224 2649 2361 2722 μένα
2383 2649 2585 2704 ἁνοίσω
2604 2666 2709 2715 σοι,
2732 2648 2872 2720 μετὰ
2888 2649 3233 2720 θυμιάματος
3274 2652 3367 2702 καὶ
3390 2648 3563 2723 κριῶν
3584 2667 3597 2678 ·
3618 2649 3817 2702 άνοίσω

2223 2760 2307 2797 σοι
2359 2742 2487 2814 βόας
2536 2742 2675 2813 μετὰ
2702 2742 3041 2813 χειμάρρων.
3080 2762 3099 2793 ι
3141 2744 3251 2797 Καὶ
3301 2742 3459 2807 ἄλλος
3489 2742 3547 2795 δὲ
3578 2759 3820 2812 προτρε-

2224 2835 2405 2906 πτικῷ
2457 2834 2642 2905 λόγῳο
2689 2853 2709 2885 ι
2761 2836 3053 2904 Ἐνέγκατε
3104 2834 3184 2904 τῷ
3215 2834 3428 2904 Κυρίῳ,
3462 2835 3576 2888 υίοὶ
3639 2834 3814 2886 6205-

2222 2928 2485 2995 ἐνέγκατε
2531 2925 2608 2999 τῷ
2652 2927 2845 2998 Κυρίῳ
2902 2927 3053 2990 υἱοὺς
3098 2926 3291 2998 κριῶν.
3342 2928 3550 2995 Ἀρατε
3602 2926 3816 2991 θυσίας,

2223 3022 2317 3074 καὶ
2347 3020 2733 3091 είσπορεύεσθε
2767 3022 2846 3084 είς
2873 3020 2972 3083 τὰς
3003 3020 3175 3082 αὐλὰς
3215 3019 3402 3073 αὑτοῦ.
3434 3038 3457 3071 ι
3487 3020 3622 3083 Καὶ,
3666 3038 3684 3069 ι
3717 3016 3819 3071 Εὖ-

541 3111 776 3165 Domino
803 3112 915 3166 Deo
962 3122 1176 3168 nostro.
1230 3115 1436 3170 Omnes
1469 3115 1563 3185 qui
1618 3116 1673 3170 in
1725 3117 1965 3172 circuitu
2000 3121 2116 3190 ejus

2226 3112 2388 3179 ξασθε
2422 3114 2516 3166 καὶ
2547 3112 2774 3166 ἀπόδοτε
2803 3111 2991 3184 Κυρίῳ
3047 3111 3125 3183 τῷ
3157 3113 3275 3182 Θεῷ
3300 3112 3480 3183 ἡμῶν.
3505 3132 3525 3164 ι
3571 3112 3685 3165 Kal
3713 3111 3818 3165 πά-

540 3202 778 3257 all‘erent
811 3204 1124 3267 munera”,
1157 3224 1175 3255 ι
1218 3206 1324 3260 hoc
1363 3214 1469 3269 est,
1503 3206 1598 3277 qui
1648 3210 1875 3279 propius
1915 3211 2116 3266 adeunt

2226 3208 2309 3261 λιν
2329 3246 2343 3272 ,
2376 3224 2396 3259 ι
2434 3208 2639 3271 Πάντες
2671 3207 2719 3263 οί
2760 3206 2943 3278 κύκλῳ
2966 3206 3130 3259 αὐτοῦ
3162 3205 3366 3259 οἴσουσι
3401 3205 3574 3277 δῶρα.
3604 3224 3625 3256 ι
3657 3221 3814 3259 τουτ-

540 3294 717 3349 illum.
746 3293 1096 3364 Apostoluszc
1133 3296 1202 3352 Ut
1236 3298 1339 3351 sim
1374 3299 1627 3354 minister
1668 3300 1795 3356 Jesu
1831 3301 2036 3358 Christi
2064 3304 2118 3360 in

538 3394 732 3455 gentes
763 3386 1156 3442 administrans
1179 3388 1537 3459 Evangelium
1561 3391 1681 3459 Dei,
1708 3402 1768 3447 ut
1802 3395 2148 3453 ﬁatoblatio.

537 3477 789 3547 gentium
868 3478 1227 3547 acceptabilis
1266 3520 1281 3547 ,
1354 3482 1698 3539 sanctiﬁcata
1766 3486 1823 3541 in
1905 3488 2118 3558 Spiritu

538 3569 810 3623 sancto".
846 3586 865 3620 ι
894 3569 1106 3640 Itaque,
1131 3581 1193 3626 ut
1234 3572 1347 3627 dixi
1376 3613 1390 3637 ,
1434 3576 1600 3632 homo
1630 3580 1817 3635 omnis
1845 3580 2118 3650 primitias

536 3675 600 3715 ac
630 3660 877 3716 decimas
916 3662 1120 3718 oll‘erre
1158 3663 1583 3724 debetDomino
1627 3671 1770 3727 Deo:
1807 3688 1911 3728 nec
1967 3675 2115 3732 ullus

535 3761 621 3807 est
656 3752 750 3821 qui
782 3762 1083 3823 praetexere
1112 3758 1364 3826 possitac
1394 3760 1538 3815 tueri
1573 3778 1633 3817 se
1671 3764 1943 3821 velamine
1972 3785 2112 3839 pau-

534 3843 789 3912 pertatis.
820 3844 993 3900 Nemo
1031 3846 1180 3901 enim
1220 3848 1385 3904 vidua
1432 3852 1526 3907 illa
1558 3856 1860 3923 pauperior
1899 3859 2113 3929 uspiam

535 3933 839 4000 invenitur,
864 3951 986 4005 quae
1015 3936 1125 3993 duo
1156 3940 1369 3995 minuta
1391 3943 1648 3998 obtulit”
1676 3964 1688 4000 :
1729 3950 1945 4005 caeteris
1973 3952 2112 4007 alio—

533 4026 627 4095 qui
663 4027 923 4083 omnibus
951 4031 1276 4100 ampliorem
1310 4037 1503 4090 retulit
1537 4039 1794 4109 gratiam.
1832 4040 2116 4114 Praecipue

533 4126 716 4171 autem
759 4119 1018 4173 monachi
1058 4120 1259 4177 offerre
1305 4124 1427 4179 Deo
1469 4126 1676 4183 debent
1730 4131 2006 4200 primitias
2059 4144 2115 4190 et

533 4207 802 4263 decimas:
825 4210 1149 4281 1225nec
1162 4216 1429 4271 easmodo
1443 4234 1565 4287 quae
1582 4219 1639 4273 in
1660 4224 1965 4292 conspicuo
1984 4236 2113 4281 sunt

533 4312 596 4351 ac
618 4300 897 4369 propalam
952 4302 1234 4370 videntur,
1272 4305 1378 4361 hoc
1398 4317 1502 4374 est,
1536 4326 1602 4365 ex
1632 4311 1699 4367 iis
1734 4329 1856 4383 quae
1874 4316 2109 4373 aliorum

532 4405 764 4446 munere
798 4392 930 4462 ipsis
960 4393 1395 4463 distribuuntur,
1428 4410 1525 4455 aut
1551 4416 1620 4455 ex
1646 4419 1813 4473 opere
1844 4422 2107 4463 manuum

532 4482 791 4537 resiliunt
829 4485 1160 4542 commoda:
1223 4489 1320 4543 sed
1380 4501 1436 4545 et
1494 4494 1813 4562 spirituales
1876 4499 2106 4568 hostias,

529 4584 626 4627 aut
663 4589 897 4643 quarum
915 4578 1196 4635 oblatione
1228 4582 1432 4651 gaudet
1467 4592 1619 4639 tanto
1644 4602 1755 4656 prae
1785 4588 1896 4644 illis
1942 4592 2107 4648 Deus.

529 4664 681 4718 Uirer
712 4674 887 4720 totum
922 4678 973 4723 te
1006 4671 1119 4725 Deo
1154 4670 1211 4725 in
1241 4673 1622 4731 holocaustum
1656 4695 1754 4749 per
1782 4697 1932 4735 aram
1979 4700 2111 4739 con-

533 4756 793 4811 fessionis
825 4767 880 4814 et
904 4760 1293 4832 lacrymarum.
1328 4764 1384 4820 ld
1416 4769 1565 4837 quod
1592 4770 1911 4829 subindicat
1934 4776 2104 4832 illud:

533 4864 552 4898 ι
591 4847 766 4903 Boves
794 4866 920 4905 cum
954 4853 1127 4909 hircis
1146 4858 1191 4889 99
1221 4875 1235 4911 :
1279 4876 1300 4912 ι
1342 4861 1543 4916 comite
1570 4863 1797 4932 quidem
1831 4870 2104 4935 oratione,

526 4938 620 4991 sed
651 4956 775 5010 quae
818 4943 1035 5001 sincera
1080 4948 1195 5003 sit:
1227 4960 1284 5005 et
1341 4952 1459 5007 haec
1508 4959 1834 5026 evaporatio
1876 4970 1962 5016 est
1990 4962 2103 5017 fra-

524 5033 735 5097 grantis
766 5033 996 5091 incensi.
1034 5037 1187 5094 Oll‘er
1221 5041 1272 5097 ei
1305 5046 1549 5113 pectoris
1596 5050 1673 5103 tui
1704 5060 1919 5120 partem
1976 5055 2105 5111 inti-

527 5137 693 5186 mam,
732 5123 881 5181 illam
935 5130 1200 5188 nimirum
1263 5151 1384 5204 quae
1425 5150 1617 5208 suapte
1676 5151 1872 5199 natura
1918 5157 2003 5202 cst
2035 5149 2103 5204 ad

524 5212 869 5271 iracundiam
923 5224 1245 5290 proclivior.
1289 5225 1439 5283 Oﬂ'er
1467 5231 1610 5287 duos
1650 5250 1832 5301 renes,
1886 5249 2099 5311 tempe-

522 5305 761 5359 rantiam
793 5307 1078 5380 videlicet;
1106 5326 1271 5386 caput
1315 5318 1446 5373 item
1479 5336 1605 5375 cum
1638 5325 1894 5394 pedibus,
1948 5305 2098 5384 men-

523 5404 631 5450 tem
693 5416 892 5472 nempe
944 5405 1141 5462 anima:
1186 5410 1495 5479 portionem
1564 5416 1938 5485 primiceriam
1990 5439 2098 5479 una

587 5558 634 5591 ⁸⁸
664 5558 822 5634 Deut.
848 5576 946 5621 xu.
974 5561 1027 5615 6.
1104 5563 1149 5634 ἐπ’
1174 5564 1345 5621 Exod.
1396 5584 1553 5634 χχιιι,
1588 5571 1675 5626 l5.

1786 5573 1831 5606 ⁸³⁵
1864 5575 1996 5630 ibid.
2031 5579 2122 5633 23.
2198 5581 2245 5612 ⁸⁸
2269 5580 2442 5635 Exod.
2486 5595 2620 5644 xx",
2649 5579 2739 5635 29.

2222 3300 2371 3353 ἐστιν
2397 3300 2447 3351 οἱ
2504 3297 2818 3367 ἐγγίζοντες
2855 3298 3022 3368 αὐτῷ.
3060 3316 3079 3350 ι
3116 3298 3225 3351 Kal.
3267 3300 3295 3350 6
3338 3296 3669 3357 ’Δπόστολὸς
3705 3314 3809 3364 φη-

2223 3410 2327 3458 σιν,
2358 3394 2452 3456 Εἰς
2480 3392 2540 3445 τὸ
2589 3410 2605 3442 ι
2642 3387 2779 3445 εἷναί
2818 3408 2884 3461 με
2915 3389 3417 3461 λειτουργὸνΊησοῦ
3443 3388 3710 3457 Χριστοῦ,
3734 3391 3813 3449 εἰς

2219 3485 2288 3538 τὰ
2310 3484 2436 3555 ἔθνη
2473 3484 2859 3554 ἱερουργοῦντα
2904 3483 2965 3536 τὸ
2998 3484 3328 3552 Εὑαγγέλιον
3379 3480 3473 3534 τοῦ
3515 3480 3688 3543 Θεοῦ,
3725 3481 3810 3533 ἴνα

2220 3577 2446 3645 γένηται
2520 3577 2554 3647 ἡ
2622 3575 2908 3646 προσφορὰ
2972 3575 3084 3628 τῶν
3148 3573 3321 3628 ἐθνῶν
3386 3574 3806 3643 εὐπρόσδεκτος,

2220 3667 2525 3739 ἡγιασμένη
2560 3669 2617 3720 έν
2640 3666 2937 3737 Πνεύματι.
2972 3686 2990 3718 ι
3020 3667 3226 3728 Πάντες
3258 3665 3358 3735 μὲν
3392 3665 3487 3717 οὖν
3518 3667 3566 3716 οἱ
3598 3664 3809 3733 ἄνθρω-

2219 3776 2333 3824 ποι,
2358 3758 2433 3822 ῶς
2478 3758 2634 3828 ἔφην,
2687 3756 3072 3829 χρεο>στοῦμεν
3100 3758 3356 3827 ἀπαρχὰς
3410 3756 3510 3807 καὶ
3568 3756 3807 3816 δεκάτας

2220 3848 2550 3920 προσφέρειν
2592 3848 2670 3917 τῷ
2721 3846 2873 3917 Θεῷ·
2908 3849 3000 3901 καὶ
3040 3847 3231 3917 μηδεὶς
3281 3846 3651 3916 προὸαλέσθω
3709 3863 3806 3897 πει

2218 3942 2357 3995 νξαν.
2373 3942 2450 3995 Οὐ
2474 3942 2581 4012 γάρ
2603 3940 2917 4011 εὑρίσκεται
2941 3943 3284 4011 πτωχότερος
3310 3940 3405 4009 τῆς
3425 3940 3494 3992 τὰ
3523 3940 3619 3992 δύο
3637 3939 3807 3990 λεπτὰ

2219 4035 2693 4107 προσενεγκούσης
2749 4037 2947 4105 χήρας,
3006 4036 3104 4089 καὶ
3152 4034 3324 4087 πλείω
3370 4033 3594 4087 πάντων
3633 4050 3803 4103 προσο

2214 4127 2516 4199 δεχθείσης.
2538 4128 2864 4199 Ἐξαιρέτως
2896 4127 2974 4190 δὲ,
3005 4127 3053 4179 οἱ
3099 4127 3324 4197 μοναχοὶ
3356 4123 3642 4196 χρεῶσταί
3668 4128 3806 4177 εἰσιν

2217 4221 2549 4292 προσφέρειν
2575 4220 2651 4291 τῷ
2671 4221 2789 4292 Θεῷ
2813 4221 3089 4291 ἀπαρχὰς,
3133 4219 3226 4272 καὶ
3255 4219 3510 4281 δεκάτας,
3542 4217 3607 4270 οὐ
3643 4218 3801 4288 μόνον

2214 4312 2311 4377 τὰς
2355 4313 2686 4383 φαινομένας
2729 4311 2952 4376 ταύτας,
2988 4312 3287 4373 τουτέστιν,
3336 4310 3393 4376 ἐξ
3416 4302 3491 4361 ὧν
3522 4308 3618 4362 καὶ
3649 4308 3801 4360 αὐτὰ

2214 4404 2322 4458 ἀπὸ
2352 4404 2527 4458 ἄλλων
2564 4403 2997 4473 οἰκονομοῦνται,
3028 4403 3121 4456 καὶ
3141 4403 3205 4455 ὲκ
3232 4399 3326 4453 τοῦ
3357 4400 3520 4470 ἔργου
3544 4398 3654 4451 τῶν
3685 4415 3800 4466 χει-

2220 4495 2348 4564 ρῶν,
2376 4496 2514 4549 ἀλλὰ
2550 4497 2928 4566 πνευματικὰς
2964 4495 3178 4559 θυσίας,
3204 4490 3291 4555 αἶς
3323 4495 3417 4545 καὶ
3451 4490 3654 4561 μᾶλλον
3682 4490 3799 4559 χαί-

2218 4604 2298 4659 ρει
2326 4588 2355 4640 6
2381 4588 2514 4651 Θεός
2533 4603 2547 4617 ο
2584 4587 2960 4640 ὀλοκαύτωσον
2995 4585 3219 4639 σεαυτὸν
3276 4584 3398 4637 ὅλον
3429 4581 3507 4652 τῷ
3534 4579 3679 4650 Θεῷ,
3711 4579 3798 4633 διὰ

2215 4678 2413 4749 βωμῶν
2440 4678 2881 4748 ὲξομολογήσεως
2913 4676 3009 4730 καὶ
3039 4675 3308 4745 δακρύων,
3342 4674 3482 4742 ὅπερ
3514 4670 3797 4741 σημαίνει,

2219 4791 2237 4824 ι
2268 4773 2404 4835 Βόας
2442 4772 2579 4842 μετὰ
2612 4773 2948 4841 χειμάρρων.
2990 4789 3007 4820 ι
3051 4770 3151 4821 Διά
3179 4767 3426 4837 καθαρᾶς
3462 4763 3775 4834 προσευχῆς

2207 4867 2345 4936 ὅπερ
2378 4866 2528 4919 ἐστὶν
2558 4864 2617 4918 τὸ
2663 4866 2935 4934 θυμίαμα,
2970 4862 3331 4933 προσένεγκαι
3369 4857 3521 4928 αὐτῷ
3554 4858 3615 4910 τὸ
3660 4873 3762 4923 στη

2214 4959 2417 5031 θήνιον,
2442 4959 2503 5012 τὸ
2531 4958 2782 5029 θυμικὸν,
2832 4956 2928 5008 καὶ
2967 4955 3056 5007 τὸν
3101 4952 3258 5005 λοϐὸν
3307 4949 3401 5003 τοῦ
3444 4950 3681 5020 ἥπατος,
3737 4947 3793 4999 τὸ

2212 5051 2632 5122 ἐπιθυμητικὸν,
2688 5050 2782 5102 καὶ
2820 5050 2947 5112 τοὺς
2972 5048 3066 5101 δύο
3120 5044 3371 5116 νεφροὺς,
3422 5043 3521 5114 τὴν
3578 5058 3790 5111 σωφρο-

2216 5144 2380 5215 σύνην
2403 5160 2417 5174 ⁸
2471 5142 2712 5213 κεφαλὴν
2749 5143 2845 5195 σὺν
2867 5143 2981 5204 τοῖς
3012 5140 3195 5202 ποσὶν,
3243 5138 3333 5193 τὸν
3371 5135 3619 5209 ἡγεμόνα
3670 5131 3794 5185 νοῦν

2217 5237 2312 5291 σὺν
2341 5238 2462 5300 ταῖς
2493 5236 2760 5306 πράξεσιν
2788 5234 2888 5304 τῆς
2914 5235 2994 5297 είς
3024 5233 3170 5304 ζωὴν
3202 5230 3475 5302 φερούσης
3504 5228 3643 5282 ὁδοῦ.
3682 5228 3791 5279 lli-

2214 5347 2311 5383 σαν
2332 5329 2562 5396 ἔννοιαν,
2594 5330 2775 5382 πᾶσαν
2803 5326 3023 5399 πρᾶξιν,
3054 5326 3149 5379 καὶ
3177 5325 3412 5394 κίνησιν,
3445 5323 3539 5375 καὶ
3562 5317 3790 5389 θεωρίαν

2209 5421 2408 5477 ἀνάθου
2432 5420 2507 5492 τῷ
2528 5420 2646 5493 Θεῷ
2680 5422 2739 5476 ὲν
2771 5421 3044 5491 πνεύματι
3090 5417 3540 5489 συντετριμμένῳ
3573 5416 3667 5467 καὶ
3703 5428 3789 5462 τε-

2855 5578 2900 5609 ⁸⁷
2933 5578 3109 5635 chit.
3161 5578 3230 5643 ﬁ,
3275 5579 3363 5631 12.
3439 5576 3486 5609 ³⁸
3513 5578 3689 5632 Levil.
3722 5598 3785 5637 Iv,

515 5628 605 5681 26.
681 5623 1145 5714 3’_Num_._vn,-l0.
1226 5637 1290 5714 ³οῄ
1312 5623 1777 5714 Εῑιξρίι.ἓιιξν,νίϐ.
1848 5623 2116 5714 97176be

2269 5653 2313 5683 ⁹²
2345 5651 2514 5705 Exod.
2543 5623 2698 5713 κχίιι,
2724 5650 2811 5703 54.
2890 5650 2935 5680 ’³
2968 5652 3110 5706 Psal.
3144 5623 3264 5713 va,
3293 5650 3379 5711 l3,
3416 5650 3500 5704 l5.
3578 5651 3621 5681 ⁹’
3652 5651 3785 5703 Psal.

516 5701 778 5788 ξυνίῃ.
857 5703 1066 5758 “Psal-
1106 5706 1312 5772 καλε·
1389 5701 1904 5781 "Psal-Iixva‘l.
1983 5701 2211 5777 arma.
2248 5701 3505 5788 “,1inri.'.3;.:'.’..,2.'EiLae'Aggsa;
3585 5701 3780 5775 “Psal-

518 5772 751 5832 va.15.
