4040 6512
253 438 392 501 1809

1191 439 1516 500 HOMILIA
1555 440 1762 501 CXXI.
1786 464 1855 475 —
1884 439 1982 501 DE
2024 438 2632 500 PROPITIATIONE.

3382 436 3523 502 1810

233 547 641 619 ταπεινωμένῳ
665 563 678 579 ·
710 546 842 602 Ἐἀν
886 546 1058 612 οὕτως
1090 547 1478 621 ὁλακαυτώσῃς
1515 549 1741 602 σεαυτὸν
1766 548 1815 603 τί

1948 564 2075 606 cum
2111 548 2531 619 operationibus
2568 548 2689 613 vim,
2722 547 2837 602 sive
2878 547 3320 603 conversationis
3371 560 3518 603 recta

230 638 380 710 Θεῷ,
411 641 766 713 ἀποκαθαίρῃ
808 640 909 712 μὲν
956 640 1057 705 τὰς
1111 640 1319 712 λέπρας
1345 640 1454 693 τῶν
1505 640 1831 711 ἀκαθάρτων

234 732 457 798 παθῶν,
517 735 643 806 γίνῃ
674 734 733 787 δὲ
787 734 1178 805 θυσιαστήριον
1226 734 1319 787 καὶ
1362 731 1489 797 ναὸς
1542 733 1640 786 τοῦ
1670 734 1827 801 άγίου

244 824 387 877 Πνεύ
398 842 595 896 ματος,
638 827 732 880 καὶ
761 825 983 889 ἀκούεις
1019 840 1035 855 ·
1069 844 1087 877 ι
1116 825 1359 893 ’Υπαγε.
1387 824 1615 878 σεαυτὸν
1657 825 1832 890 δεῖξον

232 914 310 983 τῷ
337 918 499 985 ἱερεῖ,
543 937 561 970 ι
585 917 660 987 τῷ
684 915 926 988 Χριστῷ,
947 935 964 967 ι
1001 918 1096 969 καὶ
1118 918 1483 985 προσένεγκαι
1502 920 1562 970 τὸ
1588 917 1781 989 δῶρον,
1804 918 1833 971 δ

230 1008 578 1075 προσέταξέν
622 1026 702 1060 σοι
744 1008 822 1078 τῷ
864 1008 921 1060 ἐν
947 1006 1214 1077 πνεύματι
1240 1007 1479 1077 Ἰουδαίῳ
1504 1027 1521 1059 ι
1551 1008 1579 1060 ὁ
1601 1008 1829 1077 Μωσῆς,

233 1102 313 1162 εἰς
351 1100 681 1172 μαρτύριον,
710 1121 728 1153 ι
793 1097 860 1173 ἧς
910 1100 1099 1171 ἔτυχες
1128 1099 1419 1164 υἱοθεσίας.
1456 1099 1613 1171 Αὐτῷ
1644 1102 1676 1171 ἡ
1703 1100 1830 1165 δόξα

229 1194 311 1255 είς
339 1196 473 1260 τοὺς
501 1196 723 1259 αἰῶνας.
750 1196 946 1265 Ἀμήν.

230 1278 486 1349 Spiritus
524 1284 721 1337 sancti.
763 1283 974 1338 Audies
1016 1282 1123 1338 dici
1198 1283 1331 1338 tibi:
1388 1300 1405 1334 ι
1442 1281 1623 1346 Vade,

1938 644 2005 699 ad
2035 644 2205 698 vitam
2228 641 2618 713 provehentis;
2654 655 2873 695 omnem
2903 639 3042 696 offer
3062 640 3232 695 animi
3284 656 3516 711 concep-

1938 736 2170 801 tionem,
2213 735 2282 789 da
2318 734 2396 788 illi
2441 749 2610 804 opera
2662 733 2868 798 omnia,
2908 740 2965 788 et
3012 742 3222 789 motum
3267 733 3519 802 corporis

1940 836 2107 897 atque
2139 824 2662 894 contemplationem
2696 823 2809 878 Deo
2857 823 3291 878 consecrandam
3338 830 3519 877 trans-

1933 918 2084 973 cribe
2128 916 2296 971 corde
2343 915 2602 971 contrito.
2635 916 2897 985 Teipsum
2945 915 2993 970 si
3032 915 3113 970 sic
3152 915 3209 969 in
3243 915 3515 970 holocau-

1934 1021 2110 1066 stoma
2151 1009 2422 1064 obtuleris
2456 1010 2591 1074 Deo,
2626 1008 2838 1079 lepram
2884 1008 3079 1062 anima:
3115 1016 3221 1063 tum
3270 1006 3516 1077 pressius

1932 1102 2404 1156 adlimrescentem
2459 1141 2473 1165 ,
2558 1100 2828 1155 obscenas
2894 1099 3161 1153 nimirum
3230 1098 3516 1169 passiones

1933 1193 2261 1263 expurgabit
2287 1210 2301 1246 :
2326 1183 2564 1247 eﬂiciere
2587 1201 2770 1246 autem
2800 1200 2857 1245 tu
2890 1192 3084 1257 altare,
3111 1191 3223 1245 imo
3247 1191 3514 1261 templum

1700 1281 1931 1337 ostende
1973 1282 2208 1351 teipsum
2258 1282 2529 1337 sacerdoti
2568 1300 2585 1332 ι
2638 1281 2732 1350 qui
2762 1282 3015 1337 Christus
3051 1290 3165 1347 est,
3212 1301 3230 1333 ι
3280 1290 3337 1337 et
3377 1281 3516 1334 offer

229 1388 441 1428 munus
469 1374 616 1443 quod
655 1375 913 1444 praecepit
986 1375 1215 1446 Moyses,
1251 1394 1269 1426 ι
1319 1374 1371 1429 ei
1436 1375 1529 1443 qui
1562 1375 1617 1428 in
1670 1373 1870 1444 Spiritu
1908 1373 2132 1431 Judaeus
2176 1382 2279 1439 est,
2315 1392 2333 1425 ι
2402 1373 2457 1428 in
2494 1373 2869 1429 testimonium
2929 1376 2943 1406 ¹
2983 1394 2999 1424 ι
3046 1375 3165 1445 ejus
3200 1373 3514 1445 adoptionis

227 1482 400 1535 quam
436 1476 724 1522 assecutus
752 1481 834 1520 es.
872 1466 977 1535 lpsi
1004 1467 1175 1537 gloria
1211 1467 1265 1521 in
1299 1466 1518 1521 saecula.
1548 1467 1744 1522 Amen.

825 1581 1045 1633 ΛΟΓΟΣ
1079 1579 1250 1635 PKA'.

769 1692 904 1760 Περὶ
952 1692 1307 1761 ἐξιλασμοῦ.

2454 1575 2742 1631 HOMILIA
2799 1576 2987 1632 CXXI.

2211 1691 2285 1746 De
2333 1692 2708 1763 propitiatione
2760 1707 2850 1745 seu
2904 1690 3223 1761 placatione.

298 1803 435 1857 Δέον
465 1805 614 1858 ἐστὶν
631 1804 721 1858 τὸν
746 1804 893 1875 ἱερέα
913 1803 1129 1876 πρῶτον
1164 1806 1302 1875 ὑπὲρ
1324 1804 1516 1858 ἑαυτοῦ
1542 1804 1815 1871 ἐξιλεώσα·

2002 1805 2239 1860 Necesse
2278 1803 2373 1869 sit,
2410 1811 2471 1857 ut
2500 1819 2600 1873 pro
2653 1802 2771 1858 suis
2794 1802 3033 1872 primum
3064 1802 3308 1872 peccatis
3338 1803 3510 1857 Deum

228 1896 357 1950 σθαι
386 1897 484 1950 τον
524 1896 677 1958 Θεὸν,
707 1895 803 1949 καὶ
824 1894 997 1957 οὕτως
1024 1896 1166 1965 ὑπὲρ
1194 1895 1289 1949 τοῦ
1330 1895 1483 1951 λαοῦ.
1519 1893 1650 1949 Εῐτα
1685 1895 1826 1949 κατά

224 1988 325 2059 τὴν
358 1988 584 2059 ἐντολὴν
608 1987 701 2042 τοῦ
736 1988 939 2058 Κυρίου
968 1988 1247 2055 λέγοντος·
1292 2008 1310 2040 ι
1338 1989 1652 2059 Καυάρισον
1674 1986 1823 2058 πρῶ·

222 2099 317 2136 τον
339 2083 404 2135 τὸ
430 2083 583 2147 ἐντὸς
617 2082 709 2136 τοῦ
736 2082 1019 2153 ποτηρίου,
1057 2084 1150 2135 καὶ
1174 2082 1295 2135 τότε
1322 2083 1380 2135 τὸ
1431 2082 1607 2143 ἐκτός.
1647 2101 1665 2134 ι
1702 2080 1825 2144 Πῶς

223 2176 338 2247 γὰρ
356 2175 585 2228 δύναταί
618 2192 702 2237 τις
751 2173 1211 2243 ίλεωποιήσασθαι
1241 2174 1331 2227 τὸν
1380 2174 1513 2227 Θεὸν
1553 2174 1696 2244 ὑπὲρ
1723 2173 1820 2227 άλ-

222 2268 343 2330 λου,
388 2268 441 2319 εί
477 2266 550 2337 μὴ
586 2265 801 2334 πρῶτον
827 2264 968 2336 ὑπὲρ
992 2264 1186 2319 ἑαυτοῦ
1219 2282 1233 2329 ;
1284 2264 1442 2319 τοῦτο
1469 2264 1577 2336 γάρ
1614 2264 1708 2317 καὶ
1731 2263 1821 2316 νό-

227 2359 401 2429 μιμόν
438 2360 608 2423 ἐστιν,
655 2355 837 2421 καθώς
865 2359 1078 2427 φησινὸ
1104 2357 1344 2426 Μωῦσῆς
1395 2356 1530 2426 πρὸς
1581 2353 1827 2427 Ἀαρὼν,

220 2452 316 2504 τὸν
337 2449 571 2517 ἀδελφὸν
592 2448 777 2502 αὑτοῦ*
808 2468 824 2499 ι
849 2448 1221 2518 Προσένεγκαι
1238 2448 1298 2500 τὸ
1316 2447 1680 2519 ὀλοκαύτωμά
1709 2465 1825 2514 σου,

223 2541 321 2594 καὶ
344 2539 573 2610 ἐξιλάσῃ
596 2538 723 2610 περὶ
739 2537 900 2591 αὐτοῦ
927 2538 1022 2592 καὶ
1038 2538 1132 2591 τοῦ
1154 2538 1301 2591 οίκου
1332 2554 1448 2603 σου,
1466 2540 1559 2591 καὶ
1577 2540 1823 2606 ποιήσεις

220 2633 293 2685 τὶ
331 2633 487 2702 δῶρα
530 2631 658 2701 περὶ
713 2630 805 2683 τοῦ
837 2629 992 2694 λαοῦ,
1027 2630 1121 2683 καὶ
1148 2629 1370 2701 ἐξιλάσῃ
1398 2630 1528 2702 περὶ
1556 2628 1756 2683 αὑτοῦ·
1796 2648 1813 2681 ι

221 2727 392 2796 δῆλον
412 2726 471 2779 δέ
491 2727 573 2779 ὅτι
600 2726 689 2778 ὅτε
716 2724 904 2777 ἑαυτὸν
932 2723 1242 2793 ἐκάθαιρεν,
1276 2725 1368 2777 καὶ
1405 2724 1530 2787 τοὺς
1561 2723 1821 2788 οἰκείους,

222 2819 351 2873 τότε
398 2818 583 2871 λοιπὴν
643 2817 846 2885 ἐξάρας
901 2814 1115 2888 Ἀαρὼν
1146 2815 1245 2878 τάς
1287 2816 1476 2885 χεῖρας
1526 2814 1820 2883 εὐλόγησεν

224 2909 322 2963 τὸν
365 2909 518 2964 λαόν.
562 2909 623 2962 'O
648 2909 704 2962 δέ
735 2906 1022 2977 Ἰεζεκιὴλ,
1077 2908 1206 2977 περὶ
1233 2907 1342 2959 τῶν
1393 2906 1584 2977 ἱερέων
1618 2904 1819 2977 ἔφησεν

222 3001 435 3064 οὕτως,
478 3018 497 3052 ι
534 2995 689 3055 Οἶνον
722 2999 796 3071 μὴ
818 3000 1012 3052 πίωσιν
1061 3001 1172 3062 πᾶς
1212 3000 1410 3070 ἱερεὺς,
1442 3000 1502 3054 ἐν
1533 2998 1610 3070 τῷ
1635 3001 1821 3051 είσπο-

1916 1897 2116 1953 'tlectat
2149 1905 2205 1952 et
2245 1897 2575 1966 repmpitiet
2637 1894 2901 1951 sacerdos
2924 1912 2936 1947 :
2962 1904 3127 1964 atque
3160 1894 3368 1948 utinam
3395 1894 3507 1948 sic:

1932 1990 2133 2045 deinde
2162 2005 2262 2060 pro
2291 1988 2678 2060 populi,juxta
2712 1986 2930 2041 Domini
2963 1986 3282 2041 mandatum
3318 1986 3510 2041 dicen-

1934 2084 2003 2138 tis
2036 2100 2049 2137 :
2101 2101 2119 2133 ι
2146 2080 2345 2136 Munda
2375 2081 2531 2151 prius
2557 2079 2706 2149 quod
2744 2079 2893 2134 intus
2937 2090 3023 2134 est
3054 2079 3265 2145 calicis,
3298 2087 3353 2133 et
3379 2088 3510 2133 tunc

1931 2175 2077 2245 quod
2126 2174 2335 2229 deforis
2369 2174 2410 2227 ¹.
2456 2192 2474 2225 ι
2532 2171 2637 2239 Qui
2686 2172 2834 2227 enim
2887 2171 3061 2241 possit
3111 2151 3257 2225 unius
3306 2171 3511 2240 aliquis

1933 2269 2075 2322 irato
2115 2267 2413 2323 adversum
2464 2280 2523 2320 se
2568 2265 2681 2319 Deo
2727 2280 2791 2319 ac
2828 2265 2973 2318 male
3002 2262 3243 2334 prapitio
3274 2278 3374 2331 pro
3409 2279 3509 2331 pu-

1932 2360 2045 2423 puli
2090 2372 2322 2413 exorare
2370 2357 2650 2428 peccatis?
2679 2356 2830 2411 Oﬂ'er
2874 2356 3291 2410 holocaustoma
3327 2365 3505 2416 tuum,

1929 2463 1984 2506 et
2043 2450 2248 2521 populo
2300 2448 2631 2503 conciliabis
2684 2448 2954 2518 placabile
3005 2463 3232 2501 numen.
3284 2446 3506 2513 Liquet,

1929 2544 2075 2612 quod
2113 2545 2159 2599 si
2200 2542 2247 2597 is
2294 2541 2535 2613 primum
2580 2555 2708 2595 snas
2755 2540 2907 2594 eluat
2954 2538 3168 2604 sordes,
3228 2539 3420 2607 utique
3452 2547 3509 2591 et

1928 2635 2262 2691 domesticos
2307 2633 2660 2705 expurgabit.
2701 2632 2859 2688 Tune
2903 2632 3189 2702 deinceps,
3238 2631 3316 2685 ait
3360 2630 3509 2685 Scri-

1928 2737 2109 2799 ptura,
2136 2728 2369 2783 elevatis
2399 2727 2584 2782 Aaron
2611 2724 2869 2780 manibus
2900 2723 3197 2778 benedicet
3227 2723 3431 2793 popqu
3461 2726 3501 2774 ³.

1926 2821 2185 2876 Ezechiel
2242 2820 2475 2891 proinde
2504 2818 2571 2873 ad
2603 2818 2753 2873 hunc
2783 2816 3006 2873 locutus
3055 2824 3143 2871 est
3178 2815 3402 2870 modum
3435 2815 3507 2867 de

1924 2911 2211 2967 sacerdote
2248 2927 2261 2965 :
2303 2929 2320 2961 ι
2358 2911 2561 2965 Vinum
2604 2924 2717 2962 non
2753 2907 2911 2963 bibet
2943 2906 3226 2973 sacerdos,
3280 2906 3509 2976 quando.

1925 3002 2237 3073 ingreditur
2265 3001 2468 3056 atrium
2496 3001 2732 3055 interius
2758 3000 2801 3052 ".
2837 3017 2854 3049 ι
2889 2998 3187 3069 Apostolus
3223 2998 3353 3051 item
3389 2999 3499 3051 ait:

224 3093 488 3161 ρεύεσθαι
518 3092 716 3152 αὐτοὺς
740 3093 819 3155 είς
847 3091 944 3162 τὴν
970 3091 1135 3162 αὐλὴν
1169 3091 1265 3163 τὴν
1293 3090 1588 3163 ἐσωτέραν.
1633 3109 1651 3141 ι
1705 3090 1815 3144 Καὶ

1929 3115 1947 3148 ι
1983 3095 2458 3163 Quemadmodum
2500 3092 2753 3163 pontifex
2780 3092 2937 3162 prius
2967 3107 3068 3161 pro
3098 3090 3341 3160 peccatis
3373 3107 3501 3159 pro-

220 3190 248 3239 ό
294 3185 667 3249 Ἀπόστολος·
698 3204 716 3236 ι
758 3186 967 3253 Ὥσπερ
1018 3185 1067 3237 οἱ
1097 3185 1393 3255 ἀρχιερεῖς,
1451 3185 1635 3254 φησὶν,
1684 3184 1817 3251 πρό-

219 3296 386 3349 τερον
419 3278 560 3347 ὑπὲρ
590 3277 698 3330 τῶν
732 3278 878 3349 ίδίων
900 3276 1182 3347 ἁμαρτιῶν
1212 3274 1403 3340 θυσίας
1426 3275 1813 3347 ἀναφέρουσιν,

222 3374 424 3425 ἔπειτα
459 3370 599 3442 ὑπὲρ
622 3370 731 3423 τῶν
762 3369 856 3423 τοῦ
885 3369 1014 3422 λαοῦ
1049 3370 1429 3441 ἀγνοημάτων.
1457 3388 1477 3423 ι
1503 3400 1578 3412 —
1596 3388 1615 3421 ι
1650 3368 1707 3422 '0
1734 3368 1818 3422 νό-

226 3479 330 3531 μος
360 3462 497 3534 γάρ,
518 3462 706 3531 φησιν,
741 3460 1059 3530 καθίστησιν
1086 3462 1365 3532 ἀρχιερεῖς
1409 3461 1633 3533 ἔχοντας
1656 3460 1817 3516 ἀσθέο

223 3572 401 3606 νειαν.
444 3573 462 3605 ι
494 3554 600 3606 Καὶ
629 3552 818 3631 αὖθις*
854 3572 872 3604 ι
908 3555 1023 3616 Πᾶς
1050 3552 1157 3624 γὰρ
1192 3553 1478 3623 ἀρχιερεὺς
1511 3552 1571 3619 ἐξ
1610 3550 1815 3623 ἀνθρώ-

226 3666 347 3701 πων
384 3647 821 3718 λαμϐανόμενος,
855 3647 996 3718 ὑπὲρ
1037 3646 1341 3716 ἀνθρώπων
1371 3647 1697 3700 καθίσταται
1750 3648 1816 3701 τὰ

227 3742 367 3811 πρὸς
395 3741 488 3794 τὸν
543 3740 695 3804 Θεὸν,
743 3740 833 3793 ῖνα
885 3740 1168 3811 προσφέρῃ
1213 3740 1361 3810 δῶρά
1386 3757 1444 3793 τε
1496 3741 1591 3793 καὶ
1624 3740 1815 3802 θυσίας

228 3833 373 3902 ὑπὲρ
436 3832 771 3904 ἁμαρτιῶν,
848 3832 1235 3901 μετριοπαθεῖν
1300 3831 1637 3901 δυνάμενος,
1701 3832 1812 3893 τοῖς

226 3923 518 3991 ἀγνοοῦσιν
560 3923 653 3976 καὶ
694 3923 1085 3991 πλανωμένοις.
1123 3922 1279 3975 Ἐπεὶ
1320 3922 1414 3975 καὶ
1460 3922 1621 3987 αὑτδς
1653 3923 1811 3989 περί-

227 4014 739 4080 κειταιάσθένειαν,
781 4015 873 4067 καὶ
890 4013 977 4067 διὰ
1010 4013 1215 4084 ταύτην
1237 4013 1438 4082 ὀφείλει
1469 4013 1649 4079 καθὼς
1673 4014 1813 4084 ὑπὲρ

223 4106 319 4158 τοῦ
378 4105 513 4158 λαοῦ
543 4104 712 4167 οὕτως
762 4106 855 4158 καὶ
900 4107 1029 4176 περὶ
1075 4104 1268 4158 ἑαυτοῦ
1302 4107 1630 4176 προσφέρειν
1674 4107 1813 4177 ὑπὲρ

225 4196 539 4266 ἁμαρτιῶν.
570 4215 587 4248 ι
623 4198 713 4248 Δεῖ
738 4191 943 4262 οὖν,ὼς
974 4197 1208 4268 εῐρηται,
1230 4197 1322 4250 τὸν
1361 4198 1692 4267 καλούμενον
1709 4198 1814 4251 ὑπὸ

222 4288 317 4339 τοῦ
346 4286 511 4349 Θεοῦ,
547 4288 627 4350 εἰς
660 4288 720 4339 τὸ
746 4287 1078 4358 προσφέρειν
1110 4288 1258 4358 δῶρα
1315 4289 1406 4341 καὶ
1435 4288 1627 4353 θυσίας
1674 4289 1812 4361 ὑπὲρ

223 4378 318 4433 τοῦ
352 4378 518 4443 λαοῦ,
557 4378 773 4449 πρῶτον
810 4379 909 4449 τὴν
962 4379 1156 4431 ἑαυτοῦ
1189 4379 1364 4449 ψυχὴν
1419 4382 1515 4433 καὶ
1559 4381 1619 4433 τὸ
1652 4381 1811 4451 σῶμα

1920 3189 2065 3261 priis
2106 3187 2345 3243 hostiam
2392 3186 2579 3249 offert,
2612 3184 2815 3240 deinde
2853 3199 2955 3254 pro
2993 3184 3184 3253 populi
3228 3183 3271 3237 ³.
3298 3200 3316 3235 ι
3358 3184 3504 3238 Dicit

1919 3281 2065 3336 enim
2087 3292 2115 3333 τ
2163 3299 2180 3331 ι
2213 3278 2325 3333 Lex
2351 3276 2642 3333 constituit
2666 3275 2965 3347 pontifices
2997 3274 3378 3329 infirmitatem
3403 3275 3502 3329 ha-

1920 3375 2175 3430 bentes'.
2203 3392 2220 3425 ι
2245 3374 2494 3427 Rursus:
2528 3390 2544 3422 ι
2573 3369 2766 3425 Omnis
2793 3369 2940 3424 enim
2964 3366 3213 3438 pontifex
3235 3384 3302 3423 ex
3318 3368 3500 3423 homi-

1921 3466 2085 3520 nibus
2120 3474 2458 3533 assumptus,
2511 3478 2613 3532 pro
2665 3460 2987 3517 hominibus
3035 3461 3400 3516 constituitur
3445 3462 3498 3514 in

1921 3558 1987 3613 iis
2037 3572 2159 3627 quae
2203 3564 2333 3612 sunt
2376 3556 2445 3610 ad
2492 3557 2691 3620 Deum,
2723 3564 2785 3609 ut
2823 3554 3026 3608 offerat
3055 3553 3201 3608 dona
3224 3560 3283 3608 et
3323 3554 3499 3608 sacri-

1920 3650 2043 3705 ficia
2088 3665 2189 3719 pro
2235 3648 2510 3718 peccatis;
2550 3645 2643 3717 qui
2696 3645 2993 3701 condolere
3042 3646 3218 3715 possit
3272 3645 3341 3699 iis
3402 3646 3497 3714 qui

1920 3743 2176 3812 ignorant
2229 3750 2286 3796 et
2317 3750 2505 3795 errant.
2546 3756 2559 3792 :
2593 3738 2809 3809 1226
2849 3739 3111 3808 quoniam
3146 3746 3203 3793 et
3237 3738 3353 3808 ipse
3389 3738 3499 3792 cir-

1918 3833 2211 3888 cumdatus
2230 3842 2314 3885 est
2334 3830 2678 3894 infirmitate,
2699 3839 2755 3884 et
2772 3838 3065 3900 propterea
3087 3828 3274 3893 debet,
3301 3844 3495 3898 quern-

1917 3924 2213 3980 admodum
2266 3940 2367 3993 pro
2392 3924 2598 3993 populo
2625 3964 2639 3987 ,
2669 3923 2743 3977 ita
2768 3922 2935 3977 etiam
2973 3931 3029 3977 et
3069 3939 3169 3993 pro
3199 3922 3499 3990 semetipso

1916 4016 2120 4073 offerre
2154 4032 2255 4085 pro
2285 4016 2529 4085 peccatis
2564 4016 2639 4069 ".i
2693 4015 2763 4070 Ut
2792 4016 2959 4085 igitur
2985 4015 3196 4071 dictum
3231 4015 3367 4068 mihi
3399 4032 3493 4069 su-

1916 4110 2105 4180 perius
2160 4116 2265 4172 est,
2318 4123 2545 4163 necesse
2600 4108 2673 4163 sit
2723 4124 2850 4163 eum
2897 4108 2991 4179 qui
3027 4107 3094 4162 ad
3143 4107 3198 4162 id
3246 4110 3503 4163 muneris

1915 4203 2029 4258 Deo
2070 4210 2301 4257 vocante
2333 4201 2648 4266 asciscitur,
2695 4201 2897 4255 offerre
2946 4200 3091 4255 dona
3137 4208 3191 4255 et
3226 4201 3492 4256 sacritieia

1914 4310 2015 4364 pro
2058 4294 2310 4364 populo:
2359 4292 2515 4363 prius
2565 4300 2747 4347 tamen
2799 4292 2965 4347 debet
3010 4293 3058 4347 is
3107 4308 3262 4348 suam
3320 4292 3495 4362 ipsius

1915 4387 2176 4451 animam,
2213 4402 2415 4456 corpus
2462 4385 2591 4440 item
2633 4387 2857 4457 expiare
2884 4387 2952 4441 ab
2983 4386 3136 4441 omni
3172 4385 3301 4441 faece
3336 4385 3491 4439 inve-

226 4473 529 4544 καθαρίσαι
569 4473 675 4526 ἀπὸ
697 4473 818 4526 ὅλου
847 4472 942 4526 τοῦ
974 4472 1206 4526 παλαιοῦ
1235 4473 1546 4544 ἀνθρώπου,
1583 4470 1681 4529 εἶθ’
1715 4474 1809 4528 οῦ-

1923 4478 2075 4534 terati
2100 4476 2363 4541 hominis,
2393 4476 2604 4531 utinam
2631 4493 2731 4548 pro
2753 4478 2876 4532 aliis
2903 4492 3125 4547 quoque
3154 4476 3319 4542 ausit,
3350 4476 3503 4529 nihil'

225 4582 333 4629 τως
374 4564 650 4634 τολμῆσαι
671 4565 768 4625 τὰς
797 4564 937 4636 ὑπὲρ
964 4564 1139 4617 ἄλλων
1159 4565 1453 4636 πρεσϐείας
1480 4569 1808 4639 προσφέρειν

1923 4569 2120 4641 lispari
2158 4570 2432 4641 legatione
2458 4570 2805 4640 perfunctus,
2834 4569 3259 4641 deprecationes
3289 4569 3489 4621 offerre

226 4653 305 4723 τῷ
337 4654 490 4725 Θεῷ·
533 4656 627 4707 καὶ
670 4653 955 4724 μιμεῖσθαι
1001 4655 1091 4709 τὸν
1133 4656 1306 4726 μέγαν
1341 4658 1602 4728 ἀρχιερέα
1635 4660 1808 4729 Ζαχα-

232 4746 353 4817 ρίαν
383 4746 475 4798 τὸν
496 4746 706 4817 πατέρα
721 4747 815 4800 τοῦ
834 4746 1170 4818 Προδρόμου.
1202 4744 1335 4801 «Ἦν
1359 4750 1483 4819 γὰρ,
1518 4751 1701 4821 φησὶν,
1729 4752 1802 4804 δί-

231 4854 407 4902 καιος,
443 4838 809 4909 πορευόμενος
834 4839 893 4891 ἐν
944 4838 1143 4901 πάσαις
1172 4842 1292 4903 ταῖς
1321 4842 1560 4907 ἐντολαῖς
1584 4845 1809 4910 καὶτοῖς

230 4927 597 4999 δικαιώμασιν
636 4929 730 4983 τοῦ
771 4931 978 5002 Κυρίου
1029 4931 1352 5002 ἀμέμπτως.
1389 4934 1638 5001 Ἐγένετο
1669 4936 1725 4989 δὲ
1754 4938 1810 4991 ἐν

230 5020 310 5090 τῷ
333 5021 636 5092 ἱερατεύειν
659 5021 841 5086 αὐτὸν,
887 5022 1134 5092 είσῆλθεν
1170 5023 1267 5076 τοῦ
1307 5025 1573 5095 θυμιάσαι
1612 5029 1692 5092 είς
1721 5030 1811 5082 τὸν

233 5109 379 5176 ναὸν,
408 5114 500 5166 καὶ
533 5108 600 5183 ἦν
628 5114 734 5166 πᾶν
754 5112 813 5166 τὸ
843 5112 1040 5183 πλῆθος
1066 5112 1170 5179 ἔξω
1202 5123 1227 5150 ο
1283 5118 1712 5189 προσευχόμενον
1755 5122 1813 5174 ἐν

234 5200 310 5271 τῷ
339 5201 518 5273 καιρῷ
550 5202 643 5255 τοῦ
676 5201 1038 5273 θυμιάματος.
1073 5203 1250 5274 Ὠφθη
1292 5204 1348 5258 δέ
1377 5207 1527 5279 αὐτῷ
1549 5209 1809 5276 ἀγγελλος

236 5293 441 5363 Κυρίου
474 5294 644 5358 ἑστὼς
687 5296 750 5348 ἐκ
782 5295 969 5362 δεξιῶν
1012 5294 1105 5349 τοῦ
1148 5296 1531 5369 θυσιαστηρίου
1556 5312 1571 5330 ⁶
1601 5302 1696 5354 καὶ
1727 5295 1807 5354 εἷ·-

238 5398 357 5438 πενθ
381 5402 401 5437 ι
428 5386 521 5457 Μὴ
546 5386 735 5456 φοόοῦ,
769 5388 1033 5457 Ζαχαρία,
1055 5388 1186 5441 διότι
1208 5389 1534 5463 είσηκούσθη
1561 5392 1593 5462 ἡ
1626 5391 1808 5463 δέησίς

308 5524 322 5555 ¹
363 5524 555 5597 Matth.
583 5540 702 5589 VIII,
734 5524 787 5597 4.
812 5594 841 5597 _
864 5526 883 5555 '
918 5523 1109 5597 Matth.
1147 5540 1295 5597 χχιιι,
1323 5528 1413 5582 26.
1491 5527 1510 5559 ⁸
1548 5528 1725 5584 chit.
1756 5546 1805 5583 ix

1923 5533 1951 5582 ι.
2029 5529 2048 5560 ’⁸
2080 5528 2281 5585 Ezech.
2314 5545 2457 5595 χειν,
2485 5529 2575 5585 21..
2653 5532 2675 5563 ⁵
2703 5528 2873 5585 Hebr.
2901 5543 2953 5591 ν,
2988 5527 3040 5580 l.

238 5592 326 5649 ΞΒ.
404 5595 423 5625 ⁷
454 5595 623 5650 Hebr.
656 5611 710 5659 ν,
746 5594 862 5648 1-5.
942 5592 963 5623 ⁸
994 5594 1127 5648 Luc.
1158 5611 1196 5658 ι,
1226 5596 1277 5648 6.

1910 4664 2055 4717 Deo:
2086 4678 2152 4717 ac
2183 4662 2431 4717 imitetur
2465 4663 2728 4717 eximium
2762 4664 2915 4717 illum
2940 4662 3254 4733 pontificem
3287 4661 3491 4715 Zacha-

1914 4756 2050 4809 riam
2080 4755 2439 4825 praacnrsoris
2459 4763 2693 4824 patrem.
2721 4756 2797 4810 De
2830 4756 2937 4810 hoc
2965 4755 3113 4809 enim
3149 4761 3493 4807 contestatur

1914 4848 2205 4918 Scriptura
2235 4851 2276 4913 ³,
2304 4849 2431 4918 quia
2460 4857 2579 4902 erat
2605 4849 2809 4918 justus,
2848 4848 3115 4903 incedens
3147 4847 3199 4900 in
3234 4846 3492 4901 omnibus

1913 4938 2190 4992 mandatis
2219 4938 2785 5008 etjustiticationibus
2830 4938 3048 4993 Domini
3082 4938 3203 4991 sine
3238 4936 3484 5006 querela.

1912 5031 2138 5084 Factum
2173 5038 2258 5084 est
2304 5046 2428 5083 cum
2484 5029 2797 5084 sacerdotio
2824 5028 3503 5101 fungeretur,ingressus.

1913 5131 1999 5175 est
2047 5119 2100 5174 in
2138 5121 2396 5189 templum
2432 5130 2492 5174 ut
2524 5121 2811 5176 incensum
2852 5130 3103 5191 poneret,
3137 5129 3193 5174 et
3224 5129 3343 5174 erat
3370 5134 3490 5172 om—

1916 5211 2002 5265 nis
2043 5211 2343 5265 multitudo
2386 5217 2715 5280 exspectans
2754 5225 2883 5263 eum
2926 5208 3083 5272 foris,
3120 5216 3367 5276 tempore
3402 5204 3488 5258 in-

1916 5301 2090 5355 censi.
2130 5301 2401 5371 Apparuit
2432 5309 2617 5355 autem
2652 5300 2730 5354 illi
2788 5299 3020 5370 angelus
3078 5290 3295 5353 Domini
3335 5304 3495 5350 stans

1916 5410 1946 5449 a
1988 5394 2197 5449 dextris
2220 5392 2434 5458 altaris,
2461 5402 2517 5448 et
2550 5392 2688 5447 dixit
2718 5411 2731 5447 :
2780 5411 2798 5443 ι
2830 5391 2909 5447 Ne
2949 5390 3169 5455 timeas,
3196 5386 3497 5451 Zacharia,

3134 5526 3156 5556 ‘
3190 5523 3357 5579 Hebr.
3392 5538 3485 5583 vn.

1522 5704 1752 5761 VARIIE
1801 5706 2199 5761 LECTIONES.

310 5820 330 5839 ο
368 5802 815 5872 προσδεχόμενον.
843 5804 1069 5873 Vulgata
1098 5802 1270 5856 editio
1318 5802 1467 5867 legit.
1495 5818 1668 5856 orans.
1703 5803 2038 5871 Augustinus
2107 5812 2283 5857 tamen
2328 5801 2393 5858 ab
2455 5804 2628 5858 altera
2692 5803 2779 5857 illa
2837 5801 3075 5858 lectione
3124 5798 3343 5855 videtur
3370 5812 3485 5852 non

241 5872 559 5939 abhorrere,
583 5872 1285 5943 Quaestionumevangelio
1318 5874 1351 5925 l.
1388 5873 1448 5933 ll,
1487 5889 1600 5942 cap.
1642 5873 1688 5925 l.
