4040 6560
522 415 656 481 1811
1807 425 2176 488 ANTIOCHI
2209 428 2555 490 MONACHI
3663 436 3780 499 1812

518 530 780 597 quoniam
807 529 1068 584 exaudita
1095 538 1181 584 est
1222 531 1548 602 deprecatio
1587 543 1701 601 tua,
1747 549 1806 591 et
1840 553 1978 593 uxor
2008 547 2102 593 tua

2239 558 2304 594 ὀυ
2323 560 2336 573 ·
2371 543 2465 596 καὶ
2496 546 2530 613 ἡ
2551 544 2688 614 γυνή
2733 562 2826 599 σου
2849 547 3130 602 Ἐλισάὸετ
3152 516 3406 621 γεννήσει
3436 546 3557 600 υἱόν
3584 562 3682 609 σοι,
3701 549 3781 604 καὶ

521 621 806 678 Elisabeth
849 622 1028 693 pariet
1052 621 1154 677 tibi
1188 623 1382 689 ﬁlium,
1417 636 1475 680 et
1507 627 1734 683 vocabis
1760 644 1963 685 nomen
1988 631 2109 698 ejus

2239 635 2460 701 ιαλέσεις
2498 638 2561 692 τὸ
2586 639 2755 710 δνομα
2782 641 2950 696 αὑτοῦ
2984 642 3256 713 Ἰωάννην,
3286 644 3384 696 xui.
3412 640 3574 696 ἔσται
3599 658 3676 694 σοι
3702 661 3784 711 χα-

519 715 872 780 Joannem,et
893 717 1000 772 erit
1019 716 1118 771 tibi
1139 718 1404 788 gaudium
1425 728 1482 774 et
1499 722 1821 776 exsultatio:
1841 723 2108 779 eritenim

523 821 756 880 magnus
794 823 981 863 coram
1007 808 1122 864 Deo
1152 811 1228 861 θ.»
1259 808 1368 878 Ipsi
1395 810 1573 881 gloria
1601 811 1657 866 in
1684 814 2108 871 saecula.Amen.

1046 945 1336 1002 HOMILIA
1379 947 1592 1004 CXXII.

771 1078 848 1134 De
879 1080 1136 1151 dignitate
1165 1090 1215 1135 et
1260 1081 1530 1152 {unctione
1571 1083 1855 1154 pontiﬁcis.

595 1191 884 1248 Pontiﬁcia
920 1192 1183 1264 dignitas,
1226 1195 1383 1266 juxta
1426 1205 1680 1251 veterum
1733 1197 2110 1263 traditionem,

525 1288 892 1358 praerogativa
945 1286 1159 1341 ordinis
1195 1287 1371 1342 ambit
1412 1298 1468 1344 et
1507 1289 1902 1358 complectitur
1931 1306 2115 1345 sacra-

528 1397 652 1436 rum
689 1397 876 1436 rerum
901 1381 1245 1436 iunctionem
1274 1397 1518 1445 omnem,
1543 1398 1668 1437 cum
1698 1385 2114 1453 praaeminentia

518 1472 742 1551 ordinis
797 1489 906 1543 qua
951 1473 1216 1528 omnibus
1269 1475 1578 1544 praepollet,
1627 1476 1829 1531 habeat
1884 1485 2115 1533 caeteros

527 1566 624 1635 qui
670 1567 738 1622 ad
787 1567 885 1621 Dei
942 1567 1154 1621 cultum
1183 1567 1502 1622 intermedii
1555 1578 1704 1634 sunt,
1742 1585 2112 1639 consecrare,

527 1667 587 1714 et
628 1659 926 1728 primarias
961 1659 1085 1713 illas
1113 1675 1237 1728 quae
1270 1659 1341 1714 ab
1374 1659 1496 1729 ipso
1544 1661 1657 1715 Deo
1695 1662 1914 1717 coalitus
1940 1663 2116 1734 inspi-

531 1764 750 1816 rantur,
799 1753 1046 1808 visiones
1092 1754 1474 1824 interpretari.
1517 1754 1661 1810 Sane
1714 1764 1939 1825 oportet
1973 1773 2116 1827 pono

535 1845 738 1901 tiﬁcem
783 1847 960 1901 virum
1007 1864 1130 1903 esse
1177 1857 1382 1920 praeter
1427 1848 1569 1903 alios
1620 1849 1864 1915 afﬂatum
1929 1851 2117 1908 favore

2213 728 2282 798 ρὰ
2319 728 2409 782 καὶ
2440 730 2782 798 ἀγαλλίασις.
2825 734 3021 788 Ἔσται
3058 736 3168 805 γὰρ
3204 733 3378 805 μέγας
3431 734 3666 789 ἐνώπιον
3690 737 3783 790 Ku-

2214 821 2332 892 ρίου
2350 823 2446 877 τοῦ
2472 824 2665 880 Θεοῦ.»
2691 825 2850 899 Αὐτῷ
2877 829 2908 898 ἡ
2939 827 3065 893 δόξα
3097 832 3178 892 εἰς
3197 831 3327 894 τοὺς
3356 829 3592 893 αἰῶνας.
3608 830 3779 902 Ἀμήν.

2782 965 3004 1020 ΛΟΓΟΣ
3051 968 3228 1021 PKB’.

2672 1097 2810 1167 Περὶ
2860 1101 3341 1170 ἀρχιερωσύνης.

2290 1211 2481 1263 Ἔστιν
2517 1210 2616 1280 μὲν
2641 1206 2736 1264 οὖν
2774 1211 2808 1281 ή
2847 1212 3230 1284 ἀρχιερωσύνη
3269 1212 3630 1284 περιεκτικὴ,
3665 1217 3786 1268 κατὰ

2215 1303 2308 1357 τὸν
2343 1306 2447 1373 τῆς
2470 1303 2826 1375 παραδόσεως
2856 1303 3013 1372 λόγον
3033 1347 3048 1367 ,
3079 1305 3190 1358 τῶν
3218 1305 3361 1360 κατὰ
3389 1304 3602 1375 ταύτην
3641 1308 3790 1362 ἀπάν-

2215 1412 2322 1448 των
2372 1395 2534 1467 ἱερῶν
2578 1399 2925 1466 πραγμάτων
2971 1395 3124 1462 τάξιν
3182 1397 3406 1468 ἔχουσα,
3472 1396 3574 1468 τὴν
3625 1399 3790 1452 πασῶν

2219 1487 2582 1559 ὑψηλοτέραν,
2612 1489 2675 1540 τὸ
2700 1488 2827 1558 περὶ
2853 1488 2986 1542 Θεὸν
3015 1490 3237 1559 ἀμέσως
3274 1488 3552 1561 ῖδρύσθαι,
3585 1492 3675 1543 καὶ
3710 1491 3791 1557 τὰς

2219 1577 2445 1649 πρώτας
2475 1580 2607 1650 παρ’
2643 1579 2807 1634 αὑτοῦ
2834 1579 3123 1650 οεοφανίας
3151 1581 3567 1652 ἐκλάμπεσθαι.
3599 1584 3686 1635 Δεῖ
3700 1583 3790 1655 γὰρ

2217 1671 2310 1724 τὸν
2341 1672 2716 1743 ἀρχιεράρχην
2739 1711 2754 1737 ,
2785 1673 2967 1726 ἐνθεόν
2998 1690 3057 1726 τε
3093 1675 3189 1728 καὶ⁵
3247 1673 3394 1727 θεῖον
3433 1672 3612 1743 ἄνδρα
3651 1670 3789 1738 εἶναι,

2222 1763 2405 1834 πάσης
2436 1765 2588 1834 ἱερᾶς
2613 1765 2928 1835 ἐπιστήμης
2955 1765 3050 1818 καὶ
3069 1764 3327 1834 γνώσεως
3351 1767 3788 1838 πεπληρωμένον·

2222 1856 2405 1920 καθὼς
2451 1858 2479 1910 ὁ
2518 1857 2730 1922 Παῦλος
2765 1859 3018 1929 Τιμοθέῳ
3061 1861 3393 1925 ἐπιστέλλει,
3433 1860 3643 1928 λέγων’
3679 1879 3696 1911 ι
3719 1862 3793 1914 Δεῖ

531 1937 788 1994 Numinis
816 1957 830 1993 :
857 1941 969 1995 imo
988 1941 1259 2006 divinum,
1289 1941 1568 2010 totiusque
1586 1942 1908 1998 sacratioris
1941 1945 2120 1999 scien-

2239 1945 2315 2003 ιῦν
2341 1947 2437 2003 τὸν
2471 1950 2772 2003 ἐπίσκοπον
2801 1951 3168 2023 ἀνεπίληπτον
3191 1947 3356 2015 εἶναι,
3392 1951 3685 2021 νηφάλεον,
3714 1952 3790 2004 σώμ

535 2031 628 2086 tia:
673 2042 730 2087 et
766 2033 1121 2103 cogitationis
1151 2048 1419 2102 perquam
1449 2034 1668 2103 plenum
1708 2053 1721 2088 :
1754 2037 2118 2105 quemadmo-

535 2122 666 2179 dum
710 2124 917 2179 Paulus
959 2139 1060 2179 suo
1096 2141 1197 2194 per
1239 2125 1532 2195 epistolam
1564 2127 1760 2182 scribit
1785 2126 2118 2182 Timotheo:

543 2235 562 2266 ‹
591 2213 822 2284 Oportet
853 2218 1180 2288 episcopum
1223 2234 1346 2274 esse
1396 2220 1975 2290 irreprehensibilem,
2030 2237 2122 2276 so-

535 2308 742 2373 brium,
775 2310 1418 2380 prudentem,ornatum,
1443 2313 1795 2383 hospitalem,
1813 2314 2121 2378 doctorem,

536 2417 647 2455 non
673 2403 1042 2466 vinolentum,
1067 2419 1177 2458 non
1207 2421 1619 2473 percussorem,
1650 2422 1763 2460 non
1795 2406 2122 2476 litigiosum,

537 2510 650 2549 non
711 2495 977 2564 cupidum
1027 2497 1092 2549 ¹⁰.
1125 2514 1144 2546 ι
1190 2496 1304 2551 Nec
1353 2512 1515 2552 secus
1577 2497 1762 2552 Titum
1815 2498 2123 2553 admonet:

545 2606 563 2636 ι
600 2585 832 2656 Oportet
867 2587 1190 2657 episcopum
1225 2589 1345 2643 sine
1381 2589 1616 2644 crimine
1664 2605 1808 2655 esse,
1853 2592 2001 2646 sicut
2031 2594 2128 2648 Dei

540 2679 1006 2748 diSpensaturem,
1052 2680 1406 2751 hospitalem,
1451 2682 1685 2753 justum,
1724 2685 2127 2752 continentem,

541 2773 968 2843 amplectentem
1011 2789 1140 2829 eum
1190 2777 1285 2846 qui
1331 2777 1637 2832 secundum
1689 2778 2002 2832 doctrinam
2045 2789 2132 2834 est

543 2864 763 2920 ﬁdelem
796 2881 1137 2933 sermonem,
1190 2877 1253 2923 ut
1282 2877 1485 2939 potens
1530 2871 1602 2926 sit
1629 2870 1913 2926 exhortari
1945 2871 2000 2926 in
2033 2870 2132 2925 do-

542 2957 721 3013 ctrina
772 2974 930 3025 sana,
967 2969 1023 3014 et
1064 2975 1164 3016 eos
1206 2960 1302 3031 qui
1349 2961 1764 3028 contradicunt,
1829 2963 2132 3032 redargue-

545 3067 606 3106 re
656 3053 719 3107 “.
762 3073 780 3104 ι
830 3053 1104 3122 Ephesios
1134 3054 1365 3124 insuper
1415 3055 1506 3110 his
1545 3057 1737 3111 verbis
1767 3057 2129 3111 cohortatur:

549 3161 571 3196 ι
605 3142 888 3198 Attendite
948 3145 1369 3216 vobismetipsis
1411 3156 1469 3202 et
1530 3147 1795 3202 universo
1843 3149 2019 3219 gregi,
2076 3150 2133 3205 in

2224 2060 2418 2113 φρονα,
2451 2043 2700 2114 κόσμιον,
2724 2043 3020 2113 φιλόξενον,
3053 2045 3388 2107 διδακτικδν,
3429 2044 3511 2115 μὴ
3540 2045 3790 2115 πάροινον,

2228 2136 2303 2208 μὴ
2333 2137 2603 2208 πλήκτην,
2638 2137 2713 2210 μὴ
2743 2137 3130 2214 αἰσχροκερδῆ,
3167 2137 3279 2190 ἀλλ’
3306 2137 3554 2206 ἐπιεικῆ,
3587 2137 3790 2208 ἄμαχον,

2225 2229 2617 2302 ἀφιλάργυρον.
2649 2250 2668 2280 ι
2715 2231 2994 2294 Ὡσαύτως
3027 2232 3120 2284 καὶ
3152 2230 3332 2299 Τίτῳο
3370 2248 3389 2280 ι
3428 2232 3524 2282 Δεῖ
3551 2229 3676 2299 γὰρ,
3712 2249 3794 2300 φη-

2228 2324 2333 2388 σὶν,
2371 2323 2462 2375 τὸν
2493 2322 2790 2376 ἐπίσκοπον
2825 2320 3157 2392 ἀνέγκλητον
3201 2315 3364 2382 εἶναι,
3396 2319 3477 2382 ὡς
3517 2318 3649 2371 Θεοῦ
3674 2319 3791 2371 οίκο-

2226 2413 2411 2484 νόμον,
2428 2413 2725 2481 φιλόξενον,
2755 2410 3072 2481 φιλάγαθον,
3104 2410 3381 2481 σώφρονα,
3399 2411 3633 2474 δίκαιον,
3653 2410 3791 2468 ὅσιον,

2229 2503 2500 2575 ἐγκρατῆ,
2555 2505 2915 2574 ἀντεχόμενον
2945 2502 3040 2556 τοῦ
3072 2503 3215 2557 κατὰ
3261 2503 3493 2573 διδαχὴν
3527 2499 3708 2554 πιστοῦ
3728 2501 3795 2553 iri-

2229 2613 2349 2665 γου,
2377 2596 2464 2649 ἵνα
2484 2595 2705 2659 δυνατὸς
2801 2596 2898 2648 καὶ
2925 2595 3267 2668 παρακαλεῖν
3311 2597 3370 2649 ἐν
3402 2597 3475 2665 τῇ
3509 2593 3796 2662 διδασκαλίᾳ

2229 2689 2297 2758 τῇ
2353 2685 2694 2758 ὑγιαινούσῃ,
2747 2686 2842 2739 καὶ
2889 2687 3018 2750 τοὺς
3067 2685 3463 2754 ἀντιλέγοντας
3502 2684 3791 2753 ἐλέγχειν.ι

2232 2778 2355 2840 Τοῖς
2385 2777 2442 2830 δὲ
2495 2778 2765 2848 Ἐφεσίοις
2793 2780 3013 2847 λέγων’
3047 2797 3065 2830 ι
3103 2778 3415 2850 Προσέχετε
3480 2777 3687 2839 ἑαυτοῖς
3722 2778 3797 2827 καὶ

2235 2869 2400 2923 παντὶ
2427 2871 2503 2941 τῷ
2530 2872 2799 2942 ποιμνίῳ,
2835 2873 2892 2923 ἐν
2932 2863 2976 2939 ᾧ
3007 2872 3152 2942 ὑμᾶς
3197 2871 3260 2923 τὸ
3311 2870 3546 2941 Πνεῦμα
3573 2869 3630 2923 τὸ
3669 2867 3796 2937 ἅγιον

2235 2963 2390 3016 ἔθετο
2433 2963 2766 3026 ἐπισκόπους
2805 2964 3112 3034 ποιμαίνειν
3139 2964 3479 3034 Ἐκκλησίαν
3525 2961 3621 3016 τοῦ
3666 2962 3794 3022 θεοῦ,

2237 3059 2305 3128 ἣν
2336 3058 2764 3129 περιεποιήσατο
2801 3058 2890 3110 διά
2918 3056 3011 3110 τοῦ
3048 3057 3175 3110 ίδίου
3207 3056 3466 3125 αἵματος.
3511 3075 3534 3108 ι
3591 3056 3702 3108 Ὀτι
3731 3054 3792 3115 δὲ.

2243 3170 2261 3202 ι
2284 3151 2312 3203 ὁ
2333 3150 2592 3221 θερισμὸς
2613 3150 2798 3214 πολὺς,
2819 3151 2976 3216 καὶρί
2997 3150 3225 3221 ἐργάται
3247 3149 3443 3219 ὀλίγοι,
3457 3168 3476 3200 ι
3497 3149 3652 3217 δῆλον
3669 3149 3795 3200 δτιὲν

544 3252 657 3314 quo
704 3237 888 3307 posuit
936 3253 1035 3291 vos
1063 3237 1305 3307 Spiritus
1332 3247 1556 3294 sanctus
1587 3239 1880 3311 episcopos
1910 3257 2133 3326 pascere

2241 3247 2351 3306 τοῖς
2393 3246 2604 3314 καιροῖς
2647 3243 2802 3314 ήμῶν
2844 3243 3000 3313 λιμός
3036 3245 3184 3298 ἐστιν
3240 3243 3332 3296 τοῦ
3383 3241 3620 3296 ἀκοῦσαι
3671 3241 3796 3309 λόγον

545 3331 850 3387 Ecclesiam
869 3333 988 3400 Dei,
1007 3348 1169 3402 quam
1187 3333 1478 3404 acquisivit
1499 3335 1725 3405 proprio
1749 3337 2014 3405 sanguine
2029 3337 2091 3390 ”.
2106 3356 2125 3390 ι

2240 3338 2466 3408 Κυρίου.

547 3461 620 3474 --
645 3429 874 3485 «Μοεεὶε
906 3446 1144 3501 namque
1192 3433 1388 3495 multa,
1428 3431 1668 3500 operarii
1708 3448 1839 3488 vero
1875 3434 2037 3504 pauci
2064 3434 2145 3488 ’δε
2194 3455 2212 3488 ι
2271 3433 2424 3490 hisce
2473 3434 2733 3490 nimirum
2766 3432 3108 3504 temporibus
3143 3433 3369 3496 nostris,
3415 3429 3634 3502 quando
3659 3428 3799 3483 fames

549 3525 780 3582 invaluit
820 3525 1080 3580 audiendi
1126 3524 1353 3579 verbum
1394 3524 1629 3578 Domini.

626 3620 840 3690 1227
862 3621 1050 3689 quue
1067 3635 1288 3674 oremus
1301 3620 1591 3674 Dominum
1611 3619 1825 3684 messis,
1845 3620 2141 3677 utemittat'

551 3713 840 3783 operarios
862 3711 916 3765 in
936 3726 1171 3766 messem
1204 3711 1684 3781 suam,operarios
1712 3726 1843 3766 sane
1883 3710 2019 3766 tales
2038 3710 2134 3780 qui

549 3806 782 3860 verbum
801 3804 1050 3859 veritatis
1070 3804 1474 3875 dispertiantur
1493 3813 1642 3859 recte
1677 3813 1735 3858 et
1769 3811 2024 3867 tractent,
2042 3803 2139 3874 qui

550 3897 704 3953 nullo
729 3897 1118 3953 deterreantur
1136 3898 1363 3968 probro,
1380 3896 1904 3966 irreprehensibiles
1919 3913 1934 3961 ;
1951 3912 2144 3967 opera-

551 4006 570 4044 :
584 3991 668 4046 ios
688 3991 915 4064 integra:
931 3998 987 4045 et
1005 3990 1300 4050 incolumis
1321 3989 1472 4057 ﬁdei,
1490 3989 1783 4045 luminaria
1797 3989 1948 4044 orbis
1966 3998 2143 4044 terra-

552 4099 675 4150 rum
689 4083 1298 4163 quioperenturcihum
1313 4084 1527 4159 nonqui
1544 4083 1808 4152 perit,sed
1825 4084 1919 4154 qui
1935 4098 2146 4153 permaq

553 4187 650 4243 net
667 4175 722 4231 in
747 4176 916 4232 vitam
931 4185 1218 4236 aeternam.
1240 4175 1537 4246 Operarios
1568 4177 1730 4248 plane
1762 4177 1921 4239 tales,
1947 4176 2139 4247 cujus-

555 4269 705 4325 modi
719 4269 954 4339 apostoli
969 4263 1145 4333 fuere,
1158 4267 1268 4322 illis
1285 4268 1577 4331 assimiles,
1597 4267 1802 4337 quibus
1818 4267 2138 4322 dicebatur:

564 4377 582 4410 ι
599 4358 862 4429 Nunquid
890 4375 1001 4423 non
1027 4374 1124 4413 vos
1142 4375 1282 4429 opus
1311 4374 1495 4420 meum
1519 4359 1676 4416 eritis
1693 4360 1746 4413 in
1764 4357 2092 4412 Domino“?
2119 4375 2137 4408 ι

555 4451 924 4535 Cpoperarios
961 4451 1176 4506 Domini
1206 4451 1260 4505 in
1289 4451 1674 4522 Evangelium,
1721 4452 1816 4521 qui
1842 4459 2147 4525 operentur

2312 3619 2402 3674 Διὸ
2459 3619 2741 3691 δεηοῶμεν
2794 3619 2891 3674 τοῦ
2943 3619 3153 3691 Κυρίου
3194 3617 3290 3672 τοῦ
3342 3615 3638 3688 θερισμοῦ,
3679 3615 3798 3676 ὅπως

2243 3712 2480 3783 ἐκϐάλλῃ
2509 3712 2747 3784 ἐργάτας
2774 3714 2852 3775 είς
2886 3710 2978 3764 τὸν
3002 3709 3263 3781 θερισμὸν
3291 3707 3461 3762 αὐτοῦ
3483 3723 3496 3735 ·
3535 3705 3646 3759 ἀλλ’
3668 3705 3798 3773 Epyti-

2241 3821 2338 3866 τας
2365 3802 2660 3867 τοιούτους,
2687 3801 3118 3873 ὀρθοτομοῦντας
3143 3799 3411 3868 τὸνλόγον
3437 3797 3539 3868 τῆς
3561 3794 3798 3865 ἀληθείας.

2246 3894 2732 3965 ἀνεπαισχύντους,
2793 3894 3231 3964 ἀνεπιλήπτους,
3287 3893 3533 3963 ἐργάτας
3586 3889 3796 3949 πιστοὺς,

2249 3989 2544 4058 φωστῆρας
2570 3987 2922 4058 οἰκουμένης,
2952 3985 3358 4058 ἐργαζομένους
3396 3984 3476 4055 μὴ
3508 3982 3606 4052 τὴν
3632 3979 3799 4048 βρῶσιν

2245 4082 2346 4152 τὴν
2363 4079 2562 4133 ἀπολλυ
2571 4079 2912 4150 μένην,ἀλλά
2931 4077 3031 4150 τὴν
3053 4080 3320 4142 μένουσαν
3339 4078 3416 4139 εἰς
3431 4075 3582 4145 ζωὴν
3598 4071 3798 4127 αἰώνιον·

2246 4177 2454 4246 ἐργάτα
2537 4173 2812 4237 τοιούτους
2839 4212 2856 4236 ,
2925 4170 3000 4234 ὡς
3045 4172 3094 4224 oi.
3135 4167 3462 4231 ἀπόστολοι,
3503 4169 3593 4220 καὶ
3661 4168 3800 4234 ὅμοιοι

2251 4271 2457 4335 αὐτοῖς,
2496 4263 2578 4331 οἷς
2636 4266 2821 4336 ἐλεγεν
2862 4267 2892 4319 ὁ
2939 4265 3188 4329 Παῦλος’
3232 4282 3252 4317 ι
3293 4264 3367 4317 Οὐ
3421 4263 3488 4315 τὸ
3541 4262 3688 4329 ἔργον
3717 4275 3797 4326 μου

2247 4365 2407 4434 ὑμεῖς
2432 4362 2554 4415 ἐστε
2595 4362 2653 4413 ἐν
2679 4359 2867 4431 Κυρίῳ
2893 4376 2908 4424 ;
2940 4378 2958 4409 ι
2994 4358 3298 4428 Συνεργοὺς
3329 4356 3406 4425 τῷ
3447 4353 3636 4423 Κυρίῳ
3667 4353 3730 4409 εἰς
3756 4349 3803 4399 τὸ

2251 4455 2606 4525 Εὑαγγέλιον,
2636 4451 3042 4525 ἐργαζομένους
3065 4452 3162 4521 τὴν
3190 4450 3469 4520 σωτηρίαν
3493 4448 3600 4501 τῶν
3625 4442 3797 4512 ἀνθρὼ-

561 4549 849 4604 hominum
864 4550 1119 4605 salutem.
1135 4568 1152 4600 ι
1174 4549 1293 4602 Non
1308 4547 1461 4602 enim
1475 4547 1596 4602 vult
1609 4547 1756 4602 Deus
1772 4556 2003 4601 mortem
2019 4561 2133 4616 pec-

2256 4567 2371 4602 πων
2399 4565 2412 4578 ·
2453 4567 2472 4600 ι
2515 4548 2590 4601 Ού
2623 4548 2732 4618 γὰρ
2758 4546 2956 4600 θέλειὸ
2987 4545 3120 4607 Θεὸς
3144 4543 3236 4596 τὸν
3270 4543 3506 4596 θάνατον
3533 4537 3624 4591 τοῦ
3654 4539 3800 4604 ἁμαρ-

559 4641 787 4707 catoris,
802 4641 1172 4712 magisautem
1193 4648 1253 4694 ut
1268 4638 2148 4708 eonvertaturetvivat“;teoque

562 4735 786 4791 dicebat
835 4735 1114 4802 Ezechieli
1166 4751 1180 4788 :
1230 4753 1248 4786 ι
1289 4733 1393 4792 Fili
1430 4732 1703 4798 hominis,
1737 4732 2147 4802 speculatorem

477 4833 480 4838 ’
563 4828 694 4895 dedi
743 4836 794 4885 te
849 4827 1042 4886 domui
1088 4827 1293 4890 Israel,
1351 4827 1548 4892 audies
1580 4841 1647 4880 ex
1675 4840 1764 4882 me
1797 4823 2055 4888 verbum,
2091 4830 2150 4876 et

567 4920 1024 4986 interminaheris
1051 4918 1157 4982 eis,
1190 4915 1412 4978 dicente
1445 4934 1532 4973 me
1569 4918 1783 4988 iniquo,
1823 4916 1998 4970 Morte
2032 4929 2151 4968 mo-

569 5014 768 5080 rieris;
806 5014 852 5068 si
887 5031 996 5079 non
1028 5013 1385 5083 prohibueris
1409 5027 1560 5075 eum,
1589 5012 1916 5081 sanguinem
1943 5007 2012 5062 de
2039 5023 2154 5064 ma-

565 5123 640 5161 nu
677 5115 768 5172 tua
805 5091 1083 5175 requiram
1119 5125 1133 5172 :
1163 5107 1312 5177 quod
1349 5107 1396 5161 si
1427 5112 1774 5168 contestatus
1799 5102 1975 5158 fueris
1998 5117 2152 5165 eum,

565 5208 622 5256 et
654 5215 768 5266 non
799 5215 1032 5256 aversus
1063 5201 1230 5265 fuerit
1275 5200 1345 5260 ab
1379 5199 1672 5278 iniquitate
1707 5212 1826 5260 sua,
1865 5195 1922 5252 in
1955 5210 2154 5265 pecca-

565 5305 625 5347 to
652 5307 754 5348 suo
791 5293 1081 5358 morietur,
1117 5303 1177 5349 et
1206 5303 1266 5348 tu
1301 5293 1540 5361 animam
1575 5300 1723 5346 tuam
1757 5289 2108 5346 liberabis“.
2132 5308 2150 5341 ι

569 5387 638 5441 Et
685 5403 702 5452 :
752 5405 772 5438 ι
812 5383 1006 5450 Justus
1037 5385 1082 5442 si
1117 5386 1384 5453 averterit
1410 5400 1469 5448 se
1502 5401 1532 5448 a_
1555 5383 1770 5456 jnstitia
1793 5398 1895 5449 sua
1925 5389 1984 5438 et
2009 5381 2154 5446 deli-

567 5478 789 5548 querit,
837 5477 958 5547 ipse
1008 5477 1064 5530 in
1100 5488 1330 5546 peccato
1353 5494 1456 5533 suo
1483 5477 1787 5541 morietur,
1837 5490 1950 5530 non
1985 5480 2157 5532 erunt

570 5570 626 5624 in
675 5570 943 5624 memoria
979 5569 1214 5642 iustitiae
1239 5571 1362 5640 ejus
1388 5586 1527 5640 quas
1552 5569 1703 5634 fecit,
1738 5577 1798 5623 et
1823 5566 2150 5636 sanguinem

572 5668 644 5728 de
661 5666 823 5723 manu
851 5677 942 5733 tua
962 5668 1270 5738 requiram,
1284 5667 1416 5737 quia
1430 5682 1539 5720 non
1561 5664 1898 5736 prohibuisti
1914 5678 2040 5718 eum
2054 5661 2117 5715 ".
2133 5679 2152 5712 ι

643 5824 664 5856 9
701 5823 833 5880 Luc.
867 5839 905 5885 ι,
946 5822 1027 5887 l3,
1065 5823 1149 5878 14.
1231 5823 1274 5856 ¹⁰
1311 5820 1356 5879 ll
1379 5819 1521 5874 Tim.
1557 5835 1638 5881 ιιι,
1669 5820 1723 5880 ‘2,
1757 5815 1808 5872 5.
1889 5819 1926 5848 ¹¹
1965 5816 2069 5874 Tit.
2102 5833 2133 5881 ι,

2239 5818 2289 5874 9.
2371 5817 2411 5848 ¹²
2441 5814 2556 5877 Act.
2591 5829 2680 5880 xx,
2710 5811 2796 5866 ‘28.
2874 5810 2915 5842 ’³
2947 5809 3140 5866 Matth.
3180 5823 3257 5868 ix.
3292 5805 3380 5859 57.

581 5889 630 5952 1.
719 5895 762 5926 ³⁵
796 5893 976 5952 Ειεοιι
1029 5910 1214 5960 xxxni,
1255 5893 1336 5947 ll.
1419 5892 1459 5923 ¹⁶
1493 5891 1698 5958 Ezech.
1732 5905 1809 5953 ιιι,
1853 5888 2039 5944 17-19.

2255 4638 2457 4698 τωλοῦ,
2491 4640 2565 4700 ὡς
2600 4637 2662 4690 τὸ
2693 4635 3153 4707 ἐπιστρέψαι,κα“ι
3177 4632 3275 4703 ζῇν
3297 4631 3484 4685 αὐτόν.
3527 4649 3545 4681 ι
3575 4627 3706 4680 Διότι
3728 4621 3800 4675 καὶ

2255 4733 2392 4803 πρὸς
2417 4733 2508 4786 τὸν
2547 4729 2807 4800 Ἰεζεκιὴλ
2840 4728 3026 4796 ἔλεγεν
3049 4741 3066 4756 ⁶
3107 4744 3126 4778 ι
3165 4725 3258 4778 Υἱὲ
3286 4722 3599 4793 ἀνθρώπου.
3639 4713 3801 4770 σκοπὸν

2254 4825 2464 4880 δέδωκά
2517 4841 2577 4877 σε
2629 4823 2707 4894 τῷ
2781 4821 2919 4893 οἴκῳ
2979 4817 3239 4890 Ἰσραὴλ,
3295 4817 3390 4868 καὶ
3439 4813 3648 4883 ἀκούσῃ
3696 4805 3797 4874 παρ’

2258 4917 2394 4988 ἐμοῦ
2433 4917 2614 4985 λόγον,
2647 4915 2741 4968 καὶ
2774 4912 3107 4986 διαπειλήσῃ
3133 4910 3336 4972 αὐτοῖς,
3371 4910 3430 4960 ἐν
3457 4905 3538 4975 τῷ
3562 4904 3724 4970 λέγειν
3750 4913 3800 4966 με

2255 5007 2334 5080 τῷ
2391 5009 2599 5077 ἀνόμῳ·
2637 5003 2869 5076 Θανάτῳ
2900 5001 3265 5071 Θανατωθήσῃ
3293 5016 3304 5028 ·
3335 4997 3430 5050 καὶ
3473 4997 3536 5048 οὐ
3564 4989 3802 5047 διεστείλω

2255 5101 2424 5170 αὐτῷ.
2486 5100 2560 5152 Τὸ
2613 5094 2754 5168 αἷμα
2805 5095 2971 5150 αὑτοῦ
2998 5096 3064 5147 ἐκ
3122 5093 3222 5162 τῆς
3289 5090 3472 5161 χειρός
3526 5103 3615 5140 σου
3676 5082 3804 5147 ἐκζη-

2255 5197 2426 5266 τήσω.
2485 5193 2613 5246 Ἐὰν
2665 5191 2724 5244 δέ
2772 5188 3124 5259 διαμαρτύρη
3190 5183 3360 5253 αὐτῷ,
3415 5181 3512 5236 καὶ
3559 5177 3630 5249 μὴ
3695 5175 3802 5270 dato:

2268 5287 2478 5359 στρέψῃ
2512 5287 2577 5339 ἐκ
2601 5287 2697 5355 τῆς
2725 5283 2958 5355 ἀνομίας
2987 5280 3175 5345 αὐτοῦ,
3211 5281 3268 5332 ἐν
3302 5280 3369 5347 τῇ
3398 5272 3639 5345 ἁμαρτίᾳ
3672 5267 3804 5359 αὑτοῦ

2267 5356 2647 5438 ἀποθανεῖται.
2682 5377 2791 5430 Καὶ
2821 5375 2887 5429 σὺ
2947 5374 3048 5445 τὴν
3089 5373 3271 5442 ψυχήν
3317 5388 3411 5422 σου
3445 5367 3599 5440 ῥύσῃ.
3636 5383 3653 5414 ι
3690 5356 3799 5414 Καίο

2279 5491 2298 5524 ι
2336 5473 2430 5527 Ἑν
2455 5472 2534 5544 τῷ
2561 5470 2928 5541 ἀποστρέφειν
2959 5469 3170 5521 δίκαιον
3199 5466 3309 5519 ἀπὸ
3347 5465 3446 5532 τῆς
3502 5456 3802 5517 δικαιοσύνης

2269 5564 2460 5631 αὐτοῦ,
2491 5565 2588 5618 καὶ
2623 5564 2874 5632 ποιήσειν
2898 5559 3278 5630 παράπτωμα,
3306 5556 3469 5617 αὐτὸς
3489 5555 3544 5605 ἐν
3572 5553 3633 5621 τῇ
3655 5547 3801 5614 ἁμαρ·

2271 5659 2363 5730 τίς»
2420 5657 2587 5712 αὐτοῦ
2653 5657 3031 5712 ἀποθανεῖται.
3099 5653 3208 5704 Καὶ
3279 5651 3341 5702 οὐ
3392 5647 3467 5718 μὴ
3537 5637 3802 5715 μνησθῶσιν

3497 5800 3535 5831 ³⁸
3564 5795 3713 5852 [001³.
3737 5805 3794 5846 Ιῖι
