  <div class='ocr_page' id='page_1' title='image "/cluster/home/n/w/nwhite01/storage/ocr_20150623/89/hvd.32044010610574/914.png"; bbox 0 0 4040 6518; ppageno 0'>
   <div class='ocr_carea' id='block_1_1' title="bbox 262 434 395 502">
    <p class='ocr_par' dir='ltr' id='par_1_1' title="bbox 262 434 395 502">
     <span class='ocr_line' id='line_1_1' title="bbox 262 434 395 502; baseline -0.03 0"><span class='ocrx_word' id='word_1_1' title='bbox 262 434 395 502; x_wconf 77' lang='grc'><strong>1813</strong></span> 
     </span>
    </p>
   </div>
   <div class='ocr_carea' id='block_1_2' title="bbox 1032 434 2783 497">
    <p class='ocr_par' dir='ltr' id='par_1_2' title="bbox 1032 434 2783 497">
     <span class='ocr_line' id='line_1_2' title="bbox 1032 434 2783 497; baseline -0.002 0"><span class='ocrx_word' id='word_1_2' title='bbox 1032 438 1361 497; x_wconf 71' lang='lat' dir='ltr'><strong>HOMIIJA</strong></span> <span class='ocrx_word' id='word_1_3' title='bbox 1398 436 1602 497; x_wconf 78' lang='lat' dir='ltr'><strong>CXXI.</strong></span> <span class='ocrx_word' id='word_1_4' title='bbox 1635 460 1701 469; x_wconf 86' lang='grc'><strong>·-</strong></span> <span class='ocrx_word' id='word_1_5' title='bbox 1734 436 1832 495; x_wconf 90' lang='lat' dir='ltr'><strong>DE</strong></span> <span class='ocrx_word' id='word_1_6' title='bbox 1874 434 2292 495; x_wconf 84' lang='lat' dir='ltr'><strong>DIGNITATE</strong></span> <span class='ocrx_word' id='word_1_7' title='bbox 2329 434 2783 495; x_wconf 88' lang='lat' dir='ltr'><strong>PONTIFICIA.</strong></span> 
     </span>
    </p>
   </div>
   <div class='ocr_carea' id='block_1_3' title="bbox 3393 430 3531 497">
    <p class='ocr_par' dir='ltr' id='par_1_3' title="bbox 3393 430 3531 497">
     <span class='ocr_line' id='line_1_3' title="bbox 3393 430 3531 497; baseline 0.007 -4"><span class='ocrx_word' id='word_1_8' title='bbox 3393 430 3531 497; x_wconf 75' lang='grc' dir='ltr'>ιειι</span> 
     </span>
    </p>
   </div>
   <div class='ocr_carea' id='block_1_4' title="bbox 253 545 1856 622">
    <p class='ocr_par' dir='ltr' id='par_1_4' title="bbox 253 545 1841 621">
     <span class='ocr_line' id='line_1_4' title="bbox 253 545 1841 621; baseline -0.002 -15"><span class='ocrx_word' id='word_1_9' title='bbox 253 556 312 606; x_wconf 77' lang='grc' dir='ltr'><strong>αἱ</strong></span> <span class='ocrx_word' id='word_1_10' title='bbox 355 553 692 607; x_wconf 74' lang='grc' dir='ltr'><strong>δικαιοσύναι</strong></span> <span class='ocrx_word' id='word_1_11' title='bbox 752 554 918 607; x_wconf 76' lang='grc' dir='ltr'>αὐτοῦ</span> <span class='ocrx_word' id='word_1_12' title='bbox 970 553 1034 617; x_wconf 78' lang='grc' dir='ltr'>ἃς</span> <span class='ocrx_word' id='word_1_13' title='bbox 1089 554 1344 621; x_wconf 80' lang='grc' dir='ltr'>ἐποίησεν</span> <span class='ocrx_word' id='word_1_14' title='bbox 1375 569 1386 579; x_wconf 89' lang='grc'>·</span> <span class='ocrx_word' id='word_1_15' title='bbox 1447 552 1542 605; x_wconf 69' lang='grc' dir='ltr'><strong>καὶ</strong></span> <span class='ocrx_word' id='word_1_16' title='bbox 1596 550 1658 603; x_wconf 75' lang='grc' dir='ltr'>τὸ</span> <span class='ocrx_word' id='word_1_17' title='bbox 1700 545 1841 620; x_wconf 76' lang='grc' dir='ltr'>αἷμα</span> 
     </span>
    </p>
   </div>
   <div class='ocr_carea' id='block_1_5' title="bbox 1963 545 3530 622">
    <p class='ocr_par' dir='ltr' id='par_1_5' title="bbox 1963 549 3530 622">
     <span class='ocr_line' id='line_1_5' title="bbox 1963 549 3530 622; baseline 0.001 -17"><span class='ocrx_word' id='word_1_18' title='bbox 1963 550 2014 605; x_wconf 70' lang='lat' dir='ltr'><strong>Et</strong></span> <span class='ocrx_word' id='word_1_19' title='bbox 2043 567 2057 603; x_wconf 88' lang='lat'><strong>:</strong></span> <span class='ocrx_word' id='word_1_20' title='bbox 2090 569 2106 602; x_wconf 87' lang='grc' dir='ltr'><strong>ι</strong></span> <span class='ocrx_word' id='word_1_21' title='bbox 2139 549 2221 605; x_wconf 87' lang='grc' dir='ltr'>Τυ</span> <span class='ocrx_word' id='word_1_22' title='bbox 2246 551 2301 606; x_wconf 78' lang='lat' dir='ltr'><strong>&#39;si</strong></span> <span class='ocrx_word' id='word_1_23' title='bbox 2334 550 2690 621; x_wconf 88' lang='lat' dir='ltr'><strong>prohibueris</strong></span> <span class='ocrx_word' id='word_1_24' title='bbox 2712 551 2924 622; x_wconf 84' lang='lat' dir='ltr'><strong>justum</strong></span> <span class='ocrx_word' id='word_1_25' title='bbox 2959 563 3026 605; x_wconf 89' lang='lat' dir='ltr'><strong>ne</strong></span> <span class='ocrx_word' id='word_1_26' title='bbox 3059 559 3271 619; x_wconf 87' lang='lat' dir='ltr'><strong>peccet,</strong></span> <span class='ocrx_word' id='word_1_27' title='bbox 3305 550 3416 604; x_wconf 90' lang='lat' dir='ltr'><strong>vita</strong></span> <span class='ocrx_word' id='word_1_28' title='bbox 3443 552 3530 606; x_wconf 84' lang='lat' dir='ltr'><strong>vi-</strong></span> 
     </span>
    </p>
   </div>
   <div class='ocr_carea' id='block_1_6' title="bbox 253 644 1845 718">
    <p class='ocr_par' dir='ltr' id='par_1_6' title="bbox 253 644 1845 718">
     <span class='ocr_line' id='line_1_6' title="bbox 253 644 1845 718; baseline -0.003 -19"><span class='ocrx_word' id='word_1_29' title='bbox 253 647 422 701; x_wconf 80' lang='grc' dir='ltr'>αὑτοῦ</span> <span class='ocrx_word' id='word_1_30' title='bbox 464 650 528 701; x_wconf 81' lang='grc' dir='ltr'>ὲκ</span> <span class='ocrx_word' id='word_1_31' title='bbox 553 647 655 717; x_wconf 84' lang='grc' dir='ltr'>τῆς</span> <span class='ocrx_word' id='word_1_32' title='bbox 692 647 874 718; x_wconf 81' lang='grc' dir='ltr'>χειρός</span> <span class='ocrx_word' id='word_1_33' title='bbox 910 664 1004 699; x_wconf 93' lang='grc' dir='ltr'><strong>σου</strong></span> <span class='ocrx_word' id='word_1_34' title='bbox 1033 646 1346 716; x_wconf 80' lang='grc' dir='ltr'><strong>ἀπαιτήσω,</strong></span> <span class='ocrx_word' id='word_1_35' title='bbox 1371 645 1455 699; x_wconf 85' lang='grc' dir='ltr'>ὅτι</span> <span class='ocrx_word' id='word_1_36' title='bbox 1481 646 1540 697; x_wconf 79' lang='grc' dir='ltr'><strong>οὐ</strong></span> <span class='ocrx_word' id='word_1_37' title='bbox 1573 644 1845 698; x_wconf 84' lang='grc' dir='ltr'>διεστείλω</span> 
     </span>
    </p>
   </div>
   <div class='ocr_carea' id='block_1_7' title="bbox 256 737 1846 812">
    <p class='ocr_par' dir='ltr' id='par_1_7' title="bbox 256 737 1846 812">
     <span class='ocr_line' id='line_1_7' title="bbox 256 737 1846 812; baseline -0.002 -19"><span class='ocrx_word' id='word_1_38' title='bbox 256 738 421 809; x_wconf 73' lang='grc' dir='ltr'>αὐτῷ.</span> <span class='ocrx_word' id='word_1_39' title='bbox 461 758 479 789; x_wconf 76' lang='grc' dir='ltr'><strong>ι</strong></span> <span class='ocrx_word' id='word_1_40' title='bbox 519 740 645 804; x_wconf 71' lang='grc' dir='ltr'>Καὶ,</span> <span class='ocrx_word' id='word_1_41' title='bbox 686 757 705 791; x_wconf 80' lang='grc' dir='ltr'><strong>ι</strong></span> <span class='ocrx_word' id='word_1_42' title='bbox 732 741 808 793; x_wconf 86' lang='grc' dir='ltr'><strong>Σὺ</strong></span> <span class='ocrx_word' id='word_1_43' title='bbox 861 739 957 793; x_wconf 84' lang='grc' dir='ltr'>ὲάν</span> <span class='ocrx_word' id='word_1_44' title='bbox 984 738 1264 812; x_wconf 80' lang='grc' dir='ltr'>διαστείλῃ</span> <span class='ocrx_word' id='word_1_45' title='bbox 1316 737 1397 810; x_wconf 80' lang='grc' dir='ltr'>τῷ</span> <span class='ocrx_word' id='word_1_46' title='bbox 1425 737 1620 807; x_wconf 84' lang='grc' dir='ltr'>δικαίῳ</span> <span class='ocrx_word' id='word_1_47' title='bbox 1646 737 1740 791; x_wconf 90' lang='grc' dir='ltr'><strong>τοῦ</strong></span> <span class='ocrx_word' id='word_1_48' title='bbox 1771 738 1846 808; x_wconf 83' lang='grc' dir='ltr'>μὴ</span> 
     </span>
    </p>
   </div>
   <div class='ocr_carea' id='block_1_8' title="bbox 255 829 1846 901">
    <p class='ocr_par' dir='ltr' id='par_1_8' title="bbox 255 829 1846 901">
     <span class='ocr_line' id='line_1_8' title="bbox 255 829 1846 901; baseline -0.001 -16"><span class='ocrx_word' id='word_1_49' title='bbox 255 832 618 901; x_wconf 76' lang='grc' dir='ltr'><strong>ἁμαρτάνειν,</strong></span> <span class='ocrx_word' id='word_1_50' title='bbox 654 831 768 900; x_wconf 83' lang='grc' dir='ltr'><strong>ζωῇ</strong></span> <span class='ocrx_word' id='word_1_51' title='bbox 824 830 1073 901; x_wconf 81' lang='grc' dir='ltr'><strong>ζήσεται,</strong></span> <span class='ocrx_word' id='word_1_52' title='bbox 1103 831 1199 883; x_wconf 75' lang='grc' dir='ltr'>καὶ</span> <span class='ocrx_word' id='word_1_53' title='bbox 1255 830 1319 883; x_wconf 80' lang='grc' dir='ltr'><strong>σὺ</strong></span> <span class='ocrx_word' id='word_1_54' title='bbox 1370 830 1471 901; x_wconf 87' lang='grc' dir='ltr'>τὴν</span> <span class='ocrx_word' id='word_1_55' title='bbox 1523 829 1702 901; x_wconf 78' lang='grc' dir='ltr'>ψυχήν</span> <span class='ocrx_word' id='word_1_56' title='bbox 1751 846 1846 883; x_wconf 92' lang='grc' dir='ltr'><strong>σου</strong></span> 
     </span>
    </p>
   </div>
   <div class='ocr_carea' id='block_1_9' title="bbox 256 921 1848 995">
    <p class='ocr_par' dir='ltr' id='par_1_9' title="bbox 256 921 1848 995">
     <span class='ocr_line' id='line_1_9' title="bbox 256 921 1848 995; baseline -0.001 -18"><span class='ocrx_word' id='word_1_57' title='bbox 256 923 417 995; x_wconf 78' lang='grc' dir='ltr'>ρὑῃ.</span> <span class='ocrx_word' id='word_1_58' title='bbox 460 944 477 966; x_wconf 71' lang='grc' dir='ltr'><strong>ι</strong></span> <span class='ocrx_word' id='word_1_59' title='bbox 511 923 622 976; x_wconf 70' lang='grc' dir='ltr'>Καὶ</span> <span class='ocrx_word' id='word_1_60' title='bbox 678 924 874 992; x_wconf 70' lang='grc' dir='ltr'>ἐπάγει</span> <span class='ocrx_word' id='word_1_61' title='bbox 904 940 916 953; x_wconf 90' lang='grc'><strong>·</strong></span> <span class='ocrx_word' id='word_1_62' title='bbox 962 942 981 973; x_wconf 76' lang='grc' dir='ltr'><strong>ι</strong></span> <span class='ocrx_word' id='word_1_63' title='bbox 1017 925 1102 975; x_wconf 88' lang='grc' dir='ltr'>Ζῶ</span> <span class='ocrx_word' id='word_1_64' title='bbox 1152 921 1284 990; x_wconf 78' lang='grc' dir='ltr'>ἐγὼ,</span> <span class='ocrx_word' id='word_1_65' title='bbox 1316 922 1468 991; x_wconf 82' lang='grc' dir='ltr'>λέγει</span> <span class='ocrx_word' id='word_1_66' title='bbox 1501 922 1733 995; x_wconf 83' lang='grc' dir='ltr'>Κύριος,</span> <span class='ocrx_word' id='word_1_67' title='bbox 1766 924 1848 976; x_wconf 79' lang='grc' dir='ltr'><strong>ὅτι</strong></span> 
     </span>
    </p>
   </div>
   <div class='ocr_carea' id='block_1_10' title="bbox 252 1014 1847 1086">
    <p class='ocr_par' dir='ltr' id='par_1_10' title="bbox 252 1014 1847 1086">
     <span class='ocr_line' id='line_1_10' title="bbox 252 1014 1847 1086; baseline -0.001 -17"><span class='ocrx_word' id='word_1_68' title='bbox 252 1017 315 1069; x_wconf 82' lang='grc' dir='ltr'>οὺ</span> <span class='ocrx_word' id='word_1_69' title='bbox 344 1015 485 1069; x_wconf 87' lang='grc' dir='ltr'>θέλω</span> <span class='ocrx_word' id='word_1_70' title='bbox 514 1016 605 1069; x_wconf 84' lang='grc' dir='ltr'><strong>τὸν</strong></span> <span class='ocrx_word' id='word_1_71' title='bbox 640 1016 872 1070; x_wconf 79' lang='grc' dir='ltr'>θάνατον</span> <span class='ocrx_word' id='word_1_72' title='bbox 893 1014 987 1067; x_wconf 93' lang='grc' dir='ltr'><strong>τοῦ</strong></span> <span class='ocrx_word' id='word_1_73' title='bbox 1020 1015 1370 1086; x_wconf 82' lang='grc' dir='ltr'>άμαρτωλοῦ,</span> <span class='ocrx_word' id='word_1_74' title='bbox 1397 1015 1473 1079; x_wconf 85' lang='grc' dir='ltr'>ὡς</span> <span class='ocrx_word' id='word_1_75' title='bbox 1501 1016 1563 1068; x_wconf 82' lang='grc' dir='ltr'><strong>τὸ</strong></span> <span class='ocrx_word' id='word_1_76' title='bbox 1591 1015 1847 1086; x_wconf 78' lang='grc' dir='ltr'>ἐπιστρέο</span> 
     </span>
    </p>
   </div>
   <div class='ocr_carea' id='block_1_11' title="bbox 252 1106 1849 1179">
    <p class='ocr_par' dir='ltr' id='par_1_11' title="bbox 252 1106 1849 1179">
     <span class='ocr_line' id='line_1_11' title="bbox 252 1106 1849 1179; baseline -0.003 -17"><span class='ocrx_word' id='word_1_77' title='bbox 252 1109 351 1177; x_wconf 67' lang='grc' dir='ltr'><strong>ψαι</strong></span> <span class='ocrx_word' id='word_1_78' title='bbox 394 1110 490 1161; x_wconf 80' lang='grc' dir='ltr'>καὶ</span> <span class='ocrx_word' id='word_1_79' title='bbox 514 1109 615 1179; x_wconf 76' lang='grc' dir='ltr'><strong>ζῇν</strong></span> <span class='ocrx_word' id='word_1_80' title='bbox 643 1109 827 1161; x_wconf 78' lang='grc' dir='ltr'>αὐτόν.</span> <span class='ocrx_word' id='word_1_81' title='bbox 874 1126 893 1159; x_wconf 75' lang='grc' dir='ltr'><strong>ι</strong></span> <span class='ocrx_word' id='word_1_82' title='bbox 929 1107 995 1159; x_wconf 82' lang='grc' dir='ltr'><strong>Τί</strong></span> <span class='ocrx_word' id='word_1_83' title='bbox 1050 1106 1108 1159; x_wconf 88' lang='grc' dir='ltr'><strong>δέ</strong></span> <span class='ocrx_word' id='word_1_84' title='bbox 1145 1124 1312 1177; x_wconf 83' lang='grc' dir='ltr'>φησιν</span> <span class='ocrx_word' id='word_1_85' title='bbox 1341 1107 1369 1160; x_wconf 99' lang='lat'><strong>6</strong></span> <span class='ocrx_word' id='word_1_86' title='bbox 1404 1106 1609 1178; x_wconf 84' lang='grc' dir='ltr'>Κύριος</span> <span class='ocrx_word' id='word_1_87' title='bbox 1635 1107 1714 1177; x_wconf 84' lang='grc' dir='ltr'>τῷ</span> <span class='ocrx_word' id='word_1_88' title='bbox 1747 1107 1849 1159; x_wconf 82' lang='grc' dir='ltr'><strong>Ιιέ-</strong></span> 
     </span>
    </p>
   </div>
   <div class='ocr_carea' id='block_1_12' title="bbox 253 1198 1849 1271">
    <p class='ocr_par' dir='ltr' id='par_1_12' title="bbox 253 1198 1849 1271">
     <span class='ocr_line' id='line_1_12' title="bbox 253 1198 1849 1271; baseline -0.001 -18"><span class='ocrx_word' id='word_1_89' title='bbox 253 1218 370 1271; x_wconf 86' lang='grc' dir='ltr'>τρῳ</span> <span class='ocrx_word' id='word_1_90' title='bbox 396 1217 411 1265; x_wconf 87' lang='grc'>;</span> <span class='ocrx_word' id='word_1_91' title='bbox 442 1218 461 1251; x_wconf 78' lang='grc' dir='ltr'><strong>ι</strong></span> <span class='ocrx_word' id='word_1_92' title='bbox 511 1201 651 1253; x_wconf 85' lang='grc' dir='ltr'>Ὀσα</span> <span class='ocrx_word' id='word_1_93' title='bbox 683 1198 750 1253; x_wconf 83' lang='grc' dir='ltr'>ἂν</span> <span class='ocrx_word' id='word_1_94' title='bbox 778 1199 979 1269; x_wconf 79' lang='grc' dir='ltr'><strong>δήσητε</strong></span> <span class='ocrx_word' id='word_1_95' title='bbox 1014 1199 1105 1250; x_wconf 75' lang='grc' dir='ltr'>ἐπὶ</span> <span class='ocrx_word' id='word_1_96' title='bbox 1131 1198 1231 1268; x_wconf 76' lang='grc' dir='ltr'>τῆς</span> <span class='ocrx_word' id='word_1_97' title='bbox 1261 1199 1385 1269; x_wconf 81' lang='grc' dir='ltr'>γῆς,</span> <span class='ocrx_word' id='word_1_98' title='bbox 1413 1199 1565 1251; x_wconf 73' lang='grc' dir='ltr'>ἔσται</span> <span class='ocrx_word' id='word_1_99' title='bbox 1590 1198 1849 1270; x_wconf 80' lang='grc' dir='ltr'>δεδεμένα</span> 
     </span>
    </p>
   </div>
   <div class='ocr_carea' id='block_1_13' title="bbox 255 1290 1851 1361">
    <p class='ocr_par' dir='ltr' id='par_1_13' title="bbox 255 1290 1851 1361">
     <span class='ocr_line' id='line_1_13' title="bbox 255 1290 1851 1361; baseline 0.001 -18"><span class='ocrx_word' id='word_1_100' title='bbox 255 1294 457 1355; x_wconf 80' lang='grc' dir='ltr'>ἐντοῖς</span> <span class='ocrx_word' id='word_1_101' title='bbox 512 1291 783 1360; x_wconf 78' lang='grc' dir='ltr'>οὐρανοῖς.</span> <span class='ocrx_word' id='word_1_102' title='bbox 833 1309 850 1341; x_wconf 73' lang='grc' dir='ltr'><strong>ι</strong></span> <span class='ocrx_word' id='word_1_103' title='bbox 891 1290 1036 1361; x_wconf 79' lang='grc' dir='ltr'>Ὅρα</span> <span class='ocrx_word' id='word_1_104' title='bbox 1097 1290 1343 1360; x_wconf 76' lang='grc' dir='ltr'><strong>ῥήματος</strong></span> <span class='ocrx_word' id='word_1_105' title='bbox 1399 1290 1631 1361; x_wconf 88' lang='grc' dir='ltr'>δύναμιν</span> <span class='ocrx_word' id='word_1_106' title='bbox 1672 1308 1686 1323; x_wconf 80' lang='lat'>&#39;</span> <span class='ocrx_word' id='word_1_107' title='bbox 1749 1292 1851 1345; x_wconf 81' lang='grc' dir='ltr'><strong>οὐκ</strong></span> 
     </span>
    </p>
   </div>
   <div class='ocr_carea' id='block_1_14' title="bbox 258 1376 1851 1452">
    <p class='ocr_par' dir='ltr' id='par_1_14' title="bbox 258 1376 1851 1452">
     <span class='ocr_line' id='line_1_14' title="bbox 258 1376 1851 1452; baseline 0.001 -19"><span class='ocrx_word' id='word_1_108' title='bbox 258 1376 435 1444; x_wconf 73' lang='grc' dir='ltr'>εἶπεν,</span> <span class='ocrx_word' id='word_1_109' title='bbox 502 1382 642 1433; x_wconf 76' lang='grc' dir='ltr'>Ὅσα</span> <span class='ocrx_word' id='word_1_110' title='bbox 699 1380 765 1434; x_wconf 87' lang='grc' dir='ltr'><strong>ἂν</strong></span> <span class='ocrx_word' id='word_1_111' title='bbox 802 1381 973 1451; x_wconf 83' lang='grc' dir='ltr'><strong>δήσῃς</strong></span> <span class='ocrx_word' id='word_1_112' title='bbox 1005 1381 1098 1433; x_wconf 73' lang='grc' dir='ltr'><strong>ἐπὶ</strong></span> <span class='ocrx_word' id='word_1_113' title='bbox 1132 1381 1230 1451; x_wconf 84' lang='grc' dir='ltr'><strong>τῆς</strong></span> <span class='ocrx_word' id='word_1_114' title='bbox 1256 1382 1379 1450; x_wconf 78' lang='grc' dir='ltr'>γῆς,</span> <span class='ocrx_word' id='word_1_115' title='bbox 1413 1382 1567 1435; x_wconf 57' lang='grc' dir='ltr'>ἔσται</span> <span class='ocrx_word' id='word_1_116' title='bbox 1592 1381 1851 1452; x_wconf 75' lang='grc' dir='ltr'><strong>δεδεμένα</strong></span> 
     </span>
    </p>
   </div>
   <div class='ocr_carea' id='block_1_15' title="bbox 258 1471 1851 1544">
    <p class='ocr_par' dir='ltr' id='par_1_15' title="bbox 258 1471 1851 1544">
     <span class='ocr_line' id='line_1_15' title="bbox 258 1471 1851 1544; baseline 0.002 -21"><span class='ocrx_word' id='word_1_117' title='bbox 258 1473 351 1523; x_wconf 73' lang='grc' dir='ltr'>ἐπὶ</span> <span class='ocrx_word' id='word_1_118' title='bbox 366 1471 467 1541; x_wconf 81' lang='grc' dir='ltr'>τῆς</span> <span class='ocrx_word' id='word_1_119' title='bbox 488 1475 612 1541; x_wconf 70' lang='grc' dir='ltr'>γῆς,</span> <span class='ocrx_word' id='word_1_120' title='bbox 632 1471 769 1533; x_wconf 78' lang='grc' dir='ltr'>ἀλλ’,</span> <span class='ocrx_word' id='word_1_121' title='bbox 798 1490 816 1522; x_wconf 78' lang='grc' dir='ltr'><strong>ι</strong></span> <span class='ocrx_word' id='word_1_122' title='bbox 848 1471 990 1525; x_wconf 85' lang='grc' dir='ltr'><strong>Ὅσα</strong></span> <span class='ocrx_word' id='word_1_123' title='bbox 1017 1471 1082 1524; x_wconf 83' lang='grc' dir='ltr'><strong>ἂν</strong></span> <span class='ocrx_word' id='word_1_124' title='bbox 1112 1472 1280 1544; x_wconf 81' lang='grc' dir='ltr'>δήσῃς</span> <span class='ocrx_word' id='word_1_125' title='bbox 1312 1472 1518 1541; x_wconf 77' lang='grc' dir='ltr'>ὲπὶτῆς</span> <span class='ocrx_word' id='word_1_126' title='bbox 1544 1472 1670 1541; x_wconf 80' lang='grc' dir='ltr'>γῆς,</span> <span class='ocrx_word' id='word_1_127' title='bbox 1700 1473 1851 1526; x_wconf 78' lang='grc' dir='ltr'>ἔσται</span> 
     </span>
    </p>
   </div>
   <div class='ocr_carea' id='block_1_16' title="bbox 257 1563 1850 1633">
    <p class='ocr_par' dir='ltr' id='par_1_16' title="bbox 257 1563 1850 1633">
     <span class='ocr_line' id='line_1_16' title="bbox 257 1563 1850 1633; baseline 0.002 -19"><span class='ocrx_word' id='word_1_128' title='bbox 257 1564 524 1632; x_wconf 81' lang='grc' dir='ltr'>δεδεμένα</span> <span class='ocrx_word' id='word_1_129' title='bbox 573 1566 629 1616; x_wconf 80' lang='grc' dir='ltr'>ὲν</span> <span class='ocrx_word' id='word_1_130' title='bbox 665 1565 777 1624; x_wconf 80' lang='grc' dir='ltr'>τοῖς</span> <span class='ocrx_word' id='word_1_131' title='bbox 822 1564 1074 1633; x_wconf 75' lang='grc' dir='ltr'>οὐρανοῖς</span> <span class='ocrx_word' id='word_1_132' title='bbox 1107 1579 1123 1594; x_wconf 72' lang='grc' dir='ltr'><strong>ο</strong></span> <span class='ocrx_word' id='word_1_133' title='bbox 1162 1582 1180 1614; x_wconf 75' lang='grc' dir='ltr'><strong>ι</strong></span> <span class='ocrx_word' id='word_1_134' title='bbox 1223 1563 1309 1615; x_wconf 85' lang='grc' dir='ltr'><strong>ἴνα</strong></span> <span class='ocrx_word' id='word_1_135' title='bbox 1378 1563 1471 1616; x_wconf 69' lang='grc' dir='ltr'>καὶ</span> <span class='ocrx_word' id='word_1_136' title='bbox 1510 1563 1680 1615; x_wconf 86' lang='grc' dir='ltr'>ποιῶν</span> <span class='ocrx_word' id='word_1_137' title='bbox 1704 1565 1850 1617; x_wconf 83' lang='grc' dir='ltr'>ἀκοι-</span> 
     </span>
    </p>
   </div>
   <div class='ocr_carea' id='block_1_17' title="bbox 257 1654 1855 1727">
    <p class='ocr_par' dir='ltr' id='par_1_17' title="bbox 257 1654 1855 1727">
     <span class='ocr_line' id='line_1_17' title="bbox 257 1654 1855 1727; baseline 0.001 -19"><span class='ocrx_word' id='word_1_138' title='bbox 257 1655 575 1725; x_wconf 80' lang='grc' dir='ltr'>νώνητον,ἢ</span> <span class='ocrx_word' id='word_1_139' title='bbox 614 1656 924 1724; x_wconf 81' lang='grc' dir='ltr'>κωλύων,ἢ</span> <span class='ocrx_word' id='word_1_140' title='bbox 983 1654 1297 1724; x_wconf 83' lang='grc' dir='ltr'>καθαιρῶν,</span> <span class='ocrx_word' id='word_1_141' title='bbox 1328 1655 1557 1727; x_wconf 71' lang='grc' dir='ltr'>φοϐερὸν</span> <span class='ocrx_word' id='word_1_142' title='bbox 1603 1655 1747 1726; x_wconf 78' lang='grc' dir='ltr'>ἔχοις</span> <span class='ocrx_word' id='word_1_143' title='bbox 1795 1656 1855 1710; x_wconf 78' lang='grc' dir='ltr'>τὸ</span> 
     </span>
    </p>
   </div>
   <div class='ocr_carea' id='block_1_18' title="bbox 261 1746 1854 1818">
    <p class='ocr_par' dir='ltr' id='par_1_18' title="bbox 261 1746 1854 1818">
     <span class='ocr_line' id='line_1_18' title="bbox 261 1746 1854 1818; baseline 0.001 -19"><span class='ocrx_word' id='word_1_144' title='bbox 261 1748 521 1816; x_wconf 82' lang='grc' dir='ltr'>πρᾶγμα,</span> <span class='ocrx_word' id='word_1_145' title='bbox 549 1748 625 1810; x_wconf 83' lang='grc' dir='ltr'>ὡς</span> <span class='ocrx_word' id='word_1_146' title='bbox 684 1747 977 1818; x_wconf 71' lang='grc' dir='ltr'>σύμψηφον</span> <span class='ocrx_word' id='word_1_147' title='bbox 1034 1746 1215 1799; x_wconf 88' lang='grc' dir='ltr'>καλῶν</span> <span class='ocrx_word' id='word_1_148' title='bbox 1267 1748 1376 1800; x_wconf 85' lang='grc' dir='ltr'><strong>τῶν</strong></span> <span class='ocrx_word' id='word_1_149' title='bbox 1422 1747 1554 1801; x_wconf 87' lang='grc' dir='ltr'>Θεόν</span> <span class='ocrx_word' id='word_1_150' title='bbox 1583 1766 1596 1781; x_wconf 74' lang='grc' dir='ltr'><strong><em>ο</em></strong></span> <span class='ocrx_word' id='word_1_151' title='bbox 1625 1748 1700 1812; x_wconf 85' lang='grc' dir='ltr'>ὼς</span> <span class='ocrx_word' id='word_1_152' title='bbox 1749 1748 1854 1803; x_wconf 78' lang='grc' dir='ltr'>ὑπὸ</span> 
     </span>
    </p>
   </div>
   <div class='ocr_carea' id='block_1_19' title="bbox 263 1839 1855 1910">
    <p class='ocr_par' dir='ltr' id='par_1_19' title="bbox 263 1839 1855 1910">
     <span class='ocr_line' id='line_1_19' title="bbox 263 1839 1855 1910; baseline 0 -17"><span class='ocrx_word' id='word_1_153' title='bbox 263 1840 506 1910; x_wconf 81' lang='grc' dir='ltr'>μάρτυρι</span> <span class='ocrx_word' id='word_1_154' title='bbox 540 1840 633 1892; x_wconf 89' lang='grc' dir='ltr'><strong>τοῦ</strong></span> <span class='ocrx_word' id='word_1_155' title='bbox 662 1840 719 1893; x_wconf 83' lang='grc' dir='ltr'><strong>ἐν</strong></span> <span class='ocrx_word' id='word_1_156' title='bbox 740 1840 988 1907; x_wconf 77' lang='grc' dir='ltr'>οὐρανοῖς</span> <span class='ocrx_word' id='word_1_157' title='bbox 1024 1839 1182 1892; x_wconf 88' lang='grc' dir='ltr'>τοῦτο</span> <span class='ocrx_word' id='word_1_158' title='bbox 1239 1839 1409 1892; x_wconf 87' lang='grc' dir='ltr'>ποιῶν</span> <span class='ocrx_word' id='word_1_159' title='bbox 1431 1855 1445 1870; x_wconf 75' lang='grc' dir='ltr'><strong><em>ο</em></strong></span> <span class='ocrx_word' id='word_1_160' title='bbox 1479 1842 1572 1893; x_wconf 75' lang='grc' dir='ltr'><strong>καὶ</strong></span> <span class='ocrx_word' id='word_1_161' title='bbox 1596 1842 1623 1893; x_wconf 93' lang='lat'><strong>6</strong></span> <span class='ocrx_word' id='word_1_162' title='bbox 1650 1842 1855 1895; x_wconf 79' lang='grc' dir='ltr'>κωλυό-</span> 
     </span>
    </p>
   </div>
   <div class='ocr_carea' id='block_1_20' title="bbox 263 1930 1849 2003">
    <p class='ocr_par' dir='ltr' id='par_1_20' title="bbox 263 1930 1849 2003">
     <span class='ocr_line' id='line_1_20' title="bbox 263 1930 1849 2003; baseline 0.002 -21"><span class='ocrx_word' id='word_1_163' title='bbox 263 1948 425 1999; x_wconf 86' lang='grc' dir='ltr'>μενος</span> <span class='ocrx_word' id='word_1_164' title='bbox 451 1930 483 1999; x_wconf 78' lang='grc' dir='ltr'>ἢ</span> <span class='ocrx_word' id='word_1_165' title='bbox 509 1931 943 2002; x_wconf 74' lang='grc' dir='ltr'>καθαιρούμενος</span> <span class='ocrx_word' id='word_1_166' title='bbox 973 1930 1210 2001; x_wconf 79' lang='grc' dir='ltr'>φρίττοι,</span> <span class='ocrx_word' id='word_1_167' title='bbox 1252 1930 1327 1994; x_wconf 88' lang='grc' dir='ltr'>ὡς</span> <span class='ocrx_word' id='word_1_168' title='bbox 1366 1931 1470 1995; x_wconf 75' lang='grc' dir='ltr'><strong>ἔξω</strong></span> <span class='ocrx_word' id='word_1_169' title='bbox 1523 1931 1849 2003; x_wconf 77' lang='grc' dir='ltr'>βαλλόμενος</span> 
     </span>
    </p>
   </div>
   <div class='ocr_carea' id='block_1_21' title="bbox 258 2019 1850 2093">
    <p class='ocr_par' dir='ltr' id='par_1_21' title="bbox 258 2019 1850 2093">
     <span class='ocr_line' id='line_1_21' title="bbox 258 2019 1850 2093; baseline 0.004 -22"><span class='ocrx_word' id='word_1_170' title='bbox 258 2020 510 2090; x_wconf 81' lang='grc' dir='ltr'>οὐρανῶν</span> <span class='ocrx_word' id='word_1_171' title='bbox 574 2020 873 2090; x_wconf 83' lang='grc' dir='ltr'>βασιλείας.</span> <span class='ocrx_word' id='word_1_172' title='bbox 924 2020 1088 2090; x_wconf 86' lang='grc' dir='ltr'>Ὅρα,</span> <span class='ocrx_word' id='word_1_173' title='bbox 1144 2023 1331 2090; x_wconf 62' lang='grc' dir='ltr'>φησιν,</span> <span class='ocrx_word' id='word_1_174' title='bbox 1361 2022 1414 2074; x_wconf 87' lang='grc' dir='ltr'><strong>τί</strong></span> <span class='ocrx_word' id='word_1_175' title='bbox 1464 2024 1750 2093; x_wconf 77' lang='grc' dir='ltr'>πράττεις,</span> <span class='ocrx_word' id='word_1_176' title='bbox 1806 2019 1850 2077; x_wconf 82' lang='grc' dir='ltr'><strong>ὧ</strong></span> 
     </span>
    </p>
   </div>
   <div class='ocr_carea' id='block_1_22' title="bbox 264 2110 1848 2185">
    <p class='ocr_par' dir='ltr' id='par_1_22' title="bbox 264 2110 1848 2185">
     <span class='ocr_line' id='line_1_22' title="bbox 264 2110 1848 2185; baseline 0.004 -23"><span class='ocrx_word' id='word_1_177' title='bbox 264 2110 436 2179; x_wconf 76' lang='grc' dir='ltr'>ἱερεῦ,</span> <span class='ocrx_word' id='word_1_178' title='bbox 470 2110 506 2165; x_wconf 71' lang='grc' dir='ltr'>ἃ</span> <span class='ocrx_word' id='word_1_179' title='bbox 564 2112 716 2165; x_wconf 84' lang='grc' dir='ltr'>κάτω</span> <span class='ocrx_word' id='word_1_180' title='bbox 748 2112 972 2178; x_wconf 81' lang='grc' dir='ltr'>δεσμεῖς</span> <span class='ocrx_word' id='word_1_181' title='bbox 995 2152 1009 2175; x_wconf 90' lang='grc'><strong>,</strong></span> <span class='ocrx_word' id='word_1_182' title='bbox 1038 2112 1150 2165; x_wconf 82' lang='grc' dir='ltr'>ἄνω</span> <span class='ocrx_word' id='word_1_183' title='bbox 1179 2113 1585 2181; x_wconf 87' lang='grc' dir='ltr'>λογοθετεῖσθαι</span> <span class='ocrx_word' id='word_1_184' title='bbox 1618 2116 1848 2185; x_wconf 75' lang='grc' dir='ltr'>προσδό-</span> 
     </span>
    </p>
   </div>
   <div class='ocr_carea' id='block_1_23' title="bbox 264 2196 1849 2268">
    <p class='ocr_par' dir='ltr' id='par_1_23' title="bbox 264 2196 1849 2268">
     <span class='ocr_line' id='line_1_23' title="bbox 264 2196 1849 2268; baseline 0.004 -20"><span class='ocrx_word' id='word_1_185' title='bbox 264 2212 437 2265; x_wconf 84' lang='grc' dir='ltr'>κησον</span> <span class='ocrx_word' id='word_1_186' title='bbox 464 2214 476 2227; x_wconf 74' lang='grc' dir='ltr'><strong>ο</strong></span> <span class='ocrx_word' id='word_1_187' title='bbox 509 2196 609 2249; x_wconf 85' lang='grc' dir='ltr'><strong>οὐκ</strong></span> <span class='ocrx_word' id='word_1_188' title='bbox 661 2198 807 2249; x_wconf 78' lang='grc' dir='ltr'>ἐστιν</span> <span class='ocrx_word' id='word_1_189' title='bbox 860 2196 1153 2260; x_wconf 76' lang='grc' dir='ltr'>ἀνεύθυνος</span> <span class='ocrx_word' id='word_1_190' title='bbox 1199 2200 1226 2251; x_wconf 93' lang='lat'><strong>6</strong></span> <span class='ocrx_word' id='word_1_191' title='bbox 1257 2198 1476 2268; x_wconf 78' lang='grc' dir='ltr'>δεσμὸς,</span> <span class='ocrx_word' id='word_1_192' title='bbox 1507 2199 1603 2253; x_wconf 76' lang='grc' dir='ltr'><strong>ἐὰν</strong></span> <span class='ocrx_word' id='word_1_193' title='bbox 1649 2200 1849 2263; x_wconf 77' lang='grc' dir='ltr'>ἀδίκως</span> 
     </span>
    </p>
   </div>
   <div class='ocr_carea' id='block_1_24' title="bbox 262 2283 1851 2355">
    <p class='ocr_par' dir='ltr' id='par_1_24' title="bbox 262 2283 1851 2355">
     <span class='ocr_line' id='line_1_24' title="bbox 262 2283 1851 2355; baseline 0.001 -18"><span class='ocrx_word' id='word_1_194' title='bbox 262 2283 571 2355; x_wconf 79' lang='grc' dir='ltr'>δεσμεύεις.</span> <span class='ocrx_word' id='word_1_195' title='bbox 614 2284 1044 2353; x_wconf 74' lang='grc' dir='ltr'>Ἐμςρανιζεσθαι</span> <span class='ocrx_word' id='word_1_196' title='bbox 1097 2284 1206 2355; x_wconf 83' lang='grc' dir='ltr'>γὰρ</span> <span class='ocrx_word' id='word_1_197' title='bbox 1241 2284 1456 2355; x_wconf 80' lang='grc' dir='ltr'>μέλλεις</span> <span class='ocrx_word' id='word_1_198' title='bbox 1484 2284 1560 2354; x_wconf 83' lang='grc' dir='ltr'><strong>τῷ</strong></span> <span class='ocrx_word' id='word_1_199' title='bbox 1589 2285 1699 2338; x_wconf 88' lang='grc' dir='ltr'><strong>τῶν</strong></span> <span class='ocrx_word' id='word_1_200' title='bbox 1748 2287 1851 2354; x_wconf 85' lang='grc' dir='ltr'>ἀγ-</span> 
     </span>
    </p>
   </div>
   <div class='ocr_carea' id='block_1_25' title="bbox 262 2375 1853 2447">
    <p class='ocr_par' dir='ltr' id='par_1_25' title="bbox 262 2375 1853 2447">
     <span class='ocr_line' id='line_1_25' title="bbox 262 2375 1853 2447; baseline 0.001 -18"><span class='ocrx_word' id='word_1_201' title='bbox 262 2376 442 2444; x_wconf 85' lang='grc' dir='ltr'>γέλων</span> <span class='ocrx_word' id='word_1_202' title='bbox 475 2377 726 2447; x_wconf 85' lang='grc' dir='ltr'>σκρινίῳ.</span> <span class='ocrx_word' id='word_1_203' title='bbox 755 2376 845 2429; x_wconf 84' lang='grc' dir='ltr'>Διὸ</span> <span class='ocrx_word' id='word_1_204' title='bbox 879 2378 953 2447; x_wconf 80' lang='grc' dir='ltr'>μὴ</span> <span class='ocrx_word' id='word_1_205' title='bbox 1002 2375 1161 2445; x_wconf 83' lang='grc' dir='ltr'>θυμῷ</span> <span class='ocrx_word' id='word_1_206' title='bbox 1187 2376 1283 2429; x_wconf 76' lang='grc' dir='ltr'><strong>καὶ</strong></span> <span class='ocrx_word' id='word_1_207' title='bbox 1317 2375 1481 2430; x_wconf 81' lang='grc' dir='ltr'>πάθει</span> <span class='ocrx_word' id='word_1_208' title='bbox 1512 2376 1605 2429; x_wconf 86' lang='grc' dir='ltr'><strong>τὸν</strong></span> <span class='ocrx_word' id='word_1_209' title='bbox 1654 2377 1853 2447; x_wconf 81' lang='grc' dir='ltr'>δεσμὸν</span> 
     </span>
    </p>
   </div>
   <div class='ocr_carea' id='block_1_26' title="bbox 263 2466 1850 2540">
    <p class='ocr_par' dir='ltr' id='par_1_26' title="bbox 263 2466 1850 2540">
     <span class='ocr_line' id='line_1_26' title="bbox 263 2466 1850 2540; baseline 0.003 -21"><span class='ocrx_word' id='word_1_210' title='bbox 263 2469 493 2535; x_wconf 79' lang='grc' dir='ltr'>ὲπάγοις</span> <span class='ocrx_word' id='word_1_211' title='bbox 520 2484 534 2499; x_wconf 76' lang='grc' dir='ltr'><strong><em>ο</em></strong></span> <span class='ocrx_word' id='word_1_212' title='bbox 572 2468 645 2538; x_wconf 81' lang='grc' dir='ltr'>μὴ</span> <span class='ocrx_word' id='word_1_213' title='bbox 667 2467 743 2529; x_wconf 84' lang='grc' dir='ltr'>ὡς</span> <span class='ocrx_word' id='word_1_214' title='bbox 770 2468 962 2521; x_wconf 74' lang='grc' dir='ltr'>ἑαυτὸν</span> <span class='ocrx_word' id='word_1_215' title='bbox 997 2466 1251 2534; x_wconf 77' lang='grc' dir='ltr'>ἐκδικῶν,</span> <span class='ocrx_word' id='word_1_216' title='bbox 1276 2468 1391 2522; x_wconf 86' lang='grc' dir='ltr'>ἀλλ’</span> <span class='ocrx_word' id='word_1_217' title='bbox 1420 2467 1495 2530; x_wconf 83' lang='grc' dir='ltr'>ὡς</span> <span class='ocrx_word' id='word_1_218' title='bbox 1522 2468 1726 2540; x_wconf 81' lang='grc' dir='ltr'>ἀρετὴν</span> <span class='ocrx_word' id='word_1_219' title='bbox 1756 2472 1850 2523; x_wconf 82' lang='grc' dir='ltr'><strong>ὲκ-</strong></span> 
     </span>
    </p>
   </div>
   <div class='ocr_carea' id='block_1_27' title="bbox 262 2558 1855 2634">
    <p class='ocr_par' dir='ltr' id='par_1_27' title="bbox 262 2558 1855 2634">
     <span class='ocr_line' id='line_1_27' title="bbox 262 2558 1855 2634; baseline 0.001 -21"><span class='ocrx_word' id='word_1_220' title='bbox 262 2558 451 2613; x_wconf 87' lang='grc' dir='ltr'>δικῶν.</span> <span class='ocrx_word' id='word_1_221' title='bbox 470 2560 706 2613; x_wconf 81' lang='grc' dir='ltr'>Ἔκδικεῖ</span> <span class='ocrx_word' id='word_1_222' title='bbox 732 2560 838 2631; x_wconf 82' lang='grc' dir='ltr'><strong>γάρ</strong></span> <span class='ocrx_word' id='word_1_223' title='bbox 854 2559 946 2613; x_wconf 81' lang='grc' dir='ltr'><strong>τὸν</strong></span> <span class='ocrx_word' id='word_1_224' title='bbox 968 2559 1169 2623; x_wconf 82' lang='grc' dir='ltr'>ἀδίκως</span> <span class='ocrx_word' id='word_1_225' title='bbox 1192 2559 1413 2614; x_wconf 77' lang='grc' dir='ltr'>δεθέντα</span> <span class='ocrx_word' id='word_1_226' title='bbox 1436 2563 1465 2613; x_wconf 92' lang='lat'><strong>6</strong></span> <span class='ocrx_word' id='word_1_227' title='bbox 1496 2562 1648 2627; x_wconf 78' lang='grc' dir='ltr'>Θεὸς,</span> <span class='ocrx_word' id='word_1_228' title='bbox 1665 2562 1759 2616; x_wconf 72' lang='grc' dir='ltr'><strong>ἐὰν</strong></span> <span class='ocrx_word' id='word_1_229' title='bbox 1781 2561 1855 2634; x_wconf 82' lang='grc' dir='ltr'>μὴ</span> 
     </span>
    </p>
   </div>
   <div class='ocr_carea' id='block_1_28' title="bbox 262 2648 1857 2726">
    <p class='ocr_par' dir='ltr' id='par_1_28' title="bbox 262 2648 1857 2726">
     <span class='ocr_line' id='line_1_28' title="bbox 262 2648 1857 2726; baseline 0.001 -20"><span class='ocrx_word' id='word_1_230' title='bbox 262 2653 362 2706; x_wconf 87' lang='grc' dir='ltr'><strong>τοῦ</strong></span> <span class='ocrx_word' id='word_1_231' title='bbox 391 2653 590 2724; x_wconf 85' lang='grc' dir='ltr'>δεσμοῦ</span> <span class='ocrx_word' id='word_1_232' title='bbox 625 2655 1037 2725; x_wconf 84' lang='grc' dir='ltr'>καταφρονήσῃ.</span> <span class='ocrx_word' id='word_1_233' title='bbox 1088 2653 1144 2704; x_wconf 88' lang='lat'><strong>&#39;0</strong></span> <span class='ocrx_word' id='word_1_234' title='bbox 1166 2648 1261 2706; x_wconf 84' lang='grc' dir='ltr'><strong>οῦν</strong></span> <span class='ocrx_word' id='word_1_235' title='bbox 1292 2653 1600 2725; x_wconf 77' lang='grc' dir='ltr'>εἰλικρινῶς</span> <span class='ocrx_word' id='word_1_236' title='bbox 1633 2655 1857 2726; x_wconf 82' lang='grc' dir='ltr'>ποιμαί-</span> 
     </span>
    </p>
   </div>
   <div class='ocr_carea' id='block_1_29' title="bbox 265 2745 1854 2819">
    <p class='ocr_par' dir='ltr' id='par_1_29' title="bbox 265 2745 1854 2819">
     <span class='ocr_line' id='line_1_29' title="bbox 265 2745 1854 2819; baseline 0.003 -21"><span class='ocrx_word' id='word_1_237' title='bbox 265 2764 375 2798; x_wconf 85' lang='grc' dir='ltr'><strong>νων</strong></span> <span class='ocrx_word' id='word_1_238' title='bbox 402 2748 497 2817; x_wconf 79' lang='grc' dir='ltr'><strong>τήν</strong></span> <span class='ocrx_word' id='word_1_239' title='bbox 527 2745 764 2817; x_wconf 70' lang='grc' dir='ltr'>ποίμνην</span> <span class='ocrx_word' id='word_1_240' title='bbox 787 2745 881 2799; x_wconf 93' lang='grc' dir='ltr'><strong>τοῦ</strong></span> <span class='ocrx_word' id='word_1_241' title='bbox 905 2746 1165 2817; x_wconf 79' lang='grc' dir='ltr'>Χριστοῦ,</span> <span class='ocrx_word' id='word_1_242' title='bbox 1196 2747 1376 2817; x_wconf 84' lang='grc' dir='ltr'>Στόμα</span> <span class='ocrx_word' id='word_1_243' title='bbox 1406 2748 1540 2801; x_wconf 90' lang='grc' dir='ltr'>Θεοῦ</span> <span class='ocrx_word' id='word_1_244' title='bbox 1572 2749 1854 2819; x_wconf 88' lang='grc' dir='ltr'>κέκληται.</span> 
     </span>
    </p>
   </div>
   <div class='ocr_carea' id='block_1_30' title="bbox 265 2836 1857 2909">
    <p class='ocr_par' dir='ltr' id='par_1_30' title="bbox 265 2836 1857 2909">
     <span class='ocr_line' id='line_1_30' title="bbox 265 2836 1857 2909; baseline 0.011 -20"><span class='ocrx_word' id='word_1_245' title='bbox 265 2838 440 2906; x_wconf 76' lang='grc' dir='ltr'>Φησὶν</span> <span class='ocrx_word' id='word_1_246' title='bbox 481 2838 592 2909; x_wconf 87' lang='grc' dir='ltr'><strong>γάρ</strong></span> <span class='ocrx_word' id='word_1_247' title='bbox 618 2854 631 2867; x_wconf 75' lang='grc'><strong><em>⁸</em></strong></span> <span class='ocrx_word' id='word_1_248' title='bbox 670 2856 688 2889; x_wconf 82' lang='grc' dir='ltr'><strong>ι</strong></span> <span class='ocrx_word' id='word_1_249' title='bbox 741 2838 867 2891; x_wconf 78' lang='grc' dir='ltr'>Ἐάν</span> <span class='ocrx_word' id='word_1_250' title='bbox 903 2836 1177 2908; x_wconf 74' lang='grc' dir='ltr'>ὲξαγάγῃς</span> <span class='ocrx_word' id='word_1_251' title='bbox 1209 2838 1391 2908; x_wconf 79' lang='grc' dir='ltr'>τίμιον</span> <span class='ocrx_word' id='word_1_252' title='bbox 1421 2841 1481 2904; x_wconf 77' lang='grc' dir='ltr'>ἐξ</span> <span class='ocrx_word' id='word_1_253' title='bbox 1506 2841 1756 2907; x_wconf 73' lang='grc' dir='ltr'>ἀναξίου,</span> <span class='ocrx_word' id='word_1_254' title='bbox 1779 2840 1857 2904; x_wconf 75' lang='grc' dir='ltr'><strong>ὡς</strong></span> 
     </span>
    </p>
   </div>
   <div class='ocr_carea' id='block_1_31' title="bbox 270 2930 1859 3004">
    <p class='ocr_par' dir='ltr' id='par_1_31' title="bbox 270 2930 1859 3004">
     <span class='ocr_line' id='line_1_31' title="bbox 270 2930 1859 3004; baseline 0.003 -21"><span class='ocrx_word' id='word_1_255' title='bbox 270 2932 449 2998; x_wconf 76' lang='grc' dir='ltr'>στόμα</span> <span class='ocrx_word' id='word_1_256' title='bbox 510 2948 611 2999; x_wconf 86' lang='grc' dir='ltr'><strong>μου</strong></span> <span class='ocrx_word' id='word_1_257' title='bbox 660 2930 781 3001; x_wconf 76' lang='grc' dir='ltr'>ἔσῃ.</span> <span class='ocrx_word' id='word_1_258' title='bbox 817 2950 835 2983; x_wconf 74' lang='grc' dir='ltr'><strong>ι</strong></span> <span class='ocrx_word' id='word_1_259' title='bbox 894 2931 1082 2984; x_wconf 91' lang='grc' dir='ltr'>Ταῦτα</span> <span class='ocrx_word' id='word_1_260' title='bbox 1139 2930 1233 2984; x_wconf 91' lang='grc' dir='ltr'><strong>τοῦ</strong></span> <span class='ocrx_word' id='word_1_261' title='bbox 1282 2932 1537 3003; x_wconf 81' lang='grc' dir='ltr'>ἀληθινοῦ</span> <span class='ocrx_word' id='word_1_262' title='bbox 1600 2936 1859 3004; x_wconf 82' lang='grc' dir='ltr'>ποιμένος</span> 
     </span>
    </p>
   </div>
   <div class='ocr_carea' id='block_1_32' title="bbox 269 3021 1857 3095">
    <p class='ocr_par' dir='ltr' id='par_1_32' title="bbox 269 3021 1857 3095">
     <span class='ocr_line' id='line_1_32' title="bbox 269 3021 1857 3095; baseline 0.004 -21"><span class='ocrx_word' id='word_1_263' title='bbox 269 3022 444 3087; x_wconf 72' lang='grc' dir='ltr'>ἐστὶν,</span> <span class='ocrx_word' id='word_1_264' title='bbox 483 3024 570 3076; x_wconf 81' lang='grc' dir='ltr'>ἵνα</span> <span class='ocrx_word' id='word_1_265' title='bbox 603 3023 701 3092; x_wconf 84' lang='grc' dir='ltr'>τὴν</span> <span class='ocrx_word' id='word_1_266' title='bbox 726 3022 906 3092; x_wconf 77' lang='grc' dir='ltr'>ψυχὴν</span> <span class='ocrx_word' id='word_1_267' title='bbox 928 3021 1095 3075; x_wconf 82' lang='grc' dir='ltr'>αὐτοῦ</span> <span class='ocrx_word' id='word_1_268' title='bbox 1120 3022 1185 3093; x_wconf 82' lang='grc' dir='ltr'>θῇ</span> <span class='ocrx_word' id='word_1_269' title='bbox 1210 3024 1350 3094; x_wconf 85' lang='grc' dir='ltr'>ὑπὲρ</span> <span class='ocrx_word' id='word_1_270' title='bbox 1379 3024 1489 3077; x_wconf 87' lang='grc' dir='ltr'><strong>τῶν</strong></span> <span class='ocrx_word' id='word_1_271' title='bbox 1514 3025 1857 3095; x_wconf 80' lang='grc' dir='ltr'>ἀρχομένων.</span> 
     </span>
    </p>
   </div>
   <div class='ocr_carea' id='block_1_33' title="bbox 270 3115 1859 3186">
    <p class='ocr_par' dir='ltr' id='par_1_33' title="bbox 270 3115 1859 3186">
     <span class='ocr_line' id='line_1_33' title="bbox 270 3115 1859 3186; baseline 0.002 -19"><span class='ocrx_word' id='word_1_272' title='bbox 270 3116 338 3167; x_wconf 79' lang='grc' dir='ltr'><strong>Εἰ</strong></span> <span class='ocrx_word' id='word_1_273' title='bbox 367 3115 424 3168; x_wconf 80' lang='grc' dir='ltr'><strong>δὲ</strong></span> <span class='ocrx_word' id='word_1_274' title='bbox 481 3116 725 3181; x_wconf 81' lang='grc' dir='ltr'>άναδύει,</span> <span class='ocrx_word' id='word_1_275' title='bbox 758 3117 857 3186; x_wconf 85' lang='grc' dir='ltr'>τὴν</span> <span class='ocrx_word' id='word_1_276' title='bbox 900 3116 1059 3185; x_wconf 82' lang='grc' dir='ltr'>δίκην</span> <span class='ocrx_word' id='word_1_277' title='bbox 1088 3115 1271 3184; x_wconf 80' lang='grc' dir='ltr'>ὑφέξει</span> <span class='ocrx_word' id='word_1_278' title='bbox 1302 3115 1398 3169; x_wconf 87' lang='grc' dir='ltr'><strong>τοῦ</strong></span> <span class='ocrx_word' id='word_1_279' title='bbox 1434 3116 1729 3185; x_wconf 80' lang='grc' dir='ltr'>μισθωτοῦ,</span> <span class='ocrx_word' id='word_1_280' title='bbox 1764 3118 1859 3171; x_wconf 89' lang='grc' dir='ltr'><strong>τοῦ</strong></span> 
     </span>
    </p>
   </div>
   <div class='ocr_carea' id='block_1_34' title="bbox 273 3206 1861 3279">
    <p class='ocr_par' dir='ltr' id='par_1_34' title="bbox 273 3206 1861 3279">
     <span class='ocr_line' id='line_1_34' title="bbox 273 3206 1861 3279; baseline 0.003 -20"><span class='ocrx_word' id='word_1_281' title='bbox 273 3206 369 3260; x_wconf 82' lang='grc' dir='ltr'>διὰ</span> <span class='ocrx_word' id='word_1_282' title='bbox 407 3206 501 3260; x_wconf 79' lang='grc' dir='ltr'><strong>τοῦ</strong></span> <span class='ocrx_word' id='word_1_283' title='bbox 558 3207 722 3261; x_wconf 82' lang='grc' dir='ltr'>λύκου</span> <span class='ocrx_word' id='word_1_284' title='bbox 757 3207 994 3277; x_wconf 81' lang='grc' dir='ltr'>φυγάδος</span> <span class='ocrx_word' id='word_1_285' title='bbox 1047 3208 1345 3279; x_wconf 83' lang='grc' dir='ltr'>γενομένου</span> <span class='ocrx_word' id='word_1_286' title='bbox 1380 3225 1395 3239; x_wconf 74' lang='grc' dir='ltr'><strong><em>ο</em></strong></span> <span class='ocrx_word' id='word_1_287' title='bbox 1423 3210 1518 3262; x_wconf 75' lang='grc' dir='ltr'><strong>καὶ</strong></span> <span class='ocrx_word' id='word_1_288' title='bbox 1566 3210 1861 3264; x_wconf 82' lang='grc' dir='ltr'>ἀκούσεται</span> 
     </span>
    </p>
   </div>
   <div class='ocr_carea' id='block_1_35' title="bbox 271 3296 1862 3370">
    <p class='ocr_par' dir='ltr' id='par_1_35' title="bbox 271 3296 1862 3370">
     <span class='ocr_line' id='line_1_35' title="bbox 271 3296 1862 3370; baseline 0.002 -19"><span class='ocrx_word' id='word_1_289' title='bbox 271 3296 432 3366; x_wconf 79' lang='grc' dir='ltr'>παρὰ</span> <span class='ocrx_word' id='word_1_290' title='bbox 485 3297 580 3351; x_wconf 90' lang='grc' dir='ltr'><strong>τοῦ</strong></span> <span class='ocrx_word' id='word_1_291' title='bbox 638 3298 1031 3370; x_wconf 74' lang='grc' dir='ltr'>άρχιποιμένος</span> <span class='ocrx_word' id='word_1_292' title='bbox 1084 3298 1165 3362; x_wconf 78' lang='grc' dir='ltr'><strong>τὸ,</strong></span> <span class='ocrx_word' id='word_1_293' title='bbox 1204 3318 1221 3349; x_wconf 82' lang='grc' dir='ltr'><strong>ι</strong></span> <span class='ocrx_word' id='word_1_294' title='bbox 1262 3300 1375 3351; x_wconf 82' lang='grc' dir='ltr'>Οὐκ</span> <span class='ocrx_word' id='word_1_295' title='bbox 1433 3299 1768 3370; x_wconf 76' lang='grc' dir='ltr'>ἐξεζήτησαν</span> <span class='ocrx_word' id='word_1_296' title='bbox 1814 3303 1862 3354; x_wconf 78' lang='grc' dir='ltr'>οἱ</span> 
     </span>
    </p>
   </div>
   <div class='ocr_carea' id='block_1_36' title="bbox 274 3389 1860 3461">
    <p class='ocr_par' dir='ltr' id='par_1_36' title="bbox 274 3389 1860 3461">
     <span class='ocr_line' id='line_1_36' title="bbox 274 3389 1860 3461; baseline 0.004 -21"><span class='ocrx_word' id='word_1_297' title='bbox 274 3389 535 3459; x_wconf 79' lang='grc' dir='ltr'>ποιμένες</span> <span class='ocrx_word' id='word_1_298' title='bbox 559 3389 630 3443; x_wconf 77' lang='grc' dir='ltr'>τὰ</span> <span class='ocrx_word' id='word_1_299' title='bbox 690 3390 938 3459; x_wconf 79' lang='grc' dir='ltr'>πρόϐατά</span> <span class='ocrx_word' id='word_1_300' title='bbox 988 3407 1111 3460; x_wconf 87' lang='grc' dir='ltr'>μου,</span> <span class='ocrx_word' id='word_1_301' title='bbox 1151 3410 1169 3442; x_wconf 78' lang='grc' dir='ltr'><strong>ι</strong></span> <span class='ocrx_word' id='word_1_302' title='bbox 1199 3391 1292 3443; x_wconf 81' lang='grc' dir='ltr'>καὶ</span> <span class='ocrx_word' id='word_1_303' title='bbox 1341 3390 1649 3461; x_wconf 78' lang='grc' dir='ltr'>ὲϐὁσκησαν</span> <span class='ocrx_word' id='word_1_304' title='bbox 1700 3393 1860 3446; x_wconf 82' lang='grc' dir='ltr'>αὐτά.</span> 
     </span>
    </p>
   </div>
   <div class='ocr_carea' id='block_1_37' title="bbox 275 3483 1867 3557">
    <p class='ocr_par' dir='ltr' id='par_1_37' title="bbox 275 3483 1867 3557">
     <span class='ocr_line' id='line_1_37' title="bbox 275 3483 1867 3557; baseline 0.003 -21"><span class='ocrx_word' id='word_1_305' title='bbox 275 3484 411 3549; x_wconf 80' lang='grc' dir='ltr'>Καὶ,</span> <span class='ocrx_word' id='word_1_306' title='bbox 453 3501 470 3533; x_wconf 82' lang='grc' dir='ltr'><strong>ι</strong></span> <span class='ocrx_word' id='word_1_307' title='bbox 497 3483 818 3553; x_wconf 78' lang='grc' dir='ltr'>Ἑκζητήσω</span> <span class='ocrx_word' id='word_1_308' title='bbox 843 3483 912 3537; x_wconf 85' lang='grc' dir='ltr'><strong>τά</strong></span> <span class='ocrx_word' id='word_1_309' title='bbox 941 3483 1194 3554; x_wconf 72' lang='grc' dir='ltr'>«πρόϐατά</span> <span class='ocrx_word' id='word_1_310' title='bbox 1224 3501 1327 3554; x_wconf 91' lang='grc' dir='ltr'><strong>μου</strong></span> <span class='ocrx_word' id='word_1_311' title='bbox 1362 3485 1427 3537; x_wconf 73' lang='grc' dir='ltr'><strong>ὲκ</strong></span> <span class='ocrx_word' id='word_1_312' title='bbox 1447 3487 1548 3555; x_wconf 82' lang='grc' dir='ltr'>τῆς</span> <span class='ocrx_word' id='word_1_313' title='bbox 1574 3485 1755 3557; x_wconf 75' lang='grc' dir='ltr'>χειρὸς</span> <span class='ocrx_word' id='word_1_314' title='bbox 1770 3487 1867 3540; x_wconf 82' lang='grc' dir='ltr'>αὐ-</span> 
     </span>
    </p>
   </div>
   <div class='ocr_carea' id='block_1_38' title="bbox 274 3575 1863 3649">
    <p class='ocr_par' dir='ltr' id='par_1_38' title="bbox 274 3575 1863 3649">
     <span class='ocr_line' id='line_1_38' title="bbox 274 3575 1863 3649; baseline 0.002 -20"><span class='ocrx_word' id='word_1_315' title='bbox 274 3575 407 3629; x_wconf 88' lang='grc' dir='ltr'>τῶν.</span> <span class='ocrx_word' id='word_1_316' title='bbox 445 3594 463 3626; x_wconf 73' lang='grc' dir='ltr'><strong>ι</strong></span> <span class='ocrx_word' id='word_1_317' title='bbox 501 3575 756 3629; x_wconf 85' lang='grc' dir='ltr'>Τοιοῦτόν</span> <span class='ocrx_word' id='word_1_318' title='bbox 783 3593 835 3628; x_wconf 87' lang='grc' dir='ltr'><strong>τι</strong></span> <span class='ocrx_word' id='word_1_319' title='bbox 884 3576 1217 3647; x_wconf 81' lang='grc' dir='ltr'>εὑρίσκομεν</span> <span class='ocrx_word' id='word_1_320' title='bbox 1260 3577 1413 3647; x_wconf 82' lang='grc' dir='ltr'><strong>παρά</strong></span> <span class='ocrx_word' id='word_1_321' title='bbox 1458 3578 1539 3647; x_wconf 87' lang='grc' dir='ltr'>τῷ</span> <span class='ocrx_word' id='word_1_322' title='bbox 1568 3578 1863 3649; x_wconf 78' lang='grc' dir='ltr'>Εἰρηναίῳ.</span> 
     </span>
    </p>
   </div>
   <div class='ocr_carea' id='block_1_39' title="bbox 276 3668 1867 3740">
    <p class='ocr_par' dir='ltr' id='par_1_39' title="bbox 276 3668 1867 3740">
     <span class='ocr_line' id='line_1_39' title="bbox 276 3668 1867 3740; baseline 0 -17"><span class='ocrx_word' id='word_1_323' title='bbox 276 3670 450 3738; x_wconf 77' lang='grc' dir='ltr'>Φησὶν</span> <span class='ocrx_word' id='word_1_324' title='bbox 485 3669 593 3738; x_wconf 79' lang='grc' dir='ltr'>γὰρ</span> <span class='ocrx_word' id='word_1_325' title='bbox 648 3670 779 3740; x_wconf 77' lang='grc' dir='ltr'>περὶ</span> <span class='ocrx_word' id='word_1_326' title='bbox 826 3668 923 3722; x_wconf 88' lang='grc' dir='ltr'><strong>τοῦ</strong></span> <span class='ocrx_word' id='word_1_327' title='bbox 956 3669 1223 3737; x_wconf 85' lang='grc' dir='ltr'>Θεολὸγου</span> <span class='ocrx_word' id='word_1_328' title='bbox 1270 3670 1525 3723; x_wconf 86' lang='grc' dir='ltr'>Ἰωάννου</span> <span class='ocrx_word' id='word_1_329' title='bbox 1555 3709 1569 3735; x_wconf 93' lang='grc'><strong>,</strong></span> <span class='ocrx_word' id='word_1_330' title='bbox 1604 3670 1686 3723; x_wconf 83' lang='grc' dir='ltr'>ὃτι</span> <span class='ocrx_word' id='word_1_331' title='bbox 1738 3668 1867 3723; x_wconf 73' lang='grc' dir='ltr'>ἰδών</span> 
     </span>
    </p>
   </div>
   <div class='ocr_carea' id='block_1_40' title="bbox 277 3762 1865 3834">
    <p class='ocr_par' dir='ltr' id='par_1_40' title="bbox 277 3762 1865 3834">
     <span class='ocr_line' id='line_1_40' title="bbox 277 3762 1865 3834; baseline 0.001 -18"><span class='ocrx_word' id='word_1_332' title='bbox 277 3781 403 3817; x_wconf 85' lang='grc' dir='ltr'>τινα</span> <span class='ocrx_word' id='word_1_333' title='bbox 432 3764 650 3818; x_wconf 85' lang='grc' dir='ltr'>νεανίαν</span> <span class='ocrx_word' id='word_1_334' title='bbox 676 3762 1063 3831; x_wconf 81' lang='grc' dir='ltr'>εὐφυέστατον,</span> <span class='ocrx_word' id='word_1_335' title='bbox 1086 3763 1472 3834; x_wconf 81' lang='grc' dir='ltr'>κατηχηθέντα</span> <span class='ocrx_word' id='word_1_336' title='bbox 1496 3767 1627 3832; x_wconf 78' lang='grc' dir='ltr'>παρ’</span> <span class='ocrx_word' id='word_1_337' title='bbox 1657 3762 1823 3817; x_wconf 81' lang='grc' dir='ltr'>αὐτοῦ</span> <span class='ocrx_word' id='word_1_338' title='bbox 1852 3807 1865 3831; x_wconf 90' lang='grc'><strong>,</strong></span> 
     </span>
    </p>
   </div>
   <div class='ocr_carea' id='block_1_41' title="bbox 279 3851 1865 3925">
    <p class='ocr_par' dir='ltr' id='par_1_41' title="bbox 279 3851 1865 3925">
     <span class='ocr_line' id='line_1_41' title="bbox 279 3851 1865 3925; baseline 0.001 -19"><span class='ocrx_word' id='word_1_339' title='bbox 279 3853 378 3906; x_wconf 67' lang='grc' dir='ltr'><strong>καὶ</strong></span> <span class='ocrx_word' id='word_1_340' title='bbox 432 3852 818 3922; x_wconf 86' lang='grc' dir='ltr'>βαπτισθέντα,</span> <span class='ocrx_word' id='word_1_341' title='bbox 872 3852 976 3923; x_wconf 76' lang='grc' dir='ltr'><strong>ἔφη</strong></span> <span class='ocrx_word' id='word_1_342' title='bbox 1023 3851 1101 3920; x_wconf 82' lang='grc' dir='ltr'>τῷ</span> <span class='ocrx_word' id='word_1_343' title='bbox 1146 3852 1245 3923; x_wconf 77' lang='grc' dir='ltr'>τῆς</span> <span class='ocrx_word' id='word_1_344' title='bbox 1296 3853 1506 3917; x_wconf 87' lang='grc' dir='ltr'>πόλεως</span> <span class='ocrx_word' id='word_1_345' title='bbox 1556 3854 1865 3925; x_wconf 82' lang='grc' dir='ltr'>ὲπισκόπῳ,</span> 
     </span>
    </p>
   </div>
   <div class='ocr_carea' id='block_1_42' title="bbox 282 3944 1873 4015">
    <p class='ocr_par' dir='ltr' id='par_1_42' title="bbox 282 3944 1873 4015">
     <span class='ocr_line' id='line_1_42' title="bbox 282 3944 1873 4015; baseline 0.001 -17"><span class='ocrx_word' id='word_1_346' title='bbox 282 3944 487 3998; x_wconf 77' lang='grc' dir='ltr'>Τοῦτόν</span> <span class='ocrx_word' id='word_1_347' title='bbox 522 3962 603 3998; x_wconf 93' lang='grc' dir='ltr'><strong>σοι</strong></span> <span class='ocrx_word' id='word_1_348' title='bbox 632 3944 998 4015; x_wconf 79' lang='grc' dir='ltr'>παρατίθημιο</span> <span class='ocrx_word' id='word_1_349' title='bbox 1028 3944 1123 3997; x_wconf 70' lang='grc' dir='ltr'>καὶ</span> <span class='ocrx_word' id='word_1_350' title='bbox 1146 3944 1522 4015; x_wconf 85' lang='grc' dir='ltr'>ἀπεδήμησεν.</span> <span class='ocrx_word' id='word_1_351' title='bbox 1566 3946 1622 3999; x_wconf 89' lang='grc' dir='ltr'>Ὀ</span> <span class='ocrx_word' id='word_1_352' title='bbox 1644 3945 1702 3999; x_wconf 83' lang='grc' dir='ltr'>δὲ</span> <span class='ocrx_word' id='word_1_353' title='bbox 1751 3946 1873 3999; x_wconf 75' lang='grc' dir='ltr'><strong>ἐπί-</strong></span> 
     </span>
    </p>
   </div>
   <div class='ocr_carea' id='block_1_43' title="bbox 284 4033 1867 4104">
    <p class='ocr_par' dir='ltr' id='par_1_43' title="bbox 284 4033 1867 4104">
     <span class='ocr_line' id='line_1_43' title="bbox 284 4033 1867 4104; baseline -0.001 -16"><span class='ocrx_word' id='word_1_354' title='bbox 284 4052 491 4096; x_wconf 85' lang='grc' dir='ltr'>σκοπος</span> <span class='ocrx_word' id='word_1_355' title='bbox 542 4035 746 4104; x_wconf 82' lang='grc' dir='ltr'>πολλὴν</span> <span class='ocrx_word' id='word_1_356' title='bbox 807 4035 1066 4103; x_wconf 89' lang='grc' dir='ltr'>πρόνοιαν</span> <span class='ocrx_word' id='word_1_357' title='bbox 1121 4033 1446 4104; x_wconf 88' lang='grc' dir='ltr'>ποιούμενος</span> <span class='ocrx_word' id='word_1_358' title='bbox 1498 4033 1598 4087; x_wconf 87' lang='grc' dir='ltr'><strong>τοῦ</strong></span> <span class='ocrx_word' id='word_1_359' title='bbox 1657 4035 1867 4102; x_wconf 80' lang='grc' dir='ltr'>παιδὸς,</span> 
     </span>
    </p>
   </div>
   <div class='ocr_carea' id='block_1_44' title="bbox 282 4126 1870 4199">
    <p class='ocr_par' dir='ltr' id='par_1_44' title="bbox 282 4126 1870 4199">
     <span class='ocr_line' id='line_1_44' title="bbox 282 4126 1870 4199; baseline 0 -19"><span class='ocrx_word' id='word_1_360' title='bbox 282 4126 495 4197; x_wconf 73' lang='grc' dir='ltr'>ἤγαγεν</span> <span class='ocrx_word' id='word_1_361' title='bbox 550 4127 713 4180; x_wconf 83' lang='grc' dir='ltr'>αὑτὸν</span> <span class='ocrx_word' id='word_1_362' title='bbox 747 4128 827 4190; x_wconf 75' lang='grc' dir='ltr'>εἰς</span> <span class='ocrx_word' id='word_1_363' title='bbox 861 4127 1108 4197; x_wconf 84' lang='grc' dir='ltr'>μεγάλην</span> <span class='ocrx_word' id='word_1_364' title='bbox 1156 4127 1464 4198; x_wconf 87' lang='grc' dir='ltr'>προκοπήν.</span> <span class='ocrx_word' id='word_1_365' title='bbox 1497 4127 1767 4199; x_wconf 71' lang='grc' dir='ltr'>’Υστερον</span> <span class='ocrx_word' id='word_1_366' title='bbox 1812 4128 1870 4180; x_wconf 84' lang='grc' dir='ltr'><strong>δὲ</strong></span> 
     </span>
    </p>
   </div>
   <div class='ocr_carea' id='block_1_45' title="bbox 283 4218 1867 4289">
    <p class='ocr_par' dir='ltr' id='par_1_45' title="bbox 283 4218 1867 4289">
     <span class='ocr_line' id='line_1_45' title="bbox 283 4218 1867 4289; baseline 0 -17"><span class='ocrx_word' id='word_1_367' title='bbox 283 4220 428 4273; x_wconf 72' lang='grc' dir='ltr'>κατὰ</span> <span class='ocrx_word' id='word_1_368' title='bbox 467 4219 664 4289; x_wconf 73' lang='grc' dir='ltr'>μικρὸν</span> <span class='ocrx_word' id='word_1_369' title='bbox 712 4219 952 4289; x_wconf 83' lang='grc' dir='ltr'>ἀμελῶν,</span> <span class='ocrx_word' id='word_1_370' title='bbox 1008 4219 1280 4285; x_wconf 77' lang='grc' dir='ltr'>ἐξέκλινεν</span> <span class='ocrx_word' id='word_1_371' title='bbox 1322 4220 1427 4289; x_wconf 80' lang='grc' dir='ltr'>τῆς</span> <span class='ocrx_word' id='word_1_372' title='bbox 1474 4218 1692 4283; x_wconf 81' lang='grc' dir='ltr'>εὐθείας</span> <span class='ocrx_word' id='word_1_373' title='bbox 1723 4220 1867 4287; x_wconf 86' lang='grc' dir='ltr'>ὁδοῦ,</span> 
     </span>
    </p>
   </div>
   <div class='ocr_carea' id='block_1_46' title="bbox 285 4308 1871 4382">
    <p class='ocr_par' dir='ltr' id='par_1_46' title="bbox 285 4308 1871 4382">
     <span class='ocr_line' id='line_1_46' title="bbox 285 4308 1871 4382; baseline 0.001 -20"><span class='ocrx_word' id='word_1_374' title='bbox 285 4308 429 4363; x_wconf 78' lang='grc' dir='ltr'>ὥστε</span> <span class='ocrx_word' id='word_1_375' title='bbox 458 4310 712 4379; x_wconf 86' lang='grc' dir='ltr'>γενέσθαι</span> <span class='ocrx_word' id='word_1_376' title='bbox 741 4310 905 4364; x_wconf 76' lang='grc' dir='ltr'>αὐτὸν</span> <span class='ocrx_word' id='word_1_377' title='bbox 937 4310 1295 4382; x_wconf 72' lang='grc' dir='ltr'>ἀρχιλῃστὴν.</span> <span class='ocrx_word' id='word_1_378' title='bbox 1344 4311 1548 4366; x_wconf 86' lang='grc' dir='ltr'>Ἐλθὼν</span> <span class='ocrx_word' id='word_1_379' title='bbox 1586 4311 1644 4364; x_wconf 87' lang='grc' dir='ltr'>δὲ</span> <span class='ocrx_word' id='word_1_380' title='bbox 1687 4314 1715 4365; x_wconf 90' lang='lat'><strong>6</strong></span> <span class='ocrx_word' id='word_1_381' title='bbox 1749 4311 1871 4365; x_wconf 89' lang='grc' dir='ltr'>θεο-</span> 
     </span>
    </p>
   </div>
   <div class='ocr_carea' id='block_1_47' title="bbox 285 4402 1869 4477">
    <p class='ocr_par' dir='ltr' id='par_1_47' title="bbox 285 4402 1869 4477">
     <span class='ocr_line' id='line_1_47' title="bbox 285 4402 1869 4477; baseline 0.002 -22"><span class='ocrx_word' id='word_1_382' title='bbox 285 4403 465 4470; x_wconf 83' lang='grc' dir='ltr'>λόγος,</span> <span class='ocrx_word' id='word_1_383' title='bbox 490 4404 688 4475; x_wconf 78' lang='grc' dir='ltr'>ἀπῄτει</span> <span class='ocrx_word' id='word_1_384' title='bbox 743 4404 835 4457; x_wconf 73' lang='grc' dir='ltr'>τὸν</span> <span class='ocrx_word' id='word_1_385' title='bbox 885 4402 1181 4456; x_wconf 75' lang='grc' dir='ltr'>ἐπίσκοπον</span> <span class='ocrx_word' id='word_1_386' title='bbox 1212 4403 1312 4474; x_wconf 84' lang='grc' dir='ltr'>τὴν</span> <span class='ocrx_word' id='word_1_387' title='bbox 1368 4404 1869 4477; x_wconf 85' lang='grc' dir='ltr'>παρακαταθήκην.</span> 
     </span>
    </p>
   </div>
   <div class='ocr_carea' id='block_1_48' title="bbox 298 4494 1873 4567">
    <p class='ocr_par' dir='ltr' id='par_1_48' title="bbox 298 4494 1873 4567">
     <span class='ocr_line' id='line_1_48' title="bbox 298 4494 1873 4567; baseline 0.003 -20"><span class='ocrx_word' id='word_1_388' title='bbox 298 4494 357 4547; x_wconf 88' lang='lat'><strong>&#39;0</strong></span> <span class='ocrx_word' id='word_1_389' title='bbox 379 4495 437 4548; x_wconf 80' lang='grc' dir='ltr'>δὲ</span> <span class='ocrx_word' id='word_1_390' title='bbox 469 4495 709 4565; x_wconf 75' lang='grc' dir='ltr'>νομίζων</span> <span class='ocrx_word' id='word_1_391' title='bbox 744 4495 1004 4566; x_wconf 86' lang='grc' dir='ltr'>χρήματα</span> <span class='ocrx_word' id='word_1_392' title='bbox 1029 4494 1618 4567; x_wconf 80' lang='grc' dir='ltr'>άπαιτεϊσθαι,ὴπόρει</span> <span class='ocrx_word' id='word_1_393' title='bbox 1653 4498 1704 4550; x_wconf 84' lang='grc' dir='ltr'><strong>τί</strong></span> <span class='ocrx_word' id='word_1_394' title='bbox 1739 4499 1873 4551; x_wconf 84' lang='grc' dir='ltr'>ἀπο-</span> 
     </span>
    </p>
   </div>
   <div class='ocr_carea' id='block_1_49' title="bbox 1950 643 3529 707">
    <p class='ocr_par' dir='ltr' id='par_1_49' title="bbox 1950 643 3529 707">
     <span class='ocr_line' id='line_1_49' title="bbox 1950 643 3529 707; baseline -0.001 -8"><span class='ocrx_word' id='word_1_395' title='bbox 1950 652 2064 707; x_wconf 87' lang='lat' dir='ltr'><strong>vet,</strong></span> <span class='ocrx_word' id='word_1_396' title='bbox 2098 653 2153 697; x_wconf 92' lang='lat' dir='ltr'><strong>et</strong></span> <span class='ocrx_word' id='word_1_397' title='bbox 2182 652 2238 697; x_wconf 94' lang='lat' dir='ltr'><strong>tu</strong></span> <span class='ocrx_word' id='word_1_398' title='bbox 2269 644 2506 697; x_wconf 86' lang='lat' dir='ltr'><strong>animam</strong></span> <span class='ocrx_word' id='word_1_399' title='bbox 2533 654 2683 698; x_wconf 87' lang='lat' dir='ltr'><strong>tuam</strong></span> <span class='ocrx_word' id='word_1_400' title='bbox 2714 643 2980 699; x_wconf 78' lang='lat' dir='ltr'><strong>liberabis</strong></span> <span class='ocrx_word' id='word_1_401' title='bbox 3000 643 3094 697; x_wconf 69' lang='grc' dir='ltr'><strong>η.»</strong></span> <span class='ocrx_word' id='word_1_402' title='bbox 3130 644 3383 698; x_wconf 91' lang='lat' dir='ltr'><strong>lnducit:</strong></span> <span class='ocrx_word' id='word_1_403' title='bbox 3412 645 3529 698; x_wconf 69' lang='lat' dir='ltr'><strong>«Vi-</strong></span> 
     </span>
    </p>
   </div>
   <div class='ocr_carea' id='block_1_50' title="bbox 1949 735 3533 807">
    <p class='ocr_par' dir='ltr' id='par_1_50' title="bbox 1949 735 3533 807">
     <span class='ocr_line' id='line_1_50' title="bbox 1949 735 3533 807; baseline 0 -16"><span class='ocrx_word' id='word_1_404' title='bbox 1949 738 2019 791; x_wconf 87' lang='lat' dir='ltr'><strong>vo</strong></span> <span class='ocrx_word' id='word_1_405' title='bbox 2069 752 2202 807; x_wconf 88' lang='lat' dir='ltr'><strong>ego,</strong></span> <span class='ocrx_word' id='word_1_406' title='bbox 2258 735 2395 791; x_wconf 89' lang='lat' dir='ltr'><strong>dicit</strong></span> <span class='ocrx_word' id='word_1_407' title='bbox 2441 736 2745 801; x_wconf 89' lang='lat' dir='ltr'><strong>Dominus,</strong></span> <span class='ocrx_word' id='word_1_408' title='bbox 2804 736 2936 806; x_wconf 82' lang='lat' dir='ltr'><strong>quia</strong></span> <span class='ocrx_word' id='word_1_409' title='bbox 2971 736 3101 791; x_wconf 90' lang='lat' dir='ltr'>nolo</span> <span class='ocrx_word' id='word_1_410' title='bbox 3134 745 3370 791; x_wconf 88' lang='lat' dir='ltr'><strong>mortem</strong></span> <span class='ocrx_word' id='word_1_411' title='bbox 3401 752 3533 806; x_wconf 84' lang='lat' dir='ltr'><strong>pee-</strong></span> 
     </span>
    </p>
   </div>
   <div class='ocr_carea' id='block_1_51' title="bbox 1949 808 3526 898">
    <p class='ocr_par' dir='ltr' id='par_1_51' title="bbox 1949 808 3526 898">
     <span class='ocr_line' id='line_1_51' title="bbox 1949 808 3526 898; baseline -0.001 -15"><span class='ocrx_word' id='word_1_412' title='bbox 1949 829 2155 884; x_wconf 88' lang='lat' dir='ltr'><strong>catoris</strong></span> <span class='ocrx_word' id='word_1_413' title='bbox 2179 869 2193 893; x_wconf 93' lang='lat'><strong>,</strong></span> <span class='ocrx_word' id='word_1_414' title='bbox 2252 827 2427 898; x_wconf 86' lang='lat' dir='ltr'><strong>magis</strong></span> <span class='ocrx_word' id='word_1_415' title='bbox 2453 808 2635 884; x_wconf 62' lang='lat' dir='ltr'><strong>autem</strong></span> <span class='ocrx_word' id='word_1_416' title='bbox 2677 837 2738 883; x_wconf 90' lang='lat' dir='ltr'><strong>ut</strong></span> <span class='ocrx_word' id='word_1_417' title='bbox 2769 837 3124 883; x_wconf 75' lang='lat' dir='ltr'><strong>convertatur</strong></span> <span class='ocrx_word' id='word_1_418' title='bbox 3161 837 3219 882; x_wconf 91' lang='lat' dir='ltr'><strong>et</strong></span> <span class='ocrx_word' id='word_1_419' title='bbox 3244 828 3473 882; x_wconf 74' lang='lat' dir='ltr'><strong>vivat&quot;.</strong></span> <span class='ocrx_word' id='word_1_420' title='bbox 3510 848 3526 877; x_wconf 75' lang='grc' dir='ltr'><strong>ι</strong></span> 
     </span>
    </p>
   </div>
   <div class='ocr_carea' id='block_1_52' title="bbox 1952 919 3536 991">
    <p class='ocr_par' dir='ltr' id='par_1_52' title="bbox 1952 919 3536 991">
     <span class='ocr_line' id='line_1_52' title="bbox 1952 919 3536 991; baseline -0.003 -14"><span class='ocrx_word' id='word_1_421' title='bbox 1952 920 2167 990; x_wconf 88' lang='lat' dir='ltr'><strong>Ecquid</strong></span> <span class='ocrx_word' id='word_1_422' title='bbox 2201 920 2277 975; x_wconf 89' lang='lat' dir='ltr'><strong>ait</strong></span> <span class='ocrx_word' id='word_1_423' title='bbox 2310 921 2581 976; x_wconf 92' lang='lat' dir='ltr'><strong>Dominus</strong></span> <span class='ocrx_word' id='word_1_424' title='bbox 2612 922 2808 976; x_wconf 84' lang='lat' dir='ltr'><strong>Petro?</strong></span> <span class='ocrx_word' id='word_1_425' title='bbox 2845 944 2860 972; x_wconf 79' lang='grc' dir='ltr'><strong>ι</strong></span> <span class='ocrx_word' id='word_1_426' title='bbox 2893 920 3246 989; x_wconf 74' lang='lat' dir='ltr'><strong>Quzecunque</strong></span> <span class='ocrx_word' id='word_1_427' title='bbox 3275 919 3536 991; x_wconf 85' lang='lat' dir='ltr'><strong>ligaveris</strong></span> 
     </span>
    </p>
   </div>
   <div class='ocr_carea' id='block_1_53' title="bbox 1952 1012 3533 1087">
    <p class='ocr_par' dir='ltr' id='par_1_53' title="bbox 1952 1012 3533 1087">
     <span class='ocr_line' id='line_1_53' title="bbox 1952 1012 3533 1087; baseline -0.004 -15"><span class='ocrx_word' id='word_1_428' title='bbox 1952 1033 2118 1087; x_wconf 89' lang='lat' dir='ltr'><strong>super</strong></span> <span class='ocrx_word' id='word_1_429' title='bbox 2148 1026 2377 1081; x_wconf 90' lang='lat' dir='ltr'><strong>terram,</strong></span> <span class='ocrx_word' id='word_1_430' title='bbox 2411 1026 2576 1071; x_wconf 91' lang='lat' dir='ltr'><strong>erunt</strong></span> <span class='ocrx_word' id='word_1_431' title='bbox 2601 1015 2768 1086; x_wconf 85' lang='lat' dir='ltr'><strong>ligata</strong></span> <span class='ocrx_word' id='word_1_432' title='bbox 2798 1023 2855 1069; x_wconf 84' lang='lat' dir='ltr'><strong>et</strong></span> <span class='ocrx_word' id='word_1_433' title='bbox 2884 1014 2938 1068; x_wconf 92' lang='lat' dir='ltr'><strong>in</strong></span> <span class='ocrx_word' id='word_1_434' title='bbox 2966 1013 3237 1069; x_wconf 58' lang='lat' dir='ltr'><strong>caalis’h</strong></span> <span class='ocrx_word' id='word_1_435' title='bbox 3259 1013 3357 1068; x_wconf 81' lang='lat' dir='ltr'><strong>Vis</strong></span> <span class='ocrx_word' id='word_1_436' title='bbox 3378 1012 3533 1066; x_wconf 82' lang='lat' dir='ltr'><strong>verbi</strong></span> 
     </span>
    </p>
   </div>
   <div class='ocr_carea' id='block_1_54' title="bbox 1953 1104 3532 1179">
    <p class='ocr_par' dir='ltr' id='par_1_54' title="bbox 1953 1104 3532 1179">
     <span class='ocr_line' id='line_1_54' title="bbox 1953 1104 3532 1179; baseline -0.005 -16"><span class='ocrx_word' id='word_1_437' title='bbox 1953 1110 2105 1164; x_wconf 87' lang='lat' dir='ltr'><strong>illius</strong></span> <span class='ocrx_word' id='word_1_438' title='bbox 2135 1125 2299 1179; x_wconf 87' lang='lat' dir='ltr'><strong>quam</strong></span> <span class='ocrx_word' id='word_1_439' title='bbox 2319 1108 2634 1177; x_wconf 91' lang='lat' dir='ltr'><strong>operatoria</strong></span> <span class='ocrx_word' id='word_1_440' title='bbox 2651 1108 2720 1162; x_wconf 87' lang='lat' dir='ltr'><strong>sit</strong></span> <span class='ocrx_word' id='word_1_441' title='bbox 2737 1122 3017 1177; x_wconf 88' lang='lat' dir='ltr'><strong>quamque</strong></span> <span class='ocrx_word' id='word_1_442' title='bbox 3034 1105 3245 1169; x_wconf 81' lang='lat' dir='ltr'><strong>ellicax,</strong></span> <span class='ocrx_word' id='word_1_443' title='bbox 3258 1104 3532 1175; x_wconf 81' lang='lat' dir='ltr'><strong>expende.</strong></span> 
     </span>
    </p>
   </div>
   <div class='ocr_carea' id='block_1_55' title="bbox 1952 1198 3540 1269">
    <p class='ocr_par' dir='ltr' id='par_1_55' title="bbox 1952 1198 3540 1269">
     <span class='ocr_line' id='line_1_55' title="bbox 1952 1198 3540 1269; baseline -0.006 -14"><span class='ocrx_word' id='word_1_444' title='bbox 1952 1201 2072 1255; x_wconf 82' lang='lat' dir='ltr'><strong>Non</strong></span> <span class='ocrx_word' id='word_1_445' title='bbox 2095 1201 2256 1254; x_wconf 89' lang='lat' dir='ltr'><strong>dixit:</strong></span> <span class='ocrx_word' id='word_1_446' title='bbox 2283 1198 2637 1267; x_wconf 67' lang='lat' dir='ltr'><strong>Quaacunque</strong></span> <span class='ocrx_word' id='word_1_447' title='bbox 2660 1198 2923 1269; x_wconf 80' lang='lat' dir='ltr'><strong>ligaveris</strong></span> <span class='ocrx_word' id='word_1_448' title='bbox 2940 1212 3110 1265; x_wconf 84' lang='lat' dir='ltr'><strong>super</strong></span> <span class='ocrx_word' id='word_1_449' title='bbox 3131 1206 3360 1259; x_wconf 89' lang='lat' dir='ltr'><strong>terram,</strong></span> <span class='ocrx_word' id='word_1_450' title='bbox 3377 1205 3540 1250; x_wconf 89' lang='lat' dir='ltr'><strong>erunt</strong></span> 
     </span>
    </p>
   </div>
   <div class='ocr_carea' id='block_1_56' title="bbox 1952 1288 3536 1360">
    <p class='ocr_par' dir='ltr' id='par_1_56' title="bbox 1952 1288 3536 1360">
     <span class='ocr_line' id='line_1_56' title="bbox 1952 1288 3536 1360; baseline -0.002 -14"><span class='ocrx_word' id='word_1_451' title='bbox 1952 1293 2113 1360; x_wconf 79' lang='lat' dir='ltr'><strong>ligata</strong></span> <span class='ocrx_word' id='word_1_452' title='bbox 2128 1292 2180 1345; x_wconf 92' lang='lat' dir='ltr'><strong>in</strong></span> <span class='ocrx_word' id='word_1_453' title='bbox 2199 1290 2851 1358; x_wconf 75' lang='lat' dir='ltr'><strong>terra,sed,Qu:eeunque</strong></span> <span class='ocrx_word' id='word_1_454' title='bbox 2865 1288 3117 1356; x_wconf 73' lang='lat' dir='ltr'><strong>ligaveris</strong></span> <span class='ocrx_word' id='word_1_455' title='bbox 3132 1303 3295 1357; x_wconf 89' lang='lat' dir='ltr'><strong>super</strong></span> <span class='ocrx_word' id='word_1_456' title='bbox 3310 1295 3536 1343; x_wconf 83' lang='lat' dir='ltr'><strong>terram.</strong></span> 
     </span>
    </p>
   </div>
   <div class='ocr_carea' id='block_1_57' title="bbox 1955 1378 3540 1453">
    <p class='ocr_par' dir='ltr' id='par_1_57' title="bbox 1955 1378 3540 1453">
     <span class='ocr_line' id='line_1_57' title="bbox 1955 1378 3540 1453; baseline -0.006 -14"><span class='ocrx_word' id='word_1_457' title='bbox 1955 1390 2121 1439; x_wconf 89' lang='lat' dir='ltr'><strong>erunt</strong></span> <span class='ocrx_word' id='word_1_458' title='bbox 2164 1383 2331 1453; x_wconf 89' lang='lat' dir='ltr'><strong>ligata</strong></span> <span class='ocrx_word' id='word_1_459' title='bbox 2378 1382 2433 1436; x_wconf 91' lang='lat' dir='ltr'><strong>in</strong></span> <span class='ocrx_word' id='word_1_460' title='bbox 2464 1381 2639 1437; x_wconf 74' lang='lat' dir='ltr'><strong>cmlis.</strong></span> <span class='ocrx_word' id='word_1_461' title='bbox 2700 1379 2859 1442; x_wconf 80' lang='lat' dir='ltr'><strong>Vide,</strong></span> <span class='ocrx_word' id='word_1_462' title='bbox 2893 1380 3149 1449; x_wconf 88' lang='lat' dir='ltr'><strong>inquam,</strong></span> <span class='ocrx_word' id='word_1_463' title='bbox 3183 1378 3440 1439; x_wconf 75' lang='lat' dir='ltr'><strong>solerter,</strong></span> <span class='ocrx_word' id='word_1_464' title='bbox 3478 1384 3540 1430; x_wconf 93' lang='lat' dir='ltr'><strong>ut</strong></span> 
     </span>
    </p>
   </div>
   <div class='ocr_carea' id='block_1_58' title="bbox 1955 1466 3539 1542">
    <p class='ocr_par' dir='ltr' id='par_1_58' title="bbox 1955 1466 3539 1542">
     <span class='ocr_line' id='line_1_58' title="bbox 1955 1466 3539 1542; baseline -0.004 -16"><span class='ocrx_word' id='word_1_465' title='bbox 1955 1472 2089 1527; x_wconf 92' lang='lat' dir='ltr'><strong>dum</strong></span> <span class='ocrx_word' id='word_1_466' title='bbox 2107 1472 2424 1542; x_wconf 84' lang='lat' dir='ltr'><strong>quempiam</strong></span> <span class='ocrx_word' id='word_1_467' title='bbox 2449 1485 2685 1525; x_wconf 87' lang='lat' dir='ltr'><strong>censura</strong></span> <span class='ocrx_word' id='word_1_468' title='bbox 2708 1467 3304 1524; x_wconf 87' lang='lat' dir='ltr'><strong>excommunicationis</strong></span> <span class='ocrx_word' id='word_1_469' title='bbox 3325 1466 3539 1536; x_wconf 84' lang='lat' dir='ltr'><strong>cogeris</strong></span> 
     </span>
    </p>
   </div>
   <div class='ocr_carea' id='block_1_59' title="bbox 1954 1554 3537 1628">
    <p class='ocr_par' dir='ltr' id='par_1_59' title="bbox 1954 1554 3537 1628">
     <span class='ocr_line' id='line_1_59' title="bbox 1954 1554 3537 1628; baseline -0.004 -13"><span class='ocrx_word' id='word_1_470' title='bbox 1954 1561 2145 1626; x_wconf 82' lang='lat' dir='ltr'><strong>ferire,</strong></span> <span class='ocrx_word' id='word_1_471' title='bbox 2177 1560 2308 1615; x_wconf 92' lang='lat' dir='ltr'><strong>dum</strong></span> <span class='ocrx_word' id='word_1_472' title='bbox 2339 1576 2501 1614; x_wconf 88' lang='lat' dir='ltr'><strong>arces</strong></span> <span class='ocrx_word' id='word_1_473' title='bbox 2532 1558 2723 1628; x_wconf 84' lang='lat' dir='ltr'><strong>templi</strong></span> <span class='ocrx_word' id='word_1_474' title='bbox 2755 1558 2930 1623; x_wconf 91' lang='lat' dir='ltr'><strong>aditu,</strong></span> <span class='ocrx_word' id='word_1_475' title='bbox 2960 1558 3093 1611; x_wconf 88' lang='lat' dir='ltr'><strong>dum</strong></span> <span class='ocrx_word' id='word_1_476' title='bbox 3121 1556 3295 1627; x_wconf 82' lang='lat' dir='ltr'><strong>gradu</strong></span> <span class='ocrx_word' id='word_1_477' title='bbox 3319 1554 3537 1625; x_wconf 88' lang='lat' dir='ltr'><strong>dejicis,</strong></span> 
     </span>
    </p>
   </div>
   <div class='ocr_carea' id='block_1_60' title="bbox 1956 1645 3541 1719">
    <p class='ocr_par' dir='ltr' id='par_1_60' title="bbox 1956 1645 3541 1719">
     <span class='ocr_line' id='line_1_60' title="bbox 1956 1645 3541 1719; baseline -0.007 -11"><span class='ocrx_word' id='word_1_478' title='bbox 1956 1653 2164 1708; x_wconf 84' lang='lat' dir='ltr'><strong>habeas</strong></span> <span class='ocrx_word' id='word_1_479' title='bbox 2195 1668 2313 1706; x_wconf 93' lang='lat' dir='ltr'><strong>rem</strong></span> <span class='ocrx_word' id='word_1_480' title='bbox 2338 1653 2482 1706; x_wconf 89' lang='lat' dir='ltr'><strong>hanc</strong></span> <span class='ocrx_word' id='word_1_481' title='bbox 2510 1650 2731 1705; x_wconf 89' lang='lat' dir='ltr'><strong>horrori</strong></span> <span class='ocrx_word' id='word_1_482' title='bbox 2760 1667 2773 1702; x_wconf 88' lang='lat'><strong>:</strong></span> <span class='ocrx_word' id='word_1_483' title='bbox 2797 1648 3003 1719; x_wconf 88' lang='lat' dir='ltr'><strong>quippe</strong></span> <span class='ocrx_word' id='word_1_484' title='bbox 3032 1647 3127 1717; x_wconf 88' lang='lat' dir='ltr'><strong>qui</strong></span> <span class='ocrx_word' id='word_1_485' title='bbox 3156 1648 3331 1701; x_wconf 89' lang='lat' dir='ltr'><strong>Deum</strong></span> <span class='ocrx_word' id='word_1_486' title='bbox 3356 1645 3541 1715; x_wconf 89' lang='lat' dir='ltr'><strong>ipsum</strong></span> 
     </span>
    </p>
   </div>
   <div class='ocr_carea' id='block_1_61' title="bbox 1958 1737 3541 1810">
    <p class='ocr_par' dir='ltr' id='par_1_61' title="bbox 1958 1737 3541 1810">
     <span class='ocr_line' id='line_1_61' title="bbox 1958 1737 3541 1810; baseline -0.006 -11"><span class='ocrx_word' id='word_1_487' title='bbox 1958 1746 2184 1799; x_wconf 89' lang='lat' dir='ltr'><strong>invoces</strong></span> <span class='ocrx_word' id='word_1_488' title='bbox 2234 1743 2526 1799; x_wconf 58' lang='lat' dir='ltr'><strong>sententia</strong></span> <span class='ocrx_word' id='word_1_489' title='bbox 2571 1742 2668 1796; x_wconf 87' lang='lat' dir='ltr'><strong>tali</strong></span> <span class='ocrx_word' id='word_1_490' title='bbox 2713 1750 2820 1795; x_wconf 66' lang='lat' dir='ltr'><strong>tute</strong></span> <span class='ocrx_word' id='word_1_491' title='bbox 2867 1739 3316 1810; x_wconf 79' lang='lat' dir='ltr'><strong>suil‘raganeum.</strong></span> <span class='ocrx_word' id='word_1_492' title='bbox 3381 1737 3541 1807; x_wconf 90' lang='lat' dir='ltr'><strong>quasi</strong></span> 
     </span>
    </p>
   </div>
   <div class='ocr_carea' id='block_1_62' title="bbox 1958 1830 3541 1908">
    <p class='ocr_par' dir='ltr' id='par_1_62' title="bbox 1958 1830 3541 1908">
     <span class='ocr_line' id='line_1_62' title="bbox 1958 1830 3541 1908; baseline -0.006 -15"><span class='ocrx_word' id='word_1_493' title='bbox 1958 1840 2053 1908; x_wconf 91' lang='lat' dir='ltr'><strong>qui</strong></span> <span class='ocrx_word' id='word_1_494' title='bbox 2087 1838 2219 1892; x_wconf 91' lang='lat' dir='ltr'><strong>dum</strong></span> <span class='ocrx_word' id='word_1_495' title='bbox 2250 1838 2367 1891; x_wconf 62' lang='lat' dir='ltr'><strong>hmc</strong></span> <span class='ocrx_word' id='word_1_496' title='bbox 2396 1836 2564 1900; x_wconf 79' lang='lat' dir='ltr'><strong>facis,</strong></span> <span class='ocrx_word' id='word_1_497' title='bbox 2599 1842 2914 1890; x_wconf 89' lang='lat' dir='ltr'><strong>contestere</strong></span> <span class='ocrx_word' id='word_1_498' title='bbox 2948 1832 3142 1887; x_wconf 87' lang='lat' dir='ltr'><strong>eadem</strong></span> <span class='ocrx_word' id='word_1_499' title='bbox 3176 1830 3389 1885; x_wconf 88' lang='lat' dir='ltr'><strong>sancita</strong></span> <span class='ocrx_word' id='word_1_500' title='bbox 3419 1845 3541 1885; x_wconf 89' lang='lat' dir='ltr'><strong>esse</strong></span> 
     </span>
    </p>
   </div>
   <div class='ocr_carea' id='block_1_63' title="bbox 1958 1924 3542 1995">
    <p class='ocr_par' dir='ltr' id='par_1_63' title="bbox 1958 1924 3542 1995">
     <span class='ocr_line' id='line_1_63' title="bbox 1958 1924 3542 1995; baseline -0.006 -8"><span class='ocrx_word' id='word_1_501' title='bbox 1958 1942 2015 1988; x_wconf 89' lang='lat' dir='ltr'><strong>et</strong></span> <span class='ocrx_word' id='word_1_502' title='bbox 2066 1933 2121 1986; x_wconf 90' lang='lat' dir='ltr'><strong>in</strong></span> <span class='ocrx_word' id='word_1_503' title='bbox 2167 1932 2345 1987; x_wconf 64' lang='lat' dir='ltr'><strong>caalis.</strong></span> <span class='ocrx_word' id='word_1_504' title='bbox 2403 1930 2469 1984; x_wconf 84' lang='lat' dir='ltr'><strong>At</strong></span> <span class='ocrx_word' id='word_1_505' title='bbox 2499 1928 2726 1984; x_wconf 90' lang='lat' dir='ltr'><strong>interim</strong></span> <span class='ocrx_word' id='word_1_506' title='bbox 2766 1927 3110 1981; x_wconf 88' lang='lat' dir='ltr'><strong>inhorrescit</strong></span> <span class='ocrx_word' id='word_1_507' title='bbox 3139 1934 3288 1980; x_wconf 89' lang='lat' dir='ltr'><strong>totus</strong></span> <span class='ocrx_word' id='word_1_508' title='bbox 3318 1924 3412 1995; x_wconf 92' lang='lat' dir='ltr'><strong>qui</strong></span> <span class='ocrx_word' id='word_1_509' title='bbox 3438 1925 3542 1979; x_wconf 87' lang='lat' dir='ltr'><strong>eli-</strong></span> 
     </span>
    </p>
   </div>
   <div class='ocr_carea' id='block_1_64' title="bbox 1958 2015 3541 2091">
    <p class='ocr_par' dir='ltr' id='par_1_64' title="bbox 1958 2015 3541 2091">
     <span class='ocr_line' id='line_1_64' title="bbox 1958 2015 3541 2091; baseline -0.007 -13"><span class='ocrx_word' id='word_1_510' title='bbox 1958 2026 2205 2079; x_wconf 85' lang='lat' dir='ltr'><strong>minatur</strong></span> <span class='ocrx_word' id='word_1_511' title='bbox 2235 2022 2427 2091; x_wconf 92' lang='lat' dir='ltr'><strong>templi</strong></span> <span class='ocrx_word' id='word_1_512' title='bbox 2456 2020 2634 2086; x_wconf 90' lang='lat' dir='ltr'><strong>aditu,</strong></span> <span class='ocrx_word' id='word_1_513' title='bbox 2658 2026 2754 2073; x_wconf 90' lang='lat' dir='ltr'><strong>aut</strong></span> <span class='ocrx_word' id='word_1_514' title='bbox 2778 2018 2950 2089; x_wconf 88' lang='lat' dir='ltr'><strong>gradu</strong></span> <span class='ocrx_word' id='word_1_515' title='bbox 2975 2016 3330 2080; x_wconf 86' lang='lat' dir='ltr'><strong>deturbatur,</strong></span> <span class='ocrx_word' id='word_1_516' title='bbox 3362 2024 3424 2071; x_wconf 88' lang='lat' dir='ltr'><strong>ut</strong></span> <span class='ocrx_word' id='word_1_517' title='bbox 3446 2015 3541 2083; x_wconf 90' lang='lat' dir='ltr'><strong>qui</strong></span> 
     </span>
    </p>
   </div>
   <div class='ocr_carea' id='block_1_65' title="bbox 1961 2107 3549 2185">
    <p class='ocr_par' dir='ltr' id='par_1_65' title="bbox 1961 2107 3549 2185">
     <span class='ocr_line' id='line_1_65' title="bbox 1961 2107 3549 2185; baseline -0.007 -16"><span class='ocrx_word' id='word_1_518' title='bbox 1961 2113 2235 2185; x_wconf 80' lang='lat' dir='ltr'><strong>intelligat</strong></span> <span class='ocrx_word' id='word_1_519' title='bbox 2276 2112 2494 2168; x_wconf 90' lang='lat' dir='ltr'><strong>excludi</strong></span> <span class='ocrx_word' id='word_1_520' title='bbox 2523 2127 2582 2166; x_wconf 91' lang='lat' dir='ltr'><strong>se</strong></span> <span class='ocrx_word' id='word_1_521' title='bbox 2614 2125 2783 2182; x_wconf 84' lang='lat' dir='ltr'><strong>regno</strong></span> <span class='ocrx_word' id='word_1_522' title='bbox 2814 2110 3105 2164; x_wconf 80' lang='lat' dir='ltr'><strong>caelorum.</strong></span> <span class='ocrx_word' id='word_1_523' title='bbox 3152 2107 3315 2169; x_wconf 76' lang='lat' dir='ltr'><strong>Vide,</strong></span> <span class='ocrx_word' id='word_1_524' title='bbox 3350 2121 3549 2159; x_wconf 81' lang='lat' dir='ltr'><strong>rursus</strong></span> 
     </span>
    </p>
   </div>
   <div class='ocr_carea' id='block_1_66' title="bbox 1961 2199 3542 2273">
    <p class='ocr_par' dir='ltr' id='par_1_66' title="bbox 1961 2199 3542 2273">
     <span class='ocr_line' id='line_1_66' title="bbox 1961 2199 3542 2273; baseline -0.006 -10"><span class='ocrx_word' id='word_1_525' title='bbox 1961 2208 2236 2268; x_wconf 79' lang='lat' dir='ltr'><strong>dixerim,</strong></span> <span class='ocrx_word' id='word_1_526' title='bbox 2282 2222 2315 2260; x_wconf 95' lang='lat' dir='ltr'><strong>o</strong></span> <span class='ocrx_word' id='word_1_527' title='bbox 2358 2204 2647 2268; x_wconf 87' lang='lat' dir='ltr'><strong>sacerdos,</strong></span> <span class='ocrx_word' id='word_1_528' title='bbox 2683 2202 2815 2273; x_wconf 89' lang='lat' dir='ltr'><strong>quid</strong></span> <span class='ocrx_word' id='word_1_529' title='bbox 2847 2217 2995 2273; x_wconf 90' lang='lat' dir='ltr'><strong>agas.</strong></span> <span class='ocrx_word' id='word_1_530' title='bbox 3045 2200 3177 2267; x_wconf 62' lang='lat' dir='ltr'><strong>Qua:</strong></span> <span class='ocrx_word' id='word_1_531' title='bbox 3203 2199 3350 2255; x_wconf 90' lang='lat' dir='ltr'><strong>enim</strong></span> <span class='ocrx_word' id='word_1_532' title='bbox 3378 2199 3542 2255; x_wconf 89' lang='lat' dir='ltr'><strong>deor-</strong></span> 
     </span>
    </p>
   </div>
   <div class='ocr_carea' id='block_1_67' title="bbox 1963 2293 3544 2363">
    <p class='ocr_par' dir='ltr' id='par_1_67' title="bbox 1963 2293 3544 2363">
     <span class='ocr_line' id='line_1_67' title="bbox 1963 2293 3544 2363; baseline -0.007 -7"><span class='ocrx_word' id='word_1_533' title='bbox 1963 2316 2085 2356; x_wconf 87' lang='lat' dir='ltr'><strong>sum</strong></span> <span class='ocrx_word' id='word_1_534' title='bbox 2141 2298 2367 2354; x_wconf 91' lang='lat' dir='ltr'><strong>vinculo</strong></span> <span class='ocrx_word' id='word_1_535' title='bbox 2429 2297 2672 2352; x_wconf 86' lang='lat' dir='ltr'><strong>innectis</strong></span> <span class='ocrx_word' id='word_1_536' title='bbox 2702 2295 2820 2349; x_wconf 90' lang='lat' dir='ltr'><strong>oris</strong></span> <span class='ocrx_word' id='word_1_537' title='bbox 2850 2295 2954 2360; x_wconf 88' lang='lat' dir='ltr'><strong>tui,</strong></span> <span class='ocrx_word' id='word_1_538' title='bbox 2992 2305 3145 2349; x_wconf 89' lang='lat' dir='ltr'><strong>certo</strong></span> <span class='ocrx_word' id='word_1_539' title='bbox 3181 2293 3280 2347; x_wconf 90' lang='lat' dir='ltr'><strong>tibi</strong></span> <span class='ocrx_word' id='word_1_540' title='bbox 3312 2308 3544 2363; x_wconf 84' lang='lat' dir='ltr'><strong>persua-</strong></span> 
     </span>
    </p>
   </div>
   <div class='ocr_carea' id='block_1_68' title="bbox 1963 2384 3545 2457">
    <p class='ocr_par' dir='ltr' id='par_1_68' title="bbox 1963 2384 3545 2457">
     <span class='ocr_line' id='line_1_68' title="bbox 1963 2384 3545 2457; baseline -0.008 -9"><span class='ocrx_word' id='word_1_541' title='bbox 1963 2394 2055 2457; x_wconf 92' lang='lat' dir='ltr'><strong>de,</strong></span> <span class='ocrx_word' id='word_1_542' title='bbox 2079 2392 2269 2446; x_wconf 82' lang='lat' dir='ltr'><strong>eadem</strong></span> <span class='ocrx_word' id='word_1_543' title='bbox 2298 2390 2501 2445; x_wconf 86' lang='lat' dir='ltr'><strong>sanciri</strong></span> <span class='ocrx_word' id='word_1_544' title='bbox 2527 2404 2749 2445; x_wconf 89' lang='lat' dir='ltr'><strong>sursum</strong></span> <span class='ocrx_word' id='word_1_545' title='bbox 2778 2395 2834 2441; x_wconf 90' lang='lat' dir='ltr'><strong>et</strong></span> <span class='ocrx_word' id='word_1_546' title='bbox 2860 2386 3209 2456; x_wconf 87' lang='lat' dir='ltr'><strong>comprobari</strong></span> <span class='ocrx_word' id='word_1_547' title='bbox 3232 2403 3245 2439; x_wconf 94' lang='lat'><strong>:</strong></span> <span class='ocrx_word' id='word_1_548' title='bbox 3266 2401 3375 2438; x_wconf 92' lang='lat' dir='ltr'><strong>non</strong></span> <span class='ocrx_word' id='word_1_549' title='bbox 3399 2384 3545 2438; x_wconf 87' lang='lat' dir='ltr'><strong>enim</strong></span> 
     </span>
    </p>
   </div>
   <div class='ocr_carea' id='block_1_69' title="bbox 1964 2474 3547 2553">
    <p class='ocr_par' dir='ltr' id='par_1_69' title="bbox 1964 2474 3547 2553">
     <span class='ocr_line' id='line_1_69' title="bbox 1964 2474 3547 2553; baseline -0.009 -14"><span class='ocrx_word' id='word_1_550' title='bbox 1964 2484 2251 2539; x_wconf 79' lang='lat' dir='ltr'><strong>vinculum</strong></span> <span class='ocrx_word' id='word_1_551' title='bbox 2300 2480 2572 2553; x_wconf 86' lang='lat' dir='ltr'><strong>ejusmodi</strong></span> <span class='ocrx_word' id='word_1_552' title='bbox 2621 2480 2847 2548; x_wconf 88' lang='lat' dir='ltr'><strong>impune</strong></span> <span class='ocrx_word' id='word_1_553' title='bbox 2884 2478 2953 2539; x_wconf 90' lang='lat' dir='ltr'><strong>it,</strong></span> <span class='ocrx_word' id='word_1_554' title='bbox 3005 2476 3050 2531; x_wconf 89' lang='lat' dir='ltr'><strong>si</strong></span> <span class='ocrx_word' id='word_1_555' title='bbox 3083 2475 3308 2546; x_wconf 88' lang='lat' dir='ltr'><strong>quidem</strong></span> <span class='ocrx_word' id='word_1_556' title='bbox 3342 2474 3547 2543; x_wconf 87' lang='lat' dir='ltr'><strong>injuste</strong></span> 
     </span>
    </p>
   </div>
   <div class='ocr_carea' id='block_1_70' title="bbox 1965 2564 3547 2645">
    <p class='ocr_par' dir='ltr' id='par_1_70' title="bbox 1965 2564 3547 2645">
     <span class='ocr_line' id='line_1_70' title="bbox 1965 2564 3547 2645; baseline -0.008 -15"><span class='ocrx_word' id='word_1_557' title='bbox 1965 2576 2284 2645; x_wconf 89' lang='lat' dir='ltr'><strong>quempiam</strong></span> <span class='ocrx_word' id='word_1_558' title='bbox 2334 2571 2614 2642; x_wconf 84' lang='lat' dir='ltr'><strong>ligaveris.</strong></span> <span class='ocrx_word' id='word_1_559' title='bbox 2673 2569 2736 2623; x_wconf 89' lang='lat' dir='ltr'><strong>In</strong></span> <span class='ocrx_word' id='word_1_560' title='bbox 2780 2566 3118 2623; x_wconf 90' lang='lat' dir='ltr'><strong>consistorio</strong></span> <span class='ocrx_word' id='word_1_561' title='bbox 3146 2566 3298 2619; x_wconf 90' lang='lat' dir='ltr'><strong>enim</strong></span> <span class='ocrx_word' id='word_1_562' title='bbox 3325 2564 3420 2619; x_wconf 90' lang='lat' dir='ltr'><strong>illo</strong></span> <span class='ocrx_word' id='word_1_563' title='bbox 3446 2580 3547 2618; x_wconf 93' lang='lat' dir='ltr'><strong>an-</strong></span> 
     </span>
    </p>
   </div>
   <div class='ocr_carea' id='block_1_71' title="bbox 1965 2661 3547 2738">
    <p class='ocr_par' dir='ltr' id='par_1_71' title="bbox 1965 2661 3547 2738">
     <span class='ocr_line' id='line_1_71' title="bbox 1965 2661 3547 2738; baseline -0.006 -17"><span class='ocrx_word' id='word_1_564' title='bbox 1965 2668 2218 2738; x_wconf 86' lang='lat' dir='ltr'><strong>gelorum</strong></span> <span class='ocrx_word' id='word_1_565' title='bbox 2274 2665 2626 2719; x_wconf 85' lang='lat' dir='ltr'><strong>exactissime</strong></span> <span class='ocrx_word' id='word_1_566' title='bbox 2674 2664 2945 2718; x_wconf 89' lang='lat' dir='ltr'><strong>rationem</strong></span> <span class='ocrx_word' id='word_1_567' title='bbox 2981 2661 3335 2731; x_wconf 89' lang='lat' dir='ltr'><strong>repositurus</strong></span> <span class='ocrx_word' id='word_1_568' title='bbox 3361 2674 3443 2723; x_wconf 91' lang='lat' dir='ltr'><strong>es,</strong></span> <span class='ocrx_word' id='word_1_569' title='bbox 3478 2674 3547 2712; x_wconf 91' lang='lat' dir='ltr'><strong>ne</strong></span> 
     </span>
    </p>
   </div>
   <div class='ocr_carea' id='block_1_72' title="bbox 1966 2748 3547 2826">
    <p class='ocr_par' dir='ltr' id='par_1_72' title="bbox 1966 2748 3547 2826">
     <span class='ocr_line' id='line_1_72' title="bbox 1966 2748 3547 2826; baseline -0.006 -16"><span class='ocrx_word' id='word_1_570' title='bbox 1966 2773 2133 2826; x_wconf 88' lang='lat' dir='ltr'><strong>quem</strong></span> <span class='ocrx_word' id='word_1_571' title='bbox 2170 2755 2390 2808; x_wconf 87' lang='lat' dir='ltr'><strong>vinculo</strong></span> <span class='ocrx_word' id='word_1_572' title='bbox 2424 2753 2764 2823; x_wconf 90' lang='lat' dir='ltr'><strong>implicueris</strong></span> <span class='ocrx_word' id='word_1_573' title='bbox 2785 2794 2799 2817; x_wconf 95' lang='lat'><strong>,</strong></span> <span class='ocrx_word' id='word_1_574' title='bbox 2849 2752 2929 2805; x_wconf 91' lang='lat' dir='ltr'><strong>ira</strong></span> <span class='ocrx_word' id='word_1_575' title='bbox 2970 2760 3066 2805; x_wconf 91' lang='lat' dir='ltr'><strong>aut</strong></span> <span class='ocrx_word' id='word_1_576' title='bbox 3098 2751 3296 2805; x_wconf 88' lang='lat' dir='ltr'><strong>vitiosa</strong></span> <span class='ocrx_word' id='word_1_577' title='bbox 3324 2749 3435 2804; x_wconf 93' lang='lat' dir='ltr'><strong>ulla</strong></span> <span class='ocrx_word' id='word_1_578' title='bbox 3466 2748 3547 2802; x_wconf 80' lang='lat' dir='ltr'><strong>af-</strong></span> 
     </span>
    </p>
   </div>
   <div class='ocr_carea' id='block_1_73' title="bbox 1967 2843 3551 2915">
    <p class='ocr_par' dir='ltr' id='par_1_73' title="bbox 1967 2843 3551 2915">
     <span class='ocr_line' id='line_1_73' title="bbox 1967 2843 3551 2915; baseline -0.006 -11"><span class='ocrx_word' id='word_1_579' title='bbox 1967 2849 2209 2905; x_wconf 84' lang='lat' dir='ltr'><strong>fectione</strong></span> <span class='ocrx_word' id='word_1_580' title='bbox 2236 2848 2634 2903; x_wconf 90' lang='lat' dir='ltr'><strong>incandescens</strong></span> <span class='ocrx_word' id='word_1_581' title='bbox 2666 2865 2679 2900; x_wconf 88' lang='lat'><strong>:</strong></span> <span class='ocrx_word' id='word_1_582' title='bbox 2712 2862 2823 2900; x_wconf 93' lang='lat' dir='ltr'><strong>non</strong></span> <span class='ocrx_word' id='word_1_583' title='bbox 2851 2845 2983 2899; x_wconf 82' lang='lat' dir='ltr'><strong>item</strong></span> <span class='ocrx_word' id='word_1_584' title='bbox 3012 2846 3169 2915; x_wconf 91' lang='lat' dir='ltr'><strong>quasi</strong></span> <span class='ocrx_word' id='word_1_585' title='bbox 3201 2844 3441 2913; x_wconf 88' lang='lat' dir='ltr'><strong>leipsum</strong></span> <span class='ocrx_word' id='word_1_586' title='bbox 3468 2843 3551 2896; x_wconf 93' lang='lat' dir='ltr'><strong>ul-</strong></span> 
     </span>
    </p>
   </div>
   <div class='ocr_carea' id='block_1_74' title="bbox 1969 2932 3549 3011">
    <p class='ocr_par' dir='ltr' id='par_1_74' title="bbox 1969 2932 3549 3011">
     <span class='ocr_line' id='line_1_74' title="bbox 1969 2932 3549 3011; baseline -0.008 -14"><span class='ocrx_word' id='word_1_587' title='bbox 1969 2943 2217 3006; x_wconf 92' lang='lat' dir='ltr'><strong>ciscens,</strong></span> <span class='ocrx_word' id='word_1_588' title='bbox 2266 2942 2400 3011; x_wconf 87' lang='lat' dir='ltr'><strong>quin</strong></span> <span class='ocrx_word' id='word_1_589' title='bbox 2434 2939 2621 3009; x_wconf 82' lang='lat' dir='ltr'><strong>potius</strong></span> <span class='ocrx_word' id='word_1_590' title='bbox 2652 2938 2813 3008; x_wconf 89' lang='lat' dir='ltr'><strong>quasi</strong></span> <span class='ocrx_word' id='word_1_591' title='bbox 2847 2953 2949 3008; x_wconf 93' lang='lat' dir='ltr'><strong>pro</strong></span> <span class='ocrx_word' id='word_1_592' title='bbox 2980 2936 3185 2990; x_wconf 88' lang='lat' dir='ltr'><strong>tuenda</strong></span> <span class='ocrx_word' id='word_1_593' title='bbox 3213 2935 3421 2988; x_wconf 91' lang='lat' dir='ltr'><strong>virtute</strong></span> <span class='ocrx_word' id='word_1_594' title='bbox 3451 2932 3549 2987; x_wconf 89' lang='lat' dir='ltr'><strong>de-</strong></span> 
     </span>
    </p>
   </div>
   <div class='ocr_carea' id='block_1_75' title="bbox 1968 3029 3552 3098">
    <p class='ocr_par' dir='ltr' id='par_1_75' title="bbox 1968 3029 3552 3098">
     <span class='ocr_line' id='line_1_75' title="bbox 1968 3029 3552 3098; baseline -0.008 -4"><span class='ocrx_word' id='word_1_595' title='bbox 1968 3048 2212 3094; x_wconf 90' lang='lat' dir='ltr'><strong>certans.</strong></span> <span class='ocrx_word' id='word_1_596' title='bbox 2250 3036 2549 3093; x_wconf 89' lang='lat' dir='ltr'><strong>Ulciscitur</strong></span> <span class='ocrx_word' id='word_1_597' title='bbox 2582 3035 2733 3090; x_wconf 88' lang='lat' dir='ltr'><strong>enim</strong></span> <span class='ocrx_word' id='word_1_598' title='bbox 2770 3035 2919 3088; x_wconf 85' lang='lat' dir='ltr'><strong>Deus</strong></span> <span class='ocrx_word' id='word_1_599' title='bbox 2970 3048 3034 3087; x_wconf 89' lang='lat' dir='ltr'><strong>ac</strong></span> <span class='ocrx_word' id='word_1_600' title='bbox 3065 3030 3315 3085; x_wconf 81' lang='lat' dir='ltr'><strong>defendit</strong></span> <span class='ocrx_word' id='word_1_601' title='bbox 3349 3029 3552 3098; x_wconf 88' lang='lat' dir='ltr'><strong>injusta</strong></span> 
     </span>
    </p>
   </div>
   <div class='ocr_carea' id='block_1_76' title="bbox 1969 3123 3556 3198">
    <p class='ocr_par' dir='ltr' id='par_1_76' title="bbox 1969 3123 3556 3198">
     <span class='ocr_line' id='line_1_76' title="bbox 1969 3123 3556 3198; baseline -0.009 -12"><span class='ocrx_word' id='word_1_602' title='bbox 1969 3145 2209 3186; x_wconf 88' lang='lat' dir='ltr'><strong>censura</strong></span> <span class='ocrx_word' id='word_1_603' title='bbox 2256 3128 2514 3198; x_wconf 86' lang='lat' dir='ltr'><strong>ligatum,</strong></span> <span class='ocrx_word' id='word_1_604' title='bbox 2573 3126 2851 3196; x_wconf 88' lang='lat' dir='ltr'><strong>siquidem</strong></span> <span class='ocrx_word' id='word_1_605' title='bbox 2899 3124 2946 3179; x_wconf 91' lang='lat' dir='ltr'><strong>is</strong></span> <span class='ocrx_word' id='word_1_606' title='bbox 2990 3123 3214 3178; x_wconf 91' lang='lat' dir='ltr'><strong>videtur</strong></span> <span class='ocrx_word' id='word_1_607' title='bbox 3262 3135 3376 3175; x_wconf 93' lang='lat' dir='ltr'><strong>non</strong></span> <span class='ocrx_word' id='word_1_608' title='bbox 3419 3135 3556 3175; x_wconf 89' lang='lat' dir='ltr'><strong>con-</strong></span> 
     </span>
    </p>
   </div>
   <div class='ocr_carea' id='block_1_77' title="bbox 1973 3210 3551 3291">
    <p class='ocr_par' dir='ltr' id='par_1_77' title="bbox 1973 3210 3551 3291">
     <span class='ocr_line' id='line_1_77' title="bbox 1973 3210 3551 3291; baseline -0.009 -15"><span class='ocrx_word' id='word_1_609' title='bbox 1973 3220 2265 3291; x_wconf 87' lang='lat' dir='ltr'><strong>tempsisse</strong></span> <span class='ocrx_word' id='word_1_610' title='bbox 2299 3219 2608 3272; x_wconf 90' lang='lat' dir='ltr'><strong>vinculum.</strong></span> <span class='ocrx_word' id='word_1_611' title='bbox 2660 3217 2764 3284; x_wconf 85' lang='lat' dir='ltr'><strong>Qui</strong></span> <span class='ocrx_word' id='word_1_612' title='bbox 2797 3216 2964 3288; x_wconf 85' lang='lat' dir='ltr'><strong>igitur</strong></span> <span class='ocrx_word' id='word_1_613' title='bbox 2996 3214 3134 3270; x_wconf 87' lang='lat' dir='ltr'><strong>citra</strong></span> <span class='ocrx_word' id='word_1_614' title='bbox 3165 3213 3349 3267; x_wconf 76' lang='lat' dir='ltr'><strong>fucum</strong></span> <span class='ocrx_word' id='word_1_615' title='bbox 3381 3210 3551 3264; x_wconf 89' lang='lat' dir='ltr'><strong>ullum</strong></span> 
     </span>
    </p>
   </div>
   <div class='ocr_carea' id='block_1_78' title="bbox 1967 3301 3554 3382">
    <p class='ocr_par' dir='ltr' id='par_1_78' title="bbox 1967 3301 3554 3382">
     <span class='ocr_line' id='line_1_78' title="bbox 1967 3301 3554 3382; baseline -0.009 -14"><span class='ocrx_word' id='word_1_616' title='bbox 1967 3311 2172 3369; x_wconf 89' lang='lat' dir='ltr'><strong>Christi</strong></span> <span class='ocrx_word' id='word_1_617' title='bbox 2197 3312 2632 3382; x_wconf 84' lang='lat' dir='ltr'><strong>pascitgregem,</strong></span> <span class='ocrx_word' id='word_1_618' title='bbox 2662 3310 2789 3379; x_wconf 89' lang='lat' dir='ltr'><strong>jure</strong></span> <span class='ocrx_word' id='word_1_619' title='bbox 2814 3316 3045 3362; x_wconf 89' lang='lat' dir='ltr'><strong>vocatus</strong></span> <span class='ocrx_word' id='word_1_620' title='bbox 3098 3305 3303 3375; x_wconf 88' lang='lat' dir='ltr'><strong>legitur</strong></span> <span class='ocrx_word' id='word_1_621' title='bbox 3334 3301 3408 3357; x_wconf 91' lang='lat' dir='ltr'><strong>Os</strong></span> <span class='ocrx_word' id='word_1_622' title='bbox 3446 3301 3554 3355; x_wconf 87' lang='lat' dir='ltr'><strong>Do-</strong></span> 
     </span>
    </p>
   </div>
   <div class='ocr_carea' id='block_1_79' title="bbox 1970 3393 3556 3474">
    <p class='ocr_par' dir='ltr' id='par_1_79' title="bbox 1970 3393 3556 3474">
     <span class='ocr_line' id='line_1_79' title="bbox 1970 3393 3556 3474; baseline -0.009 -15"><span class='ocrx_word' id='word_1_623' title='bbox 1970 3405 2127 3461; x_wconf 90' lang='lat' dir='ltr'><strong>mini.</strong></span> <span class='ocrx_word' id='word_1_624' title='bbox 2169 3405 2387 3474; x_wconf 77' lang='lat'><strong>1228</strong></span> <span class='ocrx_word' id='word_1_625' title='bbox 2436 3402 2527 3457; x_wconf 86' lang='lat' dir='ltr'><strong>Ait</strong></span> <span class='ocrx_word' id='word_1_626' title='bbox 2570 3401 2718 3457; x_wconf 88' lang='lat' dir='ltr'><strong>enim</strong></span> <span class='ocrx_word' id='word_1_627' title='bbox 2785 3398 3055 3455; x_wconf 85' lang='lat' dir='ltr'><strong>Jeremias</strong></span> <span class='ocrx_word' id='word_1_628' title='bbox 3092 3415 3106 3452; x_wconf 90' lang='lat'>:</span> <span class='ocrx_word' id='word_1_629' title='bbox 3149 3416 3167 3449; x_wconf 77' lang='grc' dir='ltr'><strong>ι</strong></span> <span class='ocrx_word' id='word_1_630' title='bbox 3203 3395 3261 3450; x_wconf 92' lang='lat' dir='ltr'><strong>Si</strong></span> <span class='ocrx_word' id='word_1_631' title='bbox 3293 3393 3556 3449; x_wconf 88' lang='lat' dir='ltr'><strong>eduxeris</strong></span> 
     </span>
    </p>
   </div>
   <div class='ocr_carea' id='block_1_80' title="bbox 1970 3488 3555 3568">
    <p class='ocr_par' dir='ltr' id='par_1_80' title="bbox 1970 3488 3555 3568">
     <span class='ocr_line' id='line_1_80' title="bbox 1970 3488 3555 3568; baseline -0.006 -17"><span class='ocrx_word' id='word_1_632' title='bbox 1970 3498 2275 3568; x_wconf 70' lang='lat' dir='ltr'><strong>pretiosum</strong></span> <span class='ocrx_word' id='word_1_633' title='bbox 2308 3513 2338 3550; x_wconf 91' lang='lat' dir='ltr'><strong>a</strong></span> <span class='ocrx_word' id='word_1_634' title='bbox 2368 3496 2485 3559; x_wconf 89' lang='lat' dir='ltr'><strong>vili,</strong></span> <span class='ocrx_word' id='word_1_635' title='bbox 2527 3495 2687 3565; x_wconf 90' lang='lat' dir='ltr'><strong>quasi</strong></span> <span class='ocrx_word' id='word_1_636' title='bbox 2719 3510 2782 3549; x_wconf 88' lang='lat' dir='ltr'><strong>os</strong></span> <span class='ocrx_word' id='word_1_637' title='bbox 2807 3508 2992 3549; x_wconf 88' lang='lat' dir='ltr'><strong>meum</strong></span> <span class='ocrx_word' id='word_1_638' title='bbox 3022 3490 3217 3545; x_wconf 79' lang='lat' dir='ltr'><strong>eris&quot;.</strong></span> <span class='ocrx_word' id='word_1_639' title='bbox 3240 3507 3257 3539; x_wconf 80' lang='grc' dir='ltr'><strong>ι</strong></span> <span class='ocrx_word' id='word_1_640' title='bbox 3298 3488 3425 3542; x_wconf 65' lang='lat' dir='ltr'><strong>Haec</strong></span> <span class='ocrx_word' id='word_1_641' title='bbox 3457 3501 3555 3541; x_wconf 89' lang='lat' dir='ltr'><strong>ve-</strong></span> 
     </span>
    </p>
   </div>
   <div class='ocr_carea' id='block_1_81' title="bbox 1973 3583 3556 3657">
    <p class='ocr_par' dir='ltr' id='par_1_81' title="bbox 1973 3583 3556 3657">
     <span class='ocr_line' id='line_1_81' title="bbox 1973 3583 3556 3657; baseline -0.008 -14"><span class='ocrx_word' id='word_1_642' title='bbox 1973 3590 2017 3643; x_wconf 91' lang='lat' dir='ltr'><strong>ri</strong></span> <span class='ocrx_word' id='word_1_643' title='bbox 2051 3597 2179 3643; x_wconf 89' lang='lat' dir='ltr'><strong>sunt</strong></span> <span class='ocrx_word' id='word_1_644' title='bbox 2208 3588 2448 3657; x_wconf 89' lang='lat' dir='ltr'><strong>pastoris</strong></span> <span class='ocrx_word' id='word_1_645' title='bbox 2496 3586 2765 3657; x_wconf 90' lang='lat' dir='ltr'><strong>insignia,</strong></span> <span class='ocrx_word' id='word_1_646' title='bbox 2819 3593 2881 3639; x_wconf 92' lang='lat' dir='ltr'><strong>ut</strong></span> <span class='ocrx_word' id='word_1_647' title='bbox 2925 3583 3166 3637; x_wconf 90' lang='lat' dir='ltr'><strong>animam</strong></span> <span class='ocrx_word' id='word_1_648' title='bbox 3196 3596 3351 3635; x_wconf 89' lang='lat' dir='ltr'><strong>suam</strong></span> <span class='ocrx_word' id='word_1_649' title='bbox 3384 3588 3556 3648; x_wconf 89' lang='lat' dir='ltr'><strong>ponat</strong></span> 
     </span>
    </p>
   </div>
   <div class='ocr_carea' id='block_1_82' title="bbox 1969 3661 3557 3744">
    <p class='ocr_par' dir='ltr' id='par_1_82' title="bbox 1969 3661 3557 3744">
     <span class='ocr_line' id='line_1_82' title="bbox 1969 3661 3557 3744; baseline -0.008 -17"><span class='ocrx_word' id='word_1_650' title='bbox 1969 3689 2072 3744; x_wconf 89' lang='lat' dir='ltr'><strong>pro</strong></span> <span class='ocrx_word' id='word_1_651' title='bbox 2094 3671 2413 3727; x_wconf 83' lang='lat' dir='ltr'><strong>subditis&quot;.</strong></span> <span class='ocrx_word' id='word_1_652' title='bbox 2442 3669 2499 3725; x_wconf 89' lang='lat' dir='ltr'><strong>ld</strong></span> <span class='ocrx_word' id='word_1_653' title='bbox 2526 3672 2570 3725; x_wconf 92' lang='lat' dir='ltr'><strong>si</strong></span> <span class='ocrx_word' id='word_1_654' title='bbox 2599 3670 3000 3739; x_wconf 84' lang='lat' dir='ltr'><strong>tergiversetur</strong></span> <span class='ocrx_word' id='word_1_655' title='bbox 3026 3672 3310 3736; x_wconf 70' lang='lat' dir='ltr'><strong>praastare,</strong></span> <span class='ocrx_word' id='word_1_656' title='bbox 3334 3661 3557 3731; x_wconf 87' lang='lat' dir='ltr'><strong>sibique</strong></span> 
     </span>
    </p>
   </div>
   <div class='ocr_carea' id='block_1_83' title="bbox 1971 3748 3555 3826">
    <p class='ocr_par' dir='ltr' id='par_1_83' title="bbox 1971 3748 3555 3826">
     <span class='ocr_line' id='line_1_83' title="bbox 1971 3748 3555 3826; baseline -0.009 -14"><span class='ocrx_word' id='word_1_657' title='bbox 1971 3755 2244 3826; x_wconf 76' lang='grc' dir='ltr'><strong>ρι’ωοίρίιὶ</strong></span> <span class='ocrx_word' id='word_1_658' title='bbox 2294 3754 2419 3825; x_wconf 80' lang='lat' dir='ltr'><strong>fuga</strong></span> <span class='ocrx_word' id='word_1_659' title='bbox 2468 3755 2754 3818; x_wconf 91' lang='lat' dir='ltr'><strong>consulat,</strong></span> <span class='ocrx_word' id='word_1_660' title='bbox 2812 3766 3029 3822; x_wconf 90' lang='lat' dir='ltr'><strong>poenam</strong></span> <span class='ocrx_word' id='word_1_661' title='bbox 3082 3748 3275 3804; x_wconf 88' lang='lat' dir='ltr'><strong>subire</strong></span> <span class='ocrx_word' id='word_1_662' title='bbox 3324 3754 3555 3817; x_wconf 82' lang='lat' dir='ltr'><strong>cogetur</strong></span> 
     </span>
    </p>
   </div>
   <div class='ocr_carea' id='block_1_84' title="bbox 1972 3831 3555 3907">
    <p class='ocr_par' dir='ltr' id='par_1_84' title="bbox 1972 3831 3555 3907">
     <span class='ocr_line' id='line_1_84' title="bbox 1972 3831 3555 3907; baseline -0.005 -13"><span class='ocrx_word' id='word_1_663' title='bbox 1972 3841 2121 3895; x_wconf 89' lang='lat' dir='ltr'><strong>illius</strong></span> <span class='ocrx_word' id='word_1_664' title='bbox 2167 3838 2495 3893; x_wconf 88' lang='lat' dir='ltr'><strong>mercenarii</strong></span> <span class='ocrx_word' id='word_1_665' title='bbox 2549 3838 2642 3907; x_wconf 89' lang='lat' dir='ltr'><strong>qui</strong></span> <span class='ocrx_word' id='word_1_666' title='bbox 2694 3839 2824 3906; x_wconf 90' lang='lat' dir='ltr'><strong>lupo</strong></span> <span class='ocrx_word' id='word_1_667' title='bbox 2867 3834 3128 3890; x_wconf 81' lang='lat' dir='ltr'><strong>saeviente</strong></span> <span class='ocrx_word' id='word_1_668' title='bbox 3180 3834 3433 3888; x_wconf 85' lang='lat' dir='ltr'><strong>desertor</strong></span> <span class='ocrx_word' id='word_1_669' title='bbox 3472 3831 3555 3887; x_wconf 75' lang='lat' dir='ltr'><strong>fa~</strong></span> 
     </span>
    </p>
   </div>
   <div class='ocr_carea' id='block_1_85' title="bbox 1973 3917 3556 3993">
    <p class='ocr_par' dir='ltr' id='par_1_85' title="bbox 1973 3917 3556 3993">
     <span class='ocr_line' id='line_1_85' title="bbox 1973 3917 3556 3993; baseline -0.005 -15"><span class='ocrx_word' id='word_1_670' title='bbox 1973 3933 2097 3979; x_wconf 93' lang='lat' dir='ltr'><strong>ctus</strong></span> <span class='ocrx_word' id='word_1_671' title='bbox 2138 3932 2222 3978; x_wconf 90' lang='lat' dir='ltr'><strong>est</strong></span> <span class='ocrx_word' id='word_1_672' title='bbox 2272 3939 2336 3978; x_wconf 92' lang='lat' dir='ltr'><strong>ac</strong></span> <span class='ocrx_word' id='word_1_673' title='bbox 2386 3923 2576 3992; x_wconf 79' lang='lat' dir='ltr'><strong>refuga</strong></span> <span class='ocrx_word' id='word_1_674' title='bbox 2620 3923 2851 3993; x_wconf 82' lang='lat' dir='ltr'><strong>gregis;</strong></span> <span class='ocrx_word' id='word_1_675' title='bbox 2909 3919 3211 3988; x_wconf 84' lang='lat' dir='ltr'><strong>audietque</strong></span> <span class='ocrx_word' id='word_1_676' title='bbox 3244 3935 3273 3972; x_wconf 89' lang='lat' dir='ltr'><strong>a</strong></span> <span class='ocrx_word' id='word_1_677' title='bbox 3306 3917 3556 3987; x_wconf 90' lang='lat' dir='ltr'><strong>principe</strong></span> 
     </span>
    </p>
   </div>
   <div class='ocr_carea' id='block_1_86' title="bbox 1974 4001 3557 4080">
    <p class='ocr_par' dir='ltr' id='par_1_86' title="bbox 1974 4001 3557 4080">
     <span class='ocr_line' id='line_1_86' title="bbox 1974 4001 3557 4080; baseline -0.006 -16"><span class='ocrx_word' id='word_1_678' title='bbox 1974 4019 2260 4080; x_wconf 90' lang='lat' dir='ltr'><strong>pastorum</strong></span> <span class='ocrx_word' id='word_1_679' title='bbox 2299 4008 2354 4063; x_wconf 93' lang='lat' dir='ltr'><strong>in</strong></span> <span class='ocrx_word' id='word_1_680' title='bbox 2389 4023 2449 4063; x_wconf 92' lang='lat' dir='ltr'><strong>se</strong></span> <span class='ocrx_word' id='word_1_681' title='bbox 2489 4006 2817 4077; x_wconf 87' lang='lat' dir='ltr'><strong>detorqueri</strong></span> <span class='ocrx_word' id='word_1_682' title='bbox 2851 4005 2988 4059; x_wconf 90' lang='lat' dir='ltr'><strong>illud</strong></span> <span class='ocrx_word' id='word_1_683' title='bbox 3023 4021 3037 4057; x_wconf 87' lang='lat'><strong>:</strong></span> <span class='ocrx_word' id='word_1_684' title='bbox 3076 4024 3094 4056; x_wconf 79' lang='grc' dir='ltr'><strong>ι</strong></span> <span class='ocrx_word' id='word_1_685' title='bbox 3124 4004 3244 4058; x_wconf 87' lang='lat' dir='ltr'><strong>Non</strong></span> <span class='ocrx_word' id='word_1_686' title='bbox 3275 4001 3557 4071; x_wconf 84' lang='lat' dir='ltr'><strong>exquisie-</strong></span> 
     </span>
    </p>
   </div>
   <div class='ocr_carea' id='block_1_87' title="bbox 1975 4092 3555 4163">
    <p class='ocr_par' dir='ltr' id='par_1_87' title="bbox 1975 4092 3555 4163">
     <span class='ocr_line' id='line_1_87' title="bbox 1975 4092 3555 4163; baseline -0.006 -14"><span class='ocrx_word' id='word_1_687' title='bbox 1975 4103 2107 4149; x_wconf 91' lang='lat' dir='ltr'><strong>runt</strong></span> <span class='ocrx_word' id='word_1_688' title='bbox 2156 4102 2408 4163; x_wconf 87' lang='lat' dir='ltr'><strong>pastores</strong></span> <span class='ocrx_word' id='word_1_689' title='bbox 2456 4108 2590 4147; x_wconf 91' lang='lat' dir='ltr'><strong>oves</strong></span> <span class='ocrx_word' id='word_1_690' title='bbox 2626 4092 2861 4153; x_wconf 79' lang='lat' dir='ltr'><strong>meas”,</strong></span> <span class='ocrx_word' id='word_1_691' title='bbox 2890 4109 2906 4141; x_wconf 81' lang='grc' dir='ltr'><strong>ι</strong></span> <span class='ocrx_word' id='word_1_692' title='bbox 2964 4105 3075 4144; x_wconf 93' lang='lat' dir='ltr'><strong>non</strong></span> <span class='ocrx_word' id='word_1_693' title='bbox 3122 4096 3397 4158; x_wconf 85' lang='lat' dir='ltr'><strong>paverunt</strong></span> <span class='ocrx_word' id='word_1_694' title='bbox 3439 4102 3555 4141; x_wconf 91' lang='lat' dir='ltr'><strong>eas.</strong></span> 
     </span>
    </p>
   </div>
   <div class='ocr_carea' id='block_1_88' title="bbox 1974 4168 3558 4248">
    <p class='ocr_par' dir='ltr' id='par_1_88' title="bbox 1974 4168 3558 4248">
     <span class='ocr_line' id='line_1_88' title="bbox 1974 4168 3558 4248; baseline -0.006 -13"><span class='ocrx_word' id='word_1_695' title='bbox 1974 4180 2043 4235; x_wconf 88' lang='lat' dir='ltr'><strong>Et</strong></span> <span class='ocrx_word' id='word_1_696' title='bbox 2069 4196 2113 4233; x_wconf 74' lang='grc' dir='ltr'><strong>ε(</strong></span> <span class='ocrx_word' id='word_1_697' title='bbox 2142 4177 2442 4248; x_wconf 82' lang='lat' dir='ltr'><strong>Exquiram</strong></span> <span class='ocrx_word' id='word_1_698' title='bbox 2471 4192 2602 4231; x_wconf 90' lang='lat' dir='ltr'><strong>oves</strong></span> <span class='ocrx_word' id='word_1_699' title='bbox 2624 4191 2776 4230; x_wconf 89' lang='lat' dir='ltr'><strong>meas</strong></span> <span class='ocrx_word' id='word_1_700' title='bbox 2806 4175 2874 4229; x_wconf 92' lang='lat' dir='ltr'><strong>de</strong></span> <span class='ocrx_word' id='word_1_701' title='bbox 2903 4189 3069 4228; x_wconf 87' lang='lat' dir='ltr'><strong>manu</strong></span> <span class='ocrx_word' id='word_1_702' title='bbox 3097 4172 3402 4227; x_wconf 56' lang='lat' dir='ltr'><strong>eorum’M</strong></span> <span class='ocrx_word' id='word_1_703' title='bbox 3426 4168 3558 4225; x_wconf 86' lang='lat' dir='ltr'><strong>Tale</strong></span> 
     </span>
    </p>
   </div>
   <div class='ocr_carea' id='block_1_89' title="bbox 1974 4258 3559 4337">
    <p class='ocr_par' dir='ltr' id='par_1_89' title="bbox 1974 4258 3559 4337">
     <span class='ocr_line' id='line_1_89' title="bbox 1974 4258 3559 4337; baseline -0.006 -16"><span class='ocrx_word' id='word_1_704' title='bbox 1974 4266 2185 4337; x_wconf 90' lang='lat' dir='ltr'><strong>aliquid</strong></span> <span class='ocrx_word' id='word_1_705' title='bbox 2217 4264 2492 4320; x_wconf 90' lang='lat' dir='ltr'><strong>invenisse</strong></span> <span class='ocrx_word' id='word_1_706' title='bbox 2518 4264 2681 4318; x_wconf 90' lang='lat' dir='ltr'><strong>liceat</strong></span> <span class='ocrx_word' id='word_1_707' title='bbox 2712 4261 2857 4332; x_wconf 88' lang='lat' dir='ltr'><strong>apud</strong></span> <span class='ocrx_word' id='word_1_708' title='bbox 2886 4262 3187 4324; x_wconf 74' lang='lat' dir='ltr'><strong>Irenaeum;</strong></span> <span class='ocrx_word' id='word_1_709' title='bbox 3226 4260 3305 4313; x_wconf 88' lang='lat' dir='ltr'><strong>ait</strong></span> <span class='ocrx_word' id='word_1_710' title='bbox 3330 4258 3481 4314; x_wconf 84' lang='lat' dir='ltr'><strong>enim</strong></span> <span class='ocrx_word' id='word_1_711' title='bbox 3511 4258 3559 4311; x_wconf 86' lang='lat' dir='ltr'><strong>is</strong></span> 
     </span>
    </p>
   </div>
   <div class='ocr_carea' id='block_1_90' title="bbox 1976 4346 3562 4422">
    <p class='ocr_par' dir='ltr' id='par_1_90' title="bbox 1976 4346 3562 4422">
     <span class='ocr_line' id='line_1_90' title="bbox 1976 4346 3562 4422; baseline -0.007 -12"><span class='ocrx_word' id='word_1_712' title='bbox 1976 4356 2045 4410; x_wconf 92' lang='lat' dir='ltr'><strong>de</strong></span> <span class='ocrx_word' id='word_1_713' title='bbox 2068 4354 2281 4410; x_wconf 83' lang='lat' dir='ltr'><strong>Joanne</strong></span> <span class='ocrx_word' id='word_1_714' title='bbox 2309 4353 2596 4422; x_wconf 86' lang='lat' dir='ltr'><strong>Theologo</strong></span> <span class='ocrx_word' id='word_1_715' title='bbox 2624 4351 2727 4422; x_wconf 83' lang='grc'><strong>(1),</strong></span> <span class='ocrx_word' id='word_1_716' title='bbox 2762 4350 2909 4419; x_wconf 83' lang='grc' dir='ltr'>(ιιιοά</span> <span class='ocrx_word' id='word_1_717' title='bbox 2942 4364 3068 4404; x_wconf 90' lang='lat' dir='ltr'><strong>cum</strong></span> <span class='ocrx_word' id='word_1_718' title='bbox 3097 4347 3333 4401; x_wconf 84' lang='lat' dir='ltr'><strong>vidisset</strong></span> <span class='ocrx_word' id='word_1_719' title='bbox 3357 4346 3403 4400; x_wconf 88' lang='lat' dir='ltr'><strong>is</strong></span> <span class='ocrx_word' id='word_1_720' title='bbox 3428 4346 3562 4399; x_wconf 81' lang='lat' dir='ltr'><strong>ado-</strong></span> 
     </span>
    </p>
   </div>
   <div class='ocr_carea' id='block_1_91' title="bbox 1976 4432 3575 4510">
    <p class='ocr_par' dir='ltr' id='par_1_91' title="bbox 1976 4432 3575 4510">
     <span class='ocr_line' id='line_1_91' title="bbox 1976 4432 3575 4510; baseline -0.006 -13"><span class='ocrx_word' id='word_1_721' title='bbox 1976 4443 2282 4499; x_wconf 89' lang='lat' dir='ltr'><strong>lescentem</strong></span> <span class='ocrx_word' id='word_1_722' title='bbox 2345 4439 2640 4510; x_wconf 83' lang='lat' dir='ltr'><strong>quemdam</strong></span> <span class='ocrx_word' id='word_1_723' title='bbox 2704 4437 2904 4492; x_wconf 68' lang='lat' dir='ltr'><strong>nativae</strong></span> <span class='ocrx_word' id='word_1_724' title='bbox 2964 4434 3167 4490; x_wconf 90' lang='lat' dir='ltr'><strong>indolis</strong></span> <span class='ocrx_word' id='word_1_725' title='bbox 3228 4432 3575 4488; x_wconf 80' lang='lat' dir='ltr'><strong>dexteritate-</strong></span> 
     </span>
    </p>
   </div>
   <div class='ocr_carea' id='block_1_92' title="bbox 1976 4520 3561 4601">
    <p class='ocr_par' dir='ltr' id='par_1_92' title="bbox 1976 4520 3561 4601">
     <span class='ocr_line' id='line_1_92' title="bbox 1976 4520 3561 4601; baseline -0.007 -17"><span class='ocrx_word' id='word_1_726' title='bbox 1976 4530 2328 4601; x_wconf 70' lang='lat' dir='ltr'><strong>prmsignem,</strong></span> <span class='ocrx_word' id='word_1_727' title='bbox 2370 4525 2706 4581; x_wconf 88' lang='lat' dir='ltr'><strong>rudimentis</strong></span> <span class='ocrx_word' id='word_1_728' title='bbox 2736 4524 2864 4579; x_wconf 84' lang='lat' dir='ltr'><strong>ﬁdei</strong></span> <span class='ocrx_word' id='word_1_729' title='bbox 2897 4522 3179 4585; x_wconf 85' lang='lat' dir='ltr'><strong>instruxit,</strong></span> <span class='ocrx_word' id='word_1_730' title='bbox 3220 4520 3561 4575; x_wconf 90' lang='lat' dir='ltr'><strong>instructum</strong></span> 
     </span>
    </p>
   </div>
   <div class='ocr_carea' id='block_1_93' title="bbox 286 4586 1856 4688">
    <p class='ocr_par' dir='ltr' id='par_1_93' title="bbox 286 4586 1856 4658">
     <span class='ocr_line' id='line_1_93' title="bbox 286 4586 1856 4658; baseline 0.001 -19"><span class='ocrx_word' id='word_1_731' title='bbox 286 4586 645 4657; x_wconf 84' lang='grc' dir='ltr'>λογήσασθαι,</span> <span class='ocrx_word' id='word_1_732' title='bbox 675 4588 841 4656; x_wconf 83' lang='grc' dir='ltr'>μηδὲν</span> <span class='ocrx_word' id='word_1_733' title='bbox 903 4586 1275 4657; x_wconf 80' lang='grc' dir='ltr'>κομισάμενος</span> <span class='ocrx_word' id='word_1_734' title='bbox 1334 4589 1465 4658; x_wconf 88' lang='grc' dir='ltr'>παρ’</span> <span class='ocrx_word' id='word_1_735' title='bbox 1516 4588 1704 4645; x_wconf 77' lang='grc' dir='ltr'>αὑτοῦ.</span> <span class='ocrx_word' id='word_1_736' title='bbox 1735 4589 1856 4642; x_wconf 73' lang='grc' dir='ltr'>Τότε</span> 
     </span>
    </p>
   </div>
   <div class='ocr_carea' id='block_1_94' title="bbox 1963 4586 3562 4688">
    <p class='ocr_par' dir='ltr' id='par_1_94' title="bbox 1980 4586 3562 4688">
     <span class='ocr_line' id='line_1_94' title="bbox 1980 4586 3562 4688; baseline -0.008 -15"><span class='ocrx_word' id='word_1_737' title='bbox 1980 4586 2257 4688; x_wconf 64' lang='lat' dir='ltr'><strong>baptismo</strong></span> <span class='ocrx_word' id='word_1_738' title='bbox 2286 4614 2551 4671; x_wconf 90' lang='lat' dir='ltr'><strong>admovit.</strong></span> <span class='ocrx_word' id='word_1_739' title='bbox 2603 4614 2762 4668; x_wconf 83' lang='lat' dir='ltr'><strong>Hunc</strong></span> <span class='ocrx_word' id='word_1_740' title='bbox 2792 4610 3035 4667; x_wconf 82' lang='lat' dir='ltr'><strong>civitatis</strong></span> <span class='ocrx_word' id='word_1_741' title='bbox 3060 4609 3325 4680; x_wconf 88' lang='lat' dir='ltr'><strong>episcopo</strong></span> <span class='ocrx_word' id='word_1_742' title='bbox 3356 4624 3562 4663; x_wconf 81' lang='lat' dir='ltr'><strong>curan-</strong></span> 
     </span>
    </p>
   </div>
   <div class='ocr_carea' id='block_1_95' title="bbox 289 4678 1856 4798">
    <p class='ocr_par' dir='ltr' id='par_1_95' title="bbox 289 4678 1856 4798">
     <span class='ocr_line' id='line_1_95' title="bbox 289 4678 1856 4753; baseline 0.001 -21"><span class='ocrx_word' id='word_1_743' title='bbox 289 4680 586 4750; x_wconf 84' lang='grc' dir='ltr'>προφανῶς</span> <span class='ocrx_word' id='word_1_744' title='bbox 621 4679 769 4748; x_wconf 85' lang='grc' dir='ltr'>λέγει</span> <span class='ocrx_word' id='word_1_745' title='bbox 798 4678 947 4748; x_wconf 81' lang='grc' dir='ltr'>αὐτῷ</span> <span class='ocrx_word' id='word_1_746' title='bbox 968 4694 981 4708; x_wconf 89' lang='grc'><strong>·</strong></span> <span class='ocrx_word' id='word_1_747' title='bbox 1021 4678 1126 4731; x_wconf 76' lang='grc' dir='ltr'><strong>Τὸν</strong></span> <span class='ocrx_word' id='word_1_748' title='bbox 1171 4678 1411 4741; x_wconf 82' lang='grc' dir='ltr'>νεανίαν,</span> <span class='ocrx_word' id='word_1_749' title='bbox 1442 4678 1502 4731; x_wconf 86' lang='grc' dir='ltr'>ὃν</span> <span class='ocrx_word' id='word_1_750' title='bbox 1551 4679 1856 4753; x_wconf 61' lang='grc' dir='ltr'>παρεθέμήε</span> 
     </span>
     <span class='ocr_line' id='line_1_96' title="bbox 293 4767 1856 4798; baseline 0 0"><span class='ocrx_word' id='word_1_751' title='bbox 293 4788 372 4798; x_wconf 65' lang='grc' dir='ltr'><strong>ρ-.</strong></span> <span class='ocrx_word' id='word_1_752' title='bbox 427 4770 641 4798; x_wconf 58' lang='grc' dir='ltr'>ι.-λπ..-.</span> <span class='ocrx_word' id='word_1_753' title='bbox 679 4771 705 4798; x_wconf 74' lang='grc' dir='ltr'>,ι</span> <span class='ocrx_word' id='word_1_754' title='bbox 741 4769 796 4798; x_wconf 52' lang='lat' dir='ltr'><strong>RK</strong></span> <span class='ocrx_word' id='word_1_755' title='bbox 828 4767 1071 4798; x_wconf 58' lang='grc' dir='ltr'><strong>..Αηιτρηρ</strong></span> <span class='ocrx_word' id='word_1_756' title='bbox 1102 4768 1201 4798; x_wconf 61' lang='grc' dir='ltr'><strong>..ιι-</strong></span> <span class='ocrx_word' id='word_1_757' title='bbox 1236 4772 1424 4798; x_wconf 63' lang='grc' dir='ltr'><strong>..ε-τι.--</strong></span> <span class='ocrx_word' id='word_1_758' title='bbox 1476 4769 1601 4798; x_wconf 65' lang='grc'><strong>1.-..-</strong></span> <span class='ocrx_word' id='word_1_759' title='bbox 1640 4771 1856 4798; x_wconf 43' lang='grc' dir='ltr'><strong>Ἐ’..-ἳιωλ</strong></span> 
     </span>
    </p>
   </div>
   <div class='ocr_carea' id='block_1_96' title="bbox 1963 4678 3565 4798">
    <p class='ocr_par' dir='ltr' id='par_1_96' title="bbox 1979 4678 3565 4767">
     <span class='ocr_line' id='line_1_97' title="bbox 1979 4678 3565 4767; baseline -0.008 -6"><span class='ocrx_word' id='word_1_760' title='bbox 1979 4678 2111 4761; x_wconf 75' lang='lat' dir='ltr'><strong>dum</strong></span> <span class='ocrx_word' id='word_1_761' title='bbox 2131 4705 2304 4767; x_wconf 88' lang='lat' dir='ltr'><strong>dedit,</strong></span> <span class='ocrx_word' id='word_1_762' title='bbox 2319 4703 2511 4758; x_wconf 89' lang='lat' dir='ltr'><strong>dicens</strong></span> <span class='ocrx_word' id='word_1_763' title='bbox 2531 4719 2545 4755; x_wconf 87' lang='lat'>:</span> <span class='ocrx_word' id='word_1_764' title='bbox 2563 4701 2985 4756; x_wconf 86' lang='lat' dir='ltr'><strong>Adolescentem</strong></span> <span class='ocrx_word' id='word_1_765' title='bbox 3006 4678 3154 4753; x_wconf 80' lang='lat' dir='ltr'><strong>hunc</strong></span> <span class='ocrx_word' id='word_1_766' title='bbox 3169 4678 3565 4751; x_wconf 79' lang='lat' dir='ltr'><strong>tua:c01nmen-</strong></span> 
     </span>
    </p>
   </div>
   <div class='ocr_carea' id='block_1_97' title="bbox 292 4768 1856 4879">
    <p class='ocr_par' dir='ltr' id='par_1_97' title="bbox 292 4768 1856 4841">
     <span class='ocr_line' id='line_1_98' title="bbox 292 4768 1856 4841; baseline 0 -17"><span class='ocrx_word' id='word_1_767' title='bbox 292 4788 396 4832; x_wconf 88' lang='grc' dir='ltr'>σοι,</span> <span class='ocrx_word' id='word_1_768' title='bbox 424 4770 641 4834; x_wconf 85' lang='grc' dir='ltr'>ἀπόδος·</span> <span class='ocrx_word' id='word_1_769' title='bbox 677 4771 707 4823; x_wconf 90' lang='lat'><strong>6</strong></span> <span class='ocrx_word' id='word_1_770' title='bbox 740 4769 798 4822; x_wconf 78' lang='grc' dir='ltr'>δὲ</span> <span class='ocrx_word' id='word_1_771' title='bbox 828 4768 1071 4839; x_wconf 88' lang='grc' dir='ltr'>κρούσας</span> <span class='ocrx_word' id='word_1_772' title='bbox 1102 4768 1201 4832; x_wconf 76' lang='grc' dir='ltr'>τὰς</span> <span class='ocrx_word' id='word_1_773' title='bbox 1236 4772 1447 4841; x_wconf 84' lang='grc' dir='ltr'>χεῖρας,</span> <span class='ocrx_word' id='word_1_774' title='bbox 1475 4769 1601 4841; x_wconf 66' lang='grc' dir='ltr'><strong>ἔφη·</strong></span> <span class='ocrx_word' id='word_1_775' title='bbox 1640 4771 1856 4832; x_wconf 72' lang='grc' dir='ltr'>Ἐκεῖνοι</span> 
     </span>
    </p>
   </div>
   <div class='ocr_carea' id='block_1_98' title="bbox 1963 4768 3585 4879">
    <p class='ocr_par' dir='ltr' id='par_1_98' title="bbox 1979 4784 3585 4859">
     <span class='ocr_line' id='line_1_99' title="bbox 1979 4784 3585 4859; baseline -0.009 -9"><span class='ocrx_word' id='word_1_776' title='bbox 1979 4797 2051 4850; x_wconf 92' lang='lat' dir='ltr'><strong>do</strong></span> <span class='ocrx_word' id='word_1_777' title='bbox 2081 4792 2229 4858; x_wconf 83' lang='lat' dir='ltr'><strong>ﬁdei,</strong></span> <span class='ocrx_word' id='word_1_778' title='bbox 2260 4800 2315 4846; x_wconf 92' lang='lat' dir='ltr'><strong>et</strong></span> <span class='ocrx_word' id='word_1_779' title='bbox 2339 4792 2443 4845; x_wconf 73' lang='lat' dir='ltr'><strong>iter</strong></span> <span class='ocrx_word' id='word_1_780' title='bbox 2470 4788 2731 4859; x_wconf 91' lang='lat' dir='ltr'><strong>arripuit.</strong></span> <span class='ocrx_word' id='word_1_781' title='bbox 2758 4788 3067 4857; x_wconf 86' lang='lat' dir='ltr'><strong>Episcopus</strong></span> <span class='ocrx_word' id='word_1_782' title='bbox 3088 4801 3195 4839; x_wconf 91' lang='lat' dir='ltr'><strong>non</strong></span> <span class='ocrx_word' id='word_1_783' title='bbox 3221 4784 3585 4839; x_wconf 46' lang='lat' dir='ltr'><strong>instrenuam.</strong></span> 
     </span>
    </p>
   </div>
   <div class='ocr_carea' id='block_1_99' title="bbox 290 4860 1856 4953">
    <p class='ocr_par' dir='ltr' id='par_1_99' title="bbox 290 4860 1856 4931">
     <span class='ocr_line' id='line_1_100' title="bbox 290 4860 1856 4931; baseline -0.001 -16"><span class='ocrx_word' id='word_1_784' title='bbox 290 4860 554 4931; x_wconf 83' lang='grc' dir='ltr'>τέθνηκεν</span> <span class='ocrx_word' id='word_1_785' title='bbox 581 4877 595 4893; x_wconf 89' lang='grc'><strong>·</strong></span> <span class='ocrx_word' id='word_1_786' title='bbox 626 4861 723 4915; x_wconf 74' lang='grc' dir='ltr'><strong>καὶ</strong></span> <span class='ocrx_word' id='word_1_787' title='bbox 762 4860 1062 4931; x_wconf 83' lang='grc' dir='ltr'>διηγήσατο</span> <span class='ocrx_word' id='word_1_788' title='bbox 1092 4860 1243 4930; x_wconf 80' lang='grc' dir='ltr'>αὐτῷ</span> <span class='ocrx_word' id='word_1_789' title='bbox 1272 4860 1337 4914; x_wconf 80' lang='grc' dir='ltr'>τὰ</span> <span class='ocrx_word' id='word_1_790' title='bbox 1372 4862 1494 4915; x_wconf 79' lang='grc' dir='ltr'>κατ’</span> <span class='ocrx_word' id='word_1_791' title='bbox 1525 4862 1689 4915; x_wconf 79' lang='grc' dir='ltr'>αὐτόν</span> <span class='ocrx_word' id='word_1_792' title='bbox 1716 4878 1729 4892; x_wconf 74' lang='grc' dir='ltr'><strong>ο</strong></span> <span class='ocrx_word' id='word_1_793' title='bbox 1762 4866 1791 4918; x_wconf 87' lang='grc' dir='ltr'><strong>ὁ</strong></span> <span class='ocrx_word' id='word_1_794' title='bbox 1818 4863 1856 4916; x_wconf 69' lang='grc' dir='ltr'>δὲ</span> 
     </span>
    </p>
   </div>
   <div class='ocr_carea' id='block_1_100' title="bbox 1963 4860 3565 4953">
    <p class='ocr_par' dir='ltr' id='par_1_100' title="bbox 1978 4871 3565 4953">
     <span class='ocr_line' id='line_1_101' title="bbox 1978 4871 3565 4953; baseline -0.008 -16"><span class='ocrx_word' id='word_1_795' title='bbox 1978 4897 2205 4953; x_wconf 91' lang='lat' dir='ltr'><strong>operam</strong></span> <span class='ocrx_word' id='word_1_796' title='bbox 2228 4879 2426 4934; x_wconf 90' lang='lat' dir='ltr'><strong>alendo</strong></span> <span class='ocrx_word' id='word_1_797' title='bbox 2444 4892 2616 4949; x_wconf 87' lang='lat' dir='ltr'><strong>puero</strong></span> <span class='ocrx_word' id='word_1_798' title='bbox 2641 4874 3031 4931; x_wconf 91' lang='lat' dir='ltr'><strong>commodavit.</strong></span> <span class='ocrx_word' id='word_1_799' title='bbox 3068 4873 3187 4927; x_wconf 88' lang='lat' dir='ltr'><strong>Non</strong></span> <span class='ocrx_word' id='word_1_800' title='bbox 3206 4871 3565 4927; x_wconf 89' lang='lat' dir='ltr'><strong>mediocriter</strong></span> 
     </span>
    </p>
   </div>
   <div class='ocr_carea' id='block_1_101' title="bbox 304 4951 1856 5034">
    <p class='ocr_par' dir='ltr' id='par_1_101' title="bbox 304 4951 1856 5027">
     <span class='ocr_line' id='line_1_102' title="bbox 304 4951 1856 5027; baseline 0.029 -21"><span class='ocrx_word' id='word_1_801' title='bbox 304 4951 629 5016; x_wconf 80' lang='grc' dir='ltr'>Ἀπόστολος</span> <span class='ocrx_word' id='word_1_802' title='bbox 665 4952 803 5023; x_wconf 80' lang='grc' dir='ltr'><strong>μετά</strong></span> <span class='ocrx_word' id='word_1_803' title='bbox 834 4952 1077 5023; x_wconf 79' lang='grc' dir='ltr'>μεγάλης</span> <span class='ocrx_word' id='word_1_804' title='bbox 1117 4952 1365 5023; x_wconf 70' lang='grc' dir='ltr'><strong>οἰμωγῆς</strong></span> <span class='ocrx_word' id='word_1_805' title='bbox 1401 4952 1745 5025; x_wconf 67' lang='grc' dir='ltr'><strong>πληεέίμενος</strong></span> <span class='ocrx_word' id='word_1_806' title='bbox 1776 4956 1856 5027; x_wconf 65' lang='grc' dir='ltr'><strong>τίν</strong></span> 
     </span>
    </p>
   </div>
   <div class='ocr_carea' id='block_1_102' title="bbox 1963 4951 3591 5034">
    <p class='ocr_par' dir='ltr' id='par_1_102' title="bbox 1983 4951 3591 5034">
     <span class='ocr_line' id='line_1_103' title="bbox 1983 4951 3591 5034; baseline -0.008 -10"><span class='ocrx_word' id='word_1_807' title='bbox 1983 4951 2134 5024; x_wconf 85' lang='lat' dir='ltr'><strong>hunc</strong></span> <span class='ocrx_word' id='word_1_808' title='bbox 2167 4966 2420 5028; x_wconf 89' lang='lat' dir='ltr'><strong>amabat,</strong></span> <span class='ocrx_word' id='word_1_809' title='bbox 2475 4963 2725 5034; x_wconf 85' lang='lat' dir='ltr'><strong>adeoque</strong></span> <span class='ocrx_word' id='word_1_810' title='bbox 2764 4961 3129 5032; x_wconf 86' lang='lat' dir='ltr'><strong>promovebat</strong></span> <span class='ocrx_word' id='word_1_811' title='bbox 3155 4959 3591 5014; x_wconf 66' lang='lat' dir='ltr'><strong>adolescentem.</strong></span> 
     </span>
    </p>
   </div>
   <div class='ocr_carea' id='block_1_103' title="bbox 291 5042 1856 5116">
    <p class='ocr_par' dir='ltr' id='par_1_103' title="bbox 291 5042 1856 5116">
     <span class='ocr_line' id='line_1_104' title="bbox 291 5042 1856 5116; baseline 0.001 -18"><span class='ocrx_word' id='word_1_812' title='bbox 291 5044 559 5115; x_wconf 81' lang='grc' dir='ltr'>κεφαλὴν,</span> <span class='ocrx_word' id='word_1_813' title='bbox 590 5043 731 5114; x_wconf 77' lang='grc' dir='ltr'><strong>ἔφη·</strong></span> <span class='ocrx_word' id='word_1_814' title='bbox 762 5043 943 5096; x_wconf 79' lang='grc' dir='ltr'>Καλόν</span> <span class='ocrx_word' id='word_1_815' title='bbox 990 5060 1049 5096; x_wconf 90' lang='grc' dir='ltr'><strong>σε</strong></span> <span class='ocrx_word' id='word_1_816' title='bbox 1103 5042 1320 5111; x_wconf 84' lang='grc' dir='ltr'>φύλακα</span> <span class='ocrx_word' id='word_1_817' title='bbox 1364 5044 1463 5114; x_wconf 82' lang='grc' dir='ltr'><strong>τῆς</strong></span> <span class='ocrx_word' id='word_1_818' title='bbox 1511 5044 1606 5097; x_wconf 90' lang='grc' dir='ltr'><strong>τοῦ</strong></span> <span class='ocrx_word' id='word_1_819' title='bbox 1643 5046 1856 5116; x_wconf 83' lang='grc' dir='ltr'>ἀδελφοὶ</span> 
     </span>
    </p>
   </div>
   <div class='ocr_carea' id='block_1_104' title="bbox 1963 5042 3565 5116">
    <p class='ocr_par' dir='ltr' id='par_1_104' title="bbox 1987 5044 3565 5116">
     <span class='ocr_line' id='line_1_105' title="bbox 1987 5044 3565 5116; baseline -0.008 -6"><span class='ocrx_word' id='word_1_820' title='bbox 1987 5054 2169 5111; x_wconf 86' lang='lat' dir='ltr'><strong>initio.</strong></span> <span class='ocrx_word' id='word_1_821' title='bbox 2231 5048 2447 5107; x_wconf 91' lang='lat' dir='ltr'><strong>Sensim</strong></span> <span class='ocrx_word' id='word_1_822' title='bbox 2485 5064 2610 5103; x_wconf 89' lang='lat' dir='ltr'><strong>cum</strong></span> <span class='ocrx_word' id='word_1_823' title='bbox 2641 5048 2943 5103; x_wconf 88' lang='lat' dir='ltr'><strong>oscitanter</strong></span> <span class='ocrx_word' id='word_1_824' title='bbox 2978 5044 3131 5098; x_wconf 89' lang='lat' dir='ltr'><strong>illius</strong></span> <span class='ocrx_word' id='word_1_825' title='bbox 3160 5056 3345 5116; x_wconf 88' lang='lat' dir='ltr'><strong>ageret</strong></span> <span class='ocrx_word' id='word_1_826' title='bbox 3373 5061 3565 5101; x_wconf 87' lang='lat' dir='ltr'><strong>curam</strong></span> 
     </span>
    </p>
   </div>
   <div class='ocr_carea' id='block_1_105' title="bbox 292 5132 1856 5214">
    <p class='ocr_par' dir='ltr' id='par_1_105' title="bbox 292 5133 1856 5205">
     <span class='ocr_line' id='line_1_106' title="bbox 292 5133 1856 5205; baseline 0.003 -18"><span class='ocrx_word' id='word_1_827' title='bbox 292 5134 470 5205; x_wconf 77' lang='grc' dir='ltr'>ψυχῆς</span> <span class='ocrx_word' id='word_1_828' title='bbox 502 5133 796 5189; x_wconf 83' lang='grc' dir='ltr'>κατέλιπον</span> <span class='ocrx_word' id='word_1_829' title='bbox 829 5151 844 5168; x_wconf 67' lang='grc' dir='ltr'><strong>ι</strong></span> <span class='ocrx_word' id='word_1_830' title='bbox 890 5136 987 5188; x_wconf 78' lang='grc' dir='ltr'>καὶ</span> <span class='ocrx_word' id='word_1_831' title='bbox 1038 5135 1239 5197; x_wconf 78' lang='grc' dir='ltr'>εὐθέως</span> <span class='ocrx_word' id='word_1_832' title='bbox 1270 5134 1493 5203; x_wconf 77' lang='grc' dir='ltr'>ἐξῆλθεν</span> <span class='ocrx_word' id='word_1_833' title='bbox 1534 5139 1613 5199; x_wconf 85' lang='grc' dir='ltr'>εἰς</span> <span class='ocrx_word' id='word_1_834' title='bbox 1647 5138 1856 5191; x_wconf 70' lang='grc' dir='ltr'>ὲπιδίω·</span> 
     </span>
    </p>
   </div>
   <div class='ocr_carea' id='block_1_106' title="bbox 1963 5132 3568 5214">
    <p class='ocr_par' dir='ltr' id='par_1_106' title="bbox 1984 5132 3568 5214">
     <span class='ocr_line' id='line_1_107' title="bbox 1984 5132 3568 5214; baseline -0.008 -17"><span class='ocrx_word' id='word_1_835' title='bbox 1984 5141 2164 5214; x_wconf 87' lang='lat' dir='ltr'><strong>pueri,</strong></span> <span class='ocrx_word' id='word_1_836' title='bbox 2183 5156 2212 5194; x_wconf 92' lang='lat' dir='ltr'><strong>a</strong></span> <span class='ocrx_word' id='word_1_837' title='bbox 2231 5136 2566 5194; x_wconf 90' lang='lat' dir='ltr'><strong>rectitudine</strong></span> <span class='ocrx_word' id='word_1_838' title='bbox 2585 5136 2711 5191; x_wconf 74' lang='lat' dir='ltr'><strong>vita:</strong></span> <span class='ocrx_word' id='word_1_839' title='bbox 2729 5134 2955 5191; x_wconf 83' lang='lat' dir='ltr'><strong>deﬂexit</strong></span> <span class='ocrx_word' id='word_1_840' title='bbox 2974 5134 3220 5200; x_wconf 89' lang='lat' dir='ltr'><strong>tandem,</strong></span> <span class='ocrx_word' id='word_1_841' title='bbox 3236 5134 3312 5191; x_wconf 88' lang='lat' dir='ltr'><strong>ita</strong></span> <span class='ocrx_word' id='word_1_842' title='bbox 3333 5143 3394 5188; x_wconf 89' lang='lat' dir='ltr'><strong>ut</strong></span> <span class='ocrx_word' id='word_1_843' title='bbox 3414 5132 3568 5204; x_wconf 78' lang='lat' dir='ltr'><strong>prin-</strong></span> 
     </span>
    </p>
   </div>
   <div class='ocr_carea' id='block_1_107' title="bbox 370 5309 3564 5383">
    <p class='ocr_par' dir='ltr' id='par_1_107' title="bbox 370 5309 3564 5383">
     <span class='ocr_line' id='line_1_108' title="bbox 370 5309 3564 5383; baseline -0.005 -2"><span class='ocrx_word' id='word_1_844' title='bbox 370 5310 663 5383; x_wconf 61' lang='grc' dir='ltr'><strong>’,⁷,Εῑοοηε</strong></span> <span class='ocrx_word' id='word_1_845' title='bbox 689 5328 839 5377; x_wconf 67' lang='grc' dir='ltr'>Χνιην</span> <span class='ocrx_word' id='word_1_846' title='bbox 868 5312 961 5366; x_wconf 61' lang='lat'><strong>24-</strong></span> <span class='ocrx_word' id='word_1_847' title='bbox 1020 5314 1063 5344; x_wconf 73' lang='grc'><strong>’⁸</strong></span> <span class='ocrx_word' id='word_1_848' title='bbox 1109 5313 1305 5368; x_wconf 69' lang='grc' dir='ltr'><strong>Εῑεοὶὶο</strong></span> <span class='ocrx_word' id='word_1_849' title='bbox 1334 5330 1518 5374; x_wconf 66' lang='lat' dir='ltr'><strong>XXXIII.</strong></span> <span class='ocrx_word' id='word_1_850' title='bbox 1546 5319 1596 5371; x_wconf 85' lang='lat'><strong>9.</strong></span> <span class='ocrx_word' id='word_1_851' title='bbox 1681 5322 1722 5351; x_wconf 82' lang='grc'><strong>¹⁹</strong></span> <span class='ocrx_word' id='word_1_852' title='bbox 1749 5320 1887 5377; x_wconf 88' lang='lat' dir='ltr'><strong>ibid.</strong></span> <span class='ocrx_word' id='word_1_853' title='bbox 1918 5321 2001 5376; x_wconf 84' lang='lat' dir='ltr'><strong>ll.</strong></span> <span class='ocrx_word' id='word_1_854' title='bbox 2062 5322 2108 5353; x_wconf 78' lang='lat'><strong>”</strong></span> <span class='ocrx_word' id='word_1_855' title='bbox 2147 5320 2338 5375; x_wconf 81' lang='lat' dir='ltr'><strong>Matth.</strong></span> <span class='ocrx_word' id='word_1_856' title='bbox 2375 5334 2525 5383; x_wconf 86' lang='lat' dir='ltr'><strong>xvm,</strong></span> <span class='ocrx_word' id='word_1_857' title='bbox 2564 5318 2647 5371; x_wconf 82' lang='lat' dir='ltr'><strong>l7.</strong></span> <span class='ocrx_word' id='word_1_858' title='bbox 2728 5318 2769 5348; x_wconf 63' lang='grc' dir='ltr'><strong>’τ</strong></span> <span class='ocrx_word' id='word_1_859' title='bbox 2808 5316 3008 5372; x_wconf 85' lang='lat' dir='ltr'><strong>Jercm.</strong></span> <span class='ocrx_word' id='word_1_860' title='bbox 3038 5330 3124 5377; x_wconf 89' lang='lat' dir='ltr'><strong>xv,</strong></span> <span class='ocrx_word' id='word_1_861' title='bbox 3162 5312 3248 5368; x_wconf 76' lang='lat' dir='ltr'><strong>l9.</strong></span> <span class='ocrx_word' id='word_1_862' title='bbox 3329 5313 3373 5343; x_wconf 84' lang='lat'><strong>&quot;</strong></span> <span class='ocrx_word' id='word_1_863' title='bbox 3406 5309 3564 5369; x_wconf 75' lang='lat' dir='ltr'><strong>JOan.</strong></span> 
     </span>
    </p>
   </div>
   <div class='ocr_carea' id='block_1_108' title="bbox 301 5380 1543 5449">
    <p class='ocr_par' dir='ltr' id='par_1_108' title="bbox 301 5380 1543 5449">
     <span class='ocr_line' id='line_1_109' title="bbox 301 5380 1543 5449; baseline 0.005 -17"><span class='ocrx_word' id='word_1_864' title='bbox 301 5394 355 5447; x_wconf 74' lang='grc' dir='ltr'><strong>ι,</strong></span> <span class='ocrx_word' id='word_1_865' title='bbox 382 5380 469 5437; x_wconf 82' lang='lat' dir='ltr'><strong>ll.</strong></span> <span class='ocrx_word' id='word_1_866' title='bbox 549 5382 593 5413; x_wconf 82' lang='grc'><strong>’³</strong></span> <span class='ocrx_word' id='word_1_867' title='bbox 626 5382 832 5438; x_wconf 84' lang='lat' dir='ltr'><strong>Ezech.</strong></span> <span class='ocrx_word' id='word_1_868' title='bbox 865 5398 1049 5449; x_wconf 75' lang='lat' dir='ltr'><strong>xxxw,</strong></span> <span class='ocrx_word' id='word_1_869' title='bbox 1078 5385 1132 5439; x_wconf 91' lang='lat'><strong>8.</strong></span> <span class='ocrx_word' id='word_1_870' title='bbox 1209 5386 1255 5417; x_wconf 75' lang='lat'>&quot;</span> <span class='ocrx_word' id='word_1_871' title='bbox 1290 5385 1426 5439; x_wconf 85' lang='lat' dir='ltr'><strong>ibid.</strong></span> <span class='ocrx_word' id='word_1_872' title='bbox 1462 5386 1543 5440; x_wconf 84' lang='grc' dir='ltr'>ιι).</span> 
     </span>
    </p>
   </div>
   <div class='ocr_carea' id='block_1_109' title="bbox 1852 5526 2086 5585">
    <p class='ocr_par' dir='ltr' id='par_1_109' title="bbox 1852 5526 2086 5585">
     <span class='ocr_line' id='line_1_110' title="bbox 1852 5526 2086 5585; baseline 0.004 -2"><span class='ocrx_word' id='word_1_873' title='bbox 1852 5526 2086 5585; x_wconf 65' lang='lat' dir='ltr'><strong>NOTAE.</strong></span> 
     </span>
    </p>
   </div>
   <div class='ocr_carea' id='block_1_110' title="bbox 372 5631 3573 5711">
    <p class='ocr_par' dir='ltr' id='par_1_110' title="bbox 372 5631 3573 5711">
     <span class='ocr_line' id='line_1_111' title="bbox 372 5631 3573 5711; baseline -0.001 -23"><span class='ocrx_word' id='word_1_874' title='bbox 372 5632 473 5705; x_wconf 78' lang='lat' dir='ltr'><strong>(l)</strong></span> <span class='ocrx_word' id='word_1_875' title='bbox 514 5635 603 5690; x_wconf 81' lang='lat' dir='ltr'><strong>Ait</strong></span> <span class='ocrx_word' id='word_1_876' title='bbox 618 5636 773 5711; x_wconf 60' lang='lat' dir='ltr'><strong>enim</strong></span> <span class='ocrx_word' id='word_1_877' title='bbox 799 5638 843 5691; x_wconf 77' lang='lat' dir='ltr'><strong>is</strong></span> <span class='ocrx_word' id='word_1_878' title='bbox 876 5638 939 5693; x_wconf 86' lang='lat' dir='ltr'><strong>de</strong></span> <span class='ocrx_word' id='word_1_879' title='bbox 964 5638 1173 5711; x_wconf 74' lang='lat' dir='ltr'><strong>Joamte</strong></span> <span class='ocrx_word' id='word_1_880' title='bbox 1203 5638 1481 5711; x_wconf 81' lang='lat' dir='ltr'><strong>Theologo,</strong></span> <span class='ocrx_word' id='word_1_881' title='bbox 1518 5648 1627 5695; x_wconf 88' lang='lat' dir='ltr'><strong>etc.</strong></span> <span class='ocrx_word' id='word_1_882' title='bbox 1666 5639 1720 5695; x_wconf 68' lang='grc' dir='ltr'><strong>ιιι</strong></span> <span class='ocrx_word' id='word_1_883' title='bbox 1752 5641 1877 5710; x_wconf 86' lang='lat' dir='ltr'><strong>qni-</strong></span> <span class='ocrx_word' id='word_1_884' title='bbox 1987 5641 2056 5695; x_wconf 87' lang='lat' dir='ltr'><strong>ab</strong></span> <span class='ocrx_word' id='word_1_885' title='bbox 2086 5639 2294 5697; x_wconf 87' lang='lat' dir='ltr'><strong>Euseb.</strong></span> <span class='ocrx_word' id='word_1_886' title='bbox 2327 5639 2630 5711; x_wconf 75' lang='lat' dir='ltr'><strong>Ecclesiaslj.</strong></span> <span class='ocrx_word' id='word_1_887' title='bbox 2656 5640 2776 5711; x_wconf 72' lang='lat' dir='ltr'><strong>hist.</strong></span> <span class='ocrx_word' id='word_1_888' title='bbox 2809 5637 2994 5711; x_wconf 68' lang='lat' dir='ltr'><strong>ittlib.</strong></span> <span class='ocrx_word' id='word_1_889' title='bbox 3024 5636 3273 5711; x_wconf 64' lang='lat' dir='ltr'><strong>cap.l7;_</strong></span> <span class='ocrx_word' id='word_1_890' title='bbox 3295 5648 3365 5689; x_wconf 83' lang='lat' dir='ltr'><strong>ex</strong></span> <span class='ocrx_word' id='word_1_891' title='bbox 3384 5631 3573 5711; x_wconf 82' lang='lat' dir='ltr'><strong>Clem.-</strong></span> 
     </span>
    </p>
   </div>
   <div class='ocr_carea' id='block_1_111' title="bbox 304 5704 3568 5791">
    <p class='ocr_par' dir='ltr' id='par_1_111' title="bbox 304 5704 3568 5791">
     <span class='ocr_line' id='line_1_112' title="bbox 304 5704 3568 5791; baseline -0.001 -32"><span class='ocrx_word' id='word_1_892' title='bbox 304 5704 459 5768; x_wconf 81' lang='lat' dir='ltr'><strong>dem,</strong></span> <span class='ocrx_word' id='word_1_893' title='bbox 487 5706 635 5788; x_wconf 80' lang='lat' dir='ltr'><strong>quod</strong></span> <span class='ocrx_word' id='word_1_894' title='bbox 661 5709 853 5791; x_wconf 75' lang='lat' dir='ltr'><strong>sciam,</strong></span> <span class='ocrx_word' id='word_1_895' title='bbox 886 5709 1030 5790; x_wconf 71' lang='lat' dir='ltr'><strong>apud</strong></span> <span class='ocrx_word' id='word_1_896' title='bbox 1054 5710 1327 5791; x_wconf 43' lang='lat' dir='ltr'><strong>.lrenmum</strong></span> <span class='ocrx_word' id='word_1_897' title='bbox 1363 5704 1633 5791; x_wconf 67' lang='lat' dir='ltr'><strong>nusquam</strong></span> <span class='ocrx_word' id='word_1_898' title='bbox 1662 5704 1876 5791; x_wconf 76' lang='lat' dir='ltr'><strong>exstat:</strong></span> <span class='ocrx_word' id='word_1_899' title='bbox 1990 5712 2250 5791; x_wconf 70' lang='lat' dir='ltr'><strong>Ejusdem</strong></span> <span class='ocrx_word' id='word_1_900' title='bbox 2274 5710 2550 5791; x_wconf 39' lang='lat' dir='ltr'><strong>.m-eminit</strong></span> <span class='ocrx_word' id='word_1_901' title='bbox 2584 5708 2924 5791; x_wconf 48' lang='lat' dir='ltr'><strong>Abdiaslib.</strong></span> <span class='ocrx_word' id='word_1_902' title='bbox 2960 5724 3025 5769; x_wconf 90' lang='lat' dir='ltr'><strong>v,</strong></span> <span class='ocrx_word' id='word_1_903' title='bbox 3067 5704 3476 5791; x_wconf 43' lang='lat' dir='ltr'><strong>.M‘etapbra&#39;stes</strong></span> <span class='ocrx_word' id='word_1_904' title='bbox 3512 5704 3568 5791; x_wconf 53' lang='lat' dir='ltr'><strong>i‘n</strong></span> 
     </span>
    </p>
   </div>
   <div class='ocr_carea' id='block_1_112' title="bbox 305 5773 3565 5862">
    <p class='ocr_par' dir='ltr' id='par_1_112' title="bbox 305 5773 3565 5862">
     <span class='ocr_line' id='line_1_113' title="bbox 305 5773 3565 5862; baseline -0.001 -33"><span class='ocrx_word' id='word_1_905' title='bbox 305 5791 409 5862; x_wconf 76' lang='lat' dir='ltr'><strong>nec</strong></span> <span class='ocrx_word' id='word_1_906' title='bbox 431 5773 671 5862; x_wconf 46' lang='lat' dir='ltr'><strong>mirunl‘;</strong></span> <span class='ocrx_word' id='word_1_907' title='bbox 696 5773 1025 5862; x_wconf 39' lang='lat' dir='ltr'><strong>pluraleinim</strong></span> <span class='ocrx_word' id='word_1_908' title='bbox 1054 5780 1202 5862; x_wconf 32' lang='lat' dir='ltr'><strong>iljiu‘s</strong></span> <span class='ocrx_word' id='word_1_909' title='bbox 1225 5797 1391 5849; x_wconf 90' lang='lat' dir='ltr'><strong>opera</strong></span> <span class='ocrx_word' id='word_1_910' title='bbox 1411 5773 1723 5862; x_wconf 58' lang='lat' dir='ltr'><strong>desiderari</strong></span> <span class='ocrx_word' id='word_1_911' title='bbox 1751 5798 1882 5835; x_wconf 90' lang='lat' dir='ltr'><strong>con—</strong></span> <span class='ocrx_word' id='word_1_912' title='bbox 2087 5781 2310 5862; x_wconf 57' lang='lat' dir='ltr'><strong>Joannis</strong></span> <span class='ocrx_word' id='word_1_913' title='bbox 2344 5780 2480 5862; x_wconf 47' lang='lat' dir='ltr'><strong>Vini,</strong></span> <span class='ocrx_word' id='word_1_914' title='bbox 2501 5790 2556 5835; x_wconf 91' lang='lat' dir='ltr'><strong>ct</strong></span> <span class='ocrx_word' id='word_1_915' title='bbox 2578 5781 2960 5862; x_wconf 46' lang='lat' dir='ltr'><strong>Chrysosto&#39;nt.</strong></span> <span class='ocrx_word' id='word_1_916' title='bbox 2994 5776 3158 5862; x_wconf 79' lang='lat' dir='ltr'><strong>epist.</strong></span> <span class='ocrx_word' id='word_1_917' title='bbox 3188 5773 3314 5862; x_wconf 17' lang='lat' dir='ltr'><strong>Silad</strong></span> <span class='ocrx_word' id='word_1_918' title='bbox 3346 5773 3565 5862; x_wconf 66' lang='lat' dir='ltr'><strong>Theod.</strong></span> 
     </span>
    </p>
   </div>
   <div class='ocr_carea' id='block_1_113' title="bbox 305 5844 3587 5930">
    <p class='ocr_par' dir='ltr' id='par_1_113' title="bbox 305 5844 3587 5930">
     <span class='ocr_line' id='line_1_114' title="bbox 305 5844 3587 5930; baseline -0.004 -29"><span class='ocrx_word' id='word_1_919' title='bbox 305 5854 565 5930; x_wconf 42' lang='lat' dir='ltr'><strong>s‘tat.,_ex</strong></span> <span class='ocrx_word' id='word_1_920' title='bbox 614 5844 954 5930; x_wconf 39' lang='lat' dir='ltr'><strong>Euseb..lib..</strong></span> <span class='ocrx_word' id='word_1_921' title='bbox 985 5866 1013 5901; x_wconf 86' lang='grc' dir='ltr'><strong>ν</strong></span> <span class='ocrx_word' id='word_1_922' title='bbox 1062 5851 1197 5930; x_wconf 62' lang='lat' dir='ltr'><strong>&quot;ist:</strong></span> <span class='ocrx_word' id='word_1_923' title='bbox 1243 5844 1363 5930; x_wconf 70' lang='lat' dir='ltr'><strong>cap.</strong></span> <span class='ocrx_word' id='word_1_924' title='bbox 1406 5852 1505 5930; x_wconf 51' lang='lat'><strong>19“;</strong></span> <span class='ocrx_word' id='word_1_925' title='bbox 1561 5862 1615 5906; x_wconf 92' lang='lat' dir='ltr'><strong>et</strong></span> <span class='ocrx_word' id='word_1_926' title='bbox 1652 5851 1878 5930; x_wconf 75' lang='lat' dir='ltr'><strong>Hieron.</strong></span> <span class='ocrx_word' id='word_1_927' title='bbox 1988 5851 2131 5920; x_wconf 84' lang='lat' dir='ltr'><strong>laps.</strong></span> <span class='ocrx_word' id='word_1_928' title='bbox 2187 5852 2385 5930; x_wconf 81' lang='lat' dir='ltr'><strong>Joann.</strong></span> <span class='ocrx_word' id='word_1_929' title='bbox 2436 5844 2819 5923; x_wconf 58' lang='lat' dir='ltr'><strong>Evangeliéta,</strong></span> <span class='ocrx_word' id='word_1_930' title='bbox 2877 5844 3191 5918; x_wconf 87' lang='lat' dir='ltr'><strong>Theologus</strong></span> <span class='ocrx_word' id='word_1_931' title='bbox 3223 5844 3406 5901; x_wconf 79' lang='lat' dir='ltr'><strong>dictus</strong></span> <span class='ocrx_word' id='word_1_932' title='bbox 3433 5844 3587 5901; x_wconf 50' lang='grc' dir='ltr'><strong>Ληικ</strong></span> 
     </span>
    </p>
   </div>
   <div class='ocr_carea' id='block_1_114' title="bbox 305 5914 2361 5994">
    <p class='ocr_par' dir='ltr' id='par_1_114' title="bbox 305 5914 2361 5994">
     <span class='ocr_line' id='line_1_115' title="bbox 305 5914 2361 5994; baseline 0.002 -22"><span class='ocrx_word' id='word_1_933' title='bbox 305 5914 633 5990; x_wconf 77' lang='lat' dir='ltr'><strong>Scriptorum</strong></span> <span class='ocrx_word' id='word_1_934' title='bbox 664 5918 1131 5976; x_wconf 67' lang='lat' dir='ltr'><strong>ecclesiasticarum</strong></span> <span class='ocrx_word' id='word_1_935' title='bbox 1156 5914 1433 5994; x_wconf 75' lang='lat' dir='ltr'><strong>Catalogo.</strong></span> <span class='ocrx_word' id='word_1_936' title='bbox 1460 5923 1662 5979; x_wconf 73' lang='lat' dir='ltr'><strong>Verum</strong></span> <span class='ocrx_word' id='word_1_937' title='bbox 1686 5925 1886 5978; x_wconf 79' lang='lat' dir='ltr'><strong>citatur</strong></span> <span class='ocrx_word' id='word_1_938' title='bbox 1991 5914 2361 5977; x_wconf 73' lang='lat' dir='ltr'><strong>oriomasticos.</strong></span> 
     </span>
    </p>
   </div>
  </div>
