4040 6578
459 420 595 486 1δ15

1768 420 2132 484 ANTIOCHI
2173 420 2519 486 MONACHI

3591 411 3739 477 1816

452 554 584 608 ceps
615 535 927 592 efﬁceretur
954 545 1251 592 .atronum.
1286 536 1537 608 Cumque
1566 552 1635 593 eo
1659 536 1767 593 loci
1792 552 1853 593 se
1876 544 2034 608 post-

2168 538 2223 599 Ltv
2244 539 2408 593 αὑτοῦ
2426 556 2439 569 °
2476 537 2602 593 ίδὼν
2629 538 2687 592 δὲ
2706 537 2868 591 αὐτὸν
2889 536 3098 601 ἐκεῖνος
3116 534 3319 607 ἤρξατο
3347 532 3573 600 φεύγειν
3590 547 3602 560 ’
3623 532 3657 583 ὁ
3677 528 3741 581 ει

450 632 667 688 liminio
686 632 986 701 recepisset
998 629 1335 702 Theologus,
1350 630 1668 702 repoposcit
1682 630 1753 686 ab
1767 630 2029 701 episcopo

450 725 555 782 sibi
578 723 968 795 repraesentari
989 722 1330 793 depositum.
1351 721 1738 786 ls,arbitratus
1755 737 2036 776 commen-

452 817 703 874 datitiam
750 815 1049 888 pecuniam
1100 830 1131 869 a
1172 828 1232 869 se
1271 813 1513 883 reposci,
1550 812 1797 868 haerebat
1828 813 2037 868 dubius

455 909 628 965 animi
659 908 792 979 quid
827 906 1235 980 responderet:
1262 907 1471 979 quippe
1505 904 1601 977 qui
1634 904 1773 959 nihil
1802 903 1873 959 ab
1900 919 2037 974 apo-

456 1003 599 1058 stolo
627 1002 935 1072 accepisset
960 1001 1235 1072 pecuniae.
1265 1000 1423 1056 Tunc
1450 998 1589 1054 nihil
1617 996 2038 1053 dissimulanter

454 1093 635 1164 aperit
679 1108 797 1147 rem
849 1092 1114 1164 episcopo
1164 1110 1179 1147 :
1222 1093 1492 1149 Juvenem
1530 1076 1695 1145 illum
1732 1106 1896 1161 quem
1931 1098 2039 1145 tua:

456 1183 586 1238 ﬁdei
633 1181 879 1247 credidi,
935 1182 1127 1238 redde.
1184 1183 1255 1238 At
1295 1182 1389 1238 hic
1437 1181 1649 1237 collisis
1686 1181 1947 1236 manibus
1984 1190 2042 1236 et

456 1273 755 1344 complosis
787 1274 1077 1345 respondit
1120 1293 1132 1330 :
1177 1275 1272 1331 Ille
1318 1283 1575 1330 mortuus
1602 1281 1722 1341 est;
1767 1282 1933 1344 atque
1963 1272 2041 1328 ita

456 1366 738 1422 enarravit
768 1382 892 1437 quae
924 1367 1004 1422 illi
1031 1368 1395 1439 contigerant.
1446 1367 1585 1422 Tum
1615 1366 1904 1438 apostolus
1928 1382 2043 1420 ma-

458 1473 565 1528 gno
595 1472 721 1512 cum
750 1456 882 1513 ﬂetu
911 1468 1080 1530 caput
1106 1460 1415 1530 percussit,
1466 1468 1522 1513 et
1569 1459 1647 1514 ait
1691 1477 1704 1511 :
1745 1459 1957 1512 Bonum
1989 1466 2043 1513 te

460 1550 747 1606 custodem
800 1552 1001 1622 reliqui
1054 1551 1313 1606 fraternae
1355 1552 1593 1606 animae!
1649 1550 1824 1606 Simul
1867 1551 2039 1617 dicto,

463 1657 723 1713 egressus
759 1651 844 1698 est
890 1642 958 1696 ad
1004 1643 1455 1713 persequendum
1494 1644 1781 1714 juvenem.
1825 1646 1893 1697 At
1927 1643 2041 1705 hic,

462 1744 522 1787 ut
577 1733 723 1788 vidit
776 1734 1089 1801 Joannem,
1162 1735 1290 1805 fuga
1350 1734 1604 1790 concitus
1664 1733 2040 1789 dilabebatur.

460 1824 744 1881 Clamabat
764 1826 1006 1882 Joannes
1031 1844 1043 1881 :
1069 1826 1362 1898 Exspecta,
1381 1826 1479 1892 ﬁli,
1504 1836 1719 1897 patrem
1740 1837 1917 1890 tuum,
1944 1824 2047 1878 mi-

463 1934 649 1973 serere
679 1918 902 1973 canitiei
939 1919 1107 1990 hujus
1134 1935 1288 1997 mete.
1330 1918 1580 1988 Cumque
1612 1919 1659 1973 is
1690 1918 1923 1988 propius
1949 1932 2044 1970 ac-
2084 1902 2123 1956 Β

466 2008 768 2073 currisset,
821 2009 1065 2079 procidit
1108 2009 1260 2064 senis
1288 2009 1544 2080 genibus,
1581 2006 1807 2062 dextera
1837 2005 2046 2075 alioqui

467 2108 773 2155 contracta.
824 2100 1178 2173 Evangelista
1205 2100 1439 2172 proinde
1472 2099 1899 2154 exosculabatur
1928 2113 2047 2153 ma-

469 2208 600 2246 num
628 2192 798 2259 illius,
827 2192 1021 2249 dicens
1047 2212 1061 2247 :
1090 2193 1271 2264 Super
1298 2211 1385 2248 me
1416 2200 1703 2264 peccatum
1730 2200 1909 2257 tuum,
1938 2190 2045 2256 ﬁli;

468 2303 496 2338 τι
534 2300 622 2340 me
666 2286 915 2356 requiret
950 2286 1095 2341 Deus
1139 2287 1379 2340 animam
1417 2297 1590 2339 tuam.
1640 2282 1692 2339 Is
1722 2297 2047 2348 conversus,

471 2376 626 2431 velut
649 2376 991 2447 postliminio
1024 2377 1205 2433 factus
1227 2388 1311 2433 est
1337 2393 1433 2431 vas
1458 2375 1771 2431 electionis.
1798 2375 1879 2429 En
1903 2372 2051 2428 istud

471 2477 558 2523 est
584 2477 862 2538 pastorem
893 2470 1065 2539 probe
1091 2486 1276 2541 agere,
1299 2484 1361 2524 ac
1382 2469 1677 2524 sinceriter
1696 2466 1938 2522 animam
1958 2482 2054 2538 po-

472 2575 605 2614 nere
640 2576 741 2630 pro
773 2560 994 2616 ovibus.
1052 2561 1204 2616 Hanc
1243 2561 1314 2615 ob
1346 2577 1461 2616 rem
1503 2560 1819 2617 incredibili
1851 2560 2054 2630 gaudio

476 2651 848 2720 perfundetur
898 2654 1149 2723 mireque
1194 2652 1596 2719 oblectabitur,
1653 2661 1710 2707 et
1758 2652 2057 2707 hilarescet

476 2743 649 2798 ubere
672 2741 854 2801 fetura
884 2745 1071 2799 ovium
1098 2761 1347 2799 suarum.
1386 2742 1663 2799 Gaudebit
1687 2758 1841 2808 sane,
1866 2742 1912 2798 si
1939 2743 2057 2797 sin-

474 2833 632 2903 gulas
656 2846 904 2904 quasque
935 2835 1274 2906 compererit
1302 2834 1634 2900 incolumes,
1666 2834 1713 2889 si
1737 2835 1889 2889 nulla
1913 2850 1945 2890 e
1968 2850 2058 2890 se-

476 2933 591 2999 ptis
637 2925 937 2979 exerravit.
999 2922 1057 2980 Si
1103 2941 1268 2997 quam
1320 2925 1545 2980 demum
1597 2924 1968 2996 dispalantem
2004 2935 2060 2981 et

475 3018 770 3076 erratieam
817 3016 1087 3072 Dominus
1123 3016 1590 3088 deprehenderit,
1641 3033 1723 3073 vae
1755 3018 1864 3073 erit
1908 3018 2061 3086 ejus-

477 3111 628 3165 modi
661 3109 1002 3181 pastoribus.
1061 3109 1337 3166 Caeterum
1376 3110 1481 3181 ipsi
1514 3117 1790 3181 pastores,
1828 3109 1872 3165 si
1906 3125 2061 3164 com-

479 3203 772 3274 perientur
814 3202 869 3256 in
902 3202 1195 3273 pudendos
1222 3219 1450 3258 errores
1477 3204 1753 3274 prolapsi,
1789 3201 1922 3274 quid
1959 3201 2063 3256 hos

481 3282 672 3368 aperes
704 3295 789 3349 sui
822 3296 1005 3366 gregis
1040 3295 1277 3350 Domino
1307 3295 1707 3366 responsuros?
1740 3296 1884 3350 Num
1914 3295 2064 3365 quod

484 3384 842 3455 improbitate
873 3385 1061 3439 ovium
1094 3384 1437 3456 dispalantes
1460 3385 1808 3443 exerrarint?
1840 3385 2069 3441 Talibus

485 3476 679 3546 utique
730 3492 799 3531 ne
843 3477 1119 3532 tantillum
1154 3477 1281 3532 ﬁdei
1319 3476 1788 3532 commodabitur.
1828 3475 1887 3531 Id
1918 3476 2068 3531 enim

484 3570 837 3637 incredibile,
858 3583 919 3629 ut
943 3573 1012 3628 ab
1031 3588 1132 3628 ove
1155 3584 1342 3644 pastor
1358 3574 1659 3644 quidquam
1677 3575 1949 3644 patiatur;
1981 3575 2069 3629 vel

484 3666 558 3728 ob
590 3666 740 3721 hunc
789 3667 1025 3722 maxime
1050 3667 1374 3723 mendacem
1410 3675 1740 3736 prattextum
1771 3707 1787 3732 ,
1822 3667 2069 3722 atrocio-

484 3776 576 3816 res
644 3759 795 3815 luent
855 3776 1070 3831 poenas.
1148 3762 1366 3833 1229
1431 3761 1569 3817 Cum
1623 3762 1792 3832 igitur
1850 3762 2069 3831 perspi-

485 3867 589 3915 cue
612 3853 909 3924 cognorint
933 3868 1044 3907 non
1065 3844 1502 3922 perfunctoriam
1525 3854 1846 3910 reddituros
1868 3869 1927 3909 se
1949 3870 2072 3910 esse

486 3943 803 4009 rationem,
875 3953 937 3998 ut
988 3945 1084 4015 qui
1139 3953 1385 4015 praesunt
1435 3946 1700 4003 Ecclesiae
1753 3947 2070 4017 primasque

488 4036 747 4091 obtinent
791 4037 1122 4100 cathedras,
1177 4038 1393 4108 seipsos
1443 4055 1555 4093 una
1598 4055 1724 4093 cum
1763 4054 1931 4110 grege
1964 4039 2071 4093 sibi

487 4126 811 4185 concredito
838 4128 1120 4187 exaetiore
1148 4128 1436 4198 diligentia
1464 4129 1852 4199 pmmuniant,
1876 4138 1938 4183 ut
1963 4131 2075 4184 Deo

488 4215 719 4287 gratiosi
769 4218 1054 4287 specimen
1100 4218 1327 4287 aliquod
1371 4220 1542 4273 edant
1598 4235 1711 4274 suae
1761 4220 2072 4275 industriae.

490 4308 551 4366 in
583 4307 806 4361 homine
830 4307 980 4361 enim
1008 4307 1106 4367 Dei
1134 4308 1271 4361 nihil
1300 4307 1689 4377 deprehendes
1717 4309 1863 4379 quod
1889 4309 2078 4364 carnis

493 4396 725 4467 resipiat
773 4398 1146 4468 prudentiam.
1207 4399 1445 4455 Fructus
1498 4400 1775 4469 siquidem
1827 4401 2076 4470 Spiritus

493 4504 688 4545 omnes
739 4491 1013 4553 salutares
1056 4499 1216 4555 sunt,
1272 4492 1326 4545 in
1371 4492 1572 4562 quibus
1619 4492 1893 4549 inhabitat
1932 4495 2078 4549 Deus

2139 631 2391 701 ἔκραξεν·
2415 633 2635 698 Μεῖνον,
2654 631 2845 684 τέκνον
2866 669 2882 693 ,
2898 630 2991 683 τὸν
3009 627 3220 699 πατέρα
3240 644 3335 681 σου
3355 643 3369 657 ·
3387 625 3614 694 ἐλέησον
3630 622 3742 684 τὰς

2139 723 2333 787 πολιάς
2357 741 2460 795 μου
2489 741 2505 757 ο
2536 724 2632 778 καὶ
2674 721 2847 777 ἐλθὼν
2900 721 3240 793 προσέπεσεν
3271 718 3420 789 αὑτῷ
3467 716 3609 787 ἔχων
3634 715 3743 785 riga

2139 816 2319 883 δεξιάν
2347 816 2680 888 ᾑμαγμένην
2704 832 2718 846 ⁸
2750 818 2778 870 ὁ
2808 815 2866 868 δὲ
2892 813 3287 883 εὐαγγελιστὴς
3314 810 3602 880 κατεφίλει
3632 808 3749 875 τὴν

2140 912 2300 980 χεῖρα
2337 908 2527 973 αὑτοῦ,
2558 909 2753 978 λέγων’
2783 909 2899 962 Ἐπ’
2923 908 3024 977 ἐμὲ
3053 910 3085 970 ὴ
3113 905 3359 977 ἀμαρτία
3378 902 3743 966 σου,τέκνον.

2152 1002 2274 1055 Ἀπ’
2308 1001 2444 1073 ἐμοῦ
2501 1001 2795 1073 ὲκζητήσει
2824 1001 2855 1053 ὁ
2908 1000 3043 1063 Θεὸς
3086 998 3186 1067 τὴν
3233 997 3412 1068 ψυχήν
3453 1012 3551 1048 σου
3587 1010 3603 1025 ⁸
3641 993 3747 1044 καὶ

2142 1093 2477 1165 ἐπιστρέψας
2546 1094 2730 1160 πάλιν,
2789 1091 3007 1161 ἐγένετο
3053 1090 3250 1152 σκεῦος
3297 1086 3558 1155 ἐκλογῆς.
3605 1084 3745 1137 Ἰδοὺ

2142 1185 2300 1239 τοῦτό
2372 1186 2521 1239 ἐστιν
2576 1184 2793 1255 ἀληθῶς
2859 1183 2942 1248 τὸ,
3013 1181 3189 1235 θεῖναι
3244 1179 3345 1250 τὴν
3400 1177 3586 1248 ψυχὴν
3645 1174 3749 1227 τὸν

2144 1276 2378 1349 ποιμένα
2449 1278 2591 1349 ὑπὲρ
2659 1277 2767 1331 τῶν
2839 1275 3151 1346 προϐάτων,
3206 1274 3294 1326 ἵνα
3338 1272 3468 1326 ὅταν
3541 1268 3682 1339 ἔλθῃ
3713 1266 3751 1317 ὁ

2144 1369 2348 1441 Κύριος
2392 1369 2503 1423 τῶν
2528 1369 2843 1439 προϐάτων,
2871 1369 3011 1438 χαρῇ
3055 1368 3140 1419 ἐπ’
3173 1363 3344 1433 αὐτῷ,
3376 1363 3475 1416 καὶ
3503 1360 3601 1413 ἐπὶ
3625 1360 3747 1419 τοῖς

2146 1463 2442 1534 προϐάτοις
2472 1462 2775 1533 εὐφρανθῇ.
2804 1461 3121 1531 Χαρήσεται
3152 1458 3209 1510 δὲ
3256 1457 3351 1509 ὲάν
3380 1455 3565 1508 πάντα
3609 1450 3750 1519 ὑγιῆ

2147 1557 2366 1628 εὑρεθῇ,
2401 1557 2497 1610 καὶ
2530 1557 2604 1626 μὴ
2657 1553 3084 1608 διαπεπτωκότα
3132 1550 3256 1604 τινὰ
3284 1548 3346 1614 ἐξ
3386 1548 3570 1602 αὐτῶν
3609 1561 3624 1573 ’
3648 1545 3751 1595 ἐὰν

2146 1648 2203 1701 δὲ
2235 1649 2433 1718 εὑρεθῇ
2471 1664 2592 1700 τινα
2622 1647 2681 1712 ἐξ
2726 1645 2905 1699 αὐτῶν
2945 1642 3393 1703 διαπεπτωκότα,
3450 1638 3581 1692 οὐαὶ
3627 1636 3753 1697 τοῖς

2149 1739 2406 1809 ποιμέσιν
2436 1738 2610 1793 ἔσται.
2652 1737 2779 1790 Ἐὰν
2806 1737 2863 1789 δὲ
2891 1738 2986 1789 καὶ
3011 1735 3166 1789 αὐτοὶ
3195 1736 3245 1787 oi
3283 1730 3547 1801 ποιμένες
3584 1729 3754 1796 εὕρεο

2151 1828 2319 1882 θῶσιν
2371 1828 2837 1891 διαπεπτωκότες,
2871 1826 2924 1879 τί
2976 1824 3194 1896 ἐροῦσιν
3240 1822 3320 1891 τῷ
3364 1820 3622 1889 Δεσπότῃ
3650 1814 3753 1868 τοῦ

2158 1921 2451 1991 ποιμνίου;
2487 1920 2612 1973 ’Ὀτι
2634 1918 2741 1971 ἀπὸ
2766 1917 2876 1971 τῶν
2904 1917 3193 1986 προϐάτων
3229 1914 3523 1975 διέπεσαν;
3554 1910 3621 1962 οὐ
3654 1924 3750 1960 πι-

2157 2011 2571 2082 στευθήσονται.
2603 2012 2868 2063 Ἀπιστον
2897 2008 3007 2080 γὰρ
3041 2007 3278 2078 πρᾶγμά
3304 2007 3475 2066 ἔστιν,
3508 2001 3753 2072 ποιμένα

2156 2106 2262 2160 ὑπὸ
2302 2104 2593 2177 προϐάτων
2641 2102 2833 2155 παθεῖν
2871 2119 2924 2154 τι
2953 2115 2966 2130 ⁸
3037 2100 3239 2170 μᾶλλον
3281 2099 3339 2152 δὲ
3370 2096 3751 2165 κολασθήσον-

2155 2215 2246 2252 ται
2292 2198 2380 2251 διά
2416 2197 2477 2249 τὸ
2523 2195 2719 2265 ψεῦδος
2767 2193 2970 2248 αὐτῶν.
3008 2192 3225 2255 Είδότες
3259 2190 3353 2243 οὖν
3386 2191 3471 2242 ὅτι
3512 2187 3636 2239 λίαν
3681 2185 3752 2237 δι’

2158 2290 2355 2353 αὐτοὺς
2383 2287 2680 2343 ἀποδοῦναι
2707 2286 2864 2354 λόγον
2893 2285 2996 2349 δεῖ,
3025 2284 3101 2347 ὡς
3127 2282 3469 2353 ἡγουμένους
3500 2280 3605 2349 τῆς
3633 2278 3755 2330 Ἐκ-

2160 2380 2411 2453 κλησίας,
2446 2376 2980 2451 πρωτοκαθεδρίτας,
3013 2374 3472 2445 ἀσφαλισάτωσαν
3520 2371 3753 2430 ἑαυτοὺς

2162 2473 2404 2543 ἀκριϐῶς
2433 2474 2530 2526 σὺν
2554 2473 2618 2540 τῇ
2647 2470 2851 2539 ποίμνη
2880 2467 3081 2531 αὐτῶν,
3107 2466 3196 2519 ἴνα
3218 2467 3504 2535 εὐάρεστοι
3527 2460 3608 2530 τῷ
3632 2460 3753 2527 Θεῴ

2162 2564 2572 2636 ἀναδειχθῶσιν.
2612 2564 2700 2617 Ἐν
2731 2562 2842 2632 γὰρ
2885 2559 2965 2632 τῷ
2993 2558 3265 2630 ἀνθρώπῳ
3319 2556 3416 2609 τοῦ
3461 2553 3624 2616 Θεοῦ,
3654 2552 3756 2603 οὐκ

2163 2662 2312 2715 ἐστιν
2360 2658 2617 2731 φρόνημα
2669 2655 2951 2729 σαρκικόν.
2997 2651 3162 2707 Ἀλλά
3209 2652 3410 2714 πάντες
3454 2649 3505 2703 οἱ
3544 2647 3755 2719 καρποὶ

2164 2754 2258 2808 τοῦ
2287 2752 2618 2821 πνεύματος,
2656 2750 2706 2802 oi
2744 2748 3026 2817 σωτήριοι,
3048 2748 3105 2799 ὲν
3135 2739 3217 2808 οἷς
3241 2744 3381 2796 οἰκεῖ
3400 2744 3429 2795 ό
3458 2740 3598 2802 Θεὸς
3659 2736 3757 2791 καὶ

2164 2846 2553 2917 ἐμπεριπατεῖ.
2600 2843 2687 2895 Ἐν
2719 2836 2802 2904 οἷς
2826 2839 3106 2908 φαίνονται
3131 2836 3206 2899 ὡς
3235 2835 3523 2905 φωστῆρες
3564 2834 3626 2885 ὲν
3659 2830 3757 2883 κό-

2170 2955 2314 3007 σμῳ,
2340 2935 2497 3004 λόγον
2523 2932 2668 3004 ζωῆς
2699 2932 2913 3001 ἔχοντες
2936 2928 3010 2993 ὡς
3033 2927 3275 3000 ἀληθῶς,
3309 2928 3405 2980 κα)⁸
3450 2923 3721 2993 καύχημα
3739 2959 3755 2986 ,

2168 3028 2264 3083 καὶ
2288 3028 2414 3092 δόξα
2441 3026 2540 3097 τῆς
2572 3022 2859 3085 εὐσεϐείας
2892 3020 3253 3091 ὑπάρχοντες.
3295 3018 3360 3072 Ἠ
3403 3015 3514 3086 γάρ
3568 3015 3759 3086 ἱεραρ-

2170 3120 2284 3191 χία,
2318 3118 2473 3183 τάξις
2524 3116 2675 3171 ἐστὶν
2721 3113 2863 3185 ίερά,
2910 3113 3006 3167 καὶ
3052 3112 3356 3181 ἐπιστήμη.
3403 3106 3622 3170 Σκοπὸς
3663 3099 3762 3157 οὖν

2173 3208 2458 3280 ίεραρχίας
2482 3208 2650 3272 ἐστὶν,
2684 3206 2719 3276 ἡ
2748 3204 2884 3275 πρὸς
2910 3203 3067 3265 Θεὸν,
3092 3205 3169 3265 ὡς
3199 3200 3440 3271 ἐφικτὸν,
3469 3197 3757 3268 ἀφομοίω-

2171 3306 2256 3369 σίς
2297 3320 2356 3358 τε
2415 3302 2511 3359 καὶ
2552 3301 2745 3362 ἓνωσις
2766 3339 2780 3363 ,
2811 3297 2975 3351 αὑτὸν
3012 3296 3213 3366 ἔχουσα
3243 3294 3426 3364 πάσης
3456 3294 3612 3363 ἱεράς
3647 3292 3762 3345 ἐπι»

2172 3398 2383 3467 στήμης
2418 3411 2478 3447 τε
2510 3395 2602 3447 καὶ
2625 3392 2910 3463 δνεργείας
2945 3387 3301 3459 καθηγεμόνα
3323 3404 3338 3419 ’
3365 3386 3463 3439 καὶ
3491 3384 3634 3455 πρὸς
3657 3382 3767 3451 τὴν

2171 3488 2336 3543 αὐτοῦ
2389 3487 2676 3556 θειοτάτην
2725 3484 3063 3552 εὐπρέπειαν
3116 3478 3355 3542 ἀκλινῶς
3402 3477 3653 3546 ἐνορῶν,
3680 3475 3755 3536 ὡς

2170 3581 2396 3635 δυνατὸν
2429 3580 2485 3632 δὲ
2514 3575 2970 3646 ἀποτυπούμενος
3014 3574 3265 3636 καὶτοὺς
3308 3570 3506 3625 ἑαυτοῦ
3556 3566 3765 3621 θιασώο

2171 3692 2298 3738 τας,
2331 3673 2627 3743 ἀγάλματα
2659 3671 2778 3724 θεῖα
2807 3668 3108 3730 ἀποτελῶν,
3135 3668 3377 3735 ἔσοπτρα
3421 3662 3766 3716 διειδέστατα

2174 3767 2268 3821 καὶ
2295 3765 2628 3835 ἀκηλίδωτα,
2660 3762 2885 3816 δεκτικὰ
2914 3761 3014 3830 τῆς
3051 3757 3368 3828 ἀρχιφώτου
3396 3756 3493 3808 καὶ
3523 3752 3765 3823 ἀρχικῆς

2174 3858 2414 3918 ἀκτῖνος.
2448 3853 2666 3921 Ταύτην
2690 3852 2747 3904 δὲ
2783 3847 2937 3912 αὖθις
2967 3848 3216 3917 ἀφθόνως
3247 3848 3328 3910 είς
3370 3844 3439 3897 τὰ
3465 3842 3599 3910 ἑξῆς
3628 3844 3762 3893 ἁνα-

2174 3947 2486 4019 λάμποντα,
2513 3946 2652 4000 κατά
2694 3945 2823 4006 τοὺς
2878 3942 3205 4013 θεαρχικοὺς
3231 3937 3493 4007 θεσμοὺς.
3536 3936 3616 3987 Οὐ
3656 3933 3769 4001 γὰρ

2178 4039 2398 4110 θεμιτόν
2433 4041 2603 4103 ἐστιν,
2634 4038 2754 4099 ταῖς
2785 4035 2893 4088 τῶν
2923 4033 3082 4105 ἱερῶν
3110 4029 3427 4099 τελεταῖς,ἢ
3456 4030 3571 4089 τοῖς
3604 4026 3767 4096 ἱερῶς

2176 4130 2554 4201 τελουμένοις,
2580 4128 2879 4200 ἐνεργῆσαι
2920 4124 3175 4187 καθόλου,
3206 4123 3361 4193 παρὰ
3404 4121 3506 4183 τὰς
3559 4119 3769 4179 οἰκείας

2183 4226 2332 4297 ἱεράς
2385 4223 2679 4287 διατάξεις.
2716 4220 2929 4275 Οὐκοῦν
2991 4217 3273 4290 ίεραρχίαν
3332 4217 3359 4268 ό
3419 4214 3599 4281 λέγων
3644 4214 3766 4265 τινὰ

2183 4316 2357 4387 ἱερὰν,
2390 4316 2623 4370 καθόλου
2653 4313 2804 4383 δηλοῖ
2830 4312 3219 4381 διακόσμησιν,
3250 4307 3437 4359 εἰκόνα
3463 4306 3565 4374 τῆς
3599 4304 3766 4373 θεαρ-

2183 4408 2344 4479 χικῆς
2374 4406 2731 4477 ὡραιότητος,
2757 4406 2814 4456 ὲν
2837 4403 3078 4469 τάξεσιν,
3097 4402 3191 4454 καὶ
3214 4400 3553 4469 ἐπιστήμαις
3581 4398 3769 4465 ίεραρ-

2182 4499 2390 4567 χικαῖς,
2444 4496 2513 4549 τὰ
2570 4495 2671 4566 τῆς
2734 4493 2943 4556 οἰκείας
2996 4490 3322 4560 ὲκλάμψεως
3374 4486 3772 4559 ίερουργοῦσαν

494 4590 551 4640 et
599 4583 937 4648 inambulat,
990 4583 1086 4655 qui
1133 4595 1191 4639 et
1233 4586 1658 4655 conspiciuntur
1700 4596 1959 4657 tanquam
1992 4589 2062 4643 lu-

2193 4589 2489 4659 μυστήρια.
2523 4587 2635 4640 Καὶ
2667 4585 2805 4655 πρὸς
2828 4583 2929 4654 τὴν
2957 4582 3167 4636 οἰκείαν
3194 4580 3392 4650 ἀρχὴν,
3420 4579 3498 4643 ὡς
3525 4577 3770 4647 θεμιτὸν,

496 4676 731 4741 minaria
767 4675 824 4737 in
853 4676 1083 4742 mundo,
1121 4692 1248 4733 eum
1277 4678 1566 4735 verissime
1593 4682 1704 4736 sint
1734 4680 1957 4752 pietatis
1979 4700 2078 4736 ex-

497 4769 724 4831 sultatio
754 4774 811 4822 et
840 4766 1036 4838 gloria.
1096 4766 1239 4822 Sane
1281 4770 1571 4839 augustior
1604 4772 1696 4827 hic
1726 4773 2078 4827 sacerdotum

495 4859 866 4931 principatus,
903 4874 1059 4915 sacer
1086 4860 1225 4916 ordo
1254 4870 1310 4917 et
1337 4863 1569 4921 scientia
1594 4872 1699 4918 est.
1733 4864 1885 4919 Sacri
1913 4865 2081 4935 igitur

497 4952 847 5023 principatus
889 4951 1050 5018 istius
1098 4968 1300 5023 scepus
1341 4954 1434 5009 hic
1473 4964 1590 5019 est,
1638 4955 1773 5020 Deo,
1811 4965 2083 5025 quantum

497 5047 531 5100 h
544 5061 758 5100 limante
775 5045 968 5107 sinunt
987 5045 1254 5110 viriculas,
1273 5056 1334 5103 ut
1353 5062 1412 5105 se
1429 5045 1701 5105 assimilet
1720 5056 1886 5117 atque
1905 5048 2081 5116 uniat,

495 5138 674 5191 Deum
716 5135 929 5202 habens
980 5153 1150 5194 sacrae
1190 5139 1363 5199 totius
1394 5140 1640 5199 scientia}
1673 5149 1729 5195 et
1757 5141 2085 5210 operatorite

498 5225 727 5279 virtutis
756 5238 1189 5296 praeceptorem;
1234 5227 1366 5281 dum
1400 5227 1576 5286 aciem
1609 5227 1814 5282 mentis
1843 5227 2083 5282 intendit

501 5320 555 5371 in
587 5317 1040 5390 augustissimam
1073 5319 1224 5386 illius
1247 5320 1744 5393 pulchritudinem,
1778 5321 1921 5376 nihil
1952 5336 2083 5374 eva-

502 5412 677 5463 rians.
734 5408 847 5463 Pro
885 5410 1108 5464 modulo
1141 5396 1326 5475 autem
1359 5410 1561 5465 virium
1606 5412 1778 5467 Deum
1811 5410 2082 5475 imitatus,

500 5518 635 5558 suos
654 5503 825 5559 etiam
850 5505 1032 5559 socios
1058 5504 1275 5561 divinas
1306 5504 1580 5575 imagines.
1599 5505 1837 5573 perlicit,
1863 5505 2086 5573 specula

502 5594 837 5659 nitidissima
868 5604 926 5663 et
952 5596 1337 5659 immaculata,
1374 5597 1598 5667 capacia
1632 5597 1909 5667 primaria:
1937 5596 2087 5650 illius

503 5687 676 5753 lucis,
724 5687 877 5753 radii
925 5702 1161 5762 prorsus,
1198 5687 1396 5747 divini.
1451 5689 1603 5745 lianc
1636 5704 1831 5743 rursus
1865 5689 2080 5744 hierar-

502 5780 717 5835 chicam
762 5780 1103 5837 iunctionem
1156 5783 1213 5836 in
1255 5792 1450 5839 caetera
1495 5799 1596 5837 suo
1627 5800 1863 5853 quaeque
1891 5784 2087 5838 ordine

505 5873 812 5940 relucentia
841 5875 1186 5939 transmittit.
1246 5876 1366 5934 Non
1396 5876 1544 5937 enim
1578 5876 1660 5941 ias
1689 5878 1761 5934 sit
1791 5892 2076 5935 sacrorum

2182 4682 2582 4749 ὲπανάγουσαν.
2618 4677 2805 4729 Ἔστιν
2834 4676 2943 4745 γὰρ
2996 4676 3092 4746 τῆς
3144 4673 3489 4743 ίεραρχίαςὴ
3550 4671 3774 4723 τελείει)⁹

2187 4792 2293 4839 σις,
2325 4772 2388 4826 τὸ
2437 4769 2557 4825 κατ’
2586 4770 2800 4824 οἰκείαν
2841 4767 3137 4835 ἀναλογίαν
3190 4766 3283 4819 ἐπὶ
3329 4764 3394 4817 τὸ
3437 4764 3776 4834 Θεομίμητον

2188 4866 2510 4936 ἀναχθῆναι,
2572 4862 2669 4918 καὶ
2700 4861 2837 4916 Θεοῦ
2871 4861 3134 4933 συνεργὸν
3157 4859 3441 4928 γενέσθαι,
3476 4858 3575 4913 καὶ
3603 4858 3775 4921 δεῖξαι

2186 4958 2285 5029 τὴν
2315 4958 2466 5011 θείαν
2499 4954 2782 5026 ἐνέργειαν
2814 4952 2958 5006 κατά
2996 4953 3058 5004 τὺ
3086 4952 3312 5005 δυνατὴν
3355 4952 3412 5004 ἐν
3436 4950 3619 5019 ἐαυτῷ
3650 4967 3778 5017 φαι-

2189 5049 2446 5121 νομένην,
2468 5050 2562 5101 καὶ
2601 5045 2935 5116 φωτίζεσθαι
2964 5045 3057 5098 καὶ
3109 5045 3368 5114 φωτίζειν
3391 5083 3409 5107 ,
3440 5044 3538 5098 καὶ
3589 5043 3781 5097 καθαί-

2193 5141 2383 5214 ρεσθαι
2429 5141 2523 5195 καὶ
2579 5139 2884 5209 καθαίρειν,
2912 5138 3006 5191 καὶ
3056 5136 3331 5189 τελεῖσθαι
3376 5138 3445 5189 τά
3501 5136 3648 5199 θεῖα,
3680 5135 3775 5187 καὶ

2188 5235 2611 5304 τελεσιουργεῖν,
2641 5232 2727 5285 ἵνα
2769 5233 2875 5294 πᾶς
2910 5233 2937 5283 ὁ
2970 5230 3114 5302 ὁρῶν
3165 5230 3332 5297 ὑμᾶς,
3391 5228 3775 5297 ἑπιγνώσηται

2190 5329 2273 5381 ὅτι
2314 5328 2537 5397 σπέρμα
2568 5325 2933 5394 εὐλογημένον
2974 5320 3099 5375 ἐστὲ
3154 5321 3257 5374 ὑπὸ
3292 5321 3529 5391 Κυρίου,
3556 5319 3774 5388 ἀληθῶς

2194 5420 2416 5490 σπέρμα
2480 5417 2722 5487 ἔντιμον,
2788 5433 2806 5466 ι
2876 5413 3159 5468 Βασίλειον
3227 5412 3567 5482 ἱεράτευμα,
3625 5411 3775 5470 ἔθνος

2192 5510 2370 5577 ἅγιον,
2395 5509 2522 5572 λαὸς
2565 5511 2646 5571 είς
2681 5506 3031 5578 περιποίησιν
3055 5504 3214 5569 Θεοῦ,
3256 5523 3275 5554 ι
3307 5504 3638 5574 κληρονόμοι
3676 5502 3777 5568 ἀφ-

2193 5603 2405 5674 θάρτων
2471 5588 2571 5654 καῖ
2619 5599 2953 5670 ἀμαράντων
2987 5594 3351 5665 ἐπαγγελιῶν,
3389 5615 3407 5645 ι
3444 5589 3546 5647 τΩν
3571 5592 3774 5661 ὀφθαλ-

2198 5694 2297 5763 μὸς
2329 5694 2430 5746 οὐκ
2477 5692 2604 5757 ίδεν,
2637 5689 2731 5742 καὶ
2755 5688 2847 5751 οὓς
2883 5689 2981 5740 οὐκ
3004 5687 3259 5757 ἥκουσεν,
3297 5687 3391 5739 καὶ
3426 5684 3520 5738 ἐπὶ
3550 5682 3775 5754 καρδίαν

2196 5786 2488 5857 ἀνθρώπου
2510 5785 2613 5837 οὐκ
2642 5782 2832 5852 ἀνέϐη,
2859 5780 2895 5835 ἃ
2923 5780 3221 5851 ἡτοίμασεν
3255 5781 3283 5832 ὁ
3314 5779 3449 5841 Θεὸς
3493 5780 3606 5838 τοῖς
3637 5779 3769 5841 ἀγα-

2198 5878 2373 5933 πῶσιν
2402 5876 2587 5942 αὑτὸν,
2618 5895 2634 5929 ι
2681 5873 2772 5928 καὶ
2810 5872 3167 5944 φυλάττουσιν
3196 5871 3293 5938 τὰς
3334 5867 3556 5935 ἐντολὰς
3588 5864 3771 5927 abici.
