4040 6508
256 392 386 458 1817
1007 398 1331 460 lIOMILIA
1372 400 1734 461 CXXIII.-
1771 402 1869 462 DE
1906 398 2432 465 ORDINATIONE
2472 407 2797 470 CLERICI.
3372 407 3513 473 1818

251 508 417 577 Φησὶν
445 505 498 558 δὲ
524 505 616 559 καὶ
644 507 671 558 6
697 504 931 575 Πέτρος*
977 524 995 557 ι
1026 506 1333 576 Ποιμάνατε
1358 507 1419 559 τὸ
1445 509 1505 560 ὲν
1544 507 1673 578 ὑμῖν
1701 507 1823 562 ποί-

1928 507 2273 563 caaremoniis
2320 519 2415 564 aut
2455 528 2611 568 sacre
2652 513 2906 579 initiatis,
2946 514 3250 584 quidquam
3282 519 3512 571 omnino

258 616 406 667 μνιον
460 598 549 650 τοῦ
600 594 771 661 Θεοῦ,
805 598 1252 664 ἐπισκοποῦντες,
1312 599 1388 670 μὴ
1436 599 1825 666 ἀναγκαστῶς,

1928 599 2147 655 elllcere
2194 612 2394 671 pmter
2438 606 2695 675 proprias
2729 616 2785 661 et
2817 622 2911 661 eas
2937 622 3120 662 sacras
3150 609 3509 663 constitutio-

253 690 366 744 ἀλλ’
397 690 657 753 ἑκουσίως
697 689 838 743 κατὰ
871 689 1022 754 Θεὸν,
1059 690 1194 761 μηδὲ
1238 690 1663 763 αἰσχροκερδῶς,
1694 691 1830 745 ἀλλά

1928 707 2047 747 nes.
2076 690 2263 761 Itaque
2288 694 2655 751 hierarchiam
2680 699 2773 767 qui
2797 698 2953 763 dicit,
2978 714 3188 753 sacram
3212 702 3509 769 quamdam

256 785 549 857 προθύμως
576 801 589 813 ·
627 784 760 854 μηδὲ
798 782 872 847 ὡς
926 782 1416 853 κατακυριεύοντες
1466 782 1558 835 τὸν
1605 783 1825 854 κλῆρον,

1930 782 1984 837 in
2015 798 2217 853 genere
2248 786 2511 859 exprimit
2544 788 2993 852 distinctionem,
3042 790 3334 862 imaginem
3367 792 3509 846 divi-

252 878 390 931 ἀλλά
422 877 578 929 τύποι
603 876 885 945 γενόμενοι
916 873 1010 928 τοῦ
1046 874 1319 944 ποιμνίου,
1355 875 1450 927 καὶ
1482 875 1826 944 φανερωθέν-

1930 887 2013 927 nte
2045 873 2192 928 illius
2222 875 2686 943 pulchritudinis,
2722 895 2845 948 quae
2876 881 3122 935 nativum
3154 881 3505 951 splendorem

252 987 340 1032 τος
386 969 479 1021 τοῦ
525 968 952 1039 ἀρχιποίμενος,
991 966 1271 1036 κομιεῖσθε
1322 966 1415 1021 τὸν
1460 966 1827 1036 ἀμαράντινον

1928 966 2187 1035 explicat,
2244 983 2415 1037 seque
2446 971 2660 1025 exserit
2711 972 2767 1025 in
2810 973 3100 1029 ordinibus
3127 990 3192 1028 ac
3217 975 3503 1045 multiiuga

251 1062 348 1131 τῆς
374 1060 530 1130 δόξης
556 1060 841 1126 στέφανον.
877 1078 897 1111 ι
932 1058 989 1113 '0
1023 1059 1080 1112 δὲ
1107 1058 1310 1129 Κύριος
1338 1059 1503 1130 φησίν
1526 1076 1539 1090 ·
1573 1078 1590 1111 ι
1618 1060 1674 1111 '0
1706 1076 1827 1112 ποι-

1928 1058 2244 1128 cognitione
2297 1059 2787 1128 hierarchiarum,
2853 1063 2986 1118 dum
3044 1074 3233 1119 sancte
3286 1067 3507 1135 perflet

254 1152 412 1222 μὴνό
464 1151 625 1215 καλὸς
672 1150 771 1222 τὴν
834 1148 1014 1221 ψυχὴν
1083 1148 1251 1203 αὑτοῦ
1302 1150 1518 1220 τίθησιν
1548 1149 1689 1219 ὑπὲρ
1716 1150 1825 1203 τῶν

1930 1150 2167 1219 propria:
2186 1149 2610 1207 illuminationis
2633 1170 2832 1209 arcana
2852 1156 3279 1226 mysteria,dum
3297 1157 3364 1211 ad
3382 1172 3509 1226 pro-

252 1242 558 1313 προϐἀτων’
584 1245 611 1296 ὀ
642 1242 699 1297 δὲ
726 1241 1014 1313 μισθωτὸς,
1043 1242 1137 1295 καὶ
1163 1243 1262 1296 οὐκ
1288 1241 1362 1295 ῶν
1381 1242 1605 1313 ποιμὴν,
1632 1242 1826 1314 θεωρεῖ

1927 1242 2104 1310 priam
2132 1242 2424 1313 originem,
2451 1253 2731 1314 quatenus
2753 1246 2856 1310 fas,
2890 1247 3131 1303 reducit.
3160 1250 3233 1303 Ea
3253 1249 3399 1303 enim
3420 1257 3506 1302 est

249 1337 339 1390 τὸν
368 1336 532 1389 λύκον
583 1335 899 1407 ἐρχόμενον,
936 1336 1030 1387 καὶ
1066 1334 1292 1404 ἀφίησιν
1319 1334 1388 1387 τά
1431 1334 1696 1405 πρόϐατα,
1734 1336 1826 1387 καὶ

1928 1332 2257 1388 liierarchia:
2288 1336 2588 1403 perfectio,
2645 1345 2706 1391 ut
2748 1340 3054 1393 secundum
3088 1341 3502 1409 proportionem

250 1412 461 1494 φεύγει,
502 1427 596 1480 καὶ
624 1429 650 1480 ὀ
684 1425 845 1489 λύκος
896 1424 1130 1495 ἁρπάζει
1175 1424 1333 1488 αὐτὰ,
1361 1423 1453 1476 καὶ
1496 1423 1774 1495 σκορπίζει
1808 1437 1819 1450 ·

1927 1426 2129 1496 cuique
2155 1429 2438 1497 propriam
2474 1430 2752 1485 hominem
2782 1444 3111 1500 promoveat
3141 1434 3208 1487 ad
3238 1433 3502 1487 imitatio-

248 1524 330 1575 ὅτι
393 1522 668 1592 μισθωτός
721 1524 889 1585 ἐστιν,
924 1520 1015 1572 καὶ
1069 1520 1129 1571 ού
1186 1518 1335 1588 μέλει
1375 1517 1522 1586 αύτῷ
1561 1516 1824 1585 περὶτῶν

1926 1533 2051 1571 nem
2105 1518 2309 1574 divinae
2361 1520 2656 1587 bonitatis,
2694 1539 2758 1577 ac
2793 1524 2905 1577 Deo
2937 1536 3295 1593 cooperetur,
3333 1540 3503 1594 reque

249 1612 557 1680 προϐάτιον.
599 1631 617 1664 ι
645 1612 751 1664 Καὶ
783 1611 1014 1678 ἐπάγει·
1052 1628 1070 1660 ι
1116 1610 1215 1661 Διά
1252 1608 1409 1661 τοῦτο
1442 1626 1507 1679 με
1556 1610 1583 1661 ὁ
1637 1608 1823 1677 Πατὴρ

1927 1609 2043 1677 ipsa
2081 1610 2323 1664 declaret
2358 1612 2558 1667 divina
2586 1614 2808 1669 virtutis
2836 1615 3133 1670 ellicaciam
3156 1656 3171 1680 ,
3226 1626 3502 1685 quatenus

248 1704 457 1773 ἀγαπᾷ.
487 1705 569 1757 ὅτι
640 1701 749 1771 ἐγὼ
811 1700 1001 1771 τίθημι
1046 1701 1143 1772 τὴν
1193 1696 1369 1771 ψυχήν
1412 1718 1513 1769 μου
1547 1699 1686 1769 ὑπὲρ
1714 1699 1821 1751 τῶν

1927 1710 2012 1755 est
2059 1704 2427 1773 attingibilis,
2483 1706 2539 1760 in
2584 1708 2768 1776 seipso
2816 1709 3177 1771 relucentem,
3211 1708 3340 1761 dum
3374 1707 3502 1761 illii-

250 1794 558 1863 προϐάτων.
603 1814 621 1847 ι
656 1792 812 1865 Αὐτῷ
844 1795 875 1863 ἡ
909 1793 1033 1858 δόξα
1062 1793 1138 1855 εἰς
1188 1793 1313 1854 τοὺς
1354 1789 1577 1852 αἰῶνας.
1624 1789 1815 1858 Ἀμήν.

1926 1790 2170 1844 minatur
2199 1792 2253 1845 in
2278 1794 2473 1862 primis
2496 1811 2562 1849 ac
2586 1796 2815 1864 proinde
2842 1806 3070 1852 caeteros
3106 1793 3505 1850 circumfundit

251 1890 492 1953 lumine,
549 1889 677 1943 dum
719 1898 988 1960 purgatur
1022 1896 1078 1941 ct
1112 1894 1340 1956 purgat,
1377 1885 1431 1937 in
1498 1882 1702 1937 divinis
1771 1882 1899 1936 dum
1942 1885 2225 1952 perﬁcitur
2255 1895 2312 1941 et
2345 1888 2593 1956 perﬁcit;
2652 1889 2791 1943 adeo
2840 1899 2900 1943 ut
2942 1889 3197 1959 quisquis
3239 1904 3337 1942 vos
3366 1904 3503 1943 cou-

250 1992 458 2045 tuetnr,
490 1983 649 2037 facile
680 1982 950 2051 intelligat
977 1996 1170 2035 semen
1198 1996 1294 2034 vos
1318 1994 1439 2034 esse
1467 1976 1823 2032 benedictum
1863 1994 1892 2031 a
1926 1978 2158 2032 Domino
2197 1996 2209 2031 :
2247 1995 2379 2034 vere
2416 1996 2603 2035 semen
2669 1983 2804 2036 estis
2867 1982 3223 2045 honorabile,
3265 2002 3283 2031 ι
3321 1982 3502 2051 regale

247 2075 652 2139 ~~acerdotinm,
701 2090 836 2144 gens
882 2082 1097 2137 sancta,
1146 2072 1385 2142 populus
1452 2070 1504 2124 in
1567 2069 1989 2138 acquisitionem
2020 2055 2117 2125 Dei
2165 2072 2232 2134 ’⁸,
2277 2091 2296 2124 ι
2370 2073 2617 2127 hieredes
2664 2073 3052 2126 immortalium
3096 2083 3151 2126 et
3182 2073 3501 2127 immarces-

246 2167 498 2222 cibilium
547 2168 974 2237 promissionum
996 2207 1009 2231 ,
1073 2184 1091 2217 ι
1129 2181 1266 2235 quas
1298 2180 1408 2218 non
1440 2162 1581 2217 vidit
1608 2163 1823 2226 oculus,
1866 2180 1973 2217 non
2002 2165 2150 2219 auris
2212 2164 2444 2230 audivit,
2473 2181 2573 2219 nec
2603 2166 2657 2218 in
2717 2180 2813 2219 cor
2839 2165 3080 2219 hominis
3108 2165 3498 2227 ascenderunt,

245 2280 384 2325 quas
432 2262 757 2332 praeparavit
798 2262 943 2315 Deus
994 2260 1355 2330 diligentibus
1419 2262 1557 2324 se“,
1597 2280 1615 2312 ι
1650 2272 1705 2315 et
1753 2261 2184 2316 observantibus
2231 2262 2487 2316 mandata
2553 2278 2673 2317 sua.
2732 2256 2822 2315 Ait
2865 2272 3047 2316 autem
3126 2272 3183 2315 et
3258 2260 3498 2315 Petrus:

250 2376 266 2401 ι
307 2353 516 2406 Pascite
548 2351 642 2421 qui
676 2351 728 2404 in
758 2351 914 2405 vobis
936 2360 1021 2405 est
1051 2366 1272 2421 gregem
1306 2350 1427 2413 Dei,
1458 2351 1815 2420 providentes
1852 2366 1962 2405 non
1994 2362 2181 2407 coacte
2203 2392 2217 2418 ,
2257 2355 2353 2407 sed
2422 2363 2723 2423 spontanee
2791 2354 3097 2407 secundum
3126 2354 3298 2407 Deum
3336 2370 3351 2407 :
3388 2366 3498 2406 non

246 2446 426 2515 turpis
464 2446 601 2500 lucri
653 2445 862 2515 gratia,
913 2445 1010 2500 sed
1038 2446 1385 2511 voluntarie;
1422 2462 1600 2515 neque
1631 2455 1692 2501 ut
1757 2446 2110 2503 dominantes
2142 2450 2194 2503 in
2254 2450 2439 2515 cleris,
2471 2450 2566 2503 sed
2597 2450 2770 2503 forma
2801 2449 2930 2503 facti
2993 2451 3173 2519 gregis
3203 2467 3215 2502 :
3245 2457 3329 2513 ut,
3372 2464 3497 2503 cum

240 2538 564 2607 apparuerit
596 2540 851 2608 princeps
916 2548 1235 2609 pastorum,
1309 2540 1628 2610 percipiatis
1696 2540 2215 2613 immarcescibilem
2263 2545 2453 2614 gloria:
2493 2560 2751 2598 coronam
2773 2545 2836 2597 ’⁷.
2888 2562 2906 2595 ι
2972 2544 3184 2613 1230
3233 2544 3500 2597 Dominus

243 2648 256 2703 ί
289 2646 377 2682 em
400 2646 412 2681 :
438 2649 455 2680 ι
478 2630 671 2684 Pastor
686 2630 865 2684 bonus
884 2631 1122 2684 animam
1137 2646 1291 2684 suam
1307 2632 1576 2701 ponitpro
1590 2632 1820 2686 ovibus:
1863 2636 2243 2689 mercenarius
2267 2647 2477 2701 autem,
2502 2644 2559 2690 et
2584 2636 2679 2704 qui
2743 2649 2852 2688 non
2892 2642 2976 2687 est
3019 2643 3224 2702 pastor,
3244 2633 3395 2687 videt
3417 2633 3503 2685 lu-

242 2737 374 2789 pum
398 2723 735 2788 venientem,
770 2733 827 2778 et
853 2724 1083 2779 dimittit
1110 2740 1240 2779 oves
1302 2740 1365 2780 ac
1423 2725 1599 2796 fugit;
1640 2734 1695 2780 et
1724 2727 1890 2797 lupus
1930 2729 2074 2797 rapit
2121 2745 2265 2784 oves.
2301 2740 2356 2785 et
2391 2729 2691 2799 dispergit,
2736 2729 2865 2797 quia
2902 2728 3276 2781 mercenarius
3302 2734 3407 2791 est,
3442 2733 3503 2781 et

241 2830 355 2868 non
386 2815 625 2885 pertinet
652 2815 719 2869 ad
748 2832 873 2870 eum
903 2815 970 2870 de
993 2817 1300 2871 ovibus“.i
1342 2818 1555 2873 lndueit
1583 2837 1595 2872 :
1626 2838 1643 2869 ι
1672 2820 1905 2891 Propter
1954 2822 2059 2875 hoc
2095 2838 2181 2877 me
2247 2823 2404 2878 Pater
2468 2823 2680 2893 diligit,
2732 2820 2862 2891 quia
2926 2836 3028 2892 ego
3057 2835 3202 2891 pono
3258 2820 3503 2876 animam

240 2922 424 2963 meam
455 2924 557 2978 pro
583 2909 891 2964 ovibus’h
933 2909 1039 2979 Ipsi
1070 2910 1246 2980 gloria
1277 2912 1331 2965 in
1359 2912 1579 2966 saecula.
1616 2913 1816 2969 Amen.
3176 2908 3179 2909 ν

808 3022 1027 3074 ΛΟΓΟΣ
1089 3023 1263 3076 PKB’.

2439 3028 2721 3085 IIOMIIJA
2751 3025 2987 3082 CXXIII.

625 3132 767 3201 Περὶ
819 3132 1107 3203 διαταγῆς
1183 3133 1431 3201 κλήρου.

2371 3135 2444 3190 De
2480 3134 2816 3190 ordinatione
2853 3131 3056 3185 clerici.

332 3246 630 3317 Ἐπόμενόν
658 3246 804 3299 ἐστιν
833 3248 958 3309 τοὺς
980 3248 1141 3317 ἱερεῖς
1175 3248 1415 3319 μιμητὰς
1444 3248 1696 3316 γενέσθαι
1727 3245 1818 3299 τοῦ
1851 3298 1890 3319 η

2002 3248 2218 3303 tlationi
2267 3264 2496 3317 prorsus
2550 3253 3020 3307 consentaneum,
3086 3256 3244 3297 suum
3304 3248 3363 3293 ut
3410 3256 3500 3293 sa-

236 3338 548 3408 ἀρχιερέως
600 3336 801 3399 αὐτῶν,
833 3336 907 3398 ὡς
931 3339 1181 3400 κάκεῖνος
1212 3338 1303 3390 τοῦ
1350 3340 1648 3409 ἀρχιερέως
1690 3339 1823 3409 Χρι·

1926 3341 2177 3397 cerdutes
2218 3342 2503 3394 imitentur
2530 3354 2626 3408 per
2652 3336 2835 3392 omnia
2867 3335 3203 3406 pontificem,
3238 3332 3503 3402 quemad-

240 3427 393 3492 ατοῦ,
426 3429 505 3489 είς
553 3428 752 3489 πάντα,
777 3428 855 3489 είς
906 3426 966 3480 τὸ
1009 3428 1232 3494 ἀγαθὸν,
1260 3429 1319 3481 τὸ
1368 3428 1722 3500 εὐσπλαχνον,
1764 3432 1824 3483 τὸ

1929 3434 2149 3488 modum
2183 3432 2388 3486 Christi
2415 3433 2660 3485 imitator
2693 3429 2937 3499 pontifex
2966 3435 3070 3482 est.
3103 3426 3287 3481 Bonus
3320 3434 3379 3478 ut
3403 3426 3497 3484 sit.

238 3520 565 3589 ὁμόφρονον,
595 3518 654 3570 τὸ
694 3517 959 3581 ἐπιεικὲς,
989 3519 1049 3570 τὸ
1075 3519 1456 3588 ταπεινόφρον,
1493 3520 1551 3572 τὸ
1579 3520 1826 3587 φιλάδελ-

1930 3526 2016 3595 pia
2069 3526 2292 3594 gestitet
2339 3523 2574 3582 \isct:ra.
2626 3523 2736 3575 alat
2785 3519 3162 3581 concordiam,
3210 3517 3347 3570 nihil
3394 3530 3502 3569 non

244 3629 368 3679 φον,
400 3610 460 3662 τὸ
507 3608 867 3677 φιλόπτωχον,
898 3609 958 3662 τὸ
998 3609 1291 3676 φιλόξενον,
1322 3608 1382 3661 τὸ
1413 3609 1826 3678 συμπαθητικόν

1926 3632 1991 3670 ex
2026 3632 2183 3685 οιιμιο
2238 3624 2294 3669 et
2346 3615 2489 3668 bono
2537 3614 2701 3668 faciat
2757 3627 2821 3667 ac
2870 3612 3298 3679 interpretetur,
3351 3608 3505 3663 dese

242 3706 327 3765 εἰς
362 3703 591 3765 πάντας,
626 3702 686 3754 τὺ
715 3701 1012 3771 ἐλεήμονας
1045 3696 1184 3753 εἶναι
1207 3741 1220 3764 ,
1255 3702 1350 3755 καὶ
1401 3703 1825 3772 ἐπιστρέφοντας

1927 3723 2091 3776 quam
2142 3707 2547 3761 modestissime
2596 3705 2837 3770 sentiat,
2894 3703 3149 3758 fraternae
3196 3704 3504 3757 dilectionis

246 3795 319 3847 τὰ
351 3793 765 3863 πεπλανημένα,
797 3793 1299 3863 ὲπισκεπτομένους
1329 3794 1505 3847 πάντα
1556 3795 1623 3847 τὰ
1663 3794 1824 3847 ἀσθε-

1928 3799 2247 3862 observans,
2281 3799 2351 3851 sit
2377 3797 2691 3863 ιιοειιὶιοιίς,
2720 3796 2965 3851 omnium
3011 3795 3169 3849 malis
3201 3795 3504 3849 indolescat

243 3889 336 3957 νῆ,
364 3888 437 3957 μὴ
476 3885 807 3956 ἀμελοῦντας
838 3885 1021 3956 χηρῶν
1085 3887 1179 3937 xal
1212 3886 1461 3956 ὀρφανῶν
1492 3886 1525 3957 ἢ
1558 3888 1824 3957 πενήτων,

1927 3896 1983 3940 et
2034 3886 2435 3954 compatiatur,
2490 3886 2561 3938 sit
2607 3883 2946 3938 misericors.
2981 3883 3334 3946 Sacerdotes,
3367 3898 3508 3951 quos

243 3976 389 4030 καλά
418 3976 782 4046 προνοοῦντας
808 3976 912 4041 ἀεὶ,
943 3975 1173 4029 ἐνώπιον
1197 3976 1290 4029 τοῦ
1318 3974 1455 4030 Θεοῦ
1497 3978 1592 4030 καὶ
1619 3978 1827 4047 ἀνθρώ-

1928 3977 2255 4046 agnoverint
2290 3993 2318 4030 a
2351 3975 2685 4031 rectitudine
2712 3976 3008 4030 deﬂexisse
3033 4016 3046 4037 ,
3084 3981 3411 4028 convertant
3443 3988 3506 4026 ac

244 4087 385 4134 πων,
420 4069 791 4138 ἀπεχομένους
850 4072 1031 4137 πάσης
1090 4069 1264 4139 ὀργῆς
1323 4071 1422 4123 καὶ
1473 4070 1827 4139 προσωπολη-

1928 4076 2193 4121 revocent
2228 4068 2280 4120 in
2315 4068 2479 4121 viam.
2534 4066 2756 4120 Nullum
2802 4081 2914 4119 non
2947 4065 3175 4118 visitent
3201 4063 3504 4116 infirmum.

241 4164 396 4231 ψὶας,
432 4164 667 4233 κρίσεως
702 4164 912 4225 ἀδίκου,
945 4165 1309 4235 φιλαργυρίας
1334 4182 1345 4195 ο
1376 4164 1449 4235 μὴ
1492 4165 1699 4233 ταχέως
1730 4165 1828 4233 ἐμς

1929 4160 2222 4214 Providam
2286 4170 2450 4229 agant
2512 4174 2702 4212 curam
2760 4157 3096 4219 viduarum,
3167 4154 3507 4225 pupillorum

246 4252 592 4314 πιστεύοντες
621 4254 761 4306 κατά
792 4271 960 4317 τινος,
992 4255 1066 4325 μὴ
1102 4256 1369 4324 ἀπότομοι
1402 4256 1459 4306 ὲν
1493 4254 1674 4324 κρίσει
1704 4298 1717 4319 ,
1752 4256 1828 4307 εί-

1928 4260 1985 4305 et
2015 4267 2342 4322 pauperum.
2385 4250 2721 4303 Provideant
2752 4249 2895 4302 bona
2923 4263 3143 4315 semper
3179 4261 3365 4301 coram
3399 4246 3509 4300 Dea:

243 4344 415 4407 δότες,
435 4344 517 4397 ὅτι
543 4343 813 4411 ὀφειλέται
846 4346 1010 4413 ἐσμὲν
1037 4346 1341 4414 ἁμαρτιῶν.
1370 4348 1430 4398 Ei
1477 4340 1569 4398 οῦν
1597 4345 1827 4415 δεόμεθα

1928 4350 1985 4394 et
2033 4342 2373 4394 hominibus.
2426 4342 2659 4395 Omnem
2711 4356 2739 4393 a
2776 4356 2834 4394 se
2868 4340 3158 4393 eliminent
3190 4338 3348 4397 iram,
3386 4353 3512 4405 pcr«

244 4435 343 4486 τοῦ
413 4435 652 4505 Χριστοῦ
706 4436 790 4489 ἵνα
820 4436 957 4507 ἀφίῃ
1006 4438 1159 4506 ἡμῖν,
1222 4436 1513 4505 ὀφείλομεν
1544 4436 1638 4489 καὶ
1668 4438 1829 4507 ἡμεῖς

1930 4446 2191 4485 sonarum
2220 4431 2623 4501 acceptionem,
2654 4430 2928 4500 judicium
2960 4431 3249 4499 injustum,
3280 4427 3500 4483 avidita-

246 4526 486 4595 ἀφιέναι.
527 4526 813 4579 Ἀπέναντι
866 4527 974 4595 γὰρ
1023 4527 1132 4579 τῶν
1160 4526 1253 4579 τοῦ
1294 4528 1500 4596 Κυρίου
1527 4528 1693 4597 ἐσμὲν
1734 4530 1830 4598 ὀφ-

1932 4532 2039 4577 tem
2067 4524 2334 4592 pecunitc.
2370 4524 2488 4577 Non
2518 4523 2673 4577 facile
2705 4523 3061 4577 commodent
3087 4521 3250 4574 fidem
3280 4520 3512 4574 delatio-

248 4616 491 4683 θαλμῶν.
537 4615 810 4679 Ὦσαύτως
864 4617 957 4669 καὶ
988 4616 1037 4669 οἱ
1077 4616 1315 4671 διάκονοι
1346 4616 1653 4684 ὀφείλουσιν
1691 4614 1829 4671 εἷναι

1934 4616 2117 4669 nibus.
2169 4615 2227 4669 In
2266 4615 2681 4684 pronuntiando
2708 4614 2946 4684 judicio,
2980 4612 3252 4683 praefracti
3284 4628 3352 4666 ne
3379 4612 3511 4673 sint,

247 4708 550 4776 ἄμεμπτοι,
584 4705 921 4765 κατενώπιον
976 4708 1074 4777 τῆς
1133 4706 1483 4779 δικαιοσύνης
1530 4709 1720 4773 αὑτοῦ,
1754 4710 1829 4773 ὡς

1934 4718 2029 4763 aut
2072 4722 2231 4777 aaquo
2276 4707 2619 4769 severiores,
2666 4715 2727 4760 ut
2757 4708 2852 4776 qui
2885 4706 3063 4759 sciant
3091 4705 3367 4759 neminem
3405 4719 3515 4757 non

247 4798 387 4850 Θεοῦ
416 4800 509 4852 καὶ
534 4798 769 4868 Χριστοῦ
800 4801 1059 4863 διάκονοι,
1095 4801 1187 4854 καὶ
1216 4801 1315 4854 ούκ
1339 4801 1642 4871 ἀνθρώπων
1664 4820 1680 4835 ο
1712 4805 1832 4857 ἑπι-

1932 4815 2055 4855 esse
2103 4799 2416 4852 debitorem
2459 4810 2837 4867 peccatorum.
2894 4798 3004 4852 Nos
3048 4798 3236 4867 igitur,
3274 4796 3367 4866 qui
3405 4796 3514 4849 Ι)οη

254 4890 432 4960 μελῶς
480 4890 930 4955 διακονείτωσαν,
963 4893 1051 4948 ἵνα
1090 4893 1339 4963 φύγωσιν
1396 4895 1496 4966 τὴν
1543 4897 1682 4968 ἀρὰν
1734 4896 1830 4949 τοῦ

1936 4890 2145 4944 minum
2173 4889 2551 4951 obsecramus,
2583 4889 2770 4943 debita
2790 4898 2981 4943 nostra
3010 4898 3071 4943 ut
3093 4886 3516 4951 dimittat,nihil

253 4983 537 5050 προφήτου
558 4999 571 5013 ·
601 4985 676 5053 μὴ
695 4984 783 5037 διὰ
810 4984 909 5054 τῆς
934 4986 1195 5055 ἀμελείας
1222 4986 1517 5041 ὑπεύθυνοι
1541 4988 1827 5054 γένωνται·

1934 4984 2199 5053 gravatim
2229 4983 2498 5037 debemus
2522 4992 2579 5037 et
2605 4998 2709 5035 nos
2734 4982 3048 5045 dimittere;
3086 4981 3140 5034 in
3167 4980 3345 5034 oculis
3365 4977 3518 5037 enim

256 5074 392 5145 μηδὲ
424 5076 834 5145 προπετεύεσθε
870 5078 927 5130 ἔν
956 5096 1063 5132 τινι
1096 5079 1168 5140 ὡς
1190 5078 1349 5148 δῆθεν
1386 5079 1695 5142 θεοσεϐείας
1727 5078 1825 5149 χάη

1936 5089 2222 5127 versamnr
2259 5073 2477 5127 Domini
2510 5089 2575 5127 ac
2606 5073 2724 5128 Dei.
2764 5071 2880 5125 IIoc
2908 5082 3104 5125 tenore
3134 5072 3271 5124 vitze'
3293 5066 3516 5123 diaconi

258 5182 367 5235 ριν,
396 5165 535 5221 ἀλλά
564 5167 743 5221 πάντα
776 5169 1133 5238 εύσχημόνως
1183 5173 1276 5225 καὶ
1328 5171 1469 5225 κατά
1498 5170 1649 5235 τάξιν
1681 5171 1830 5238 γινέ-

1938 5165 2244 5218 etiamnum
2273 5174 2693 5220 convcrsentur.
2738 5165 2797 5217 In
2828 5174 3127 5232 conspectu
3156 5161 3388 5233 iustitia:
3415 5160 3521 5214 Do-

259 5256 390 5318 σθω,
426 5258 565 5311 κατά
591 5258 683 5310 τὸν
716 5260 1063 5315 ’Δπόστολον.
1109 5263 1265 5314 Ἐπεὶ
1293 5263 1345 5315 τί
1380 5262 1578 5317 ἄτοπον
1605 5262 1777 5315 ἐποίει
1806 5262 1836 5315 ὀ

1929 5252 2064 5306 mini
2123 5251 2505 5321 ingrediantur
2577 5251 2700 5305 sine
2753 5248 3016 5319 querela,
3082 5256 3344 5320 tanquam
3404 5249 3518 5306 Deo

272 5345 454 5413 Ὀζίας
477 5350 683 5419 θυμιῶν
702 5350 780 5420 τῷ
811 5352 929 5420 Θεῷ
955 5370 973 5418 ;
1002 5354 1054 5404 τί
1082 5354 1139 5406 δὲ
1161 5354 1189 5405 ὀ
1222 5353 1393 5407 Σαοὺλ
1411 5352 1552 5406 θύων
1574 5370 1588 5417 ;
1613 5352 1664 5404 τί
1692 5353 1748 5405 δὲ
1776 5354 1826 5405 οἱ

1929 5356 1981 5399 et
2011 5343 2234 5398 Christo
2272 5344 2672 5406 ministrantes,
2705 5356 2814 5395 non
2863 5340 2989 5395 item
3041 5340 3379 5396 heminibus.
3413 5343 3512 5397 Se-

259 5443 509 5512 τύραννοι
566 5442 661 5496 καὶ
721 5443 974 5513 δαίμονες
1028 5444 1411 5512 θεολογοῦντες
1462 5444 1679 5512 ἀληθῶς
1744 5444 1836 5497 τὸν

1931 5434 2059 5488 dulu
2104 5441 2159 5487 et
2189 5444 2446 5488 accurate
2478 5432 2887 5497 administrent,
2933 5429 3080 5484 illam
3126 5441 3183 5485 ut
3226 5433 3514 5499 defugiant

265 5532 463 5603 Κύριον
490 5550 504 5595 ;
550 5534 686 5589 Ἀλλ’
719 5537 1061 5605 ὲκκήρυκτος
1091 5537 1268 5589 αὐτῶν
1298 5538 1331 5608 ἡ
1365 5536 1631 5605 θεολογία.
1663 5533 1835 5587 Ἕκα-

1931 5524 2311 5595 proplieticam
2362 5524 2836 5593 imprecationem,
2875 5538 2941 5577 ne
2989 5523 3063 5576 illi
3121 5538 3216 5591 per
3270 5524 3511 5577 oscitan-

265 5641 387 5687 στος
426 5625 483 5677 δὲ
541 5629 597 5678 ὲν
626 5630 691 5697 τῇ
744 5628 896 5694 τάξει
935 5628 1099 5681 αὐτοῦ
1134 5629 1276 5680 ἔστω
1326 5628 1426 5698 τῆς
1465 5626 1828 5698 λειτουργίας.

1930 5618 2062 5670 tiam
2115 5631 2174 5672 sc
2216 5616 2449 5672 reddant
2491 5616 2781 5679 obnoxios,
2829 5632 2964 5670 neve
3020 5616 3234 5684 priores
3286 5615 3508 5671 lmnoi-is

274 5765 375 5892 U“
412 5765 428 5820 l
462 5767 605 5823 Pctr.
648 5783 703 5830 ιι,
742 5768 793 5825 9.
906 5770 947 5799 "‘
987 5768 1085 5823 Isa.
1119 5785 1259 5833 wa,
1290 5769 1361 5836 4',
1403 5768 1575 5825 ICor.
1624 5784 1679 5835 ιι,
1719 5767 1771 5825 9.

1915 5767 1930 5801 ’
1970 5763 1989 5820 I
2036 5762 2181 5820 I‘ctr.
2226 5776 2290 5827 γ,
2337 5760 2460 5816 24.
2575 5758 2619 5790 ³⁸
2650 5757 2812 5820 Joan.
2864 5778 2917 5826 κ,
2963 5759 3046 5814 ll.
3100 5760 3187 5811 t2.
3300 5760 3342 5788 ²⁹
3378 5758 3510 5812 ιιιίιὲ.
