4040 6512
529 399 667 465 I819
1816 405 2178 470 ANTIOCHI
2217 411 2563 473 MONACHI
3667 418 3800 482 189)

523 522 711 581 partes
755 517 1099 579 praecerpam
1132 518 1189 565 et
1221 522 1533 581 occupent,
1590 524 1857 584 praetextu
1909 520 2100 574 tuendi

2204 512 2337 592 Φησὶ
2366 523 2421 576 δὲ
2443 525 2537 577 καὶ
2559 524 2586 575 6
2604 524 2808 595 Νόμος,
2835 543 2855 577 ι
2877 527 2948 594 ⁸Ο
2968 526 3262 597 ἀρχιερεὺς
3291 528 3370 592 είς
3400 527 3470 581 τὰ
3497 529 3665 596 ’Ἅγια
3692 533 3799 585 τῶν

527 602 707 655 cultus
733 600 937 662 divini;
968 600 1062 655 sed
1087 601 1293 667 omnia,
1321 604 1475 672 juxta
1500 603 1907 674 Apostolum”,
1933 610 2107 666 hone-

2211 616 2383 683 ἁγίων
2431 616 2802 670 εἰσελεύσεται
2824 658 2838 681 ,
2869 621 2966 671 καὶ
2996 620 3143 686 ἅπαξ
3177 620 3272 673 τοῦ
3313 621 3588 674 ἐνιαυτοῦ.
3638 642 3656 671 ι
3689 627 3796 676 Καὶ

526 704 610 748 ste
641 701 695 745 ct
719 693 1024 747 secundum
1051 694 1303 748 ordinem
1331 694 1482 750 ﬁant.
1513 695 1653 762 Quid
1678 699 1826 753 enim
1853 701 2104 758 indecori

2207 709 2366 762 τοῦτο
2409 712 2466 763 ὲν
2498 711 2647 781 πάσῃ
2684 714 2748 783 τῇ
2784 714 3072 784 ίεραρχικῇ
3122 714 3457 787 καθαρότητι
3494 734 3507 747 ⁸
3540 720 3591 770 οἱ
3634 721 3796 789 ἱερεῖς

524 783 758 837 faciebat
808 782 1006 846 Ozias,
1074 785 1185 839 Deo
1237 785 1369 839 dum
1420 788 1671 843 adoleret
1720 791 2005 847 incensum
2028 796 2106 850 8'?

2209 801 2650 871 περιστέλλουσιν
2667 804 2733 856 τὰ
2747 805 2897 872 ἅγια.
2913 825 2929 855 ι
2952 807 3084 869 Καὶ,
3098 807 3189 860 (Oi
3208 806 3503 861 Λευῖταιού
3525 810 3600 878 μὴ
3624 813 3794 880 ἆψων-

522 874 664 939 Quid
693 874 823 928 item
854 874 1005 936 Saul,
1036 875 1289 931 victimas
1318 877 1450 932 dum
1479 880 1643 934 offert
1663 882 1744 935 ”?
1768 883 1909 949 Quid
1937 901 2103 954 porro

2206 908 2296 943 ται
2329 891 2438 944 τῶν
2480 893 2671 961 ἁγίων,
2704 894 2790 947 ἵνα
2825 895 2900 966 μὴ
2939 897 3308 953 ἀποθάνωσιν.
3356 920 3375 951 ι
3402 874 3793 974 Ratio-97.5731]

526 966 797 1037 tyrannici
836 966 916 1020 illi
948 966 1253 1031 daemones,
1292 970 1584 1025 Dominum
1619 990 1750 1030 vere
1779 992 1899 1031 esse
1926 979 2099 1033 Deum

2209 981 2367 1051 θυμῷ
2396 982 2597 1053 Κύριος
2631 985 2724 1036 ἐπὶ
2747 988 2812 1056 τῇ
2856 988 3161 1058 προπετείᾳ.
3186 984 3352 1053 ¹Ὀζία
3377 1007 3391 1021 ’
3426 998 3519 1043 και
3559 966 3793 1064 δίαριαμ

524 1058 653 1110 dum
684 1058 1049 1127 prolitentur?
1078 1060 1185 1114 Sed
1214 1062 1410 1116 horum
1441 1065 1716 1137 theologia
1742 1069 1966 1137 explosa
1993 1079 2099 1125 est.

2202 1074 2589 1145 λεπροῦταιτῷ
2603 1076 2868 1148 νομοθέτῃ
2888 1078 3237 1148 θεσμοθετεῖν
3264 1058 3670 1153 ὲγχειρήσασαξ
3690 1058 3795 1138 Keil

523 1149 916 1217 Unusquisque
945 1158 1130 1205 autem
1167 1154 1221 1205 in
1255 1154 1455 1209 ordine
1485 1166 1694 1223 perstet
1722 1175 1835 1214 sua:
1859 1160 2102 1217 functio-

2205 1167 2297 1218 ἐπὶ
2360 1167 2485 1230 τοὺς
2547 1169 2727 1222 Σκευᾶ
2765 1169 2916 1233 υίοῦς
2953 1172 3191 1241 ὲφήλατο
3228 1172 3256 1224 6
3307 1149 3628 1244 δαιμονιῶν,
3666 1180 3791 1240 Καὶ,

522 1242 685 1307 nis”;
710 1242 788 1296 ait
804 1242 949 1296 enim
969 1244 1055 1297 lex
1078 1260 1090 1297 :
1117 1244 1307 1301 «Solus
1325 1248 1569 1316 pontifex
1593 1250 1646 1303 in
1666 1250 1864 1306 Sancta
1884 1265 2104 1309 sancto-

2212 1276 2229 1308 ι
2264 1258 2377 1310 Ούκ
2429 1259 2756 1312 ἀπέστελλον
2786 1261 2982 1325 αὐτοὺς
3004 1303 3018 1327 ,
3052 1264 3145 1315 καὶ
3194 1265 3349 1318 αὐτοὶ
3382 1266 3607 1336 ἔτρεχον
3635 1286 3649 1299 ο
3683 1270 3794 1329 καὶ,

522 1347 646 1384 rum
696 1331 927 1385 intrabit
972 1335 1141 1388 semel
1193 1335 1249 1389 in
1296 1353 1443 1392 anno
1467 1338 1529 1391 ".
1564 1359 1582 1391 ι
1642 1339 1808 1410 quue
1856 1343 1911 1396 in
1950 1346 2100 1399 omni

2205 1349 2307 1399 οὐκ
2338 1349 2559 1401 ἐλάλουν
2591 1350 2727 1420 πρὸς
2758 1351 2975 1417 αὐτοὺς,
3002 1354 3157 1406 αὐτοὶ
3189 1331 3625 1425 ἐπροφήτευον.»
3652 1361 3794 1411 Καί·

524 1423 866 1479 hierarchica
911 1426 1294 1495 puriﬁcatione
1339 1448 1351 1483 :
1396 1448 1414 1481 ι
1444 1432 1512 1485 Ει
1542 1434 1860 1488 sacerdotes
1889 1452 2096 1505 coope-

2212 1458 2229 1489 ι
2256 1440 2311 1491 Ὀ
2335 1440 2537 1511 ἀσεϐὴς
2558 1444 2586 1493 ὁ
2608 1441 2749 1494 θύων
2774 1462 2861 1512 μοι
2889 1445 3116 1514 μόσχον,
3139 1445 3214 1509 ὡς
3239 1423 3582 1501 ἀποκτείνων
3597 1450 3761 1502 κύνα.
3778 1472 3794 1501 ι

522 1516 669 1569 riant
708 1526 915 1571 sancta.
968 1538 985 1568 ι
1021 1520 1089 1579 Ει
1123 1536 1136 1574 :
1170 1540 1188 1572 ι
1234 1522 1438 1578 Levita:
1478 1541 1546 1579 ne
1586 1534 1813 1597 tangant
1839 1538 2027 1584 sancta
2052 1531 2188 1600 ipsa,
2226 1542 2283 1585 ut
2314 1549 2381 1587 ne
2413 1536 2808 1590 moriantur”.
2841 1556 2857 1588 ι
2888 1538 2956 1592 Ει
2988 1539 3164 1593 iratus
3190 1549 3276 1594 est
3303 1540 3495 1597 furore
3528 1543 3803 1599 Dominus

521 1620 692 1677 super
720 1611 1027 1665 temeritate
1051 1611 1200 1667 Ozia.
1239 1614 1344 1668 Sed
1373 1625 1429 1669 et
1465 1617 1633 1671 Maria
1670 1634 1928 1688 percussa
1958 1633 2043 1678 est
2080 1625 2228 1693 lepra
2250 1667 2262 1689 ,
2290 1643 2414 1682 cum
2445 1639 2649 1685 temere
2678 1632 2865 1699 mqlita
2925 1642 3070 1687 esset
3097 1633 3272 1705 legem
3315 1637 3531 1692 sancire
3560 1640 3788 1709 legisla-

522 1699 629 1755 tori
655 1700 720 1755 “.
747 1701 807 1755 In
849 1702 988 1757 ﬁlios
1010 1704 1197 1759 Sceva:
1229 1706 1447 1761 insiluit
1494 1710 1871 1769 daamouiacus’
1894 1716 1960 1769 ⁸⁷.
1989 1717 2194 1787 1231
2239 1721 2306 1776 Et
2336 1740 2348 1775 :
2384 1741 2400 1773 ι
2429 1724 2547 1777 Non
2578 1725 2865 1779 mittebam
2902 1741 3019 1791 eos,
3067 1736 3124 1781 et
3155 1699 3267 1798 ipsi
3306 1731 3642 1797 currebant;
3692 1748 3799 1788 non

520 1788 789 1862 loquebar
824 1795 891 1849 ad
920 1812 1036 1860 eos,
1060 1810 1116 1853 et
1140 1800 1240 1866 ipsi
1265 1802 1673 1869 prophetabant
1692 1806 1789 1859 ³⁸.)
1812 1809 1910 1862 Et:
1946 1827 1964 1859 ι
1992 1810 2199 1880 Impius
2222 1816 2316 1884 qui
2354 1816 2601 1870 immolat
2634 1817 2892 1879 vitulum,
2915 1820 3075 1889 quasi
3108 1821 3201 1889 qui
3234 1822 3439 1875 occidit
3460 1839 3661 1877 canem
3682 1824 3748 1876 ³’.
3777 1844 3793 1874 ι

592 1888 771 1956 Atque
826 1896 886 1942 ut
936 1891 1261 1958 compendio
1304 1896 1697 1966 perstringam,
1744 1903 2096 1958 exactissima
2132 1913 2172 1967 Β

2274 1909 2381 1961 Καὶ
2428 1910 2621 1973 ἁπλῶς
2680 1912 2890 1971 εἰπεῖν.
2939 1913 3040 1964 ούκ
3090 1913 3344 1981 ἀνέχεται
3398 1916 3497 1984 τὴν
3550 1916 3801 1985 rupit:-

521 1978 620 2033 Dei
663 1980 879 2049 justitia
936 1996 1047 2035 non
1099 1985 1336 2038 sustinet
1379 1987 1683 2057 quidquam
1734 1991 1848 2047 ﬁeri
1901 2003 2101 2063 praeter

2208 1999 2287 2065 ξιν
2332 2003 2364 2070 ἡ
2414 2002 2683 2072 παντελὴς
2731 2003 2827 2057 τοῦ
2868 2003 3003 2056 Θεοῦ
3030 1978 3372 2075 δικαιοσύνη.
3408 1978 3703 2073 Λεγόντων
3746 2007 3798 2059 δὲ

519 2070 736 2125 ordinis
790 2071 1074 2127 decorum.
1110 2075 1437 2131 Dicentihus
1466 2081 1613 2134 enim
1663 2084 1771 2137 illis
1804 2102 1815 2137 :
1855 2105 1872 2137 ι
1911 2087 1969 2141 ln
2000 2104 2102 2142 no-

2205 2091 2401 2144 αὐτῶν·
2436 2109 2453 2141 ‹
2479 2093 2601 2145 Ἐπὶ
2715 2093 2937 2161 ὀνόματί
2964 2110 3057 2145 σου
3090 2070 3351 2162 δυνάμεις
3379 2070 3585 2158 πολλὰς
3614 2098 3799 2167 ἐποιή-

519 2158 671 2214 mine
710 2169 804 2214 tuo
848 2164 1088 2218 virtutes
1121 2166 1325 2220 multas
1356 2168 1591 2225 fecimus
1622 2172 1701 2239 ⁸⁰;
1744 2193 1762 2225 ι
1796 2179 2104 2247 responde-

2207 2202 2400 2253 σαμεν,
2416 2205 2507 2236 ›-
2521 2203 2538 2235 ι
2551 2181 2791 2238 Οῦκοῖδα
2810 2187 2975 2254 ὑμᾶς,
2991 2186 3367 2256 ἀποκρίνεται,
3384 2186 3691 2257 πορεύεσθε
3707 2188 3797 2240 ἀπ’

522 2260 615 2304 tur
651 2268 663 2303 :
702 2270 720 2303 ι
758 2253 877 2307 Νοη
923 2256 1052 2309 novi
1084 2272 1201 2319 vos,
1235 2258 1507 2314 discedite
1541 2278 1571 2315 a
1606 2280 1713 2330 me,
1748 2283 2103 2340 omnescope-

2205 2273 2340 2342 ἐμοῦ
2385 2275 2588 2337 πάντες
2632 2276 2681 2326 οἱ
2730 2253 2961 2344 ἐργάται
3002 2273 3102 2343 τῆς
3144 2253 3401 2343 ἀνομίας.
3446 2253 3671 2327 ίὯστε
3707 2275 3795 2328 οὖν

522 2345 657 2398 rarii
697 2344 1009 2416 iniquitatis
1038 2350 1105 2404 “.
1146 2370 1164 2402 ι
1199 2353 1318 2406 Non
1354 2355 1538 2425 itaque
1568 2358 1651 2414 fas
1690 2377 1812 2416 esse
1845 2373 2103 2421 astruunt

2204 2365 2265 2416 ού
2309 2363 2531 2434 θεμιτόν
2577 2365 2745 2429 ἐστιν,
2792 2363 2860 2416 τὰ
2911 2363 3031 2433 ἱερὰ
3079 2363 3275 2430 Λόγια,
3312 2364 3498 2434 φησὶν,
3553 2365 3681 2417 οὐδὲ
3731 2366 3796 2417 τὰ

520 2451 677 2492 sacra
701 2439 947 2509 eloquia,
974 2452 1035 2497 ut
1073 2445 1199 2512 quis
1223 2449 1531 2515 quamlibet
1550 2453 1701 2522 justa
1724 2455 2099 2525 administret,

2204 2458 2410 2521 δίκαια,
2444 2459 2492 2509 εί
2530 2457 2604 2527 μὴ
2637 2457 2706 2510 τὰ
2739 2454 2863 2509 κατ’
2901 2455 3062 2519 ἀξίαν
3107 2455 3350 2509 διώκειν.
3404 2457 3711 2527 Προσέχειν
3742 2457 3794 2510 δὲ

519 2529 631 2584 nisi
678 2546 780 2600 pro
835 2533 1099 2619 dignitate
1146 2553 1210 2592 ac
1261 2551 1480 2596 servato
1532 2544 1757 2601 decoro.
1814 2551 2102 2607 Attentum

2204 2550 2437 2603 ἕκαστον
2476 2548 2656 2618 ἑαυτῷ
2703 2550 2832 2619 χρὴ,
2884 2548 2977 2601 καὶ
3014 2548 3088 2617 μὴ
3122 2547 3191 2600 τὰ
3230 2548 3543 2619 ὑψηλότερα
3572 2551 3674 2603 καὶ
3712 2550 3794 2619 βα-

520 2634 653 2675 sane
680 2638 1132 2697 unumquemque
1166 2630 1273 2684 sibi
1301 2643 1523 2701 oportet
1562 2650 1704 2702 esse,
1746 2648 1807 2692 ut
1840 2657 1909 2695 ne
1942 2643 2103 2698 intel-

2206 2642 2408 2711 θύτερα
2459 2641 2690 2692 ἐννοεῖν·
2731 2642 3063 2694 διανοεῖσθαι
3110 2639 3165 2692 δὲ
3215 2641 3353 2708 μόνα
3397 2644 3464 2695 τὰ
3499 2645 3645 2697 κατὰ
3694 2646 3794 2712 τὴν

519 2711 696 2782 ligere
721 2716 1007 2781 moliatur,
1048 2735 1215 2788 quam
1262 2738 1364 2792 pro
1410 2726 1636 2781 modulo
1670 2729 1896 2801 ingenii,
1930 2736 2101 2801 subli-

2203 2735 2358 2799 τάξιν
2399 2733 2547 2803 αύτῷ
2589 2736 3077 2803 προστεταγμένα⁸
3108 2735 3202 2787 καὶ
3238 2735 3312 2805 μὴ
3353 2736 3617 2801 διάϐολοι,
3656 2740 3792 2807 μηδὲ

520 2803 701 2859 miora
745 2814 801 2860 et
833 2809 1217 2877 profundiora.
1254 2812 1454 2869 Secum
1495 2819 1719 2887 quidem
1763 2824 1911 2877 taciti
1951 2826 2107 2896 cogi~

2203 2825 2425 2892 δίλογοι,
2455 2824 2589 2876 ἀλλά
2620 2825 3009 2895 ἀφιλάργυροι,
3050 2803 3363 2897 ἐγκρατείς,
3418 2831 3547 2897 περὶ
3580 2803 3792 2893 πάντας

520 2905 640 2952 tent
668 2916 791 2969 quae
822 2917 920 2971 per
965 2903 1220 2960 ordinem
1271 2908 1381 2962 sibi
1432 2909 1701 2980 imperata
1745 2925 1897 2980 sunt,
1940 2926 2000 2971 ut
2034 2934 2103 2973 ne

2205 2911 2592 2982 εὔσπλαγχνοι,
2627 2914 2933 2982 ἐπιμελεῖς,
2964 2917 3323 2986 πορευόμενοι
3356 2918 3501 2971 κατά
3535 2921 3639 2989 τὴν
3665 2921 3790 2989 ἀλῄ.

518 2989 631 3043 sint
670 2991 1118 3061 calumniatores,
1156 3014 1267 3053 non
1300 3000 1598 3070 bilingues,
1651 3005 1748 3059 sed
1802 3024 1965 3076 quam
2002 3009 2103 3062 mi-

2207 3004 2355 3057 θειαν
2392 3004 2486 3057 τοῦ
2534 3006 2762 3076 Κυρίου,
2808 3006 2865 3071 ὃς
2911 3008 3129 3076 ἐγένετο
3159 3010 3406 3074 διάκονος
3447 3012 3673 3064 πάντων
3701 3030 3715 3041 ·

518 3080 732 3145 nimum
789 3094 852 3139 ut
895 3086 1005 3140 sint
1036 3089 1287 3157 pecunia:
1337 3092 1507 3158 avidi,
1547 3096 1922 3162 continentes,
1971 3114 2101 3169 erga

2206 3096 2301 3148 ἐὰν
2334 3096 2795 3167 εύαρεστήσωμεν
2830 3100 2887 3152 ὲν
2915 3099 2995 3168 τῷ
3038 3099 3134 3153 νῦν
3164 3100 3341 3164 αἰῶνι,
3390 3103 3792 3173 ἀποληψόμεθα

517 3183 715 3227 omnes
760 3174 859 3245 pii,
909 3180 1124 3232 strenui
1174 3180 1486 3250 diligentia,
1524 3186 1831 3240 secundum
1885 3189 2100 3243 Domini

2209 3186 2301 3238 καὶ
2349 3186 2440 3238 τὸν
2490 3185 2795 3257 μέλλοντα’
2850 3188 3033 3251 καθὼς
3072 3189 3340 3257 ὑπέσχετο
3388 3191 3522 3259 ἡμῖν
3578 3191 3790 3257 ἐγεῖραι

516 3265 817 3321 Veritatem
850 3267 1195 3337 incedentes,
1238 3274 1333 3342 qui
1369 3276 1619 3330 omnium
1672 3278 1850 3334 factus
1878 3287 1965 3334 est
1999 3281 2104 3334 mi-

2202 3279 2351 3346 ήμᾶς
2390 3280 2453 3330 ὲκ
2483 3278 2695 3348 νεκρῶν
2717 3294 2728 3307 ³
2760 3279 2854 3331 καὶ
2896 3280 2977 3332 ὅτι
3004 3282 3099 3333 ἐὰν
3133 3280 3591 3349 πολιτευσώμεθα
3625 3281 3790 3345 ἀξίως

519 3356 734 3410 nister:
793 3361 882 3413 cui
940 3362 1160 3430 placide
1234 3366 1279 3419 si
1341 3366 1720 3437 obsequemur
1747 3371 1803 3424 in
1843 3374 2104 3440 praesenti

2202 3371 2389 3436 αὑτοῦ,
2422 3372 2517 3425 καὶ
2566 3371 3073 3443 συμϐασιλεύσομεν
3124 3373 3294 3444 αὐτῷ.
3334 3374 3509 3437 Αὐτὸς
3552 3374 3666 3443 γὰρ
3716 3376 3788 3426 εῖ-

519 3448 744 3515 szeculo,
782 3450 933 3506 illius
970 3458 1417 3523 promerebimur
1456 3461 1666 3530 perfrui
1712 3464 1885 3533 gloria
1930 3466 1982 3518 in
2016 3466 2103 3519 fu-

2204 3479 2405 3534 ρηκεν’
2446 3483 2463 3515 ι
2487 3464 2613 3517 Ἐἀν
2659 3480 2741 3528 τις
2783 3465 2909 3534 ἐμοὶ
2955 3465 3201 3534 διακονῇ,
3233 3466 3356 3533 ἐμοὶ
3394 3463 3788 3517 ἀκολουθείτω·

520 3543 671 3603 turo,
695 3542 1161 3608 quemadmodum
1189 3548 1477 3616 pollicitus
1507 3559 1592 3605 est
1620 3553 1781 3608 nobis
1813 3570 1870 3609 se
1897 3571 1999 3610 nos
2035 3572 2101 3610 ex

2208 3558 2304 3609 καὶ
2354 3557 2489 3609 ὅπου
2564 3556 2680 3626 εἰμὶ
2731 3556 2862 3623 ἐγὼ,
2910 3558 3027 3609 ἐκεῖ
3070 3557 3164 3609 καὶ
3207 3560 3235 3611 ὁ
3288 3558 3538 3621 διάκονος
3587 3559 3618 3609 6
3664 3557 3791 3625 ἐμὴ

521 3630 758 3685 mortuis
786 3635 1156 3690 excitaturum
1192 3655 1205 3691 :
1235 3642 1493 3711 quodque
1527 3644 1572 3699 si
1618 3645 1738 3714 ipso
1766 3647 1930 3718 digne
1965 3664 2101 3702 eon-

2209 3646 2391 3699 ἐσται’
2418 3646 2513 3699 ἐάν
2538 3664 2622 3709 τις
2657 3646 2784 3716 ἐμοὶ
2816 3646 3062 3719 διακονῇ,
3094 3650 3313 3718 τιμήσει
3344 3649 3511 3700 αὑτὸν
3542 3649 3571 3698 6
3606 3650 3792 3717 Πατήρ

520 3721 908 3789 versabimur,
943 3742 1068 3782 cum
1108 3746 1175 3785 eo
1222 3733 1383 3787 simul
1436 3744 1491 3789 et
1540 3739 1918 3808 regnabimus.
1954 3741 2102 3796 Dixit

1978 3742 2102 3796 )ixit
2214 3755 2337 3806 μου.
2372 3756 2390 3788 ι
2430 3736 2588 3807 Αύτῷ
2615 3737 2648 3806 ἡ
2675 3736 2801 3800 δόξα
2835 3739 2915 3800 είς
2943 3741 3070 3801 τοὺς
3102 3739 3325 3801 αἰῶνας.
3373 3739 3573 3809 Ἀμήν.

520 3811 669 3866 enim
710 3830 724 3866 :
773 3832 794 3866 ι
824 3814 879 3870 Si
926 3821 1051 3887 quis
1102 3823 1237 3877 mihi
1290 3825 1595 3893 ministrat,
1634 3846 1722 3885 me
1766 3844 2053 3902 sequatur,
2115 3840 2173 3887 et
2229 3831 2323 3886 ubi
2382 3845 2503 3884 sum
2541 3844 2663 3898 ego,
2705 3828 2819 3883 illic
2847 3841 2901 3884 et
2931 3832 3185 3885 minister
3223 3846 3380 3885 meus
3399 3831 3510 3885 erit
3546 3848 3559 3884 :
3592 3830 3643 3884 si
3673 3830 3792 3898 quis

520 3903 659 3958 mihi
687 3907 1105 3975 ministraverit,
1136 3912 1527 3971 honoriﬁcabit
1558 3934 1685 3973 eum
1722 3921 1882 3976 Pater
1925 3939 2082 3978 meus
2111 3925 2177 3976 δ’.
2212 3941 2230 3973 ι
2277 3919 2383 3990 Ipsi
2418 3918 2590 3990 gloria
2630 3918 2685 3973 in
2718 3921 2935 3974 saecula.
2970 3920 3166 3974 Amen.

1031 4046 1320 4104 HOMILIA
1351 4050 1583 4108 CXXIV.

2778 4060 2997 4113 ΛΟΓΟΣ
3048 4057 3216 4112 ΡΚΔ’.

614 4129 925 4191 Sacerdotes
956 4142 1284 4195 venerationi
1318 4153 1476 4213 atque
1502 4145 1688 4201 honori
1712 4150 1997 4208 habendos.

1809 4152 1997 4208 iendos.
2585 4152 2723 4220 Περὶ
2754 4152 2860 4204 τοῦ
2889 4151 3179 4205 αἰδεῖσθαι
3212 4154 3404 4221 ἱερεῖς.

590 4227 869 4299 lgnatius,
917 4246 1282 4303 cognomento
1328 4239 1716 4309 Theophorus,
1755 4261 1853 4314 per
1887 4248 2099 4315 episto-

2290 4241 2347 4294 '0
2373 4240 2641 4311 Θεοφόρος
2664 4241 2918 4308 Ἰγνάτιος
2938 4240 3265 4303 ἐπιστέλλει,
3286 4242 3485 4307 λέγων·
3514 4260 3535 4292 ‹
3562 4241 3659 4309 Τῷ
3683 4244 3790 4294 ἐπι-

521 4320 631 4375 lam
664 4323 801 4378 dicit
826 4324 870 4356 ⁸⁸
903 4342 916 4378 :
980 4327 1251 4398 Episcopo
1288 4334 1582 4398 attendite,
1622 4344 1682 4389 ut
1709 4346 1763 4391 et
1796 4339 1942 4393 Deus
2000 4357 2098 4395 vo—

2209 4332 2398 4402 σκόπῳ
2428 4332 2747 4402 προσέχετε,
2777 4332 2863 4383 ἵνα
2890 4333 2984 4383 καὶ
3029 4334 3056 4383 6
3095 4331 3224 4395 Θεὸς
3269 4331 3417 4401 ύμῖν.
3466 4332 3787 4403 Ἀντίψυχον

522 4411 642 4478 bis;
682 4430 905 4470 recreor
931 4416 988 4471 in
1021 4418 1302 4489 episcopo,
1326 4423 1421 4491 qui
1450 4424 1585 4477 mihi
1623 4426 1959 4497 subrogatus
1988 4438 2095 4493 est,

2209 4422 2319 4494 ἐγὼ
2358 4424 2439 4495 τῷ
2478 4423 2904 4493 ύποτασσομένῳ
2952 4424 3259 4494 ὲπισκόπῳ,
3296 4424 3700 4495 πρεσϐυτέροις
3730 4443 3788 4478 τε

522 4504 973 4576 presbyterisque
1022 4517 1079 4564 et
1132 4509 1381 4567 diaconis
1433 4515 1767 4583 quibuscum
1815 4519 2100 4590 contingat

2208 4516 2304 4569 καὶ
2351 4515 2639 4581 διακόνοις,
2696 4516 2815 4584 μετ’
2867 4515 3046 4569 αὐτῶν
3103 4532 3193 4585 μοι
3242 4518 3459 4584 γένοιτο
3488 4517 3569 4605 -τὸ
3627 4519 3790 4587 μέρος

432 4596 437 4599 ⁷
524 4596 733 4651 utinam
764 4598 965 4654 habere
998 4615 1086 4655 me
1120 4612 1333 4670 partem
1367 4604 1422 4659 in
1456 4607 1589 4661 Deo.
1622 4610 1834 4664 Rursus
1859 4609 1904 4642 “
1942 4628 1957 4664 :
1990 4612 2027 4666 T

2204 4607 2349 4677 ἔχειν
2371 4608 2429 4659 ὲν
2446 4606 2584 4676 Θεῷ.
2606 4624 2624 4657 ι
2655 4607 2762 4659 Καὶ
2775 4604 2950 4670 αὖθις,
2979 4624 2997 4653 σ
3025 4607 3251 4678 Μάρτυς
3270 4625 3381 4676 μοι,
3404 4612 3462 4660 ὲν
3479 4601 3525 4675 ᾧ
3548 4609 3785 4678 δέδεμαι.

521 4690 623 4745 stis
653 4691 789 4745 mihi
817 4702 922 4756 est,
953 4692 1008 4747 in
1038 4709 1147 4763 quo
1181 4704 1237 4749 et
1262 4697 1483 4753 vinctus
1512 4715 1632 4753 sum
1659 4718 1673 4755 :
1704 4702 1833 4771 quia
1862 4719 1960 4774 per
1982 4720 2103 4759 car-

2203 4701 2285 4753 ὃτι
2343 4699 2451 4752 ἀπὸ
2506 4699 2710 4769 σαρκὸς
2764 4698 3112 4770 ἀνθρωπίνης
3177 4700 3276 4752 ούκ
3322 4700 3519 4767 ἔγνων.
3564 4718 3581 4750 ι
3612 4701 3689 4751 Τὸ
3736 4701 3788 4751 δὲ

521 4798 649 4837 nem
696 4784 992 4839 humanam
1028 4802 1140 4840 non
1181 4790 1448 4858 cognovi;
1492 4790 1729 4862 Spiritus
1758 4805 1943 4851 autem
1979 4813 2104 4853 san-

2207 4793 2436 4863 Πνεῦμα
2460 4794 2765 4862 ἐκήρυσσεν
2791 4792 2948 4860 λέγον
2980 4792 3126 4846 ’τάδε⁸
3146 4793 3329 4863 Χωρῖς
3360 4792 3456 4844 τοῦ
3484 4794 3785 4844 ἐπισκόπου

521 4887 647 4929 etus
674 4875 789 4943 ipse
812 4878 1064 4946 praedixit
1092 4878 1208 4935 haec
1235 4897 1247 4935 :
1278 4881 1409 4938 Sine
1441 4884 1703 4955 episeopo
1730 4888 1873 4942 nihil
1897 4888 2060 4945 facite
2084 4909 2099 4958 ;

2208 4885 2375 4956 μηδὲν
2405 4888 2631 4941 ποιεῖτε.
2668 4884 2789 4955 Χρὴ
2830 4881 2923 4938 οῦν
2957 4886 3087 4939 ἄνευ
3130 4884 3226 4937 τοῦ
3262 4885 3571 4959 ἐπισκόπου
3623 4883 3787 4951 μηδὲν

521 4966 660 5020 nihil
682 4967 847 5037 igitur
866 4970 1189 5025 tentandum
1210 4974 1370 5029 vobis
1395 4985 1479 5031 est
1496 4964 1617 5032 sine
1631 4990 1843 5034 annutu
1885 4982 2103 5052 episco-

2206 4980 2473 5048 πράσσειν
2498 4980 2667 5049 ἡμᾶς.
2704 4978 2879 5031 Ὅπου
2910 4979 3014 5048 γὰρ
3048 4977 3113 5030 ἂν
3148 4980 3289 5048 φανῇ
3324 4977 3651 5040 ἐπίσκοπος,
3676 4975 3792 5029 ἐκεῖ

522 5056 616 5126 pi;
659 5058 753 5112 ubi
778 5061 925 5116 enim
951 5063 1329 5133 conspicietur
1361 5067 1557 5122 adesse
1599 5070 1920 5141 episcopus,
1950 5089 2017 5128 eo
2046 5091 2104 5131 se

2206 5071 2267 5124 τὸ
2301 5069 2507 5139 πλῆθος
2534 5071 2667 5141 ήτω.
2711 5070 2921 5141 Ὥσπερ
2948 5071 3193 5137 ὅπουπερ
3227 5069 3294 5121 ἂν
3334 5068 3617 5138 ὁνομασθῇ
3660 5069 3788 5138 Χρι-

522 5147 774 5204 conferat
796 5154 1097 5210 multitudo
1123 5172 1136 5209 :
1165 5158 1635 5226 quemadmodum
1660 5162 1755 5216 ubi
1788 5166 2105 5222 nominatus

2211 5162 2332 5225 στὸς
2376 5162 2605 5231 Ἰησοῦς,
2673 5164 2789 5215 ἐκεῖ
2835 5166 2867 5233 ή
2912 5161 3170 5230 καθολικὴ
3212 5161 3512 5231 Ἐκκλησία
3563 5162 3786 5213 ἐπισυνο

522 5246 608 5293 est
637 5238 798 5293 Jesus
850 5240 1132 5311 Christus,
1174 5261 1245 5300 eo
1281 5248 1502 5318 cogitur
1545 5260 1601 5306 et
1654 5252 1885 5309 conﬂuit
1918 5257 2107 5311 catho-

2208 5256 2423 5323 άγεται.
2447 5256 2522 5308 Οὐ
2554 5255 2662 5326 γὰρ
2687 5256 2821 5308 ὅπου
2853 5254 3133 5325 βούλονται
3153 5253 3464 5323 βαδίζουσιν
3484 5253 3595 5305 τῶν
3622 5253 3788 5323 θρεμ-

522 5326 628 5382 lica
654 5328 923 5385 Ecclesia.
958 5331 1078 5387 Non
1121 5335 1268 5391 enim
1316 5339 1566 5408 quolibet
1607 5342 1810 5412 passim
1844 5345 2102 5402 sinuntur

2211 5348 2394 5418 μάτων
2442 5350 2496 5401 αἱ
2541 5348 2754 5417 ἀγέλαι,
2789 5346 2906 5400 ἀλλ’
2938 5345 3180 5416 ἔνθαπερ
3222 5347 3271 5396 οἱ
3314 5345 3577 5414 ποιμένες
3620 5344 3789 5406 αὑτὰς

526 5419 802 5492 pecudum
847 5437 1043 5493 greges
1072 5424 1250 5494 abire,
1282 5428 1378 5482 sed
1423 5446 1757 5503 quocunque
1802 5451 1897 5490 eas
1923 5436 2101 5491 abdu-

2210 5439 2600 5512 ἀποφέρουσιν.
2652 5440 2733 5493 Τά
2776 5439 2833 5492 δὲ
2890 5436 2996 5502 ἔξω
3047 5437 3146 5505 τῆς
3191 5435 3395 5505 ἀγέλης
3446 5434 3788 5505 ἀπομένοντα

593 5602 640 5634 ³ο
676 5602 987 5688 [ροηξιῃ
1152 5608 1194 5639 ³¹
1235 5608 1489 5688 “Paral.
1516 5628 1626 5688 xxi,
1658 5616 1742 5668 lﬁ.
1821 5616 1916 5688 "Al
1949 5617 2079 5687 Reg.
2110 5610 2215 5680 xu,
2244 5620 2276 5673 5
2298 5634 2453 5688 seqq.
2496 5619 2540 5650 ³³
2577 5618 2655 5672 Ex
2681 5618 2843 5686 epist.
2872 5618 2905 5672 8
2936 5616 2991 5671 S.
3022 5613 3267 5688 Dionysii
3296 5613 3501 5688 Areop.
3543 5612 3591 5643 “
3621 5612 3785 5688 νικος

527 5674 775 5762 νωιιιειιθἒ
863 5675 908 5707 ³³
945 5676 1119 5762 [εἴη.
1149 5682 1359 5762 xlv-1,2.-
1426 5682 1492 5762 ἐξ
1528 5674 1686 5762 Nuin.
1724 5702 1831 5747 xlv,
1861 5686 1912 5750 9,
1952 5674 2055 5762 ιρῖ

2196 5674 2314 5743 Act.
2353 5674 2577 5762 fuit”.
2635 5674 2953 5762 _'_"'J_erem.
2984 5674 3262 5762 “ungi;
3329 5683 3391 5762 _”
3426 5674 3530 5736 lsa.
3566 5698 3709 5762 1.x",
3735 5683 3786 5762 ξω

530 5748 575 5779 ⁵⁸
630 5745 817 5799 Matth.
862 5762 952 5811 νη,
983 5748 1072 5801 22.
1182 5751 1219 5782 δι
1250 5751 1382 5806 ibid.
1417 5751 1486 5807 ‘25
1585 5756 1628 5787 ⁵³
1668 5745 1826 5811 Juan.
1862 5745 1948 5823 xu,
1982 5759 2065 5814 i5.

532 5816 598 5873 ad
620 5816 839 5885 Smyrn.
1078 5858 1081 5861 γ

2198 5760 2215 5789 ³
2256 5759 2425 5829 Epist.
2450 5745 2533 5825 ’8,
2582 5758 2650 5813 ad
2688 5758 3067 5830 l’olycarpum.
3122 5745 3188 5785 ⁷⁸⁷⁵
3225 5754 3299 5807 Ex
3329 5753 3504 5823 lgnat.
3540 5753 3707 5823 epist.
3737 5749 3789 5809 7!
