4040 6514
265 383 389 451 1821

881 388 1206 453 IIOMILIA
1250 397 1504 459 CXXIV.
1536 426 1605 435 -
1631 403 2117 470 SACERDOTES
2155 412 2453 474 HONORI
2492 414 2896 474 HABENDOS

3388 412 3527 478 1822

261 493 653 567 διαρπάζουσιν
696 498 745 551 οί
777 497 961 570 θῆρες,
1011 505 1107 557 καὶ
1135 508 1345 578 τροφὴν
1373 510 1584 565 ἑαυτῶν
1616 516 1836 570 ποιοῦν-

1939 531 2071 577 cunt
2097 532 2371 593 pastores.
2406 526 2542 581 Nam
2569 542 2664 581 eas
2696 542 2820 595 qua:
2851 540 2909 580 se
2948 525 3279 581 submovent
3321 536 3379 581 et
3407 526 3523 580 dis-

264 606 351 642 ται
387 586 446 638 τὸ
478 587 916 658 πεπλανημένον.
953 594 1069 647 Οὐκ
1100 597 1217 661 ἐξὸν
1251 594 1344 652 οῦν
1370 601 1516 656 ἐστιν
1542 606 1712 676 χωρὶς
1740 608 1833 661 τοῦ

262 677 581 743 ἐπισκόπου,
617 678 742 733 οὔτε
779 683 1042 752 βαδίζειν,
1077 686 1137 740 οὗ
1153 706 1203 742 τε
1242 692 1466 762 ἀγάπην
1494 700 1687 761 ποιεῖν,
1721 698 1838 752 ἀλλ’

260 769 289 822 δ
315 767 380 822 ἂν
409 769 615 831 ἐκεῖνος
644 771 939 849 δοκιμάσῃ,
965 777 1124 832 τοῦτο
1157 782 1252 834 καὶ
1280 784 1357 849 τῷ
1380 784 1498 855 Θεῷ
1519 781 1833 860 εὐάρεστον.

273 860 330 912 Ὀ
361 858 454 910 τὸν
486 859 785 916 ἐπίσκοπον
819 866 1014 936 τιμῶν,
1057 870 1160 923 ὑπὸ
1192 872 1285 925 τοῦ
1312 874 1446 928 Θεοῦ
1480 858 1728 947 τιμᾶται.
1782 882 1838 935 Ὀ

261 949 434 1019 λάθρα
476 950 778 1006 ἐπισκόπου
805 973 855 1007 τι
890 958 1170 1027 πράσσων,
1192 962 1271 1032 τῷ
1303 964 1534 1036 διαϐόλῳ
1562 967 1836 1040 λατρεύει.

275 1042 596 1108 Ἀναγκαῖον
622 1042 679 1096 δέ
713 1045 880 1110 ἐστιν,
916 1049 1318 1108 ὑποτάσσεσθαι
1358 1058 1454 1109 καὶ
1489 1058 1566 1129 τῷ
1601 1062 1859 1131 πρέσϐυ--

258 1133 446 1204 τερίῳ,
475 1135 550 1199 ὠς
580 1137 902 1203 ἀποστόλοις
942 1142 1116 1212 Ἰησοῦ
1163 1148 1423 1216 Χριστοῦ,
1450 1151 1550 1221 τῆς
1594 1154 1838 1220 Ἐλπίδος

259 1224 450 1318 ήμῶν,-
472 1227 611 1281 κατὰ
646 1228 823 1282 πάντα
857 1232 1057 1303 τρόπον
1088 1237 1258 1290 πᾶσιν
1308 1240 1586 1310 ἀρέσκειν.
1620 1246 1695 1296 Ού
1730 1246 1841 1318 γάρ

260 1315 567 1411 βρωμάτων
602 1318 697 1372 καὶ
721 1323 982 1389 πομάτων
1013 1326 1153 1381 εἰσὶν
1190 1315 1843 1411 διάκονοι,ἁλλὰἘκκληλ-

259 1407 384 1471 σίας
434 1408 568 1461 Θεοῦ
617 1412 911 1483 ὑπηρέται.
955 1419 1085 1471 Δέον
1135 1417 1227 1475 οῦν
1287 1426 1436 1479 ἐστιν
1483 1429 1685 1494 αὐτοὺς
1736 1407 1840 1501 φυ-

256 1500 553 1555 λάσσεσθαι
586 1502 653 1557 τὰ
696 1506 1017 1578 ἐγκλήματα
1060 1512 1136 1575 ὡς
1181 1515 1314 1586 πῦρ.
1358 1518 1592 1589 Ὁμοίως
1637 1500 1839 1588 πάντες

256 1592 707 1662 ὲντρεπέσθωσαν
732 1599 857 1663 τοὺς
882 1601 1162 1668 διακόνους
1193 1607 1267 1671 ὡς
1325 1610 1534 1680 Ἰησοῦν
1579 1615 1837 1686 Χριστὸν,

254 1684 350 1737 καὶ
381 1686 474 1737 τὸν
502 1688 799 1743 ἐπίσκοπον
828 1691 904 1756 ὡς
944 1694 1036 1746 τὸν
1080 1698 1301 1769 Πατέρα
1321 1717 1333 1729 ·
1377 1706 1503 1765 τοὺς
1525 1705 1578 1758 δὲ
1602 1684 1840 1777 πρεσϐυ-

251 1774 443 1846 τέρους
500 1777 576 1841 ὡς
626 1781 903 1852 συνέδριον
956 1786 1115 1848 Θεοῦ,
1149 1791 1243 1842 καὶ
1268 1791 1342 1855 ὡς
1372 1793 1570 1864 δεσμὸν
1601 1774 1836 1852 ἀποστό-

253 1864 393 1918 λων·
447 1868 617 1939 χωρὶς
658 1871 865 1924 τούτων
913 1874 1213 1948 Ἐκκλησία
1258 1882 1320 1934 οὐ
1371 1885 1656 1940 καλεῖται’
1714 1907 1837 1943 συν-
1868 1859 1908 1914 Β

252 1962 447 2055 ηγορεῖ
474 1960 528 2055 δε
559 1961 636 2032 τῷ
660 1964 801 2036 λόγῳ
818 1968 911 2020 καὶ
941 1971 969 2021 6
996 1971 1177 2040 Νόμος
1202 1973 1395 2043 λέγων·
1422 1996 1439 2029 ι
1461 1980 1676 2055 Φυλάξῃ
1706 1984 1836 2052 σφό-

252 2050 354 2119 δρα
401 2052 542 2146 κατὰ
586 2056 785 2120 πάντα,
818 2059 918 2111 ὅσα
951 2061 1017 2113 ἂν
1050 2062 1195 2116 εἴποι
1230 2083 1312 2119 σοι
1353 2069 1381 2120 6
1432 2050 1832 2146 lepebg—arotﬁ-

256 2142 534 2238 σειςο-ούκ
568 2146 825 2238 ἐκκλίνῃς
873 2151 982 2205 ἀπὸ
1012 2154 1107 2207 τοῦ
1148 2157 1398 2227 ῥήματος
1440 2161 1591 2227 δεξιὰ
1638 2165 1670 2235 ἢ
1717 2142 1839 2238 ἀρι-

257 2232 440 2326 στερά.
493 2236 606 2289 Kal
654 2237 956 2311 ἄνθρωπος,
990 2244 1050 2308 ὃς
1088 2246 1155 2301 ἂν
1206 2256 1406 2323 ποιήσῃ
1456 2232 1834 2326 ὑπερηφανίαν

254 2324 347 2377 τοῦ
380 2325 455 2397 μὴ
485 2328 716 2383 ἀκοῦσαι
745 2333 840 2385 τοῦ
868 2337 1082 2406 ἱερέως,
1116 2341 1466 2399 ἀποθανεῖται
1495 2350 1522 2400 6
1547 2324 1837 2420 άνθρωπος

256 2419 483 2519 έκεῖνος.
526 2440 568 2519 ι.
678 2424 733 2477 δὲ
762 2431 1051 2519 προφήτης
1079 2434 1363 2507 Μαλαχίας
1389 2441 1574 2508 φησιν,
1609 2461 1628 2494 ι
1666 2446 1835 2519 Χείλη

259 2509 452 2581 ἱερέως
481 2511 703 2580 φυλάξει
738 2517 963 2584 γνῶσιν,
1012 2523 1106 2575 καὶ
1136 2525 1302 2595 νόμον
1333 2527 1727 2599 ὲκζητήσουσιν
1774 2509 1837 2589 ἐκ

260 2599 534 2694 στόματος
555 2602 741 2670 αὑτοῦ,
770 2606 905 2661 διότι
934 2610 1168 2679 ἄγγελος
1211 2617 1417 2688 Κυρίου
1463 2625 1837 2694 παντοκράτο-

264 2692 354 2789 ρός
370 2693 569 2789 ἔστιν.
630 2696 720 2750 Ἑν
766 2701 961 2774 εἰρήνῃ
1001 2707 1349 2763 κατευθύνων
1398 2692 1684 2786 ἐπορεύθην
1720 2704 1873 2789 μετ’⁵

260 2782 437 2849 ἐμοῦ,
479 2786 572 2838 xal
616 2789 845 2855 πολλοὺς
892 2793 1225 2867 ἐπέστρεψεν
1268 2801 1329 2865 ἐξ
1378 2782 1613 2869 ἀδικίας.
1720 2782 1839 2864 Kal

262 2871 457 2970 ᾶλλοςξ
496 2895 515 2927 ι
566 2878 653 2932 Ἐν
686 2881 782 2953 ὅλῃ
811 2886 878 2953 τῇ
908 2884 1052 2957 ψυχῇ
1105 2905 1199 2941 σου
1228 2893 1460 2947 εὐλαϐοῦ
1489 2897 1582 2950 τὸν
1612 2901 1836 2970 Κύριον,

260 2964 509 3063 καὶτοὺς
556 2969 721 3063 ἱερεῖς
766 2974 929 3041 αὐτοῦ
976 2977 1239 3049 θαύμαζε,
1274 2983 1332 3037 ὲν
1371 2984 1464 3057 ὅλῃ
1505 2991 1568 3059 τῇ
1611 2964 1840 3063 δυνάμει

262 3070 358 3106 σου
404 3058 592 3127 ἀγάπα
618 3061 710 3115 τὸν
749 3066 1054 3136 ποιήσαντά
1099 3088 1179 3133 σε,
1209 3072 1304 3125 καὶ
1329 3076 1457 3138 τοὺς
1498 3058 1841 3153 λειτουργοὺς

1943 624 2142 682 parant
2196 632 2225 669 a
2266 634 2429 689 grege
2464 618 2702 687 reliquo,
2751 618 2882 672 fera:
2929 618 3213 687 abripiunt
3240 628 3296 674 et
3323 620 3522 673 errati-

1941 720 2033 761 eas
2053 723 2117 761 ac
2145 707 2484 777 dispalantes
2526 709 2582 763 in
2615 712 2770 763 suam
2807 719 3139 764 convertunt
3180 711 3520 765 alimoniam.

1940 795 2129 865 Itaque
2159 798 2338 866 quoad
2372 800 2493 869 ejus
2526 799 2642 853 lieri
2677 807 2879 869 potest,
2916 801 3035 854 sine
3070 801 3331 870 episcopo
3358 815 3523 855 nemo

1942 888 2203 957 baptizet,
2234 906 2344 944 non
2377 906 2545 961 agape
2575 892 2924 957 celebretur;
2962 909 3086 946 nam
3130 891 3399 962 quidquid
3430 891 3521 945 ille

1943 980 2265 1049 probaverit
2292 981 2631 1047 faciendum,
2656 983 2763 1038 hoc
2784 985 2899 1037 Deo
2939 1000 3203 1053 perquam
3230 991 3521 1052 acceptum

1942 1072 2139 1127 scitote
2169 1088 2311 1127 esse.
2345 1073 2679 1143 Episcopum
2707 1074 2800 1144 qui
2833 1074 3091 1141 honorat,
3115 1076 3307 1145 utique
3341 1074 3522 1128 hono-

1944 1172 2096 1216 ratur
2123 1178 2153 1217 a
2175 1164 2424 1230 Deo.Qui
2446 1165 2585 1219 clam
2607 1166 2868 1236 episcopo
2892 1166 3113 1236 quidvis
3129 1167 3313 1236 operis
3331 1180 3524 1236 aggre-

1941 1253 2114 1320 ditur,
2139 1255 2358 1310 diabolo
2379 1256 2603 1309 exhibet
2621 1257 2916 1310 culturam.
2942 1257 3152 1326 1232
3176 1257 3411 1311 Necesse
3441 1256 3523 1289 “"

1944 1346 2111 1416 igitur
2137 1347 2399 1417 episcopo
2423 1347 2657 1418 subjecti
2690 1358 2748 1401 ut
2768 1348 2880 1402 sint
2900 1349 3067 1401 etiam
3106 1347 3434 1419 presbyteri,
3462 1355 3522 1401 ut

1940 1446 1997 1491 et
2030 1438 2263 1507 apostoli
2288 1438 2418 1492 Jesu
2448 1438 2693 1501 Christo,
2723 1438 2817 1507 qui
2846 1438 3007 1492 nobis
3032 1454 3157 1507 spes
3197 1438 3358 1491 unica
3388 1449 3473 1491 est
3503 1454 3518 1490 :

1944 1526 2171 1598 [in‘quo
2196 1528 2243 1583 si
2296 1529 2555 1594 vivimus,
2611 1530 2961 1584 inveniemur
3023 1530 3266 1583 tandem.
3309 1528 3417 1583 Sed
3464 1538 3523 1583 et

1941 1620 2178 1686 diaconi,
2207 1610 2731 1692 oportet,'mysteria
2761 1621 2889 1676 Jesu
2922 1622 3125 1677 ChriSti
3170 1630 3231 1675 ut
3255 1621 3386 1675 dum
3419 1620 3520 1674 ad-

1940 1712 2279 1775 ministrant,
2315 1712 2450 1767 dent
2483 1713 2709 1767 interim
2746 1714 2923 1769 modis
2970 1713 3232 1767 omnibus
3266 1709 3517 1780 operam]

1940 1805 2077 1876 grati
2116 1813 2175 1859 ut
2216 1805 2327 1859 sint
2371 1805 2631 1860 omnibus
2663 1815 2831 1875 atque
2882 1805 3169 1859 amabiles.
3202 1804 3319 1857 Non
3368 1801 3517 1864 enim

1937 1897 2348 1951 esculentorum
2375 1904 2506 1951 sunt
2550 1905 2647 1950 aut
2678 1897 3101 1966 poculentorum
3135 1893 3394 1957 ministri,
3422 1892 3517 1948 sed

1938 1989 2197 2045 Ecclesiae
2231 1989 2329 2044 Dei
2372 1989 2749 2043 subserviunt.
2791 1989 3026 2042 Necesse
3065 1987 3233 2057 igitur
3257 1985 3312 2038 hi
3344 1994 3405 2038 ut
3437 1984 3520 2038 vi-

1939 2090 2055 2137 tent
2102 2082 2356 2145 crimina,
2388 2081 2621 2152 perinde
2663 2097 2728 2137 ac
2769 2082 2952 2151 ignem
2994 2097 3006 2132 :
3040 2094 3142 2133 nec
3183 2092 3345 2131 secus
3400 2076 3522 2129 dia-

1937 2188 2109 2227 conos
2140 2180 2459 2227 reverenter
2480 2173 2783 2226 observent
2821 2185 3015 2224 omnes
3040 2177 3205 2237 atque
3235 2166 3517 2221 Christum

1936 2264 2145 2328 Jesum,
2195 2272 2251 2317 et
2310 2264 2629 2333 episcopum
2672 2261 2827 2331 quasi
2869 2268 3116 2331 patrem,
3166 2257 3521 2328 presbyteros

1941 2365 2000 2410 ut
2022 2355 2116 2410 Dei
2149 2354 2441 2410 concilium
2468 2363 2521 2408 et
2550 2355 2709 2423 quasi
2733 2353 3015 2406 vinculum
3041 2349 3356 2420 apostolicae
3387 2347 3522 2402 cha-

1939 2447 2139 2502 ritatis.
2180 2446 2276 2500 His
2329 2447 2448 2501 sine
2488 2445 2811 2513 neutiquam
2845 2450 3076 2497 vocatur
3122 2440 3367 2495 Ecclesia
3395 2439 3517 2493 Dei.

1939 2540 2287 2610 Suil‘ragatur
2318 2548 2504 2593 autem
2532 2536 2769 2591 orationi
2802 2536 2888 2590 lex
2913 2535 3077 2588 etiam
3103 2533 3328 2587 dicens:
3364 2550 3380 2582 ι
3406 2530 3518 2585 Cu-

1940 2632 2148 2688 stodies
2178 2631 2356 2694 valde,
2386 2630 2543 2699 juxta
2574 2627 2761 2682 omnia
2805 2641 2927 2695 quae
2955 2624 3159 2679 dixerit
3203 2622 3304 2677 tibi
3338 2635 3521 2674 sacer—

1940 2723 2059 2786 dos,
2114 2722 2302 2776 facies.
2340 2721 2459 2775 Non
2489 2718 2794 2773 declinabis
2825 2732 2854 2770 a
2892 2716 3089 2779 verbo,
3124 2715 3191 2769 ad
3235 2714 3520 2768 dexteram

1940 2817 2024 2869 vel
2060 2814 2128 2869 ad
2168 2813 2470 2868 sinistram.
2512 2810 2580 2864 Et
2615 2809 2781 2863 homo
2812 2808 2905 2876 qui
2944 2806 3141 2862 fecerit
3180 2804 3518 2875 superbiam,

1942 2918 2003 2962 ut
2033 2923 2142 2961 non
2174 2906 2362 2960 audiat
2390 2903 2756 2967 sacerdotem,
2793 2900 3068 2955 morietur
3097 2899 3264 2953 homo
3298 2896 3390 2949 ille
3416 2894 3516 2948 ⁸³.»

1943 3000 2221 3068 Propheta
2256 3012 2392 3050 vero
2440 2993 2737 3048 Malachias
2783 2992 2860 3045 ait
2896 3009 2909 3045 :
2950 3008 2968 3041 ι
3006 2989 3177 3043 Labia
3217 2985 3523 3042 sacerdotis

1943 3087 2257 3143 custodient
2295 3084 2606 3148 scientiam,
2646 3091 2702 3136 et
2749 3082 2922 3151 legem
2972 3080 3270 3149 exquircnt
3314 3092 3381 3131 ex
3426 3091 3523 3129 ore

258 3147 430 3251 αύτοῦ
477 3151 1002 3251 μὴέγκαταλίπῃς.
1060 3164 1231 3217 Φοὸοῦ
1302 3167 1395 3220 τὸν
1450 3147 1837 3242 Κύριονΐκαί

1944 3181 2083 3249 ejus,
2112 3176 2371 3246 quoniam
2402 3175 2631 3243 angelus
2664 3147 2882 3227 Domini
2909 3147 3308 3239 omnipotentis
3333 3174 3438 3221 est.
3461 3166 3522 3218 In

257 3238 451 3338 δόξαζε
482 3243 653 3338 ἱερέα.
684 3266 702 3298 ι
726 3248 847 3338 Kal
877 3248 1031 3316 αὖθις
1054 3255 1082 3306 6
1104 3256 1287 3326 Νόμος
1307 3275 1322 3291 ο
1358 3278 1377 3313 ι
1416 3263 1478 3315 οξ
1508 3238 1839 3338 ἱερεῖς-ἅγιοι

1948 3284 2079 3341 pace
2106 3268 2352 3337 dirigens
2386 3264 2692 3319 ambulavit
2725 3278 2966 3324 mecum,
3014 3270 3069 3315 et
3092 3260 3297 3313 multos
3322 3256 3525 3310 avertit

258 3328 479 3431 adorta}
623 3337 986 3431 Θειῖιαὺτῶν·
1019 3344 1116 3408 τάς
1162 3346 1267 3418 γάρ
1311 3349 1504 3416 Θυσίας
1550 3328 1837 3431 Κυρίῳυτῷ

1945 3328 2013 3414 ab
2045 3328 2334 3427 iniquitate
2364 3358 2432 3410 “3.
2480 3376 2499 3409 ι
2557 3356 2625 3409 Ει
2672 3356 2815 3409 alius
2857 3372 2870 3407 :
2910 3373 2926 3405 ι
2975 3353 3031 3407 In
3070 3359 3181 3407 tota
3216 3350 3397 3404 anima
3433 3356 3522 3401 tua

256 3420 380 3517 Θεῶ
404 3423 585 3517 αὐτῶν
612 3428 766 3481 αὐτοὶ
794 3433 1228 3505 προσφέρουσιν
1260 3440 1354 3492 καὶ
1387 3441 1599 3498 ἔσονται
1627 3420 1791 3517 άγίοι.

260 3527 286 3607 ι
326 3511 440 3607 KAal
471 3515 633 3568 πάλιν
662 3534 676 3550 υ
718 3537 739 3570 ι
784 3520 841 3573 '0
888 3524 1067 3594 ἱερεὺς
1114 3528 1269 3597 ἆγιός
1308 3532 1457 3587 ἐστιν
1499 3511 1705 3607 Κυρίου
1747 3542 1842 3595 τοῦ

251 3602 429 3662 Θεοῦο
478 3608 547 3662 τὰ
599 3609 709 3682 γάρ
757 3612 906 3684 δῶρα
957 3618 1148 3691 Κυρίῳ
1193 3622 1270 3693 τῷ
1319 3624 1438 3697 Θεῴ
1492 3602 1646 3698 ἡμῶν
1688 3626 1842 3698 οὗτος

250 3700 709 3796 προσφέρει,ᾐκαὶ
760 3705 915 3775 ἆγιος
953 3709 1105 3764 ἔσται
1154 3729 1258 3766 σοι.
1304 3718 1412 3771 Kal
1447 3714 1600 3774 εἶπεν
1638 3723 1841 3796 Κύριος

249 3791 393 3888 πρὸς
438 3793 672 3888 ’Λαρῶν,
706 3797 902 3867 λέγων·
962 3803 1105 3872 Ἐγὼ
1136 3808 1294 3878 μερίς
1324 3820 1417 3864 σου
1455 3815 1549 3867 καὶ
1589 3791 1842 3888 κληρονοο

249 3882 349 3952 μία
372 3900 393 3915 ο
429 3886 527 3980 καὶ
573 3886 955 3963 λειτουργήσει
1003 3898 1031 3949 ό
1073 3898 1209 3951 Λευῒ
1258 3903 1339 3964 εἰς
1374 3905 1473 3970 τὴν
1510 3882 1713 3980 σκηνήν
1744 3912 1838 3964 τοῦ

249 3978 582 4070 μαρτυρίου.
619 3982 729 4035 Καὶ
770 3985 926 4040 αὐτοὶ
956 3988 1219 4059 λήψονται
1247 3995 1314 4049 τὰ
1345 3978 1721 4070 ἁμαρτήματα
1743 4003 1836 4056 τοῦ

244 4065 403 4122 λαοῦ.
462 4070 572 4123 Kal
624 4072 693 4126 τὰ
748 4075 1106 4148 ἁφαιρέματα
1156 4084 1365 4140 δέδωκα
1389 4065 1512 4151 τοῖς
1553 4065 1836 4158 λευΐταις.

247 4158 372 4212 Ὀτι
410 4162 603 4230 μισθὸς
632 4164 813 4220 αὐτῶν
841 4168 969 4237 ὑμῖν
997 4173 1134 4237 ἐστι,
1187 4177 1307 4229 ἀντὶ
1336 4179 1446 4232 τῶν
1484 4180 1837 4254 λειτουργιῶν

244 4249 423 4346 ύ-μῶν.
472 4271 491 4303 ι
523 4252 609 4346 μ’οῨ
640 4255 696 4307 δὲ
751 4257 979 4324 Ἡσαΐας
1047 4266 1235 4335 φησὶν,
1290 4269 1522 4346 «Ὑμεῖς
1563 4272 1619 4325 δὲ
1667 4249 1837 4346 ίερεῖς

241 4342 456 4413 Κυρίου
487 4344 844 4416 κληθήσεσθε,
877 4351 1184 4424 λειτουργοὶ
1231 4358 1325 4411 τοῦ
1359 4338 1515 4415 Θεοῦ.
1576 4383 1594 4416 ι
1649 4338 1760 4422 Kal

256 4431 551 4528 Ἱερεμίας,
592 4456 612 4489 ι
652 4439 960 4523 Μεγαλυνῶ
995 4446 1089 4499 καὶ
1121 4448 1339 4517 μεθύσω
1368 4452 1467 4523 τὴν
1501 4454 1682 4528 ψυχὴν
1724 4458 1832 4513 τῶν

1946 3453 2078 3507 time
2112 3450 2431 3513 Dominum,
2453 3456 2509 3503 et
2541 3445 2859 3501 sacerdotes
2897 3445 3017 3514 ejus
3049 3440 3289 3510 suscipe.
3323 3440 3380 3493 In
3410 3448 3523 3492 tota

1945 3543 2149 3596 virtute
2206 3548 2298 3594 tua
2342 3538 2511 3609 dilige
2563 3552 2714 3601 eum,
2745 3536 2839 3604 qui
2878 3544 2930 3589 te
2962 3533 3117 3599 fecit,
3152 3540 3208 3586 et
3237 3531 3524 3585 ministros

1942 3636 2063 3705 ejus
2087 3650 2156 3688 ne
2187 3632 2559 3702 derelinquas.
2599 3630 2756 3683 Time
2792 3628 3086 3683 Dominum
3124 3633 3179 3680 et
3213 3621 3523 3678 honoriﬁca

1943 3726 2283 3782 sacerdotem
2314 3725 2381 3778 ⁸⁷.
2418 3743 2437 3775 ι
2468 3724 2535 3778 Ει
2578 3724 2665 3777 lex
2694 3735 2933 3775 rursus:
2972 3738 2990 3771 ι
3038 3716 3365 3773 Sacerdotes
3399 3728 3523 3767 san-

1941 3819 2013 3873 cti
2061 3825 2226 3871 erunt
2267 3818 2381 3871 Deo
2431 3832 2532 3870 suo
2581 3833 2594 3869 :
2644 3813 2916 3869 sacrificia
2957 3811 3107 3866 enim
3138 3809 3374 3863 Domino
3408 3808 3521 3861 Deo

1941 3928 2043 3966 suo
2069 3910 2172 3980 ipsi
2205 3909 2470 3970 oll‘erunt,
2504 3916 2561 3962 et
2606 3914 2774 3961 erunt
2799 3905 2977 3960 sancti
3013 3903 3081 3958 "°.
3123 3923 3140 3953 ι
3168 3902 3237 3956 Et
3274 3917 3468 3955 rursm
3503 3913 3519 3953 :

1947 4023 1965 4055 ι
2001 4002 2271 4057 Sacerdos
2323 4008 2547 4055 sanctus
2591 4009 2677 4053 est
2721 3997 2938 4051 Domini
2978 3996 3075 4050 Dei
3135 4011 3149 4048 :
3192 3994 3335 4048 dona
3372 3990 3521 4045 enim

1939 4092 2174 4147 Domino
2208 4091 2319 4146 Deo
2358 4098 2553 4144 nostro
2599 4089 2702 4143 iste
2735 4087 2933 4151 offert,
2966 4094 3022 4139 et
3060 4090 3284 4137 sanctus
3311 4081 3418 4134 erit
3453 4078 3523 4133 ti-

1938 4185 1991 4239 bi
2025 4184 2090 4238 δ’.
2132 4202 2254 4234 ι--ι
2296 4183 2365 4237 Et
2388 4182 2463 4236 ait
2496 4181 2763 4235 Dominus
2801 4178 2871 4233 ad
2924 4178 3106 4232 Aaron
3130 4216 3143 4239 ,
3181 4174 3373 4227 dicens
3406 4188 3417 4222 :
3453 4170 3522 4223 Et

1938 4273 2278 4331 ministrabit
2332 4273 2463 4327 Levi
2504 4271 2859 4327 tabernaculo
2920 4265 3254 4327 testimonii,
3301 4271 3356 4317 et
3412 4260 3519 4328 ipsi

1938 4376 2159 4422 sument
2204 4373 2427 4435 peccata
2464 4364 2654 4434 populi
2694 4380 2707 4416 ε
2747 4371 2803 4417 et
2834 4360 3214 4430 separationes
3260 4354 3387 4409 dedi
3418 4353 3521 4406 Le-

1938 4456 2067 4511 vitis
2094 4473 2107 4507 :
2140 4455 2402 4525 quoniam
2436 4468 2650 4508 merces
2696 4452 2800 4506 ista
2825 4458 2911 4505 est
2947 4449 3105 4503 vobis
3134 4462 3236 4514 pro
3260 4442 3516 4498 ministe-

243 4524 457 4617 lzps'wv.
519 4547 538 4580 ι
597 4528 873 4597 Ὡσαύτως
908 4520 1001 4588 καὶ
1037 4540 1065 4590 ὁ
1115 4540 1299 4608 Δαυῒδ,
1354 4561 1372 4595 ι
1404 4520 1466 4598 Θί
1712 4566 1828 4615 σου,

1939 4550 2037 4604 riis
2064 4549 2263 4604 vestris
2293 4549 2360 4599 ⁵ο.
2400 4566 2418 4598 ι
2457 4546 2626 4600 Isaias
2662 4558 2834 4613 porro
2860 4540 3039 4610 inquit
3082 4556 3096 4592 :
3137 4558 3153 4589 ι
3192 4537 3300 4591 Vos
3330 4541 3517 4588 autem

239 4614 448 4684 λέγων,
505 4621 821 4677 ὲνδύσονται
845 4624 1231 4700 δικαιοσύνην,
1293 4632 1387 4685 καὶ
1437 4635 1486 4686 οἱ
1544 4614 1681 4690 ὅσιοί
1734 4614 1828 4691 σου

237 4706 684 4774 ἀγαλλιάσονται.
726 4733 747 4767 ι
801 4716 859 4769 '0
890 4717 947 4770 δὲ
989 4719 1203 4784 Παῦλος
1228 4738 1243 4752 ·
1302 4742 1320 4775 ι
1361 4725 1475 4789 Πᾶς
1508 4727 1616 4799 γὰρ
1646 4729 1828 4800 ἀρχιε-

240 4800 394 4888 ρευς,
424 4802 612 4871 φησὶν,
642 4807 723 4869 είς
741 4807 801 4859 τὸ
826 4808 1156 4879 προσφέρειν
1186 4812 1335 4884 δῶρά
1364 4833 1421 4869 τε
1469 4818 1566 4871 καὶ
1613 4818 1825 4888 θυσίας,

240 4887 601 4944 καθίσταται·
628 4895 842 4960 οἵτινες
873 4898 1234 4970 ὑποδείγματι
1258 4904 1353 4957 καὶ
1386 4908 1513 4977 σκιᾷ
1543 4887 1829 4977 λατρεύουέ

240 4992 327 5032 σιν
352 4979 463 5071 τῶν
496 4982 861 5055 ἐπουρανίων.
896 4988 1012 5042 Νῦν
1058 4990 1116 5044 δὲ
1158 4991 1567 5065 διαφορωτέρας
1598 5000 1828 5071 τετύχη-

235 5084 334 5123 κεν
361 5070 728 5145 λειτουργίας,
765 5077 891 5132 ὄσον
920 5083 1016 5134 καὶ
1040 5082 1347 5152 κρείττονος
1372 5086 1635 5159 διαθήκης
1678 5070 1827 5144 ἐστίν

236 5160 486 5251 μεσίτης.
529 5184 547 5216 ι
602 5167 714 5220 Kal
761 5170 977 5239 ἐπάγει,
1028 5173 1240 5243 λέγων·
1304 5196 1324 5229 ι
1390 5178 1714 5251 Ἐρωτῶμεν
1769 5184 1828 5237 δὲ

234 5247 403 5317 ὑμᾶς,
437 5254 679 5325 ἀδελφοὶ,
712 5259 910 5315 εἰδέναι
937 5262 1063 5328 τοὺς
1091 5267 1399 5331 κοπιῶντας
1441 5247 1499 5322 ἓν
1529 5247 1677 5341 ὑμῖν,
1731 5276 1825 5329 καὶ

232 5348 669 5417 προϊσταμένους
691 5351 820 5422 ὑμῖν
843 5354 900 5407 ἐν
919 5357 1129 5427 Κυρίῳ,
1144 5360 1238 5411 καὶ
1255 5361 1639 5427 νουθετοῦντας
1658 5367 1826 5435 ὑμᾶς,

231 5435 329 5530 καὶ
383 5438 640 5508 ἡγεῖσθαι
686 5443 887 5509 αὐτοὺς
938 5446 1078 5516 ὑπὲρ
1132 5451 1465 5520 ὲκπερισσοῦ
1509 5456 1569 5507 ὲν
1610 5457 1823 5530 ἀγάπῃ,

229 5526 318 5582 διὰ
375 5531 437 5583 τὸ
486 5532 650 5605 ἔργον
711 5536 892 5592 αὐτῶν
925 5540 1236 5612 είρηνεύετε
1283 5544 1343 5598 ὲν
1393 5546 1625 5611 ἑαυτοῖς.
1662 5568 1680 5602 ι
1713 5526 1825 5607 Καὶ

1936 4641 2253 4699 sacerdotes
2283 4638 2499 4694 Domini
2551 4633 2888 4691 vocabimini
2944 4629 3187 4685 ministri
3229 4628 3325 4683 Dei
3368 4626 3436 4678 ⁵¹.
3492 4643 3512 4674 ι

1935 4766 2004 4775 —
2035 4755 2052 4787 ι
2095 4731 2451 4804 Magnificabo
2476 4771 2490 4795 ,
2532 4737 2587 4784 et
2633 4725 2923 4782 inebriabo
2957 4724 3197 4779 animam
3252 4719 3514 4774 sacerdo-

1938 4837 2053 4881 tum
2093 4827 2158 4879 ⁵⁸.
2198 4843 2216 4874 ι
2253 4822 2524 4878 Similiter
2556 4820 2722 4875 etiam
2752 4816 2923 4872 David
2954 4832 2967 4868 :
2999 4832 3018 4865 ι
3057 4813 3384 4868 Sacerdotes
3413 4810 3516 4875 tui,

1936 4918 2215 4988 inquiens,
2247 4915 2551 4969 induentur
2581 4913 2871 4983 justitiam,
2903 4918 2959 4964 et
2990 4906 3163 4963 sancti
3215 4904 3295 4959 tui
3327 4903 3514 4958 exsul-
3585 4975 3589 4979 ~

1936 5009 2132 5062 tabunt
2152 5006 2219 5058 ⁵³.
2253 5023 2269 5053 ι
2303 5004 2505 5059 Paulus
2539 5018 2670 5057 vero
2700 5019 2712 5054 :
2746 5021 2763 5051 ι
2792 4999 2986 5055 Omnis
3016 4995 3283 5067 pontifex,
3312 4992 3514 5062 inquit,

1934 5095 2315 5159 constituitur,
2364 5102 2423 5148 ut
2467 5093 2665 5147 offerat
2697 5090 2842 5144 dona
2874 5097 2929 5143 et
2967 5085 3237 5140 sacriﬁcia
3264 5085 3347 5149 ⁵³;
3392 5102 3410 5134 ι
3448 5111 3517 5122 --

1943 5208 1961 5241 ι
1994 5187 2088 5257 qui
2139 5185 2436 5256 exemplari
2460 5194 2515 5239 et
2547 5183 2754 5237 umbra:
2788 5179 3111 5235 deserviunt
3157 5176 3465 5233 cmlestium
3499 5194 3510 5229 :

1934 5296 2080 5335 nunc
2140 5287 2324 5334 autem
2370 5274 2731 5333 excellentius
2759 5271 3127 5327 ministerium
3156 5270 3382 5324 sortitus
3407 5275 3513 5331 est,

1931 5383 2139 5444 quanto
2167 5381 2223 5428 et
2264 5372 2464 5427 melius
2495 5378 2885 5424 testamentum
2910 5368 2979 5420 ⁸⁸.
3019 5387 3037 5419 ι
3078 5366 3145 5419 Ει
3176 5363 3387 5433 adjicit,
3427 5360 3505 5413 di.

1932 5482 2064 5521 cens
2102 5484 2114 5519 :
2151 5483 2170 5516 ι
2205 5465 2483 5535 Rogamus
2518 5472 2701 5518 autem
2729 5478 2827 5516 vos
2850 5502 2863 5527 ,
2897 5470 2958 5516 ut
2990 5457 3255 5515 noveritis
3285 5470 3383 5509 eos
3412 5452 3506 5521 qui

1933 5555 2186 5610 laborant
2233 5555 2288 5609 in
2336 5555 2514 5620 vobis,
2568 5563 2623 5609 et
2655 5554 2954 5626 prazsident
2989 5551 3147 5608 vobis
3196 5549 3251 5603 in
3276 5546 3510 5601 Domino

302 5662 483 5753 fu‘nEx
512 5668 872 5753 lgnatﬁpi‘st.
902 5672 1052 5753 2L3}!
1086 5673 1255 5729 Trall.
1330 5674 1375 5708 ⁸³
1407 5676 1568 5753 Deut.
1600 5696 1728 5745 xvu,
1762 5683 1837 5738 1οη

1939 5699 1969 5738 1.
2047 5687 2092 5718 δ’*
2118 5687 2347 5742 Malach.
2376 5704 2433 5751 ιι,
2464 5688 2494 5742 7
2515 5729 2528 5753 ,
2554 5686 2605 5741 8.
2681 5686 2728 5718 ⁸⁷
2759 5687 2941 5742 Eccle.
2972 5700 3063 5746 vu,
3091 5685 3178 5738 5|.
3258 5682 3304 5715 ⁸⁸
3329 5683 3502 5737 Levit.

230 5746 340 5797 XXI,
378 5736 430 5790 6.
534 5736 577 5771 δ’
611 5736 836 5795 ἰιιὶά.’9.

236 5746 340 5797 tm,
378 5744 430 5790 6.
534 5744 577 5771 δ’
611 5744 744 5795 ibid.
779 5744 836 5795 9.
930 5745 979 5774 ⁸⁸³
1007 5744 1167 5798 Num.
1218 5761 1365 5813 xvm,
1431 5749 1479 5816 1,
1515 5748 1569 5804 2.

236 5800 283 5837 Si
320 5804 466 5837 ιιηιι..
518 5824 550 5837 ..
605 5811 623 5837 ι
730 5812 774 5837 an
804 5810 948 5837 ιιηι.-
1144 5816 1171 5837 ιιι

320 5804 485 5862 Hebr.
518 5824 570 5872 γ,
605 5811 655 5863 l.

730 5812 774 5842 ⁵⁵
804 5810 969 5867 llebr.
1000 5830 1112 5880 vm,

1678 5754 1719 5785 "
1754 5753 1858 5809 lsa.
1919 5772 2027 5823 uxr,
2067 5757 2120 5811 6.

2226 5759 2270 5789 "
2302 5759 2504 5815 Jercm.
2562 5775 2721 5827 xxxi,
2760 5758 2845 5814 ll.
2951 5756 2998 5787 ⁸³
3038 5756 3179 5810 Psal.
3229 5772 3382 5809 cxxxr
3410 5752 3505 5822 ,9.
