4040 6508
501 404 638 469 1323

1772 408 2131 468 ANTIOCHI
2176 407 2517 468 MONACHI

3629 405 3761 469 1824

495 525 553 571 et
595 514 895 568 admonent
923 526 1042 576 vos,
1075 519 1132 567 et
1159 520 1219 565 ut
1248 510 1501 566 habeatis
1546 511 1672 567 illos
1703 511 2074 566 abundantius

2180 511 2360 573 πάλιν,
2399 529 2417 562 ι
2452 511 2516 563 Οί
2548 509 2913 581 πρεσϐύτεροι
2936 511 3127 582 διπλῆς
3162 512 3331 584 τιμῆς
3359 512 3756 579 ἀξιούσθωσαν.

499 609 553 662 in
588 606 860 661 charitate
883 612 1112 673 propter
1141 618 1281 673 opus
1307 603 1546 667 illorum,
1578 618 1768 672 pacem
1792 604 1989 659 habete
2018 603 2076 659 in

496 697 911 767 vobismetipsis
940 696 1006 750 ".
1046 716 1063 747 ι
1092 696 1161 752 Et
1194 712 1391 751 rursus
1425 714 1437 750 :
1468 714 1487 748 ι
1518 695 1832 766 Presbyteri
1866 696 2075 766 duplici

500 790 710 843 honore
743 786 1075 850 afficiantur,
1106 786 1341 839 maxime
1373 786 1468 855 qui
1494 784 1748 838 laborant
1777 823 1793 848 ,
1817 784 1872 837 in
1904 782 2076 837 verbo

497 889 554 934 et
595 879 846 935 doctrina
877 878 946 929 ⁵⁷.
990 895 1008 927 ι
1047 875 1320 930 Convenit
1377 875 1561 945 igitur,
1590 873 1971 938 dilectissimi,
2020 881 2078 927 et

497 970 660 1025 amici
704 969 825 1030 Dei,
880 976 941 1022 ut
988 967 1308 1022 sacerdotes
1359 966 1480 1035 ejus
1510 978 2077 1032 revereamurzquos

499 1065 645 1113 enim
670 1060 817 1113 Deus
848 1059 952 1114 sibi
975 1070 1233 1128 tanquam
1259 1058 1516 1127 proprios
1533 1052 1831 1118 ascivit,'et
1865 1056 2075 1109 honore

500 1152 707 1215 aiiecit,
729 1151 809 1205 eis
828 1165 1053 1204 necesse
1071 1160 1155 1205 est
1174 1160 1232 1203 ut
1254 1150 1509 1204 homines
1534 1150 1783 1203 debitum
1805 1150 2073 1202 honorem

499 1242 791 1297 deferant:
838 1242 1047 1310 1233
1078 1256 1257 1309 neque
1299 1257 1430 1295 vero
1481 1241 1586 1295 sibi
1621 1240 1749 1310 quis
1804 1240 2073 1295 honorem

498 1334 751 1396 assumit,
788 1332 881 1385 sed
916 1333 1011 1400 qui
1040 1348 1069 1385 a
1099 1332 1213 1385 Deo
1242 1343 1470 1386 vocatus
1494 1342 1599 1387 cst.
1631 1332 1776 1386 Nulli
1801 1332 1966 1401 igitur
1995 1331 2076 1386 fas

503 1439 743 1492 unquam
796 1424 964 1478 fuerit
992 1422 1167 1477 obniti
1204 1440 1267 1477 ac
1299 1426 1597 1478 reclamare
1637 1425 1942 1479 sacerdotis
1970 1424 2075 1477 im-

502 1513 659 1581 peric
698 1530 710 1565 :
752 1533 769 1562 ι
809 1513 913 1578 Qui
963 1514 1113 1567 enim
1166 1514 1471 1578 resistunt,
1521 1514 1931 1567 damnationem
1968 1514 2073 1567 sibi

500 1607 793 1675 acquirent
827 1608 892 1657 ⁸⁸.
947 1624 965 1655 ι
1005 1606 1243 1676 Principi
1280 1606 1427 1659 enim
1466 1606 1652 1675 populi
1691 1607 1769 1659 tui
1812 1622 1922 1659 non
1956 1622 2072 1659 ma-

501 1699 706 1753 ledices
759 1700 827 1753 ⁵³.
889 1701 1156 1755 Dominus
1205 1702 1337 1755 item
1404 1701 1641 1755 eximius
1688 1701 1779 1755 ille
1822 1700 2073 1755 Pontifex

501 1792 579 1845 ait
629 1807 644 1844 :
682 1810 701 1843 ι
745 1791 847 1859 Qui
884 1791 1117 1862 suscipit
1143 1808 1263 1855 vos,
1323 1808 1409 1846 me
1440 1793 1693 1861 suscipit,
1752 1801 1808 1847 et
1839 1791 1933 1861 qui
1985 1806 2072 1845 me

2183 605 2432 659 Μάλιστα
2480 604 2528 655 οἱ
2577 602 2881 666 κοπιῶντες
2929 605 2987 656 ἐν
3032 604 3175 676 λόγῳ
3210 605 3305 658 καὶ
3344 605 3668 677 διδασκαλία
3738 626 3755 657 υ

2182 692 2399 762 Πρέπον
2435 686 2528 745 οὖν
2559 692 2729 755 ἐστιν,
2763 693 3056 763 ἀγαπητοὶ,
3108 696 3199 747 καὶ
3229 696 3371 763 φίλοι
3399 695 3562 759 Θεοῦ,
3596 698 3759 749 αδδεῖ-

2182 782 2307 835 σθαι
2344 782 2470 845 τοὺς
2503 782 2669 853 ίερεϊς
2700 782 2887 836 αὐτοῦ.
2921 783 3029 846 Οὒς
3065 785 3174 855 γὰρ
3201 786 3230 837 6
3260 785 3390 849 Θεὸς
3435 786 3758 840 οίκειώσατο

2181 870 2276 925 καὶ
2304 871 2574 937 ἐδόξασεν,
2604 873 2816 941 ἀνάγκη
2847 871 2943 926 καὶ
2972 873 3101 935 τοὺς
3123 872 3443 944 ἀνθρώπους
3475 876 3575 945 τὴν
3610 877 3758 943 ὀφει-

2180 964 2278 1032 λὴν
2304 964 2614 1017 ἀποδιδόναι
2635 979 2648 993 °
2677 966 2772 1018 καὶ
2800 965 2899 1034 οὐχ
2930 964 3106 1035 ἑαυτῷ
3135 982 3217 1028 τις
3256 966 3525 1035 λαμϐάνει
3562 968 3666 1037 τὴν
3692 986 3761 1019 τι-

2184 1057 2311 1127 μὴν,
2338 1056 2450 1109 ἀλλ’
2480 1058 2508 1110 6
2542 1056 2875 1127 καλούμενος
2905 1056 3009 1109 ὑπὸ
3035 1056 3127 1109 τοῦ
3159 1057 3316 1112 Θεοῦ.
3350 1060 3423 1112 Οὐ
3472 1059 3635 1127 θέμις
3662 1060 3761 1111 τοῖο

2180 1166 2273 1202 νυν
2307 1149 2434 1203 ποτέ
2481 1150 2616 1220 ἱερεῖ
2658 1150 2993 1218 ἀντιστῆναιο
3040 1150 3090 1202 οί
3137 1148 3245 1219 γὰρ
3300 1168 3319 1200 ι
3372 1150 3758 1218 ἀντιστάμενοι

2182 1242 2394 1304 αὐτοῖς,
2427 1244 2603 1310 κρῖμα
2650 1240 3216 1310 λήψονται.Ἀρχοντα
3243 1240 3352 1310 γὰρ
3379 1240 3474 1292 τοῦ
3504 1240 3636 1293 λαοῦ
3670 1258 3759 1293 σου

2180 1334 2279 1386 οὐκ
2303 1334 2450 1404 ἐρεῖς
2482 1332 2684 1395 κακῶς.
2723 1351 2741 1383 ι
2793 1334 2851 1385 '0
2895 1333 2951 1385 δὲ
2989 1334 3215 1402 Κύριος,
3243 1335 3339 1385 καὶ
3378 1334 3553 1399 μέγας
3578 1333 3759 1401 ἀρχιεο

2183 1427 2329 1495 ρεὺς,
2352 1426 2538 1495 φησιν,
2560 1444 2579 1476 ι
2600 1424 2659 1477 Ὀ
2686 1424 2978 1494 δεχόμενος
3011 1426 3177 1491 ὑμᾶς,
3208 1424 3306 1494 ἐμὲ
3334 1424 3571 1493 δέχεται,
3612 1426 3704 1476 καὶ
3728 1426 3756 1477 6

2182 1519 2278 1587 ἐμὲ
2318 1517 2628 1587 δεχόμενος,
2659 1516 2875 1585 δέχεται
2924 1517 3015 1570 τὸν
3058 1517 3457 1569 ἀποστείλαντά
3490 1534 3577 1586 με.
3621 1536 3639 1567 ι
3690 1548 3758 1557 -

2192 1630 2207 1659 ι
2234 1610 2289 1660 Ὀ
2304 1608 2590 1677 δεχόμενος
2614 1607 2928 1677 προφήτην,
2956 1609 3034 1667 είς
3054 1608 3226 1677 ὄνομα
3245 1610 3545 1678 προφήτου,
3569 1607 3756 1676 μισθὸν

2181 1702 2461 1770 προφήτου
2520 1698 2769 1769 λήψεται.
2827 1699 2934 1751 Καὶ
2985 1700 3013 1750 6
3061 1698 3348 1767 δεχόμενος
3394 1698 3623 1759 δίκαιον,
3681 1699 3758 1759 εἰς

2181 1788 2351 1855 ὄνομα
2393 1785 2622 1849 δικαίου,
2671 1785 2860 1855 μισθὸν
2904 1786 3116 1839 δικαίου
3166 1786 3413 1857 λήψεται.
3474 1806 3493 1838 ι
3536 1785 3695 1855 Αὐτῷ
3723 1788 3756 1855 ἡ

502 1884 777 1953 suscipit,
829 1884 1064 1953 suscipit
1113 1901 1240 1939 eum
1295 1886 1387 1955 qui
1440 1901 1527 1940 me
1578 1885 1732 1939 misit
1784 1885 1853 1937 ⁶⁰.
1900 1904 1918 1936 ι
1968 1884 2074 1938 Et:

2183 1878 2310 1942 διῗιξα
2339 1880 2417 1941 είς
2455 1879 2581 1941 τοὺς
2615 1877 3060 1948 αίῶνας.Ἀμήν.

508 1992 528 2024 ‹
590 1974 692 2040 Qui
727 1976 962 2045 suscipit
1012 1978 1339 2047 prophetam
1390 1979 1445 2031 in
1478 1979 1699 2033 nomine
1750 1972 2371 2047 prophetze,mercvdem
2408 1972 2693 2041 propheta:
2717 1970 3000 2040 accipiet:
3044 1980 3101 2026 et
3132 1970 3230 2042 qui
3271 1972 3506 2043 suscipit
3547 1974 3757 2044 justum

502 2067 558 2122 in
593 2070 814 2123 nomine
867 2071 1024 2139 justi,
1066 2071 1376 2125 mercedem
1436 2072 1572 2140 justi
1644 2072 1881 2141 accipiet
1909 2073 2009 2125 δι.»
2042 2069 2149 2139 Ipsi
2181 2065 2352 2136 gloria
2388 2064 2442 2118 in
2468 2064 2689 2119 saecula.
2717 2064 2911 2118 Amen.

1031 2181 1314 2237 HOMIHA
1346 2182 1552 2239 CXXV.

779 2291 861 2348 De
878 2306 1020 2349 certa
1048 2301 1436 2365 exspectatione
1465 2299 1787 2368 futurorum.

572 2402 778 2457 Futura
813 2402 955 2458 bona
984 2405 1238 2474 quisquis
1265 2416 1414 2461 certa
1448 2423 1545 2477 spe
1575 2408 1884 2476 opperitur,
1916 2408 2076 2462 nihili

501 2493 691 2548 isthaac
735 2493 888 2548 ducit
938 2497 1273 2565 temporaria
1323 2515 1335 2550 :
1380 2498 1515 2567 quin
1546 2499 1808 2553 aviditate
1843 2500 2078 2570 ﬂagrans

500 2584 838 2650 futurorum,
870 2596 1066 2641 uetera
1090 2588 1273 2641 omnia
1307 2590 1435 2644 vita:
1461 2590 1623 2644 istius
1652 2606 1753 2645 ceu
1775 2592 1881 2645 vile
1905 2592 2080 2661 quod-

501 2675 647 2744 piam
686 2687 1049 2735 sarmentum.
1081 2688 1175 2733 aut
1210 2680 1543 2734 virulentam
1578 2682 1876 2736 arachnem
1905 2692 2080 2737 trans-

501 2766 691 2831 mittit,
744 2774 971 2835 propter
1005 2782 1158 2836 spem
1208 2768 1315 2823 sibi
1369 2770 1672 2839 repositam
1731 2780 1895 2839 atque
1950 2788 2073 2841 gau-

499 2853 675 2908 dium.
707 2856 806 2911 illo
836 2856 983 2909 enim
1012 2867 1343 2927 approperat
1385 2874 1705 2923 occurrere,
1738 2860 1831 2914 ubi
1863 2876 2081 2930 posses-

500 2946 678 3001 sionis
732 2947 1042 3003 substantia
1094 2965 1107 3002 :
1154 2965 1351 3019 nempe
1377 2952 1488 3021 jam
1532 2951 1871 3006 desiderium
1916 2952 2082 3006 habet

498 3036 815 3091 subactum.
843 3037 1057 3104 Quibus
1096 3055 1229 3094 sane
1255 3041 1406 3094 cordi
1445 3050 1529 3095 est
1557 3043 1779 3097 cmleste
1815 3042 1948 3096 illud
1979 3060 2079 3113 pe-

499 3127 734 3191 culium,
764 3127 840 3181 nil
879 3139 985 3181 tam
1022 3138 1288 3198 expetunt
1334 3131 1595 3186 ardenter
1620 3148 1783 3202 quam
1812 3142 1873 3187 ut
1900 3150 1967 3188 ex
1998 3135 2081 3188 in-

498 3218 684 3271 colatu
721 3217 981 3287 inquilini
1012 3221 1265 3290 corporis
1305 3222 1546 3277 evolent.
1584 3223 1731 3277 Bona
1769 3225 1936 3295 igitur
1970 3240 2072 3280 no-

500 3308 588 3364 bis
639 3310 904 3379 reposita,
938 3321 994 3365 et
1038 3327 1161 3381 quae
1200 3312 1614 3384 insuspicabilia
1660 3326 1809 3383 sunt,
1856 3334 2079 3387 prorsus

2740 2178 2961 2233 ΛΟΓΟΣ
3016 2179 3186 2235 ΡΚΕ’.

2405 2296 2546 2364 Περὶ
2585 2296 2950 2364 προσδοκίας
3000 2294 3124 2349 τῶν
3154 2298 3527 2365 μελλόντων.

2259 2410 2320 2463 '0
2341 2409 2409 2462 τὰ
2441 2409 2702 2478 μέλλοντα
2726 2408 2907 2476 ἀγαθά
2934 2407 3274 2478 προσδοκῶν,
3296 2408 3367 2461 τὰ
3397 2402 3498 2461 ὧδε
3528 2407 3759 2462 ἀπωθεῖ·

2177 2519 2288 2565 ται,
2318 2502 2407 2554 καὶ
2449 2501 2537 2555 διὰ
2588 2501 2686 2569 τῆς
2727 2500 2964 2569 ὀρέξεως
3004 2499 3115 2551 τῶν
3168 2500 3470 2569 μελλόντων
3514 2499 3758 2567 ἀγαθῶν,

2177 2593 2272 2646 ὅλα
2303 2594 2370 2645 τά
2404 2592 2497 2645 τοῦ
2530 2592 2647 2661 βίου
2677 2590 2752 2653 ὡς
2778 2590 2935 2643 σκιάν
2964 2590 3058 2642 καὶ
3085 2590 3328 2659 ἀράχνην
3358 2590 3648 2660 παροδεύει
3673 2590 3759 2642 διά

2168 2682 2275 2753 ἦήν
2304 2684 2672 2753 ἀποκειμένην
2702 2680 2893 2735 ἐλπίδα
2930 2682 3023 2734 καὶ
3052 2682 3229 2751 χάριν.
3274 2681 3424 2735 Ἐκεῖ
3453 2682 3564 2752 γὰρ
3590 2681 3758 2733 σπευ-

2178 2776 2254 2827 δει
2282 2771 2419 2827 εἶναι
2445 2774 2572 2828 ἔνθα
2599 2773 2699 2843 τῆς
2730 2774 2978 2843 κτήσεως
3012 2773 3266 2843 ὕπαρξιν,
3292 2775 3481 2843 ήγουν,
3515 2772 3614 2843 τήν
3642 2775 3758 2825 ἑπι-

2181 2866 2379 2934 θυμίαν
2423 2864 2829 2934 δεδουλωμένην
2884 2864 3016 2933 ἔχει.
3062 2860 3161 2927 Οίς
3203 2864 3381 2917 τοίνυν
3429 2865 3647 2934 αἱρετὸν
3702 2866 3757 2916 ἐν

2179 2955 2425 3025 οὐρανοῖς
2454 2956 2487 3025 ή
2516 2955 2705 3024 κτῆσις
2723 2993 2739 3019 ,
2769 2953 2873 3026 τήν
2901 2956 2964 3007 ἐκ
2994 2954 3243 3025 σώματος
3274 2955 3541 3025 ἐκδημίαν
3569 2956 3756 3024 ἀφίεν-

2180 3065 2289 3102 ται.
2336 3044 2901 3116 Ἀποκαραδοκοῦντες
2928 3040 3021 3099 οῦν
3046 3047 3125 3109 είς
3158 3046 3226 3099 τά
3255 3046 3598 3115 ἀποκείμενα
3623 3048 3758 3116 ἡμῖν

2179 3138 2358 3206 ἀγαθά
2383 3136 2677 3191 ἀνείκαστα
2706 3137 2858 3203 ὄντα,
2893 3138 2989 3210 ὅλῃ
3023 3141 3088 3209 τῇ
3123 3137 3379 3209 προθέσει
3412 3138 3471 3190 ἐν
3495 3138 3761 3209 ἐπιθυμίς.

2182 3230 2349 3301 πολλῇ
2415 3228 2741 3299 ποθήσωμεν
2797 3229 2971 3283 αὺτάο
3024 3229 3371 3300 παρορῶντες
3417 3230 3488 3282 τὰ
3540 3227 3619 3299 μή
3665 3229 3756 3297 pi-

2179 3338 2355 3385 νοντα,
2392 3319 2487 3373 xal.
2515 3319 2808 3389 γεγηθότες
2843 3319 2932 3373 διά
2968 3319 3037 3373 τὰ
3081 3320 3275 3373 αίώνια
3328 3319 3423 3372 καὶ
3464 3320 3760 3388 παράμονα

501 3407 613 3455 tota
644 3401 814 3454 animi
858 3402 1244 3471 praestolemur
1283 3405 1771 3474 contemplatione,
1818 3416 1983 3476 atque
2014 3424 2074 3463 ea

2179 3409 2376 3477 ἀγαθὰ,
2417 3409 2452 3463 ἀ
2478 3410 2536 3461 οὐ
2570 3410 2794 3463 δύναται
2841 3410 2963 3473 νοῦς
2998 3408 3288 3480 ἀνθρώπου
3320 3409 3756 3463 καταλαὸἑσθαι.

496 3492 717 3547 ardenti
744 3492 1023 3548 desiderio
1055 3506 1400 3565 expetanms,
1438 3496 1630 3551 isthzec
1656 3499 1936 3567 aspernati
1955 3516 2077 3569 qua:

495 3584 657 3639 solidi
702 3586 841 3639 nihil
880 3585 1085 3640 habent
1127 3595 1183 3642 et
1214 3588 1570 3657 perdurautis
1597 3590 1939 3654 substantiae,
1978 3608 2075 3661 spe

495 3686 835 3731 aeternorum
862 3692 926 3731 ac
953 3681 1397 3747 permanentium
1433 3682 1746 3747 exhilarati,
1778 3699 1901 3752 qua:
1924 3684 2075 3739 nulla

496 3775 664 3835 queat
694 3767 933 3822 humana
963 3770 1224 3840 cogitatio
1255 3774 1747 3842 comprehendere.
1778 3775 1939 3829 Omni
1977 3776 2077 3831 ita-

497 3873 606 3925 que
639 3859 892 3914 custodia
936 3876 1220 3917 servemus
1261 3879 1375 3927 cor,
1410 3874 1728 3921 constanter
1751 3876 2079 3938 exspectan-

496 3960 581 4005 tes
621 3952 912 4006 Dominum
946 3954 1206 4019 familias,
1240 3972 1438 4027 nempe
1467 3957 1745 4014 Christum
1778 3962 1953 4016 Deum
1979 3977 2074 4016 no-

494 4052 691 4109 strum,
723 4044 818 4113 qui
856 4047 1030 4099 nostri
1065 4062 1227 4101 causa
1251 4064 1462 4119 pauper
1484 4067 1605 4106 esse
1639 4053 1834 4114 voluit,
1864 4070 2074 4124 proque

497 4138 685 4184 nostra
731 4134 979 4187 omnium
1029 4136 1209 4190 salute
1264 4136 1516 4193 humanae
1565 4140 1900 4197 inlirmitalis
1941 4144 2076 4198 ami-

494 4221 707 4277 ctiones
739 4223 795 4277 in
825 4240 883 4279 se
916 4228 1145 4296 recepit,
1177 4237 1236 4281 ut
1260 4246 1362 4284 nos
1392 4245 1678 4287 consortes
1710 4233 1939 4290 haberet
1965 4251 2076 4291 sua:

494 4314 1071 4385 incomprehensibilis
1138 4323 1483 4390 opulentiae,
1559 4325 1833 4397 simulque
1891 4328 2075 4384 futura

493 4406 587 4461 illa
634 4416 691 4461 et
737 4409 999 4464 ineffabili
1048 4412 1221 4481 gloria
1270 4415 1703 4484 perfrueremur.
1767 4418 1940 4484 Quem
2003 4436 2073 4474 ne

496 4498 728 4568 (quaeso)
757 4500 1075 4557 desinamus
1110 4505 1328 4560 sincera
1362 4509 1653 4576 complecti
1686 4510 1981 4575 charitate,
2012 4520 2073 4566 ut

493 4587 564 4641 ab
605 4588 725 4657 ipso
766 4591 1051 4657 redamati,
1088 4611 1192 4648 una
1227 4613 1352 4650 cum
1396 4614 1463 4651 eo
1501 4601 1729 4668 provehi
1764 4618 2073 4657 mereamur

494 4678 560 4735 ad
593 4680 970 4738 felicissimam
1010 4688 1350 4743 mansionem
1387 4692 1545 4745 nobis
1576 4708 1606 4745 a
1645 4693 1804 4748 Patre
1842 4695 2074 4750 adorna-

2181 3502 2331 3572 Πάση
2375 3498 2468 3554 οὖν
2517 3503 2732 3572 φυλακῇ
2780 3503 3107 3571 τηρήσωμεν
3146 3501 3244 3571 τὴν
3300 3502 3551 3574 καρδίαν,
3607 3517 3762 3570 περι-

2183 3593 2432 3657 μένοντες
2470 3592 2562 3644 τὸν
2610 3592 2994 3663 οίκοδεσπότην
3022 3594 3259 3663 Χριστὸν
3302 3594 3393 3645 τὸν
3424 3594 3563 3645 Θεὸν
3600 3593 3761 3661 ἡμῶν

2175 3681 2265 3734 τὸν
2306 3682 2371 3735 δι’
2400 3684 2549 3752 ήμᾶς
2581 3683 2990 3752 πτωχεύσαντα,
3024 3685 3117 3737 καὶ
3150 3685 3237 3737 διὰ
3260 3686 3359 3755 τὴν
3388 3685 3546 3754 ήμῶν
3584 3701 3761 3753 σωτη-

2181 3773 2321 3842 ρίαν,
2378 3772 2448 3825 τὰ
2493 3773 2592 3840 τῆς
2642 3774 2927 3839 ἀσθενείας
2978 3777 3144 3846 πάθη,
3188 3777 3266 3838 εἰς
3315 3776 3508 3828 ἑαυτὸν
3555 3775 3759 3829 ἀναλα-

2176 3865 2371 3918 ϐόνταο
2433 3864 2523 3919 ἵνα
2574 3868 2721 3936 ἡμᾶς
2777 3866 2872 3919 τοῦ
2938 3867 3168 3921 πλούτου
3240 3867 3405 3921 αὑτοῦ
3462 3869 3758 3931 κοινωνοὺς

2178 3956 2377 4025 ποιήσῃ
2396 3969 2411 3984 ·
2451 3955 2548 4008 καὶ
2578 3955 2678 4025 τῆς
2704 3955 3010 4025 μελλούσης
3052 3957 3289 4026 ἀρρήτου
3325 3956 3483 4025 δόξης
3514 3954 3759 4007 ἀπολαῦ-

2180 4065 2289 4109 σαι,
2335 4048 2392 4101 ὃν
2439 4045 2720 4117 φιλοῦντες
2773 4046 2847 4118 μὴ
2894 4048 3267 4117 παυσώμεθα·
3313 4048 3407 4102 καὶ
3438 4046 3757 4116 φιλούμενοι

2178 4141 2269 4193 ὑπ’
2298 4139 2483 4206 αὐτοῦ,
2529 4140 2956 4210 συνεισελθωμεν
2993 4141 3071 4203 είς
3102 4142 3201 4211 τὴν
3249 4140 3417 4209 μονὴν
3454 4142 3559 4208 τὴν
3600 4140 3758 4208 παρά

2175 4231 2254 4301 τῷ
2305 4232 2476 4299 lla.th
2506 4232 2954 4302 ἡτοιμασμένην⁸
2995 4232 3089 4285 καὶ
3132 4232 3375 4301 ὀψόμεθα
3420 4231 3484 4283 τὸ
3534 4231 3656 4298 φῶς
3697 4234 3755 4283 ἐν

2176 4322 2253 4391 τῷ
2305 4323 2443 4390 φωτὶ
2497 4320 2688 4375 αὐτοῦ.
2728 4320 2941 4391 Φοὸερά
2985 4323 3018 4391 ή
3067 4321 3246 4391 ἡμέρα
3299 4321 3396 4390 τῆς
3446 4320 3754 4390 παρουσίας

2178 4411 2363 4473 αὑτοῦ,
2416 4410 2625 4480 μεγάλη
2681 4410 2777 4463 καὶ
2817 4411 3087 4479 ἐπιφανὴς
3126 4410 3355 4479 σφόδρα.
3397 4407 3491 4460 Διὸ
3535 4409 3754 4477 ἔχοντες

2176 4504 2273 4565 τὰς
2302 4503 2635 4570 ἐπαγγελίας
2664 4501 2887 4565 ταύτας,
2916 4502 3175 4573 χαρῶμεν
3223 4503 3367 4572 χαρᾷ
3394 4501 3754 4570 ἀνεκλαλήτῳ

2176 4597 2269 4648 καὶ
2331 4594 2718 4667 δεδοξασμένῃ,
2771 4595 3187 4664 ἀποσμήχοντες
3240 4592 3328 4645 ἀεὶ
3394 4590 3491 4661 τήν
3546 4592 3750 4661 ψυχήν.

2175 4689 2350 4756 Μήτις
2392 4684 2516 4757 ῥίζα
2562 4686 2788 4753 πικρίας
2819 4686 2932 4739 ἀνω
2967 4683 3178 4753 φύουσα
3209 4682 3422 4753 ἐνοχλῇ,
3457 4685 3553 4734 καὶ
3589 4700 3754 4752 μιαν-

497 4780 607 4825 tam
651 4784 707 4828 et
738 4774 1092 4841 instructam,
1140 4780 1234 4834 ubi
1282 4781 1340 4836 in
1377 4783 1496 4851 ejus
1526 4783 1733 4838 lumine
1763 4786 2074 4844 videbimus

2179 4777 2343 4829 θῶσιν
2375 4775 2592 4829 πολλοί·
2641 4777 2726 4830 ἵνα
2754 4778 2811 4829 ἐν
2856 4776 2935 4846 τῷ
2965 4774 3340 4846 καθαρωτάτῳ
3382 4774 3477 4826 καὶ
3508 4773 3755 4843 λαμπρῷ

502 4878 706 4919 iumen.
756 4866 1141 4923 Formidabilis
1170 4871 1330 4939 plane
1377 4882 1436 4927 ct
1484 4873 1731 4930 horroris
1763 4877 1920 4945 plena
1949 4877 2070 4933 dies

501 4950 769 5008 adventus
795 4958 935 5027 ejus,
968 4959 1088 5013 dies
1120 4976 1311 5031 magna
1338 4974 1394 5015 et
1422 4962 1651 5019 illustris
1679 4966 1857 5032 valde,
1892 4984 2070 5039 eoque

500 5046 892 5111 promissiones
933 5050 1033 5106 has
1070 5053 1163 5121 qui
1211 5051 1439 5107 indubia
1483 5054 1590 5108 [ide
1644 5064 1931 5122 tenemus,
1982 5058 2069 5111 in-

494 5135 781 5203 eloquihili
810 5148 865 5193 et
892 5141 1197 5211 gloritieato
1221 5145 1425 5215 gaudio
1450 5146 1657 5215 perfusi
1675 5148 2068 5216 jucundemur,

498 5226 697 5297 iugiter
750 5230 1133 5303 abstergentes
1192 5247 1509 5292 concrctam
1548 5238 1745 5293 animae
1792 5240 2069 5304 eluviem,

495 5333 674 5387 neque
712 5320 865 5376 radix
890 5325 1279 5382 amaritudinis
1300 5345 1520 5384 sursum
1551 5330 1867 5399 germinans
1898 5333 2070 5386 inter-

497 5410 700 5478 Iurbet,
719 5421 775 5468 et
802 5414 1167 5485 inquinentur
1197 5419 1377 5485 multi,
1399 5428 1461 5475 ut
1483 5421 1686 5476 nullam
1710 5422 1892 5477 denuo
1916 5437 2067 5477 eam-

494 5499 619 5556 dem
655 5505 991 5560 contrahens
1020 5508 1288 5561 maculam
1324 5518 1420 5563 aut
1450 5527 1660 5580 rugam,
1686 5511 2070 5581 limpidissimo

496 5606 561 5647 ac
598 5595 1048 5663 Splendidissima
1082 5600 1449 5670 pcrlustretur
1485 5603 1712 5658 lumine.
1763 5604 1875 5658 Illic
1922 5606 2068 5659 enim

499 5728 879 5851 ‘lw’|)'|‘hpss,
913 5746 963 5795 γ,
1000 5733 1083 5793 1⁵2,
1116 5733 1193 5785 15.
1274 5735 1313 5765 ³⁷
1345 5734 1359 5787 Ι
1394 5734 1531 5790 Tllll.
1568 5754 1618 5799 Υ,
1663 5738 1738 5792 17.

577 5837 591 5851 .
620 5806 705 5851 ηιξ..

577 5837 591 5859 ,
620 5806 705 5851 42.

1820 5740 1861 5767 ⁵⁸³
1899 5738 2053 5791 llum.
2089 5753 2199 5800 xm,
2234 5736 2285 5790 ‘2.

2175 4871 2315 4937 φωτὶ
2363 4868 2651 4938 γενομένη,
2686 4868 2760 4937 μή
2809 4867 3009 4938 ἔχουσα
3060 4866 3269 4931 σπῖλον,
3297 4865 3332 4935 ἢ
3387 4866 3601 4935 ῥυτίδα,
3640 4868 3755 4918 ἐκεῖ

2173 4959 2369 5029 δψηται
2422 4960 2520 5028 τὴν
2550 4959 2801 5013 ἄκτιστον
2854 4959 2948 5011 καὶ
2992 4957 3267 5029 μακαρίαν
3314 4957 3477 5025 φύσιν
3510 4958 3750 5025 ἐκείνην,

2176 5053 2310 5105 ὃπου
2340 5054 2369 5104 6
2387 5052 2596 5122 Πατὴρ,
2618 5052 2711 5104 καὶ
2740 5052 2768 5103 6
2791 5050 2938 5115 Υίδς,
2958 5052 3053 5104 καὶ
3079 5049 3139 5103 τὸ
3168 5049 3320 5116 ἅγιον
3342 5049 3585 5118 Πνεῦμα.
3605 5048 3751 5101 Καθ-

2179 5149 2249 5207 ὼς
2295 5146 2389 5197 καὶ
2420 5146 2447 5196 6
2489 5142 2827 5205 ’Δπόστολος,
2847 5142 3139 5211 Ῥωμαίοις
3170 5140 3523 5201 ἐπιστέλλων,
3560 5141 3708 5206 λέγει
3730 5156 3743 5168 ·

2183 5255 2201 5288 ι
2238 5236 2547 5305 Παρακαλῶ
2580 5232 2671 5288 οὖν
2699 5236 2861 5305 ὑμᾶς,
2910 5235 3150 5305 ἀδελφοὶ,
3179 5234 3267 5288 διά
3311 5235 3419 5287 τῶν
3445 5234 3745 5302 οἰκτιρμῶν

2175 5326 2268 5379 τοῦ
2302 5325 2461 5391 Θεοῦ,
2499 5326 2848 5395 παραστῆσαι
2889 5326 2957 5377 τὰ
2986 5324 3216 5393 σώματα
3244 5323 3398 5393 ὑμῶν
3431 5322 3625 5376 θυσίαν
3650 5323 3749 5386 ζῶ-

2178 5437 2300 5485 σαν,
2324 5420 2508 5488 ἁγίαν,
2534 5420 2824 5489 εὐάρεστον
2848 5418 2923 5487 τῷ
2951 5417 3092 5485 Θεῷ,
3116 5417 3211 5487 τὴν
3239 5416 3465 5483 λογικὴν
3490 5416 3745 5485 λατρείαν

2177 5512 2365 5582 ὑμῶν’
2402 5513 2494 5565 καὶ
2527 5511 2601 5581 μὴ
2654 5508 3157 5579 συσχηματίζεσθαι
3207 5507 3285 5577 τῷ
3332 5507 3492 5560 αἰῶνι
3545 5506 3743 5575 τούτῳ.

2176 5604 2312 5657 ἀλλὰ
2367 5598 2850 5673 μεταμορφοῦσθαι
2907 5600 2973 5668 τῇ
3041 5596 3404 5652 ἀνακαινώσει
3471 5594 3567 5647 τοῦ
3623 5596 3742 5656 νοὸς

2387 5737 2429 5765 δῖ’
2464 5733 2635 5789 Εχυιι.
2671 5747 2797 5797 un,
2822 5731 2911 5785 28.
2988 5731 3031 5761 ⁶⁰
3060 5730 3250 5786 Matth.
3287 5746 3339 5795 x,
3373 5731 3459 5783 40.
3538 5730 3577 5758 ⁶¹
3609 5730 3737 5783 ibid.
