4040 6526
291 361 420 427 1825

1147 354 1475 414 ΙΙΟΜῘΙᾸΛ
1518 355 1774 416 CXXVI.
1805 380 1875 389 -κ
1905 356 2000 415 DE
2040 354 2461 417 VOCATIONE
2500 356 2653 417 DEI.

3398 359 3534 426 1826

287 477 456 549 ὑμῶν,
501 473 582 536 είς
627 472 692 527 τδ
740 466 1058 541 δοκιμάζειν
1089 466 1258 537 ὑμᾶς,
1296 468 1348 522 τί
1395 470 1458 521 τὸ
1506 468 1715 539 θέλημα
1765 467 1848 521 τοζ

1964 469 2255 538 perspicue
2285 471 2644 524 contuebitur
2695 471 2911 525 beatam
2969 485 3196 541 prorsus
3240 473 3386 528 illam
3434 493 3536 532 nec

284 567 436 632 Θεοῦ,
469 565 532 619 τὸ
566 562 769 633 ἀγαθδν
802 562 897 616 καὶ
928 559 1244 630 εὐάρεστον,
1292 561 1387 612 καὶ
1421 559 1645 614 τέλειον.
1688 579 1707 612 ι
1744 561 1852 614 Kal

285 660 443 715 πάλιν
470 672 484 688 ·
543 673 564 709 ι
613 655 776 724 Ἡμῖν
827 655 937 726 γὰρ
989 654 1338 724 ἀπεκάλυψεν
1374 655 1403 706 ό
1448 652 1578 716 Θεὸς
1627 651 1716 706 διὰ
1756 650 1851 704 τοῦ

287 751 600 821 Πνεύματος
628 746 817 802 αὑτοῦ.
869 745 942 799 Τὸ
989 745 1097 816 γὰρ
1150 744 1377 813 Πνεῦμα
1406 743 1584 796 πάντα
1631 744 1848 815 ἐρευνᾷ,

283 845 376 900 καὶ
405 843 474 896 τὰ
506 839 642 911 βάθη
673 838 768 892 τοῦ
796 835 952 892 Θεοῦ.
985 835 1082 898 Τίς
1107 836 1214 906 γὰρ
1242 831 1380 889 οἶδεν
1427 832 1750 904 ἀνθρώπων,
1785 833 1852 886 τὰ

281 935 374 990 τοῦ
402 932 711 1004 ἀνθρώπου,
742 932 792 983 εἰ
840 930 917 1000 μὴ
962 928 1022 982 τὸ
1064 927 1281 998 πνεῦμα
1314 926 1408 981 τοῦ
1450 925 1758 997 ἀνθρώπου,
1790 923 1859 978 τὸ·

283 1029 340 1082 ὃν
365 1030 423 1081 ὲν
451 1024 638 1094 αύτῷ;
683 1020 855 1086 οὕτως
888 1021 982 1076 καὶ
1010 1021 1078 1076 τὰ
1103 1021 1197 1075 τοῦ
1229 1020 1364 1074 Θεοῦ
1401 1019 1574 1082 οὐδεὶς
1613 1017 1850 1086 ἔγνωκεν
1886 1030 1892 1040 ·

282 1118 331 1172 εί
361 1116 436 1186 μὴ
463 1115 525 1168 τὸ
547 1111 771 1182 Πνεῦμα
799 1110 894 1164 τοῦ
913 1109 1068 1164 Θεοῦ.
1097 1129 1118 1163 ι
1145 1111 1256 1164 Kal
1285 1110 1482 1176 ἐπάγει
1501 1126 1513 1137 ·
1540 1127 1558 1159 ι
1584 1107 1772 1176 Ἡμεῖς
1792 1105 1850 1159 δὲ

282 1209 340 1262 οὐ
369 1207 430 1259 τὸ
459 1203 679 1274 πνεῦμα
705 1201 798 1255 τοῦ
829 1200 1036 1271 κόσμου
1067 1199 1356 1269 ἐλάϐομεν,
1381 1198 1513 1252 ἀλλά
1542 1197 1602 1249 τὸ
1625 1195 1850 1266 Πνεῦμα

278 1297 340 1350 τὸ
370 1298 432 1350 ὲκ
463 1293 558 1348 τοῦ
583 1292 740 1358 Θεοῦ,
772 1291 858 1345 ἵνα
887 1290 1086 1360 ἴδωμεν
1132 1290 1199 1343 τὰ
1230 1289 1334 1342 ὑπὸ
1381 1287 1476 1341 τοῦ
1523 1285 1658 1339 Θεοῦ
1689 1303 1847 1356 χαρι-

281 1386 476 1442 σθέντα
527 1387 682 1456 ήμῖν.
743 1403 762 1436 ι
809 1383 920 1435 Kal
971 1381 1175 1434 πάλιν·
1216 1399 1232 1432 ι
1281 1381 1343 1433 Εἰ
1376 1379 1554 1451 γὰρὴ
1605 1377 1850 1430 διακονία

278 1479 378 1547 τῆς
407 1476 784 1547 κατακρίσεως
834 1473 982 1538 δόξα,
1014 1471 1193 1542 πολλῷ
1237 1471 1435 1541 μᾶλλον
1472 1468 1782 1540 περισσεύει
1815 1469 1847 1538 ἡ

279 1569 518 1622 διακονία
548 1567 649 1636 τῆς
690 1565 1037 1637 δικαιοσύνης
1083 1565 1141 1616 ὲν
1181 1562 1326 1636 δόξῃ.
1380 1562 1488 1616 Kal
1518 1561 1626 1632 γὰρ
1655 1561 1713 1614 ού
1759 1559 1846 1614 δε⁶

280 1662 532 1727 δόξασται
585 1660 646 1713 τὸ
676 1657 1067 1728 δεδοξασμένον
1100 1659 1157 1710 ἐν
1189 1657 1361 1727 τούτῳ
1389 1655 1466 1725 τῷ
1504 1655 1680 1726 μέρει,
1729 1653 1846 1706 ἓνε-

280 1771 374 1808 κεν
401 1753 498 1823 τῆς
524 1748 970 1819 ὑπερϐαλλούσης
996 1748 1176 1819 δόξης.
1205 1751 1265 1802 Εἰ
1301 1748 1406 1818 γὰρ
1447 1747 1508 1800 τὸ
1540 1742 1848 1814 καταργού-

1962 561 2072 614 ulla
2105 559 2390 614 hominum
2443 560 2716 614 industria
2743 560 3098 616 fabrefactam
3123 574 3402 626 naturam.
3439 567 3532 621 ubi

1959 652 2139 716 Pater,
2172 651 2347 706 Filius
2380 660 2436 705 et
2466 650 2732 721 Spiritus,
2767 651 2929 708 sicuti
2958 652 3221 708 Romanis
3243 655 3377 710 dicit
3396 657 3536 710 Pau-

1963 743 2048 795 lus
2073 757 2172 811 per
2217 741 2504 812 epistolam
2533 761 2544 796 :
2582 762 2599 793 ι
2628 742 2869 798 Obsecro
2899 758 2999 798 vos
3028 760 3126 814 per
3155 746 3535 804 miserationes

1958 832 2077 897 Dei,
2133 841 2195 887 ut
2237 833 2548 888 exhibeatis
2577 849 2808 904 corpora
2838 843 3019 890 vestra
3059 821 3295 891 hostiam
3342 839 3534 893 viven-

1959 933 2090 987 tem,
2121 921 2334 994 1234
2375 931 2618 978 sanctam
2646 963 2660 990 ,
2693 925 3146 996 beneplacentem
3197 928 3330 992 Deo,
3369 931 3536 983 ratiu-

1956 1014 2140 1067 nabile
2191 1013 2515 1083 obsequium
2561 1022 2830 1080 vestrum,
2882 1025 2937 1072 et
2987 1017 3160 1072 nolite
3196 1018 3529 1074 conformari

1958 1104 2089 1158 huic
2115 1105 2336 1169 sazculo,
2369 1104 2462 1160 sed
2483 1106 2946 1162 transformamini
2981 1110 3036 1162 in
3064 1109 3304 1166 novitate
3339 1128 3536 1166 sensus

1957 1195 2147 1260 vestri,
2181 1205 2241 1250 ut
2287 1197 2531 1266 probetis
2580 1213 2677 1251 vos
2706 1213 2827 1266 qua:
2878 1200 2949 1253 sit
2976 1201 3230 1256 voluntas
3262 1202 3356 1256 Dei
3389 1203 3531 1258 bona

1957 1297 2013 1342 et
2044 1288 2410 1358 beneplacens
2439 1297 2494 1344 et
2534 1288 2780 1359 perfecta
2813 1291 2878 1344 θ’.
2921 1311 2938 1342 ι
2986 1292 3223 1346 Rursum
3254 1311 3266 1346 :
3309 1313 3326 1343 ι
3362 1294 3533 1349 Nobis

1958 1379 2107 1434 enim
2140 1379 2406 1435 revelavit
2430 1381 2578 1435 Deus
2613 1397 2712 1451 per
2744 1381 3006 1450 Spiritum
3040 1398 3198 1436 suum
3237 1401 3249 1437 :
3292 1383 3532 1454 Spiritus

1956 1473 2107 1527 enim
2139 1474 2320 1528 omnia
2373 1482 2674 1537 scrutatur,
2717 1475 2882 1528 etiam
2931 1475 3199 1544 profunda
3231 1477 3325 1530 Dei
3362 1495 3374 1531 :
3406 1478 3531 1548 quis

1954 1567 2102 1620 enim
2132 1566 2287 1622 novit
2315 1566 2624 1630 hominum,
2651 1582 2772 1636 quae
2812 1577 2940 1621 sunt
2972 1567 3234 1630 hominis,
3266 1569 3373 1624 nisi
3421 1571 3533 1640 spi-

1956 1659 2119 1724 ritus,
2165 1658 2376 1728 quiest
2409 1659 2464 1712 in
2506 1659 2618 1714 eo?
2663 1659 2743 1713 sic
2784 1667 2839 1712 et
2881 1675 3002 1728 quae
3031 1669 3160 1714 sunt
3193 1661 3324 1726 Dei,
3370 1679 3532 1716 nemo

1957 1752 2128 1816 novit,
2175 1751 2282 1807 nisi
2329 1750 2568 1821 Spiritus
2599 1751 2692 1820 qui
2728 1760 2812 1804 est
2859 1750 2912 1804 in
2945 1752 3055 1806 Deo
3097 1752 3161 1804 ⁸³.
3210 1771 3228 1803 ι
3268 1753 3481 1807 lnducit
3515 1771 3528 1807 :

281 1861 440 1916 μενον
477 1843 565 1896 διὰ
594 1841 771 1915 δόξης,
811 1840 991 1912 πολλῷ
1040 1841 1238 1911 μᾶλλον
1267 1840 1328 1894 τὸ
1363 1841 1523 1910 μένον
1555 1841 1611 1891 ὲν
1639 1837 1784 1910 δόξῃ.
1826 1856 1844 1888 ι

1961 1865 1979 1897 ι
2019 1845 2129 1899 Nos
2171 1851 2356 1898 autem
2400 1859 2510 1897 non
2549 1843 2803 1912 spiritum
2832 1842 3022 1896 mundi
3066 1843 3400 1912 accepimus,
3434 1845 3530 1898 sed

278 1934 388 1986 Kal
422 1932 596 1994 ἄλλως
620 1947 633 1964 ο
672 1951 690 1983 ι
731 1931 964 1983 Δικαίων
994 1929 1164 2000 ψυχαὶ⁸
1197 1930 1255 1982 ὲν
1283 1930 1428 1999 χειρὶ
1456 1927 1590 1981 Θεοῦ
1618 1943 1632 1960 ο
1663 1929 1758 1982 xal
1786 1928 1847 1981 οὐ

279 2026 353 2096 μὴ
380 2024 584 2095 ἅψηται
623 2022 801 2076 αὐτῶν
831 2021 1062 2093 βάσανος
1088 2039 1102 2053 ·
1135 2022 1185 2075 οἱ
1223 2022 1278 2075 δὲ
1309 2021 1446 2073 εἰσὶν
1481 2022 1538 2073 ὲν
1573 2020 1785 2093 εἰρήνῃ.
1825 2037 1844 2071 ι

275 2116 406 2176 Καὶ,
449 2133 466 2165 ι
519 2113 580 2167 Ἠ
626 2113 739 2184 ζωὴ
784 2113 962 2166 αὐτῶν
1020 2111 1321 2174 ἀθανασίας
1371 2109 1604 2180 πλήρης.
1663 2110 1849 2178 Ὀλίγα

272 2204 380 2274 γὰρ
424 2203 824 2266 παιδευθέντες,
860 2189 1110 2272 μεγάλως
1136 2201 1678 2272 εὐεργετηθήσονται.
1713 2201 1793 2253 ὅτι
1821 2200 1850 2252 ὁ

271 2296 403 2358 Θεὸς
438 2295 730 2364 ἐπείρασεν
759 2294 974 2359 αὐτοὺς,
999 2287 1157 2364 εὗρεν
1186 2294 1383 2356 αὐτοὺς
1415 2292 1596 2360 ἀξίους
1629 2291 1846 2358 ἑαυτοῦ,

274 2386 370 2438 καὶ
398 2384 475 2447 ὼς
503 2384 874 2455 ὁλοκάρπωμα
905 2385 1095 2448 θυσίας
1124 2383 1485 2456 προσεδέξατο
1508 2384 1724 2446 αὐτοὺς,
1753 2384 1847 2436 καὶ

272 2480 332 2528 εν
367 2475 544 2547 καιρῷ
580 2475 887 2544 ἐπισκοπῆς
932 2475 1094 2530 αὐτοῦ
1132 2475 1564 2545 ἀναλάμψουσιν.
1605 2493 1623 2525 ι
1664 2475 1775 2528 Kal
1819 2476 1848 2528 ὁ

271 2568 438 2624 Λαυῖδ
459 2582 474 2598 ’
519 2586 537 2620 ι
572 2568 683 2637 Τῆς
728 2567 966 2636 ἑσπέρας
995 2566 1380 2637 αύλισθήσεται
1413 2565 1707 2636 κλαυθμός.
1739 2565 1848 2619 Kal

272 2662 353 2723 είς
385 2660 446 2713 τὸ
489 2657 673 2731 πρωῒ,
703 2657 1044 2726 ἀγαλλίασις.
1085 2675 1104 2708 ι
1147 2658 1257 2711 Kal
1298 2657 1381 2721 τὸ,
1436 2676 1455 2709 ι
1492 2658 1758 2727 Ἐστησεν
1790 2659 1847 2710 ὲν

273 2749 575 2823 εὐρυχώρῳ
604 2749 730 2811 τοὺς
760 2748 927 2812 πόδας
958 2765 1083 2818 μου.
1123 2767 1142 2799 ι
1175 2749 1283 2802 Kal
1314 2749 1477 2802 πάλιν
1520 2750 1548 2800 ὁ
1587 2747 1846 2800 Ἀπόστο-

271 2841 364 2906 λος
389 2859 405 2876 ·
453 2843 544 2897 (El
577 2839 670 2898 οῦν
716 2840 1083 2912 συνηγέρθητε
1111 2841 1190 2912 τῷ
1235 2841 1477 2912 Χριστῷ,
1505 2839 1574 2894 τά
1607 2839 1720 2893 ἀνω
1747 2839 1846 2911 ζη-

271 2940 439 3004 τεῖτε,
478 2930 540 2991 οῦ
564 2939 590 2990 ό
616 2935 848 3007 Χριστός
877 2936 1026 2989 ἐστιν
1056 2936 1112 2988 ὲν
1145 2931 1294 3006 δεξιᾷ
1331 2931 1426 2988 τοῦ
1465 2933 1677 3002 Ila-cpe;
1714 2930 1846 2985 καθ-

273 3029 498 3096 ήμενος.
531 3028 610 3080 Τὰ
655 3028 769 3081 ἀνω
810 3030 1055 3097 φρονεῖτε
1080 3065 1096 3092 ,
1131 3026 1206 3097 μὴ
1252 3026 1320 3079 τὰ
1361 3027 1454 3078 ἐπὶ
1498 3025 1596 3094 τῆς
1641 3023 1764 3094 γῆς.
1821 3049 1840 3074 υ

272 3117 385 3171 Kal
417 3118 600 3172 πιίιλιν⁸
641 3119 813 3173 (Νυνὶ
837 3119 891 3172 δὲ
925 3118 1375 3188 ἐλευθερωθέντες
1405 3116 1512 3170 ἀπὸ
1535 3116 1632 3187 τῆς
1663 3117 1843 3186 ἀμαρ-

271 3210 418 3274 τίας,
469 3210 826 3274 δουλωθέντες
876 3211 933 3264 δὲ
973 3210 1053 3282 τῷ
1100 3209 1238 3281 Θεῷ,
1281 3209 1431 3280 ἔχετε
1485 3209 1577 3263 τὸν
1637 3209 1848 3280 καρπὸν

273 3303 434 3372 ὑμῶν
480 3304 559 3366 είς
605 3303 896 3374 ἁγιασμόν.
949 3303 1022 3357 Τὸ
1063 3303 1122 3356 δὲ
1172 3302 1345 3368 τέλος,
1395 3300 1508 3373 ζωὴ
1536 3300 1749 3365 αἰώνιος
1792 3302 1850 3354 ὲν

270 3393 498 3466 Χριστῷ
550 3393 721 3464 Ἰησοῦ
764 3394 841 3465 τῷ
873 3395 1062 3468 Κυρίῳ
1108 3392 1287 3464 ἡμῶν.
1337 3411 1355 3444 ι
1419 3393 1475 3444 '0
1523 3391 1580 3445 δὲ
1624 3392 1850 3466 Κύριος,

277 3505 300 3538 ο
352 3488 638 3541 Ἔστωσαν
682 3491 735 3540 al
778 3488 976 3558 ὀσφύες
1020 3489 1196 3559 ὑμῶν,
1240 3490 1425 3558 φησιν,
1478 3489 1850 3560 περιεζωσμέι

272 3594 383 3643 ναι,
415 3581 510 3632 καὶ
552 3580 599 3631 οἱ
643 3577 828 3648 λύχνοι
859 3579 1160 3650 καιόμενοι,
1201 3582 1297 3634 καὶ
1341 3581 1500 3650 ὑμεῖς
1537 3580 1713 3649 ὅμοιοι
1757 3581 1850 3632 ἀν-

273 3669 517 3741 θρώποις
563 3671 1016 3742 προσδεχομένοις
1058 3673 1149 3725 τὸν
1199 3671 1386 3741 κύριον
1431 3671 1679 3736 ἑαυτῶν,
1720 3671 1850 3724 πότε

270 3759 535 3812 ἀναλύσει
588 3761 653 3813 ὲκ
697 3760 806 3813 τῶν
853 3765 1081 3832 γάμων·
1121 3762 1208 3815 ἴνα
1251 3762 1516 3826 ἐλθόντος,
1565 3761 1661 3815 καὶ
1691 3761 1852 3833 κρού-

273 3868 490 3916 σαντος,
543 3853 743 3917 εὐθέως
797 3853 1083 3920 ἀνοίξωσιν
1133 3855 1300 3924 αὐτῷ,
1367 3873 1386 3906 ι
1447 3856 1557 3908 Kal
1614 3855 1843 3922 ἐπάγειο

275 3963 294 3994 ι
332 3944 610 4015 Μακάριοι
667 3945 715 3997 οί
763 3945 940 3998 δοῦλοι
972 3948 1186 4012 ἐκεῖνοι,
1233 3947 1326 4012 οὓς
1363 3949 1532 4002 ἐλθὼν
1572 3949 1600 4001 ό
1645 3949 1848 4021 Κύριος

270 4038 503 4106 εὑρήσει
544 4037 970 4108 γρηγοροῦντας.
1015 4038 1188 4109 Ἀμὴν
1217 4040 1358 4109 λέγω
1402 4041 1549 4110 ὑμῖν,
1582 4042 1664 4094 ὅτι
1699 4059 1850 4112 περι-

270 4127 535 4193 ζώσεται,
578 4132 671 4182 καὶ
715 4131 994 4183 ἀνακλινεῖ
1036 4132 1250 4197 αὐτοὺς,
1278 4133 1372 4184 καὶ
1413 4131 1695 4202 παρελθὼν
1732 4133 1849 4186 δια-

269 4222 506 4291 κονήσει
544 4223 749 4286 αὐτοῖς.
805 4240 824 4274 ι
877 4223 1035 4294 Αὐτῷ
1085 4225 1118 4293 ἡ
1165 4222 1292 4287 δόξα
1339 4225 1420 4286 είς
1445 4225 1571 4288 τοὺς
1620 4223 1845 4288 αἰῶνας.

280 4312 480 4381 Ἀμήν.

1954 1933 2222 2005 Spiritum
2243 1932 2338 2003 qui
2359 1949 2426 1987 ex
2455 1933 2567 1986 Deo
2598 1941 2700 1996 est,
2733 1943 2792 1984 ut
2827 1931 3063 1985 sciamus
3090 1947 3210 2000 quae
3239 1948 3266 1985 a
3297 1933 3410 1986 Dco
3436 1938 3532 1984 do-

1951 2035 2082 2082 nata
2113 2033 2241 2081 sunt
2282 2025 2444 2080 nobis
2479 2025 2543 2078 ‘l.
2583 2043 2600 2076 ι
2641 2025 2843 2077 lterum
2887 2039 2900 2077 :
2952 2041 2970 2074 ι
3021 2023 3078 2078 Si
3111 2022 3257 2077 enim
3291 2025 3532 2080 admini-

1951 2119 2146 2174 stratio
2192 2116 2564 2172 damnationis
2609 2116 2805 2186 gloria,
2872 2115 3046 2169 multo
3084 2115 3258 2186 magis
3285 2115 3532 2171 abundat

1953 2211 2360 2266 administratio
2393 2209 2622 2281 justitiaz
2656 2209 2710 2261 in
2752 2208 2966 2278 gloria:
3003 2222 3185 2278 neque
3220 2207 3370 2262 enim
3411 2207 3531 2278 glo-

1953 2303 2226 2358 riﬁcatum
2272 2311 2357 2358 est
2398 2301 2544 2371 quod
2599 2299 2799 2355 claruit
2855 2298 2912 2354 in
2958 2298 3061 2354 hac
3088 2307 3268 2369 parte,
3304 2307 3532 2368 propter

1951 2395 2314 2450 excellentem
2363 2392 2594 2462 gloriam
2642 2407 2656 2444 :
2702 2389 2746 2444 si
2796 2389 2942 2445 enim
3001 2387 3150 2459 quod
3200 2399 3527 2452 evacuatur,

1953 2503 2052 2557 per
2085 2484 2315 2556 gloriam
2361 2491 2466 2548 est,
2510 2482 2684 2536 multo
2715 2481 2889 2550 magis
2915 2481 3060 2550 quod
3106 2489 3291 2534 manet
3319 2480 3375 2533 in
3409 2480 3522 2550 glo-

1950 2578 2034 2632 ria
2064 2584 2148 2632 est
2180 2577 2295 2630 ⁵⁵.)
2321 2574 2478 2630 Alius
2509 2575 2636 2627 item
2669 2589 2682 2626 :
2724 2590 2742 2622 ι
2777 2573 3055 2628 Justorum
3092 2571 3286 2624 anima:
3314 2569 3370 2623 in
3405 2583 3527 2623 ma-

1949 2684 2024 2723 nu
2065 2668 2160 2723 Dei
2206 2674 2356 2731 sunt,
2403 2679 2506 2719 nec
2562 2662 2858 2733 aliquando
2892 2670 3074 2732 tanget
3126 2662 3248 2718 illos
3283 2670 3530 2716 tormen-

1953 2768 2088 2823 tum,
2125 2757 2203 2812 illi
2247 2766 2430 2811 autem
2465 2764 2593 2810 sunt
2633 2756 2688 2808 in
2734 2770 2865 2824 pace
2897 2755 2956 2809 “.
3001 2773 3020 2806 ι
3056 2754 3160 2808 Ει;
3204 2772 3222 2804 ι
3258 2753 3396 2824 Spes
3437 2768 3531 2807 eo-

1950 2867 2072 2904 rum
2098 2849 2510 2904 immortalitate
2541 2848 2698 2917 plena
2728 2863 2741 2898 :
2773 2847 2825 2899 in
2853 2846 3040 2915 paucis
3068 2847 3272 2911 vexati,
3311 2847 3365 2900 in
3390 2851 3531 2900 mul-

1952 2942 2022 2995 tis
2053 2941 2196 2995 bene
2230 2941 2628 3010 disponentur,
2665 2938 2791 3008 quia
2851 2939 2994 2994 Deus
3041 2939 3272 2995 tentavit
3330 2955 3426 2995 eos
3474 2949 3532 2995 et

1954 3031 2169 3085 invenit
2209 3031 2333 3084 illos
2377 3031 2574 3100 dignos
2605 3045 2684 3092 se,
2717 3040 2772 3083 et
2801 3029 2956 3098 quasi
3001 3029 3384 3084 holocaustum
3425 3030 3528 3084 ho-

1951 3123 2068 3178 stiae
2097 3121 2311 3190 accepit
2331 3121 2471 3182 illos,
2495 3120 2626 3174 etin
2653 3128 2894 3188 tempore
2923 3119 3262 3175 visitationis
3283 3120 3526 3190 ipsorqu

1952 3211 2400 3283 rcsplendescent
2432 3211 2499 3263 ⁸⁷.
2532 3230 2549 3261 ι
2578 3211 2746 3264 David
2775 3226 2994 3280 quoque
3033 3226 3046 3263 :
3086 3229 3103 3260 ι
3128 3209 3208 3264 Ad
3237 3227 3528 3280 vesperum

1948 3306 2328 3360 demorabitur
2375 3302 2558 3367 ﬂetus,
2589 3313 2644 3358 et
2691 3302 2755 3356 ad
2802 3303 3132 3356 matutinum
3167 3303 3358 3358 laetitia
3393 3301 3460 3359 ⁸⁸.
3501 3323 3523 3357 ι

1951 3397 2017 3451 Et
2047 3396 2182 3450 illud
2207 3397 2270 3449 ς’(
2298 3394 2552 3467 Statuisti
2573 3393 2626 3448 in
2654 3394 2775 3448 loco
2801 3394 3043 3463 spatioso
3068 3393 3236 3463 pedes
3254 3408 3404 3448 meos
3423 3395 3521 3449 ⁸³.»

1949 3488 2151 3542 lterum
2175 3496 2230 3542 et
2254 3485 2545 3556 Apostolus
2573 3503 2586 3538 :
2622 3503 2638 3535 ι
2668 3484 2721 3539 Si
2752 3486 2918 3555 igitur
2941 3486 3370 3539 consurrexistis
3401 3501 3527 3540 cum

1947 3580 2187 3644 Christo,
2230 3594 2352 3648 qua:
2400 3592 2620 3631 sursum
2668 3586 2796 3631 sunt
2841 3579 3097 3646 quzerite,
3140 3577 3236 3630 ubi
3269 3577 3527 3632 Christus

1951 3679 2035 3724 est
2069 3669 2124 3721 iu
2157 3667 2379 3721 dextera
2424 3666 2518 3719 Dei
2550 3664 2749 3720 sedens
2784 3683 2796 3718 :
2833 3681 2957 3734 quae
3006 3680 3227 3718 sursum
3276 3675 3405 3719 sunt
3436 3679 3526 3717 sa-

1951 3761 2086 3830 pite,
2120 3775 2231 3812 non
2264 3772 2384 3828 quae
2411 3773 2578 3827 super
2610 3765 2814 3811 terram
2853 3757 2918 3808 7°.
2957 3775 2974 3807 ι
3011 3757 3224 3810 Rursus
3253 3773 3264 3809 ε
3311 3774 3328 3805 ι
3371 3755 3528 3809 Nunc

1958 3860 2142 3906 autent
2177 3849 2395 3904 liberali
2425 3865 2455 3902 a
2483 3858 2728 3918 peccato,
2748 3848 2891 3901 servi
2929 3848 3053 3902 facti
3079 3847 3320 3911 Christo,
3351 3846 3525 3900 habe—

1958 3944 2029 3997 tis
2056 3943 2293 3996 fructum
2319 3952 2564 3995 vestrum
2589 3941 2642 3994 in
2667 3939 3180 4003 sanctiﬁcationem,
3202 3938 3366 3992 ﬁnem
3391 3954 3532 3992 vero

1954 4034 2125 4086 vitam
2151 4043 2410 4087 aeternam
2440 4031 2494 4084 in
2528 4030 2748 4084 Christo
2769 4029 2896 4085 Jesu
2933 4029 3162 4083 Domino
3196 4037 3387 4083 nostro
3417 4029 3516 4084 τί.»

1952 4122 2218 4176 Dominus
2266 4119 2395 4174 item
2433 4135 2445 4171 :
2491 4137 2508 4168 ι
2550 4118 2672 4173 Sint
2706 4118 2876 4171 lumbi
2927 4117 3095 4172 vestri
3144 4115 3423 4186 prazcincti
3467 4125 3531 4172 et

1953 4213 2190 4267 lucerna:
2243 4211 2523 4275 ardentes,
2571 4219 2629 4264 et
2679 4226 2778 4264 vos
2814 4209 3025 4262 similes
3073 4208 3393 4262 hominibus
3426 4224 3526 4262 ex-

1954 4301 2328 4371 Spectantibus
2357 4299 2643 4354 dominum
2695 4314 2876 4363 suum,
2909 4297 3130 4367 quando
3157 4307 3468 4352 revertatur
3493 4315 3524 4351 a

266 4405 505 4474 nuptiis,
570 4416 630 4461 ut
666 4422 793 4462 cum
834 4408 1049 4463 venerit
1104 4417 1162 4462 et
1213 4407 1548 4478 pulsaverit,
1619 4409 1872 4480 aperiant
1909 4409 1958 4463 ei
1985 4411 2050 4461 τ’.
2089 4429 2107 4460 ι
2142 4408 2356 4462 lnducit
2383 4425 2397 4460 :
2429 4427 2446 4458 ι
2475 4406 2624 4461 Beati
2653 4407 2798 4460 servi
2828 4405 2902 4458 illi
2937 4421 3076 4475 quos
3131 4421 3256 4460 cum
3314 4406 3528 4460 venerit

266 4503 534 4558 dominus
557 4542 572 4568 ,
611 4502 885 4558 invenerit
933 4503 1240 4573 vigilantes.
1292 4505 1464 4558 Amen
1529 4505 1652 4560 dico
1693 4503 1872 4569 vobis,
1911 4503 2057 4574 quod
2098 4502 2488 4572 circumcinget
2521 4515 2579 4555 se
2614 4509 2669 4554 ct
2704 4499 3050 4554 discumbere
3115 4513 3211 4554 eos
3248 4496 3442 4564 faciet,
3467 4507 3530 4554 et

270 4597 550 4654 transiens
576 4596 914 4652 ministrabit
945 4597 1054 4651 illis
1077 4597 1143 4651 ⁷³.
1175 4616 1197 4647 ›
1217 4597 1325 4668 Ipsi
1355 4597 1527 4668 gloria
1554 4598 1610 4653 in
1629 4597 1844 4654 saecula.
1880 4598 2076 4652 Amen.

836 4709 1061 4763 ΛΟΓΟΣ
1099 4711 1288 4778 Ριςςν.

728 4820 866 4890 Περὶ
907 4820 1186 4886 κλήσεως
1222 4821 1391 4877 Θεοῦ.

341 4931 453 4986 Τοῦ
476 4932 683 5004 Κυρίου
705 4933 800 4986 καὶ
827 4933 960 4986 Θεοῦ
978 4931 1268 4997 καλοῦντος
1296 4933 1464 5004 ἡμᾶς,
1485 4932 1572 4987 διά
1590 4951 1649 4986 τε
1680 4932 1844 5003 νόμου

269 5025 366 5079 καὶ
399 5024 717 5095 προφητῶν,
747 5027 844 5077 καὶ
891 5025 1229 5089 ἀποστόλων,
1271 5023 1366 5078 καὶ⁵
1416 5023 1839 5092 εὐαγγελιστῶν,

272 5114 477 5184 μᾶλλον
532 5113 590 5167 δὲ
632 5113 726 5167 καὶ
777 5114 1246 5186 παρακαλοῦντος,
1284 5113 1346 5167 ού
1407 5113 1625 5184 θεμιτὸν
1671 5113 1840 5183 ἡμᾶς,

268 5206 362 5260 διὰ
399 5205 672 5277 ῥᾳθυμίας
699 5205 795 5258 καὶ
824 5207 1147 5278 χαυνότητος
1174 5207 1534 5276 καταφρονεῖν
1570 5204 1668 5275 τῆς
1696 5205 1845 5257 ὲντο-

268 5289 373 5359 λῆς
407 5291 592 5356 αὑτοῦ,
621 5292 717 5346 καὶ
744 5292 966 5363 ἀμελεῖν
1011 5295 1107 5365 τῆς
1147 5295 1355 5350 ἑαυτῶν
1395 5294 1688 5364 σωτηρίας.
1724 5293 1844 5348 Ἷνα

273 5383 353 5453 μὴ
385 5382 472 5436 διὰ
506 5384 607 5453 τῆς
657 5382 986 5454 βραδυτῆτος
1027 5385 1473 5457 ἀποκλεισθῶμεν
1499 5384 1595 5439 τοῦ
1620 5385 1844 5456 νυμφῶ-

268 5488 384 5536 νος,
418 5475 513 5526 xal
551 5473 904 5544 στερηθῶμεν
931 5473 1024 5526 τοῦ
1064 5473 1401 5545 ποθουμένου
1445 5474 1677 5546 νυμφίου
1702 5490 1717 5504 ⁸
1750 5477 1843 5530 καὶ

1878 4697 1929 4753 D

2327 4705 2537 4775 1235
2575 4701 2859 4760 HOMILIA
2901 4701 3140 4758 CXXVI.

2478 4817 2555 4871 De
2583 4818 2852 4871 vocatione
2880 4816 2996 4872 Dei.

2043 4932 2310 4987 Dominus
2340 4946 2404 4985 ac
2441 4931 2588 4985 Deus
2628 4938 2817 4984 noster
2840 4945 2964 4984 cum
3003 4945 3104 4985 nos
3125 4929 3194 4984 ad
3237 4947 3294 4987 se
3325 4929 3527 4988 invitet

1954 5038 2055 5094 per
2081 5023 2283 5093 legem,
2318 5038 2416 5092 per
2459 5023 2782 5094 prophetas,
2821 5037 2920 5092 per
2955 5022 3233 5091 apostolos
3267 5031 3322 5078 et
3357 5039 3529 5078 evan-

1951 5111 2178 5183 gelistas
2212 5111 2494 5181 (obsecrat
2526 5112 2717 5166 verius
2745 5121 2797 5165 et
2827 5109 3127 5182 hortatur),
3165 5127 3326 5182 quam
3367 5113 3528 5168 nefa-

1951 5204 2097 5258 rium
2145 5219 2208 5258 ac
2243 5203 2530 5274 piaculare
2573 5204 2763 5269 fuerit,
2799 5219 2899 5259 nos
2930 5204 3291 5274 contemptim
3342 5213 3528 5260 trans—-

1951 5298 2174 5352 mittere
2204 5295 2500 5366 imperium
2532 5294 2753 5350 Domini
2792 5303 2901 5349 tam
2939 5295 3246 5360 clementis,
3286 5305 3396 5349 tam
3424 5294 3526 5349 be-

1949 5387 2129 5457 nigni,
2173 5400 2360 5442 crassa
2394 5385 2630 5455 quadam
2692 5385 2966 5449 socordia,
3003 5385 3170 5439 animi
3215 5385 3428 5439 lentore
3460 5401 3528 5439 ac

1951 5478 2219 5534 mollitie?
2243 5477 2377 5533 Tam
2403 5478 2602 5548 supine
2629 5485 2685 5532 et
2715 5477 3017 5533 oscitanter
3044 5477 3328 5549 propriam
3364 5477 3528 5532 nihili

348 5604 711 5682 on_pqm__§u,
751 5605 802 5672 1,
971 5610 1061 5682 {3!
1096 5610 1221 5682 Cor.
1249 5627 1304 5675 ιι,
1349 5612 1436 5676 l0,
1473 5611 1568 5682 il.
1609 5608 1688 5682 A'f
1715 5609 1848 5666 ibid.

1953 5616 1979 5682 ι.
2057 5612 2102 5644 ⁸⁵
2131 5612 2174 5666 ll
2200 5578 2328 5667 Cor.
2353 5628 2432 5679 ιιι,
2466 5611 2622 5666 9-H.
2697 5611 2761 5682 “_
2785 5612 2912 5682 Sap.
2953 5610 3122 5682 1a,}.
3159 5609 3244 5682 if"
3277 5608 3418 5682 ibid.
3449 5611 3524 5682 2-

406 5675 451 5709 ⁸⁸
486 5678 626 5732 Psal.
656 5691 800 5745 χχιχ,
831 5681 885 5736 6.
962 5681 1007 5714 ⁸⁸
1038 5680 1178 5736 Psal.
1210 5697 1335 5748 nx,
1380 5675 1438 5736 9.

271 5763 308 5800 ο
348 5784 368 5800 .

270 5763 368 5804 Ol.

1532 5681 1574 5713 '°
1597 5678 1808 5738 Coloss.
1845 5699 1848 5735 ;

1957 5681 2007 5746 l,
2045 5682 2101 5736 2.
2179 5683 2222 5714 ⁷⁸
2258 5682 2417 5737 Rom.
2445 5697 2518 5749 v1,
2550 5682 2640 5737 22.
2675 5685 2720 5718 ⁷⁸
2749 5678 2882 5740 Luc.
2910 5697 3006 5746 xu,
3036 5681 3126 5746 35,
3156 5680 3244 5736 56.
3321 5680 3364 5711 "
3385 5681 3518 5735 ibid.
