4040 6516
580 338 715 402 1827

1852 335 2214 398 ANTIOCHI
2255 339 2601 400 MONACHI

3717 346 3836 412 1828

576 454 781 508 ducere
822 451 1079 514 salutem,
1114 459 1176 504 ut
1207 466 1275 505 ne
1305 450 1393 505 vel
1427 451 1646 505 tantillo
1695 459 1946 520 tempore
1974 451 2150 505 exclu-

2266 451 2438 505 πολλὰ
2486 453 2841 523 κρούσαντες,
2875 453 3156 525 ἄπρακτοι
3192 457 3466 529 μείνωμεν
3498 461 3834 526 στενάζοντες

583 545 785 599 damur
807 542 1004 612 Sponsi
1039 542 1192 595 aditu
1221 559 1235 594 :
1263 542 1462 611 Sponsi
1493 542 1765 613 (inquam)
1818 541 2163 596 desiderabi-

576 634 646 688 lis
685 633 824 688 adeo
879 632 1168 702 modisque
1215 634 1479 687 omnibus
1543 631 1842 702 expetendi
1897 631 2162 684 fruitione

576 725 920 794 spoliemur?
951 724 1020 780 Ut
1051 739 1176 778 cum
1207 725 1356 778 fores
1408 723 1616 777 ictibus
1653 722 1854 777 crebro
1903 720 2160 791 repetitis

576 817 1017 887 pulsaverimus,
1083 817 1238 870 nullo
1299 823 1495 870 nostro
1545 815 1732 869 fructu
1785 813 2161 877 desideamus,

576 909 879 980 suspiriose
941 925 1042 979 per
1109 909 1254 964 hanc
1316 917 1559 963 nostram
1604 907 1878 980 ignaviam
1927 905 2164 976 ingemi-

575 1002 833 1058 scentes?
866 1001 1010 1067 Quin
1045 1002 1233 1071 potius
1269 1000 1494 1071 (fratres
1545 1001 1678 1072 mei)
1721 999 1992 1055 alacriore
2036 1008 2162 1052 uta-

574 1109 702 1147 mur
741 1093 949 1160 studio,
990 1103 1046 1148 et
1082 1093 1135 1148 in
1168 1093 1223 1148 id
1259 1094 1359 1148 toti
1408 1093 1798 1149 incumbamus
1825 1101 1886 1146 ut
1909 1092 2164 1160 aliquan-

573 1186 646 1240 do
694 1187 858 1241 detur
899 1187 1322 1256 apprehendere
1387 1202 1700 1258 supremam
1759 1186 1907 1240 illam
1954 1200 2160 1249 arcem,

574 1278 687 1333 imo
715 1279 997 1334 civitatum
1022 1278 1270 1332 omnium
1323 1287 1556 1333 matrem
1587 1287 1834 1333 nostram
1868 1275 2160 1331 sublimem

574 1373 727 1426 illam
755 1371 1087 1436 Jerusalem,
1118 1386 1242 1441 quae
1279 1386 1412 1426 sane
1461 1370 1710 1424 omnium
1747 1379 1998 1424 nostrum
2047 1384 2163 1422 ma-

575 1473 662 1518 ter
699 1471 805 1527 est,
858 1479 922 1517 ac
974 1463 1128 1533 regio
1173 1463 1501 1518 felicissime
1558 1461 1870 1515 viventium
1908 1477 1922 1513 :
1959 1460 2015 1513 in
2052 1476 2160 1528 qua

574 1555 668 1608 lux
707 1570 838 1609 suos
882 1571 1332 1625 quaquaversum
1378 1554 1598 1610 evibrat
1626 1561 1682 1608 et
1713 1553 2028 1624 eiaculatur
2064 1567 2160 1606 ra-

575 1647 718 1712 dios,
771 1649 1244 1720 inexstinguibilis
1314 1649 1404 1704 fax
1467 1648 1728 1720 refulget,
1782 1648 1880 1702 ubi
1964 1647 2162 1702 oculus

575 1739 808 1810 pervigil
843 1756 954 1800 non
1002 1739 1290 1805 dormitat,
1321 1740 1718 1810 bonorumque
1748 1740 1903 1793 nullo
1931 1737 2039 1794 ﬁne
2071 1740 2158 1792 in-

2265 542 2522 612 ἀνόνητα.
2568 543 2730 596 Ἀλλά
2788 543 3010 613 μᾶλλον,
3048 545 3294 616 ἀδελφοὶ,
3337 551 3404 620 τῇ
3456 551 3667 621 σπουδῇ
3714 569 3837 621 χρη-

2267 629 2514 702 σώμεθα,
2546 632 2632 685 ἵνα
2679 632 3084 704 καταλάϐωμεν
3124 634 3225 705 τὴν
3271 636 3608 706 ἀκρόπολιν·
3648 640 3837 707 μᾶλλον

2263 722 2319 777 δὲ
2348 725 2448 796 τὴν
2482 726 2640 797 ἡμῶν
2673 727 3008 798 μητρόπολιν
3031 727 3130 798 τὴν
3156 727 3268 782 ἄνω
3300 729 3681 800 Ἰερουσαλὴμ,
3723 733 3833 802 ἣτις

2264 819 2414 872 ἐστὶν
2450 821 2634 890 μήτηρ
2675 821 2896 875 πάντων
2917 821 3097 891 ἡμῶν,
3121 822 3221 887 τὴν
3246 824 3356 877 τῶν
3385 825 3606 890 ζώντων
3640 825 3834 898 χώραν·

2267 912 2326 965 ὲν
2423 912 2482 964 τὸ
2512 911 2627 980 φῶς
2645 913 2744 982 τῆς
2771 911 2918 982 ζωῆς
2950 915 3310 982 καταυγάξει,
3334 919 3362 969 ὀ
3395 917 3663 980 άσῦεστος
3710 917 3836 988 λαμ-

2264 1004 2430 1074 πτὴρ,
2473 1006 2501 1056 ὁ
2533 1004 2835 1074 ἀκοίμητος
2883 1005 3183 1076 ὀφθαλμὸς,
3223 1008 3252 1058 ὁ
3295 1006 3406 1059 τῶν
3436 1009 3676 1062 αἰωνίων
3715 1010 3839 1077 ἁγα-

2265 1093 2375 1146 θῶν
2414 1095 2670 1165 χορηγός.
2715 1095 2843 1149 Ἐάν
2883 1094 2999 1158 οῦν,
3048 1097 3347 1168 ἀγαπητοὶ,
3381 1100 3520 1167 μετὰ
3556 1099 3726 1168 φόϐου
3753 1102 3841 1152 καὶ

2265 1185 2453 1251 πόθου,
2484 1186 2579 1239 καὶ
2611 1188 2928 1257 παρρησίας
2956 1188 3346 1259 προσέλθωμεν
3368 1191 3444 1259 τῷ
3471 1191 3670 1263 ἀγαθῷ
3694 1192 3841 1262 ἡμῶν

2263 1278 2530 1350 Δεσπὸτῃ,
2570 1279 2688 1332 ἐκεῖ
2731 1279 2980 1351 ὀψόμεθα
3019 1282 3202 1334 πᾶσαν
3250 1282 3416 1351 φύσιν
3496 1285 3751 1353 ἀγγέλων
3784 1302 3839 1338 τε

2266 1377 2361 1429 καὶ
2395 1377 2776 1448 ἀρχαγγέλων,
2824 1379 2918 1433 καὶ
2955 1381 3261 1451 δυνάμεων,
3303 1383 3397 1434 καὶ
3435 1380 3723 1446 ἐξουσιῶν,
3755 1381 3843 1431 καὶ

2263 1470 2330 1521 τά
2365 1468 2464 1521 ἀπ’
2498 1470 2696 1532 αἰῶνος
2721 1472 3074 1543 τετηρημένα
3107 1475 3324 1546 ἄρρητα
3358 1473 3544 1542 ἀγαθά
3568 1475 3685 1535 τοῖς
3713 1474 3842 1539 ἁγα-

2265 1559 2377 1624 θοῖς
2419 1561 2605 1617 αὐτοῦ.
2651 1563 2808 1617 ’Ὀσοι
2852 1565 2962 1634 γὰρ
3005 1566 3238 1637 ἐρασταὶ
3286 1566 3548 1634 γεγόνασι
3595 1563 3698 1632 τῆς
3737 1566 3840 1618 ἄνω

2273 1649 2656 1724 Ἰερουσαλὴμ,
2692 1655 2749 1723 ἐξ
2780 1657 2953 1726 αὐτῆς
2989 1657 3315 1728 θηλάσουσιν
3339 1659 3435 1710 καὶ
3469 1657 3841 1728 τρυφὴσουσιν

2265 1746 2373 1798 ἀπὸ
2409 1747 2631 1816 μασθῶν
2682 1749 3087 1820 παρακλήσεως
3134 1749 3326 1820 αὐτῆς,
3357 1750 3452 1803 καὶ
3491 1749 3556 1800 ἐκ
3591 1749 3689 1800 τοῦ
3736 1765 3841 1819 χει-

574 1807 1046 1904 tercip'iendorum
1087 1833 1319 1903 largitor
1346 1834 1514 1888 Deus.
1545 1832 1602 1888 Si
1626 1807 1806 1903 igitur
1837 1831 2150 1903 (dilectissi-

2267 1839 2478 1908 μάῥρου
2521 1840 2620 1909 τῆς
2663 1840 2878 1912 τρυφῆς
2924 1841 3364 1912 ποτισθήσονται.
3401 1839 3562 1909 Αὐτῷ
3595 1835 3692 1892 οὖν
3719 1839 3838 1891 κολ-

575 1929 674 1996 mi)
707 1942 831 1981 cum
864 1926 1063 1980 timore
1089 1966 1102 1991 ,
1137 1925 1357 1980 ardenti
1408 1925 1714 1989 desiderio,
1761 1925 1925 1979 simul
1970 1933 2026 1980 et
2063 1940 2150 1980 co-

2259 1929 2513 2000 ληθῶμεν
2546 1930 2624 2001 τῷ
2659 1934 2914 2003 φήσαντι,
2951 1951 2970 1984 ι
3002 1933 3292 2002 Ἑγγῑσατέ
3347 1951 3459 2003 μοι,
3510 1933 3608 1985 καὶ
3675 1932 3839 1998 ὲγγιῶ

572 2018 707 2071 mite
754 2015 957 2070 fiducia
1004 2015 1362 2080 accedentes,
1433 2022 1545 2069 tam
1609 2015 1872 2070 clementi
1923 2015 2150 2068 Domino

2261 2020 2412 2089 ὑμῖν.
2446 2039 2465 2072 ι
2508 2021 2755 2092 Εῖξωμεν
2789 2025 2870 2094 τῷ
2909 2024 3181 2096 νομοθέτῃ
3207 2023 3285 2093 τῷ
3315 2024 3605 2091 φάσκοντι,
3658 2041 3678 2073 ι
3720 2023 3839 2075 Ἐὰν

572 2106 1014 2180 prociderimus,
1059 2106 1176 2162 illic
1237 2107 1603 2177 contemplari
1664 2107 1854 2162 licebit
1904 2117 2150 2162 naturam

2259 2110 2536 2181 ἀκούσητε
2576 2111 2677 2181 τῆς
2706 2112 2892 2182 φωνῆς
2930 2130 3054 2182 μου,
3088 2112 3277 2166 ἔσεσθέ
3314 2131 3403 2183 μοι
3443 2113 3573 2176 λαὸς
3618 2114 3841 2183 περιού-

571 2217 791 2256 omnem
850 2199 1211 2271 angelorum,
1253 2199 1753 2270 arcliangelorum,
1796 2200 2067 2255 virtutum
2105 2209 2150 2255 et

2263 2215 2397 2260 σιος,
2442 2200 2710 2270 βασίλειον
2753 2204 3074 2274 ἱεράτευμα,
3119 2202 3271 2266 ἔθνος
3321 2205 3498 2272 ἆγιον,
3544 2205 3642 2256 καὶ
3683 2204 3839 2272 ἁγια-

571 2302 933 2364 potestatum,
970 2291 1212 2360 denique
1242 2292 1388 2346 bona
1426 2291 1728 2346 ineffabilia
1773 2308 1895 2362 quae
1926 2292 2160 2363 diligen-

571 2387 722 2442 tibus
757 2387 929 2440 Deum
981 2384 1141 2439 initio
1195 2385 1384 2439 statim
1436 2385 1646 2439 Conditi
1689 2385 1878 2440 saaculi
1926 2401 2156 2440 conser-

566 2486 691 2533 vata
723 2487 871 2533 sunt.
901 2477 1181 2546 Quotquot
1215 2477 1368 2531 enim
1403 2477 1690 2532 caelestem
1746 2478 1894 2532 illam
1925 2479 2154 2534 Jerusa-

565 2573 675 2626 lem
703 2587 769 2625 ex
799 2571 984 2625 animo
1013 2569 1352 2634 dilexerunt,
1371 2585 1438 2625 ex
1456 2586 1520 2625 ea
1551 2587 1776 2626 succum
1804 2572 1962 2626 lactis
1987 2587 2154 2626 exsu-

533 2671 536 2674 ‘
565 2673 718 2734 gent,
750 2664 1224 2734 oblectabuntque
1256 2677 1314 2717 se
1342 2664 1412 2718 ab
1445 2664 1716 2720 uberibus
1753 2667 2154 2721 consolationis

563 2757 706 2826 ejus,
741 2764 797 2810 et
832 2756 1054 2810 abunde
1083 2771 1142 2810 se
1170 2756 1432 2825 proluent
1464 2772 1529 2811 ac
1564 2757 1878 2813 invitabunt
1905 2766 2152 2814 torrente

568 2847 890 2916 voluptatis.
923 2848 1030 2917 Ipsi
1085 2847 1258 2919 igitur
1308 2849 1649 2903 accollemur
1700 2857 1756 2904 et
1807 2850 2152 2905 adlueresca-

569 2955 715 3003 mus,
744 2939 792 2993 ei
824 2937 920 3008 qui
951 2939 1091 2992 dixit
1124 2957 1168 2992 ει
1192 2938 1648 3009 Appropinquate
1679 2940 1837 3006 mihi,
1867 2949 1923 2996 et
1950 2955 2151 3010 appro-

565 3029 850 3100 pinquabo
880 3029 1038 3084 vobis
1060 3031 1127 3083 ⁷⁸.
1157 3049 1176 3081 ι
1219 3029 1302 3084 Ad
1347 3030 1504 3085 illum
1535 3047 1637 3087 nos
1683 3032 2021 3102 recipiamus
2053 3032 2150 3102 qui

560 3122 738 3191 legem
787 3121 972 3176 sanxit
1003 3138 1017 3175 :
1054 3142 1072 3173 ι
1100 3123 1158 3178 Si
1191 3123 1488 3179 audieritis
1527 3140 1720 3179 vocem
1757 3140 1959 3189 meam,
1991 3125 2148 3180 eritis
2174 3159 2216 3217 ο

561 3213 700 3268 mihi
741 3214 983 3284 populus
1014 3215 1339 3282 peculiaris,
1373 3216 1556 3285 regale
1583 3214 1981 3278 sacerdotium,
2013 3230 2148 3286 gens

564 3316 775 3370 sancta,
807 3312 864 3359 et
894 3305 1396 3372 sanctificabimini,
1442 3315 1498 3361 et
1543 3308 1704 3362 eritis
1755 3307 1890 3360 mihi
1946 3306 2145 3373 sancti,

566 3396 699 3466 quia
738 3411 839 3466 ego
879 3405 1106 3450 sanctus
1156 3397 1425 3452 Dominus
1468 3399 1616 3454 Deus
1665 3409 1853 3454 vester
1875 3399 1943 3453 ³³⁵.
1975 3417 1993 3449 ι
2031 3398 2143 3452 Ει;

569 3509 587 3541 ι
617 3489 693 3543 Te
745 3489 967 3560 praelegi
1007 3488 1140 3543 mihi
1184 3488 1290 3560 ipsi
1366 3490 1422 3544 in
1483 3492 1749 3562 populum
1802 3491 2144 3562 peculiarem

557 3589 762 3651 praeter
810 3595 1005 3636 omnes
1055 3582 1329 3652 gentes".
1359 3599 1376 3632 ι
1429 3581 1711 3652 Sapientia
1754 3583 1986 3652 proinde
2013 3582 2092 3637 ait
2127 3600 2141 3636 :

565 3690 586 3722 ι
610 3669 871 3724 Accedite
899 3670 967 3723 ad
1009 3685 1096 3724 me
1129 3671 1222 3740 qui
1254 3672 1657 3740 concupiscitis
1685 3689 1792 3738 me,
1821 3682 1878 3728 et
1908 3689 1938 3726 a
1969 3689 2142 3744 gene-

559 3759 870 3813 rationibus
896 3757 1035 3812 meis
1063 3759 1374 3828 implemini
1395 3761 1464 3812 ⁷⁷.
1499 3780 1516 3811 ι
1549 3760 1618 3814 Et
1645 3777 1658 3813 :
1699 3780 1716 3812 ι
1741 3761 2005 3816 Memoria
2033 3763 2141 3817 mei

558 3867 728 3920 super
755 3849 864 3904 mel
901 3849 1101 3916 dulcis,
1135 3849 1232 3920 qui
1267 3849 1444 3906 edunt
1491 3867 1602 3917 me,
1637 3852 1820 3908 adhuc
1869 3853 2139 3918 esurient,

557 3952 616 3998 et
654 3943 747 4012 qui
785 3943 985 3996 bibunt
1027 3957 1136 4008 me,
1176 3943 1361 3997 adhuc
1392 3944 1587 3999 sitient
1615 3961 1628 3997 :
1659 3961 1788 3999 nam
1839 3945 1935 4015 qui
1987 3946 2142 4000 audit

555 4049 671 4098 me,
707 4049 995 4103 nunquam
1024 4033 1488 4091 confundetur".
1515 4054 1534 4085 ι
1577 4035 1782 4090 Iterum
1821 4052 1834 4088 :
1880 4055 1897 4086 ι
1922 4036 2137 4099 Venite,

553 4125 832 4181 comedite
859 4140 1059 4194 panem
1093 4140 1300 4189 meum,
1340 4133 1398 4179 et
1428 4124 1601 4180 bibite
1632 4126 1823 4180 vinum
1855 4125 2002 4196 quod
2037 4126 2140 4180 mi-

549 4219 676 4274 .scui
711 4217 869 4272 vobis
900 4234 913 4269 :
946 4217 1321 4287 derelinquite
1381 4211 1674 4272 stultitiam
1732 4227 1794 4272 ut
1831 4217 2053 4284 vivatis,
2084 4227 2141 4273 et

560 4312 789 4382 quaerite
843 4310 898 4364 in
941 4310 1319 4381 cognitionem
1370 4311 1794 4382 intelligentiam
1817 4313 1884 4364 "'.
1917 4331 1935 4362 ι
1966 4310 2137 4366 David

560 4403 690 4456 item
727 4417 739 4454 :
777 4421 796 4454 ‹
825 4401 1086 4457 Accedite
1104 4402 1171 4457 ad
1199 4417 1325 4456 eum
1351 4410 1408 4457 et
1441 4403 1858 4465 illuminamini,
1890 4414 1947 4458 et
1968 4402 2138 4458 facies

2262 2290 2552 2362 σθήσεσθε,
2587 2294 2680 2346 καὶ
2709 2293 2900 2348 ἐσεσθέ
2933 2313 3023 2364 μοι
3054 2295 3222 2363 ἅγιοι,
3253 2296 3334 2348 ὅτι
3384 2295 3495 2363 ἐγὼ
3538 2297 3697 2362 ἅγιος
3730 2296 3838 2348 K6-

2263 2401 2378 2454 ριος
2413 2387 2441 2437 ὁ
2468 2385 2597 2448 Θεὸς
2631 2386 2806 2456 ὑμῶν.
2838 2406 2856 2440 ι
2898 2388 3030 2452 Καὶ,
3063 2408 3079 2438 ι
3101 2387 3168 2440 Σὲ
3215 2386 3564 2459 προειλάμην
3595 2388 3836 2457 ἐμαυτῷ,

2256 2475 2382 2529 λαὸν
2417 2477 2751 2548 περιούσιον,
2788 2480 2940 2550 παρὰ
2973 2475 3156 2533 πάντα
3185 2479 3257 2533 τὰ
3301 2479 3452 2549 ἔθνη.
3487 2499 3504 2529 ι
3545 2481 3610 2531 'H
3646 2479 3705 2532 δὲ
3744 2480 3838 2531 Σο-

2257 2569 2355 2639 φία
2395 2569 2578 2640 φησιν,
2615 2589 2632 2622 ι
2660 2570 2996 2642 Προσέλθετε
3043 2573 3178 2643 πρός
3211 2589 3305 2642 με,
3343 2573 3392 2624 οι
3442 2570 3837 2640 ἐπιθυμοῦντες

2259 2679 2348 2731 με,
2375 2665 2471 2716 καὶ
2504 2663 2613 2716 άπὸ
2647 2664 2756 2716 τῶν
2783 2665 3144 2734 γεννημάτων
3178 2681 3279 2734 μου
3313 2663 3834 2735 ὲμπλησθήσεσθε..

2199 2789 2209 2800 η
2253 2784 2324 2797 -
2362 2774 2379 2805 ι
2410 2754 2482 2806 Τὸ
2501 2754 2607 2826 γὰρ
2646 2756 2990 2826 μνημόσυνόν
3015 2772 3137 2824 μου,
3189 2757 3329 2826 ὑπὲρ
3369 2755 3512 2826 μέλι,
3553 2755 3751 2824 γλυκύ.
3777 2757 3836 2808 οι

2253 2847 2529 2910 ἐσθίοντες
2566 2865 2654 2917 με,
2689 2848 2769 2900 ἔτι
2795 2849 3150 2901 πεινάσουσιν
3171 2864 3184 2877 ·
3211 2847 3410 2902 οὐκοῦν
3446 2848 3541 2900 καὶ
3573 2849 3622 2900 οἱ
3658 2848 3838 2900 πίνον·

2253 2937 2343 3000 τές
2388 2954 2480 3006 με,
2523 2937 2605 2990 ἔτι
2636 2938 2974 3008 διψήσουσιν.
3027 2940 3086 2991 Ὀ
3116 2940 3408 2992 ὑπακούων
3447 2957 3573 3009 μου,
3609 2940 3717 2992 οὐκ
3757 2941 3836 2993 αἱ·

2254 3025 2615 3098 σχυνθήσεται
2657 3028 2744 3080 διὰ
2767 3029 2986 3091 παντός.
3017 3047 3035 3079 ι
3072 3029 3181 3080 Καὶ
3229 3030 3392 3083 πάλιν
3410 3029 3435 3060 ”
3465 3048 3483 3081 ι
3509 3029 3704 3096 Δεῦτε,
3739 3031 3836 3096 φά-

2251 3133 2377 3185 γετε
2427 3118 2518 3170 τὸν
2567 3119 2698 3189 ἐμὸν
2739 3120 2924 3190 ἄρτον,
2962 3120 3058 3173 καὶ
3103 3120 3260 3173 πίετε
3298 3121 3392 3173 τὸν
3439 3114 3585 3174 οἶνόν
3613 3140 3741 3190 μου,
3779 3123 3834 3175 ὃν

2251 3209 2532 3280 κεκέρακα
2579 3210 2740 3280 ὑμίνο
2781 3211 3106 3265 ἀπολείπετε
3148 3213 3483 3283 ἀφροσύνην,
3538 3215 3636 3265 καὶ
3679 3213 3835 3282 {ﬁss-

2249 3298 2363 3352 σθε.
2407 3299 2518 3352 Καὶ
2567 3297 2783 3369 ζητεῖτε
2826 3301 2885 3352 ἐν
2934 3301 3136 3368 γνώσει
3186 3303 3430 3365 σύνεσιν,
3459 3321 3478 3353 ι
3540 3301 3657 3372 [Eva
3707 3302 3833 3372 βιὼ-

2250 3390 2429 3463 σητε.]
2467 3391 2578 3444 Kal.
2608 3393 2636 3445 ὁ
2663 3392 2830 3445 Δαυῖδ
2848 3409 2861 3422 ·
2909 3414 2926 3444 ι
2955 3393 3290 3464 Προσὲλθετε
3340 3395 3478 3465 πρὸς
3525 3395 3721 3457 αὐτὸν,
3748 3395 3838 3448 καὶ

2249 3481 2584 3552 φωτίσθητε,
2622 3482 2719 3534 καὶ
2764 3483 2834 3535 τὰ
2878 3483 3145 3554 πρόσωπα
3201 3483 3357 3553 ὑμῶν
3391 3486 3455 3536 οὐ
3514 3488 3594 3554 μὴ
3637 3501 3834 3537 καταιο

2247 3572 2474 3644 σχυνθῇ.
2517 3591 2536 3623 ι
2569 3573 2680 3626 Καὶ
2709 3575 2736 3626 ὁ
2778 3573 3131 3637 Ἀπόστολος’
3167 3593 3185 3624 ι
3213 3575 3275 3626 El
3315 3569 3408 3627 οῦν
3455 3573 3834 3644 συνηγέρθητε

2243 3666 2321 3736 τῷ
2352 3665 2593 3738 Χριστῷ,
2635 3666 2705 3718 τὰ
2749 3665 2860 3719 ἄνω
2890 3663 3124 3736 ζητεῖτε,
3157 3661 3219 3720 οῦ
3247 3667 3275 3718 ὁ
3302 3667 3539 3737 Χριστὸς
3585 3669 3741 3719 ἐστιν
3780 3669 3834 3717 ἐν

2243 3757 2393 3829 δεξιᾷ
2440 3756 2534 3810 τοῦ
2579 3755 2715 3809 Θεοῦ
2759 3756 3102 3826 καθήμενος.
3130 3775 3147 3808 ι
3207 3757 3317 3810 Καὶ
3366 3758 3604 3824 ἐπάγει·
3646 3776 3665 3808 ι
3692 3759 3833 3827 Ἀρι

2242 3847 2336 3902 οὖν
2365 3850 2464 3901 οὐκ
2512 3848 2594 3900 ἔτι
2643 3847 2768 3900 ἐστὲ
2803 3847 2966 3914 ξένοι,
2999 3850 3090 3902 καὶ
3122 3848 3399 3918 πάροικοι,
3443 3847 3587 3900 ἀλλὰ
3623 3865 3834 3918 συμπο-

2241 3942 2388 3995 λῖται
2431 3941 2541 3994 τῶν
2575 3943 2765 4010 ἁγίων.
2809 3941 2906 3995 καὶ
2950 3942 3142 3993 οἰκεῖοι
3170 3940 3265 3992 τοῦ
3303 3940 3463 3992 Θεοῦ.
3497 3938 3832 4009 Προσερχὼο

2246 4033 2385 4105 μεθα
2413 4030 2506 4088 οῦν
2536 4034 2674 4105 μετὰ
2697 4033 3011 4106 παρρησίας
3041 4032 3117 4102 τῷ
3146 4031 3320 4103 θρόνῳ
3343 4031 3444 4101 τῆς
3472 4032 3729 4103 χάριτος,
3752 4032 3832 4083 ἵνα

2241 4125 2498 4195 λάϐωμεν
2558 4126 2728 4190 ἔλεος,
2783 4128 2878 4178 καὶ
2925 4125 3082 4195 χάριν
3129 4124 3386 4195 εὕρωμεν
3431 4125 3514 4186 εἰς
3572 4122 3832 4192 εὔκαιρον

2243 4217 2557 4288 βοήθειαν.»
2603 4217 2661 4270 '0
2703 4217 2761 4270 δὲ
2807 4217 3193 4286 φιλάνθρωπος
3225 4215 3440 4286 Σωτὴρ,
3475 4215 3575 4267 καὶ
3629 4219 3659 4267 ὸ
3723 4214 3833 4266 K6-

2245 4327 2361 4382 ριος
2392 4310 2553 4381 ἡμῶν
2585 4309 2979 4382 προσκαλεῖται
3013 4309 3182 4380 ἡμᾶς,
3207 4306 3402 4374 λέγων·
3439 4323 3459 4357 ι
3480 4303 3653 4358 Δεῦτε
3695 4305 3834 4374 προς

2245 4419 2336 4473 με,
2363 4401 2566 4466 πάντες
2613 4403 2664 4455 ol
2701 4401 3022 4468 κοπιῶντες,
3063 4403 3157 4454 καὶ
3186 4397 3646 4468 πεφορτισμένοι,
3676 4395 3836 4465 κάγὼ

547 4501 752 4547 vestrae
783 4508 894 4547 non
940 4492 1441 4548 confundentur”.
1473 4511 1491 4544 ι
1528 4493 1830 4563 Apostolus
1861 4509 2085 4564 quoque
2114 4510 2127 4546 :

2252 4495 2546 4549 Ξιναπαύσω
2593 4496 2759 4566 ὑμᾶς.
2799 4496 3002 4565 Ἀρατε
3043 4493 3134 4546 τὸν
3180 4489 3344 4560 ζυγόν
3397 4507 3500 4560 μου
3534 4490 3626 4558 ἐφ’
3662 4490 3832 4558 ὑμᾶς.

552 4603 578 4633 ‹
598 4583 655 4638 Si
676 4583 844 4654 igitur
879 4583 1309 4638 consurrexistis
1330 4598 1455 4638 cum
1477 4582 1726 4650 Christo,
1765 4599 1889 4653 qua:
1908 4599 2128 4639 sursum

547 4685 685 4730 sunt
708 4676 961 4746 quaerite,
1007 4675 1100 4730 ubi
1119 4675 1374 4732 Christus
1397 4677 1453 4730 in
1471 4677 1664 4732 dextra
1686 4677 1781 4732 Dei
1801 4677 2003 4733 sedens
2027 4678 2094 4731 δι.
2111 4697 2128 4729 ι

549 4769 775 4840 1236
825 4769 1086 4823 Inducit:
1125 4769 1358 4839 «Itaque
1421 4785 1531 4824 non
1587 4771 1699 4840 jam
1766 4769 1904 4826 estis
1951 4770 2138 4840 hospi-

547 4869 637 4915 tes
687 4871 743 4914 et
784 4860 1032 4927 advenae,
1069 4861 1165 4916 sed
1211 4862 1470 4917 concives
1495 4869 1811 4937 sanctorum
1859 4873 1913 4918 et
1943 4863 2138 4917 dome-

547 4955 678 5008 stici
708 4954 804 5010 Dei
824 4955 890 5009 ⁸⁸.
922 4974 1019 5006 ι-
1044 4973 1061 5006 ι
1091 4953 1437 5009 Accedamus
1461 4954 1632 5025 igitur
1660 4969 1788 5009 cum
1821 4954 2028 5009 ﬁducia
2065 4953 2133 5009 ad

547 5045 812 5099 thronum
853 5047 1063 5118 gratim,
1101 5056 1164 5101 ut
1199 5048 1540 5119 accipiamus
1588 5046 2051 5113 misericordiam,
2080 5057 2137 5103 et

2241 4589 2337 4640 καὶ
2391 4586 2592 4658 μάθετε
2634 4587 2728 4640 ἀπ’
2765 4587 2902 4656 ἐμοῦ
2931 4587 3014 4639 ὅτι
3047 4585 3222 4656 πρᾶός
3254 4585 3374 4652 εἰμι
3419 4583 3518 4636 καὶ
3566 4581 3834 4641 ταπεινὸς

2243 4683 2308 4750 τῇ
2357 4680 2589 4750 καρδιᾳο
2643 4680 2737 4732 καὶ
2783 4680 3050 4749 εὑρήσετε
3099 4677 3408 4732 ἀνάπαυσιν
3457 4675 3585 4736 ταῖς
3629 4673 3834 4742 davni;

2237 4775 2414 4845 ὑμῶν.
2464 4775 2520 4828 '0
2553 4774 2662 4844 γὰρ
2698 4772 2865 4842 ζυγός
2913 4790 3014 4842 μου
3064 4769 3320 4842 χρηστὸς,
3359 4769 3456 4821 καὶ
3505 4767 3566 4819 τὸ
3605 4765 3831 4836 φορτίον

2237 4882 2341 4936 μου
2369 4848 2602 4933 ἐλαφρόν
2632 4866 2803 4917 ἐστι.»
2839 4865 2948 4916 Καὶ
2973 4862 3034 4914 τό
3056 4878 3068 4891 ·
3109 4880 3126 4913 ι
3157 4860 3319 4912 Δεῦτε
3351 4857 3531 4910 ὀπίσω
3565 4873 3696 4925 μου,
3736 4855 3831 4907 καὶ

2235 4957 2452 5028 ποιήσω
2493 4957 2638 5026 ὑμᾶς
2682 4955 2852 5019 ἁλιεῖς
2887 4954 3192 5023 ἀνθρώπων
3237 4951 3518 5020 γενέσθαι.
3549 4967 3570 5000 ι
3604 4947 3772 5017 Αὐτῷ
3796 4948 3829 5015 ἡ

2234 5047 2360 5114 δόξα
2396 5049 2476 5110 εἰς
2509 5047 2638 5110 τοὺς
2665 5045 2892 5109 αἰῶνας.
2929 5045 3123 5116 Ἀμήν.

548 5139 894 5195 inveniamus
917 5142 1148 5211 gratiam
1193 5141 1248 5195 in
1313 5141 1521 5196 auxilio
1587 5150 1903 5212 opportuno
1951 5140 2022 5194 ⁸³.
2069 5159 2087 5191 ι
2157 5140 2426 5195 Dominus
2475 5147 2686 5203 noster,
2727 5137 3016 5191 hominum
3064 5145 3278 5190 amator
3329 5151 3393 5190 ac
3450 5138 3677 5190 salvans
3723 5143 3830 5183 nos

547 5222 700 5285 uitro
728 5230 798 5284 ad
837 5247 894 5286 se
929 5233 1186 5298 advocat,
1233 5233 1425 5289 dicens
1457 5251 1470 5287 :
1506 5253 1524 5285 ι
1552 5234 1750 5290 Venite
1784 5233 1853 5287 ad
1891 5247 2001 5295 me,
2043 5247 2240 5287 omnes
2281 5232 2378 5302 qui
2431 5231 2698 5286 laboratis
2765 5240 2822 5286 et
2887 5228 3099 5284 onerati
3138 5228 3295 5292 estis,
3325 5237 3384 5283 et
3420 5243 3522 5298 ego
3573 5224 3826 5280 reﬁciam

545 5340 668 5387 vos,
718 5325 891 5380 tollite
923 5326 1114 5395 iugum
1168 5341 1352 5380 meum
1407 5343 1574 5398 super
1615 5343 1734 5387 vos.
1776 5336 1834 5382 et
1865 5327 2063 5383 discite
2094 5344 2124 5381 a
2166 5343 2253 5382 me
2283 5325 2414 5396 quia
2449 5325 2600 5380 mitis
2632 5340 2754 5380 sum
2792 5335 2850 5378 et
2887 5324 3116 5378 humilis
3157 5321 3347 5385 corde,
3403 5330 3461 5375 et
3517 5313 3828 5374 invenietis

546 5418 798 5487 requiem
852 5417 1145 5471 animabus
1208 5421 1409 5475 vestris
1443 5421 1672 5492 :jugum
1725 5421 1873 5475 enim
1923 5437 2104 5475 meum
2146 5436 2316 5474 suave
2337 5428 2446 5482 est,
2479 5428 2536 5472 et
2557 5433 2701 5473 onus
2724 5432 2906 5471 meum
2942 5417 3064 5470 leve
3122 5423 3209 5469 est
3245 5413 3314 5467 3‘.
3348 5432 3367 5464 ι
3407 5412 3518 5466 Sed
3550 5419 3611 5466 et
3644 5407 3822 5464 illud:

548 5534 568 5566 ι
599 5513 794 5579 Venite
842 5520 970 5582 post.
1017 5527 1127 5577 me,
1159 5522 1217 5567 et
1265 5515 1459 5569 faciam
1499 5531 1600 5572 vos
1656 5516 1962 5586 piscatores
2004 5515 2123 5569 fieri
2164 5516 2457 5570 hominum
2475 5515 2544 5572 ⁸⁸.
2573 5532 2594 5566 ι
2624 5511 2733 5583 ipsi
2772 5511 2943 5582 gloria
2979 5511 3035 5565 in
3061 5511 3282 5565 saecula.
3315 5509 3516 5564 Amen.

614 5647 658 5678 "
684 5646 799 5701 Jac.
836 5661 909 5706 tv.
941 5645 995 5700 8.

536 5719 631 5773 9.6.
707 5715 752 5748 ’³
779 5716 946 5770 Eccli.
981 5733 1143 5779 xxv",
1167 5717 1258 5769 (ις).
1335 5719 1380 5750 ’9
1413 5721 1574 5775 Prov.
1607 5715 1767 5787 n.5,
1803 5722 1855 5774 6.

539 5790 587 5822 ⁸³
616 5787 785 5845 Hebr.
821 5803 895 5854 tv,
942 5789 1024 5842 16.
1153 5790 1199 5819 εδ
1233 5787 1425 5847 Matth.
1450 5807 1521 5858 XI,
1551 5792 1746 5846 28-30.

1109 5647 1153 5678 ’⁸
1185 5645 1359 5700 Levit.
1400 5665 1489 5712 xx,
1517 5651 1571 5715 7,
1596 5650 1708 5716 Q6;
1746 5650 1910 5704 Num.
1941 5665 2032 5708 xv,
2056 5649 2153 5713 λος
2195 5648 2215 5702 l
2257 5648 2406 5703 Petr.
2439 5665 2478 5714 ι,
2515 5648 2580 5702 16
2606 5663 2622 5711 ;
2651 5663 2710 5709 ιι.
2739 5646 2793 5702 9.

1109 5733 1120 5749 I
1167 5717 1238 5749 οη
1335 5719 1380 5749 ⁸19
1413 5721 1553 5749 ῐὶηη..
1607 5738 1654 5749 η-
1717 5722 1744 5749 t‘!
1803 5722 1833 5749 [Ξ
1967 5721 2012 5749 80
2042 5719 2160 5749 ΠοιιΙ
2233 5735 2393 5749 νυνι-ι
2448 5721 2480 5749 ιε
2601 5720 2642 5749 BI
2678 5718 2793 5749 ραι,

1847 5761 1855 5773 .
1967 5721 2012 5749 ⁸ο
2042 5719 2183 5773 Psal.
2230 5735 2418 5785 χχχιιι,
2448 5721 2500 5774 6.

1847 5794 1893 5824 ⁸³
1917 5791 2106 5844 Matth.
2151 5806 2224 5855 tv,
2256 5791 2343 5844 l9.

2891 5647 2937 5679 ⁷⁸
2965 5649 3124 5703 Deut.
3163 5662 3256 5713 vi],
3287 5645 3340 5700 ὃ.
3381 5645 3424 5675 τ’
3458 5642 3634 5699 Eccli.
3669 5660 3820 5710 nn,

2601 5720 2642 5751 ⁸¹
2678 5718 2893 5776 Coloss.
2922 5735 3003 5786 ιιι,
3042 5719 3093 5788 l,
3127 5716 3218 5783 2.,
3310 5718 3356 5751 ⁸⁸
3386 5714 3593 5786 Ephes.
3626 5730 3687 5780 ιι,
3715 5715 3816 5769 20.
