4040 6526
285 333 418 400 1829
468 373 473 376 τ

836 457 1058 513 ΛΟΓΟΣ
1096 458 1269 510 ΡΚΖ’.

714 574 854 641 Περὶ
885 575 1073 642 φόϐου
1100 571 1206 625 τοῦ
1241 572 1411 626 Θεοῦ.

359 691 416 743 ’0
449 689 590 759 ἔχων
619 687 711 741 τὸν
753 687 916 757 φόϐον
949 687 1045 740 τοῦ
1081 686 1217 740 Θεοῦ
1262 687 1322 739 ἐν
1361 684 1614 756 ἀληθείᾳ,
1651 684 1851 757 ῥᾳδίως

277 785 494 853 ἔρχεται
522 783 601 844 εἰς
626 781 724 850 τὴν
764 780 977 833 τελείαν
1003 780 1224 848 ἀγάπην
1257 777 1351 831 τοῦ
1393 777 1550 843 Θεοῦ,
1589 778 1681 830 καὶ
1707 777 1848 845 γίνε-

274 894 361 929 ται
398 873 648 944 μαθητὴς
691 873 785 926 καὶ
828 872 979 940 φίλος
1012 871 1106 924 τοῦ
1154 869 1412 942 Χριστοῦ.
1454 889 1473 922 ι
1503 870 1692 942 Ὑμεῖς
1719 870 1847 942 γάρ,

275 968 457 1037 φησὶν,
500 963 845 1034 πεφιλήκατέ
883 981 970 1034 με.
999 982 1016 1015 ι
1054 965 1162 1017 Καὶ
1185 964 1213 1016 ό
1235 964 1476 1028 τοιοῦτος
1503 963 1603 1036 τὴν
1627 964 1850 1031 ἁγνείαν

275 1055 644 1126 ἐγκομϐοῦται
685 1057 742 1110 ἐν
775 1054 850 1125 τῷ
884 1055 1040 1126 μέρει
1073 1053 1268 1125 τούτῳ,
1303 1056 1403 1118 τάς
1430 1073 1488 1108 τε
1511 1053 1606 1107 τοῦ
1642 1056 1848 1124 κόσμου

277 1147 567 1218 μερίμνας,
585 1147 679 1200 καὶ
699 1148 933 1210 ἀπάτας,
965 1146 1060 1200 καὶ
1082 1146 1294 1216 ἡδονὰς,
1325 1146 1418 1199 καὶ
1434 1146 1741 1216 κραιπάλας
1757 1147 1850 1199 καὶ

277 1241 474 1312 μέθας,
508 1241 602 1293 καὶ
631 1238 920 1310 συγχύσεις
952 1238 1290 1302 Βαϐυλῶνος,
1314 1241 1405 1292 καὶ
1435 1240 1611 1294 πάντα
1631 1241 1698 1292 τά
1719 1239 1848 1308 βιω-

269 1332 396 1385 τικά
433 1333 727 1403 ἠρνήσατο,
774 1333 868 1385 καὶ
902 1331 1210 1395 ἀπετάξατο
1256 1331 1334 1401 τῷ
1395 1332 1585 1401 κόσμῳ
1615 1333 1847 1396 καὶτοῖς

268 1422 363 1475 τοῦ
397 1423 603 1492 κόσμου
631 1420 868 1484 δικτύοις
909 1423 1004 1475 καὶ
1042 1421 1386 1491 συμπλοκαῖς
1417 1422 1449 1493 ἢ
1482 1422 1701 1489 παγίσι,
1752 1425 1846 1476 καὶ

270 1517 362 1568 ἐπὶ
391 1517 495 1584 γῆς
529 1513 761 1583 βαδίζων
785 1515 846 1567 τὸ
875 1514 1178 1584 πολίτευμα
1203 1516 1259 1565 ἐν
1289 1515 1535 1584 οὐρανοῖς
1563 1515 1846 1584 ἠγάπησεν

269 1608 433 1673 ἔχειν.
465 1605 584 1657 Τῶν
632 1606 740 1674 γάρ
783 1604 1110 1674 κρειττόνων
1154 1605 1500 1672 ὀρεγόμενος,
1532 1603 1610 1675 τῷ
1658 1604 1846 1676 κόσμῳ

268 1697 594 1762 ἀπετάξατο,
630 1698 714 1750 ἴνα
766 1696 905 1767 ζήσῃ
947 1695 1061 1766 βίον
1104 1697 1268 1759 θεῖον,
1305 1696 1574 1765 οὐράνιον,
1623 1696 1844 1764 ἀγγελι-

1215 324 1540 385 HOMILIA
1580 324 1863 384 CXXV”.
1892 349 1956 358 -
1981 325 2078 383 DE
2116 326 2408 386 TIMORE
2450 328 2599 388 DEI.

1878 440 1923 494 A

267 1790 383 1849 κδν,
416 1791 474 1842 ὲν
502 1789 769 1860 θρησκείᾳ
812 1788 1029 1859 καθαρᾷ
1068 1790 1161 1842 καὶ
1190 1788 1441 1859 ἀμιάντῳ
1473 1788 1566 1840 καὶ
1591 1789 1742 1860 ἁγίᾳ,
1780 1790 1837 1840 ἐν
1871 1779 1910 1833 Β

267 1880 548 1949 Πνεύματι
584 1881 744 1933 Θεοῦ·
783 1879 903 1949 Θεῷ
960 1880 1240 1951 λατρεύων
1287 1879 1365 1950 τῷ
1416 1884 1836 1949 παντοκράτορι,

263 1973 352 2025 διὰ
385 1973 484 2042 τὴν
524 1971 805 2042 βασιλείαν
839 1971 945 2024 τῶν
974 1970 1241 2041 ούρανῶν,
1273 1970 1340 2024 δι’
1373 1971 1440 2041 ἢν
1487 1971 1581 2025 καὶ
1609 1971 1840 2024 ἀπέθετο

263 2064 359 2131 τὴν
409 2063 501 2115 τοῦ
553 2065 760 2132 κόσμου
805 2062 1080 2132 φροντίδα.
1134 2060 1444 2132 «Φοϐήθητι
1484 2065 1614 2132 γάρ,
1648 2063 1837 2133 φησιν,

263 2157 354 2208 τὸν
393 2155 617 2226 Κύριον,
650 2155 742 2207 καὶ
783 2154 1026 2221 φύλασσε
1065 2154 1164 2217 τάς
1197 2155 1417 2214 ἐντόλας
1462 2153 1647 2208 αὑτοῦ.
1676 2173 1695 2206 ι
1732 2156 1839 2206 Φυ-

262 2245 479 2299 λάσσων
533 2246 588 2298 δὲ
639 2246 736 2308 τὰς
784 2245 1003 2310 ἐντολάς
1043 2245 1138 2298 τοῦ
1202 2245 1360 2307 Θεοῦ,
1392 2245 1492 2320 ἔσῃ
1533 2246 1754 2308 δυνατὸς
1780 2247 1838 2300 ἐν

263 2340 416 2411 πᾶσῃ
446 2337 663 2406 πράξει.
705 2338 815 2391 Καὶ
849 2340 880 2408 ἡ
920 2338 1119 2408 πρᾶξίς
1154 2355 1247 2390 σου
1297 2337 1628 2409 ἀσύγκριτος
1658 2337 1834 2393 ἔσται.

261 2429 602 2499 Φοϐούμενος
651 2431 762 2501 γὰρ
795 2430 886 2483 τὸν
917 2415 1144 2500 Κύριον,
1174 2431 1354 2484 πάντα
1383 2430 1562 2494 καλῶς
1607 2432 1840 2502 ἐργάσῃ.

263 2515 433 2584 Οὗτός
468 2523 615 2574 ἐστιν
653 2523 682 2574 6
726 2522 909 2590 φόϐος,
947 2520 1005 2573 ὃν
1037 2522 1118 2574 δεῖ
1162 2539 1221 2574 σε
1254 2521 1580 2592 φοϐηθῆναι,
1611 2522 1706 2575 καὶ
1735 2539 1841 2574 σω-

265 2613 431 2685 θήσῃ.
466 2613 570 2665 Τὸν
597 2613 652 2665 δὲ
680 2613 926 2666 διάϐολον
954 2617 1028 2684 μὴ
1059 2612 1303 2684 φοϐηθῇς
1325 2629 1337 2642 ·
1366 2612 1703 2683 φοϐούμενος
1734 2613 1841 2686 γὰρ

262 2705 357 2758 τὸν
385 2705 606 2776 Κύριον,
637 2706 1090 2775 κατακυριεύσεις
1111 2706 1203 2759 τοῦ
1227 2705 1494 2767 διαϐόλου,
1516 2706 1842 2777 δτιδύναμις

263 2798 367 2850 οὐκ
402 2797 546 2852 ἔστιν
581 2799 638 2850 ἐν
659 2799 828 2870 αὐτῷ.
871 2800 960 2855 Ἐν
985 2791 1029 2866 ᾧ
1057 2799 1111 2852 δὲ
1135 2799 1362 2870 δύναμις
1390 2799 1488 2852 ούκ
1523 2799 1688 2862 ἔστιν,
1721 2800 1841 2853 οὐδὲ

264 2889 434 2954 φόϐος
456 2907 472 2922 ο
502 2894 555 2943 ἐν
571 2884 614 2958 ᾧ
637 2891 959 2963 ὴδύναμιςή
987 2891 1213 2958 ἔνδοξος,
1235 2893 1327 2945 καὶ
1354 2893 1381 2945 6
1406 2893 1567 2960 φόϐος
1587 2894 1644 2944 ἐν
1669 2893 1838 2960 αύτῷ.

266 2983 387 3046 Πᾶς
431 2983 540 3052 γάρ
575 2984 603 3035 6
631 2985 859 3054 δύναμιν
887 2985 1046 3056 ἔχων,
1095 2985 1189 3038 καὶ
1223 2984 1385 3053 φόϐον
1413 2985 1546 3054 ἕχει.
1589 2985 1646 3039 Ὀ
1675 2985 1730 3038 δὲ
1767 2986 1842 3057 μὴ

3390 330 3526 399 183)

2443 463 2727 518 llOMlLlA
2767 464 3030 522 CXXVII.

2512 575 2590 629 De
2629 579 2815 630 timore
2845 577 2964 632 Dei.

2020 686 2282 757 Quisquis
2323 688 2617 744 sinceriter
2655 691 2826 744 Deum
2882 691 3060 755 timet,
3090 707 3200 746 non
3232 693 3406 746 multo
3431 693 3530 747 ad-

1950 779 2174 832 modum
2202 781 2423 851 negotio
2441 781 2508 836 ad
2537 781 2933 851 perfectionem
2973 782 3302 852 provehitur
3324 784 3527 838 divinae

1949 870 2258 935 charitatis,
2291 887 2469 942 eoque
2512 872 2750 927 efﬁcitur
2778 873 2986 928 Christi
3034 882 3090 928 et
3135 874 3443 944 discipulus
3471 885 3528 928 et

1948 963 2179 1016 amicus.
2239 963 2330 1018 Ait
2388 966 2586 1019 enim:
2644 967 2794 1022 «Vos
2853 982 2941 1022 me
2992 968 3352 1024 amastis“.i
3420 969 3525 1035 Qui

1947 1054 2217 1124 ejusmodi
2258 1062 2363 1120 est,
2404 1057 2598 1126 utique
2638 1057 2982 1113 ineluctabili
3011 1076 3151 1114 nexu
3193 1061 3238 1115 is
3269 1063 3528 1131 astringit

1948 1146 2051 1201 sibi
2087 1147 2417 1202 munditiam
2453 1148 2508 1203 in
2537 1149 2845 1205 castissimo
2876 1151 3074 1207 timore
3114 1153 3354 1207 Domini.
3395 1152 3523 1224 [Qui

1945 1238 2239 1292 verissimo
2277 1238 2497 1293 Domini
2531 1239 2729 1296 timore
2761 1258 2861 1296 ceu
2899 1243 3072 1298 clavis
3099 1243 3325 1298 confixit
3364 1244 3527 1299 effre-

1948 1343 2047 1382 ncs
2073 1330 2254 1384 carnis
2290 1337 2495 1395 motus,
2542 1332 2610 1386 ab
2668 1333 2764 1388 illo
2811 1333 3076 1389 eximitur
3119 1336 3318 1392 timore
3349 1354 3362 1390 :
3391 1335 3527 1391 Cre-

1946 1421 2084 1475 scite
2112 1429 2168 1475 et
2202 1422 2649 1493 multiplicamini
2673 1426 2716 1458 '7
2749 1425 2986 1480 :vilabit
3018 1427 3250 1496 proinde
3279 1435 3334 1483 et
3361 1429 3520 1494 illud,

1945 1521 2004 1566 ut
2031 1529 2100 1567 ne
2137 1514 2246 1568 ulla
2272 1531 2336 1570 ex
2364 1526 2520 1585 parte
2555 1516 2752 1571 debeat
2779 1518 2833 1571 in
2866 1518 3150 1573 hominum
3183 1520 3523 1578 descendere

1941 1605 2426 1681 familiaritatem]
2474 1609 2660 1663 Mundi
2702 1609 2861 1666 istius
2903 1611 3118 1681 defugit
3157 1613 3269 1682 jam
3312 1613 3520 1668 sollici-

1944 1707 2056 1753 tam
2098 1700 2456 1766 anxietatem,
2497 1701 2854 1771 imposturas,
2901 1703 3240 1773 voluptates,
3282 1707 3521 1775 crapulae

1942 1799 1999 1846 et
2049 1791 2336 1846 ebrietatis
2409 1792 2796 1863 intemperiem
2850 1810 3066 1849 omnem
3101 1813 3113 1848 :
3147 1798 3520 1851 omnimodam

1943 1882 2170 1952 insuper
2237 1884 2582 1955 Babylonica:
2642 1885 2988 1941 confusionis
3047 1887 3171 1958 fuga
3223 1890 3521 1944 antevertit

1943 1976 2221 2047 abyssum.
2257 1977 2397 2032 Vitae
2433 1977 2595 2032 istius
2643 1981 2886 2034 suaviter
2919 1979 3274 2036 traducenda:
3305 1997 3518 2036 renun-

1944 2066 2103 2120 tiavit
2140 2066 2420 2121 illecebris
2454 2083 2467 2119 :
2500 2067 2709 2121 mundo
2766 2084 2987 2138 quoque
3033 2071 3153 2124 vale
3195 2085 3517 2138 supremum

1943 2154 2100 2218 dixit,
2132 2155 2293 2225 cujus
2324 2162 2382 2209 et
2406 2156 2545 2209 retia
2570 2166 2856 2226 perrupta,
2893 2174 3224 2229 congressus
3248 2161 3386 2216 mire
3417 2161 3520 2215 im-

1943 2245 2134 2314 plexos
2158 2245 2338 2300 evasit
2372 2254 2426 2300 et
2461 2246 2703 2317 pedicas.
2731 2247 2790 2301 In
2823 2256 2970 2304 terra
2998 2251 3213 2306 tametsi
3247 2252 3516 2320 ambulat,

1943 2353 2001 2392 re
2043 2337 2158 2407 ipsa
2200 2338 2440 2392 declarat
2489 2352 2548 2393 se
2589 2340 2938 2409 complexum
2988 2357 3109 2396 esse
3143 2343 3521 2398 conversatio-

1941 2447 2068 2485 nem
2097 2447 2221 2501 qua:
2256 2430 2310 2484 in
2347 2432 2503 2487 caelis
2540 2440 2647 2487 est:
2675 2432 2813 2488 Cum
2856 2434 3004 2488 enim
3034 2435 3199 2506 longe
3244 2435 3366 2490 istis
3391 2436 3518 2491 feli-

1943 2523 2093 2578 ciora
2133 2531 2378 2592 expetat,
2412 2524 2554 2578 nihil
2579 2533 2666 2579 est.
2691 2524 2839 2594 quod
2857 2534 3151 2581 cunctetur
3191 2529 3516 2585 renuntiare

1942 2615 2106 2670 istius
2148 2616 2337 2671 mundi
2398 2616 2714 2683 lenociniis,
2763 2618 3030 2672 nimirum
3067 2619 3237 2674 vitam
3273 2628 3333 2674 ut
3369 2620 3521 2678 vivat

1942 2708 2209 2774 divinam,
2278 2709 2582 2778 cmlestem,
2645 2709 2950 2780 angelicam
3008 2712 3062 2765 in
3129 2711 3520 2768 observatione

1943 2801 2175 2856 sincerae
2221 2817 2450 2871 prorsus
2491 2803 2774 2874 religionis
2816 2803 3159 2860 intemeratae
3205 2821 3270 2861 ac
3293 2814 3520 2872 sanctae,

1945 2894 1997 2947 in
2033 2892 2245 2964 Spiritu
2278 2894 2398 2959 Dei,
2426 2895 2643 2950 latriam
2688 2895 2956 2950 exhibens
3000 2897 3366 2966 omnipotenti
3407 2899 3521 2953 Deo

1942 2991 2168 3053 propter
2201 2985 2468 3040 coclorum
2500 3001 2751 3056 regnum,
2785 2987 2942 3057 cujus
2964 2988 3135 3058 gratia
3165 2990 3522 3058 supercilium

264 3075 409 3144 ἔχων
443 3076 690 3146 δύναμιν,
722 3077 825 3130 ὑπὸ
848 3078 1066 3132 πάντων
1101 3080 1541 3148 καταφρονεῖται.
1571 3077 1840 3148 Φοϐήθητι

1947 3092 2110 3132 omne
2165 3078 2350 3147 posuit
2400 3078 2695 3134 mandante
2743 3078 2902 3134 istius
2945 3080 3273 3150 prudentiae.
3326 3081 3523 3137 «Time

262 3167 322 3220 δὲ
350 3168 422 3220 τά
460 3167 596 3238 ἔργα
626 3169 719 3222 τοῦ
743 3170 1017 3233 διαϐόλου,
1050 3172 1132 3223 ὅτι
1167 3169 1382 3240 πονηρά
1409 3171 1536 3226 είσι.
1568 3169 1841 3240 Φοϐούμε-

1947 3169 2115 3232 enim,
2188 3169 2280 3224 ille
2332 3169 2428 3234 ait,
2467 3169 2794 3234 Dominum,
2856 3178 2912 3224 et
2973 3172 3186 3226 custodi
3261 3173 3520 3253 mandata

263 3278 358 3325 νος
389 3260 445 3314 δὲ
475 3262 565 3314 τὸν
600 3261 822 3334 Κύριον,
855 3264 916 3318 ού
944 3263 1231 3336 φοϐηθήσῃ
1255 3265 1322 3317 τὰ
1350 3263 1488 3334 ἔργα
1520 3262 1615 3316 τοῦ
1648 3263 1842 3317 διαϐό-

1947 3260 2152 3328 ejus”.
2183 3279 2200 3310 ι
2239 3259 2382 3314 Sane
2440 3259 2537 3315 Dei
2585 3259 2846 3314 mandata
2906 3260 2950 3314 si
2998 3261 3354 3329 custodieris,
3410 3263 3523 3318 eris

263 3355 384 3417 λου,
419 3354 514 3407 καὶ
542 3355 641 3408 ούκ
675 3357 882 3427 ἐργάσῃ
917 3357 1082 3410 αὐτόν
1114 3356 1252 3410 ἀλλά
1295 3355 1468 3428 φεύξῃ
1513 3356 1606 3410 ἀπ’
1639 3356 1841 3411 αὐτῶν.

262 3447 454 3499 Δισσοὶ
503 3446 596 3501 οῦν
637 3449 774 3501 εἰσιν
824 3451 872 3502 οἱ
912 3450 1085 3519 φόϐοι.
1129 3451 1192 3502 El
1241 3450 1300 3503 οὐ
1333 3449 1494 3520 θέλῃς
1524 3449 1585 3501 τὸ
1611 3450 1845 3520 πονηρὸν

263 3538 622 3607 ἐργάζεσθαι,
666 3540 933 3610 φοϐήθητι
978 3542 1067 3594 τὸν
1119 3541 1346 3612 Κύριον.
1390 3541 1484 3594 καὶ
1511 3542 1611 3594 ούκ
1637 3541 1845 3612 ἐργάζῃ

261 3629 424 3684 αὑτό.
464 3630 590 3683 Ἐὰν
621 3631 677 3684 δέ
723 3631 882 3703 θέλῃς
925 3632 1089 3685 πάλιν
1137 3632 1198 3685 τὸ
1242 3633 1448 3701 ἀγαθὸν
1483 3633 1843 3704 ἐργάσασθαι,

262 3720 542 3792 φοϐήθητι
573 3722 664 3779 τὸν
691 3724 918 3794 Κύριον,
951 3725 1046 3778 καὶ
1076 3725 1286 3796 ἐργάζῃ
1326 3727 1476 3781 αύτό.
1507 3727 1670 3778 ’Ὠστε
1699 3727 1725 3778 6
1748 3725 1870 3793 φόο’

263 3813 362 3874 ϐος
396 3812 489 3864 τοῦ
517 3812 725 3884 Κυρίου
771 3815 1117 3886 ίσχυρότερός
1163 3819 1304 3881 ἐστι,
1343 3819 1436 3872 καὶ
1469 3818 1697 3884 ἔνδοξος.
1735 3820 1846 3873 Καὶ

261 3905 386 3957 ὅσοι
417 3903 482 3956 ἂν
511 3905 820 3973 φοϐηθῶσιν
854 3907 1019 3960 αὑτὸν
1061 3907 1155 3960 καὶ
1190 3901 1467 3981 τήρήσωσι
1501 3909 1598 3972 τὰς
1625 3908 1849 3973 ἐντολὰς

264 3995 462 4058 αὐτοῦ,
487 3995 742 4066 ξήσονται
775 3996 852 4068 τῷ
884 3998 1025 4070 Θεῷ.
1059 3999 1210 4052 Ἐπεὶ
1241 4001 1334 4053 καὶ
1359 4003 1508 4053 πᾶσα
1533 3999 1708 4062 κτίσις
1755 4017 1848 4068 φο·-

263 4089 452 4149 6εϊται
474 4089 655 4153 αὐτὸν,
683 4089 780 4153 τάς
807 4090 864 4144 δὲ
893 4092 1111 4154 ἐντολάς
1133 4092 1300 4146 αὐτοῦ
1330 4094 1388 4146 ού
1418 4093 1700 4162 φυλάσσει.
1724 4092 1846 4146 Τῶν

262 4179 362 4234 οῦν
398 4180 746 4250 φοϐουμένων
777 4183 940 4235 αὐτὸν
985 4186 1076 4237 καὶ
1113 4184 1504 4253 φυλασσόντων
1551 4185 1649 4247 τάς
1692 4187 1843 4238 ἐντο-

263 4269 370 4333 λὰς
411 4270 596 4334 αὐτοῦ,
642 4271 862 4324 ἐκείνων
897 4274 930 4344 ἡ
971 4273 1084 4344 ζωὴ
1123 4275 1272 4329 ἐστιν
1323 4275 1472 4347 παρά
1501 4274 1577 4346 τῷ
1607 4275 1745 4346 Θεῷ.
1789 4275 1847 4329 '0

263 4363 384 4434 γὰρ
421 4361 584 4430 φόϐος
616 4362 712 4416 τοῦ
762 4364 897 4418 Θεοῦ
944 4367 1251 4433 ἀναγκάζει
1297 4368 1444 4437 ἡμᾶς
1483 4365 1738 4438 πολεμεῖν
1779 4369 1873 4439 τῇ.

1947 3352 2140 3422 utique
2194 3352 2250 3406 in
2301 3352 2454 3406 omni
2505 3353 2835 3422 operatione
2888 3359 3110 3422 potens,
3163 3355 3525 3424 operatioque

1948 3455 2041 3498 tua
2095 3443 2608 3512 incomparabiliter
2689 3444 2970 3499 succedet.
3028 3445 3321 3499 Dominum
3374 3446 3524 3500 enim

1948 3535 1992 3591 si
2038 3535 2309 3600 timueris,
2339 3535 2479 3590 nihil
2532 3553 2644 3591 non
2677 3537 2878 3592 decore
2917 3536 3196 3592 conﬁcies.
3232 3537 3331 3593 Hie
3363 3539 3527 3608 plane

1949 3629 2116 3682 timor
2149 3637 2256 3692 est,
2299 3643 2412 3698 quo
2466 3644 2692 3683 necesse
2727 3629 2802 3684 sit
2847 3637 2906 3684 ut
2959 3631 3153 3685 timeas
3193 3638 3250 3684 et
3288 3631 3526 3686 salutem

1948 3734 2290 3789 consequare
2320 3736 2333 3772 :
2364 3719 2649 3774 diabolum
2683 3721 2916 3790 proinde
2942 3721 3082 3776 nihil
3113 3723 3386 3777 timueris.
3419 3723 3528 3778 Do-

1949 3813 2160 3866 minum
2191 3812 2339 3866 enim
2367 3812 2460 3882 qui
2497 3814 2674 3876 timet,
2705 3814 2973 3870 adversus
3007 3815 3286 3870 diabolum
3316 3832 3526 3885 prznva-

1946 3904 2085 3959 lebit
2117 3921 2131 3958 :
2163 3905 2300 3958 nihil
2351 3905 2500 3961 enim
2557 3905 2690 3960 huic
2740 3915 3016 3976 superest.
3064 3907 3185 3962 Vim
3243 3915 3526 3977 utcunque

1947 3997 2042 4067 qui
2096 3997 2263 4051 habet
2310 3996 2576 4051 adversus
2609 3997 2785 4062 illum,
2818 3998 3009 4066 utique
3045 3998 3212 4052 habet
3239 4006 3296 4052 et
3324 3998 3419 4053 Dei
3454 3999 3526 4053 ti-

1948 4101 2160 4140 morem
2194 4085 2281 4139 :is
2321 4085 2467 4140 enim
2503 4100 2628 4139 cum
2673 4084 2812 4138 nihil
2861 4085 3113 4140 obtineat
3141 4085 3368 4147 virium,
3405 4099 3527 4137 om-

1949 4179 2102 4232 nium
2156 4186 2305 4248 patet
2340 4177 2645 4247 despicatui
2674 4186 2730 4231 et
2761 4177 3151 4232 contemnitur.
3200 4177 3294 4231 Est
3339 4184 3522 4230 tamen

1949 4269 2099 4339 quod
2137 4270 2351 4334 timeas,
2385 4285 2552 4339 opera
2581 4284 2778 4340 nempe
2810 4268 3017 4323 diaboli
3057 4286 3071 4323 :
3103 4269 3342 4339 maligna
3374 4268 3520 4323 enim

1949 4370 2103 4416 sunt.
2142 4361 2352 4432 1237
2381 4361 2603 4415 Timore
2634 4375 2802 4430 porro
2836 4360 3054 4415 Domini
3086 4361 3352 4424 munitus,
3387 4359 3522 4429 quid

265 4453 466 4526 κακίᾳ.
509 4455 696 4524 Ἢμῶν
733 4455 790 4508 δέ
819 4457 1220 4526 πολεμούντων,
1246 4461 1279 4529 ἡ
1319 4459 1479 4530 χάρις
1511 4459 1603 4512 τοῦ
1639 4459 1844 4528 Κυρίου

1950 4453 2200 4522 estquod
2233 4461 2545 4507 commenta
2574 4450 2904 4522 fraudesque
2934 4451 3299 4506 veteratorias
3331 4450 3524 4507 timeas

265 4545 494 4616 ἀναιρεῖ
519 4547 708 4617 αὐτήν.
747 4548 821 4600 Ού
867 4548 1086 4602 δύναται
1140 4550 1196 4602 δέ
1226 4568 1308 4613 τις
1340 4552 1418 4614 είς
1457 4551 1620 4619 φόϐον
1644 4550 1848 4618 Κυρίου

267 4635 476 4700 ἐλθεῖν,
517 4637 614 4690 ἐὰν
640 4637 714 4708 μὴ
742 4639 931 4690 πασῶν
965 4639 1072 4692 τῶν
1118 4639 1390 4709 βιωτικῶν
1421 4642 1714 4712 φροντίδων
1745 4641 1850 4706 ἔξω

267 4726 528 4796 γένηται,
557 4726 741 4790 καθὼς
792 4729 1042 4800 εἴρηταιο
1091 4731 1218 4783 δταν
1275 4732 1384 4802 γάρ
1426 4735 1483 4786 ἐν
1512 4735 1712 4805 ἡσυχίᾳ
1754 4735 1850 4788 καὶ

267 4819 584 4889 ἀμεριμνίᾳ
613 4820 840 4890 γένηται
875 4824 903 4876 6
928 4822 1070 4887 νοῦς,
1105 4824 1224 4877 τότε
1255 4827 1464 4896 ἐνοχλεῖ
1491 4826 1635 4896 αὐτῷ
1681 4828 1709 4880 6
1754 4827 1850 4894 φό-

271 4914 372 4975 60;
402 4911 500 4965 106
533 4912 690 4976 Θεοῦ,
725 4917 904 4986 φέρων
933 4905 1098 4972 α’ύτδν
1146 4921 1227 4983 εἰς
1273 4921 1475 4992 πολλὴν
1502 4922 1723 4992 ἀγάπην
1752 4923 1850 4992 τῆς

273 5003 618 5077 ἀγαθότητος
645 5007 740 5061 τοῦ
771 5008 929 5063 Θεοῦ.
967 5011 1090 5074 Τοῐς
1119 5011 1226 5084 γὰρ
1257 5013 1681 5083 ἀγωνιζομένοις
1711 5008 1851 5077 εἶδός

271 5084 332 5148 τι
367 5097 522 5167 φέρει
553 5099 865 5170 ἀγνισμοῦό
897 5102 1082 5172 φόϐος.
1123 5122 1140 5154 ι
1182 5104 1240 5156 '0
1273 5103 1382 5174 γὰρ
1423 5103 1585 5172 φόϐος
1617 5103 1844 5174 Κυρίου,

275 5189 470 5257 φησιν,
505 5189 688 5257 ἀγνὸς,
722 5191 992 5261 διαμένων
1051 5195 1129 5258 είς
1195 5194 1367 5248 αίῶνα
1426 5195 1642 5258 αἰῶνος.
1670 5213 1689 5246 ι
1751 5195 1850 5248 Φό-

218 5269 236 5280 ’
275 5277 378 5339 6ος
406 5279 633 5349 Κυρίου,
667 5285 950 5353 γεννήτωρ
989 5287 1307 5356 φρονήσεως
1329 5303 1343 5317 ·
1367 5285 1396 5338 6
1425 5284 1514 5338 τὸν
1558 5285 1651 5337 ἕνα
1698 5284 1850 5336 εύλα-

277 5369 569 5438 ϐούμενος,
614 5374 677 5426 ού
715 5373 969 5428 δειλιάσει
997 5378 1125 5440 τοὺς
1150 5377 1398 5441 πολλούς.
1423 5377 1640 5432 Μᾶλλον
1669 5377 1725 5430 δέ
1751 5377 1849 5431 αύ-

229 5457 234 5466 ’
277 5459 376 5512 τὸν
407 5460 492 5515 διά
521 5462 614 5515 τὸν
659 5464 754 5516 ἕνα
794 5465 978 5518 πολλοὶ
1025 5467 1447 5537 φοϐηθήσονται.
1496 5488 1514 5520 ι
1553 5469 1674 5520 Ἐὰν
1715 5468 1846 5537 γὰρ,

277 5555 468 5621 φησιν,
503 5553 772 5625 φοϐηθῆτε
821 5555 1026 5626 Κύριον
1054 5556 1140 5610 τὸν
1169 5558 1300 5610 Θεὸν
1347 5557 1522 5627 ὑμῶν,
1559 5558 1652 5610 καὶ
1695 5557 1851 5610 ἀκού-

1950 4545 2196 4600 diaboli?
2242 4545 2398 4600 Illius
2431 4558 2596 4614 opera
2635 4557 2986 4612 nequaqjam
3023 4541 3161 4596 adeo
3185 4539 3522 4611 designabis,

1951 4646 2012 4691 ut
2042 4652 2148 4690 non
2182 4637 2250 4692 ab
2289 4637 2373 4691 eis
2406 4635 2626 4690 resilias
2671 4650 2834 4704 quam
2880 4633 3222 4704 longissime.
3257 4630 3420 4702 Atqui
3454 4631 3523 4684 ti-

1951 4731 2120 4783 moris
2166 4729 2382 4799 spccies
2420 4729 2623 4799 duplex
2679 4733 2783 4782 est.
2820 4726 2877 4782 Si
2931 4725 3114 4796 itaque
3165 4725 3355 4795 cupies
3384 4723 3523 4779 nihil

1950 4823 2242 4876 admittere
2290 4822 2436 4891 quod
2481 4821 2783 4891 malignum
2835 4819 2907 4874 sit
2936 4833 3000 4872 ac
3033 4817 3355 4887 reprobum,
3391 4817 3524 4872 time

1951 4913 2264 4977 Dominum,
2291 4920 2347 4967 et
2391 4928 2461 4967 ne
2499 4911 2750 4982 opereris
2793 4910 2950 4965 illud.
2998 4908 3292 4963 Dominum
3337 4907 3524 4977 itaque

1950 5005 2044 5075 qui
2087 5004 2242 5058 timet
2286 5003 2448 5059 fortis
2480 5004 2675 5073 utique
2717 5011 2774 5058 et
2818 5003 3113 5075 gloriosus.
3156 5002 3291 5056 Nam
3345 5017 3524 5072 quan-

1951 5097 2217 5164 ticunque
2271 5111 2398 5150 eum
2440 5095 2748 5160 timuerint,
2796 5097 3268 5164 observantesque
3317 5093 3526 5148 fuerint

1951 5187 2332 5242 mandatorum
2385 5188 2576 5258 ipsius,
2602 5188 2818 5258 placent
2846 5189 2977 5242 Deo.
3010 5187 3225 5244 Etenim
3277 5195 3528 5242 creatura

1952 5283 2132 5336 omnis
2163 5279 2337 5349 ipsius
2379 5295 2502 5335 cum
2538 5281 2631 5346 sit,
2661 5297 2788 5335 eum
2829 5291 3064 5336 veretur
3088 5297 3152 5336 ac
3186 5281 3379 5346 timet;
3413 5295 3524 5335 non

1956 5371 2087 5426 item
2123 5371 2303 5425 omnis
2347 5373 2592 5427 custodit
2626 5373 2776 5428 illius
2816 5373 3094 5427 mandata.
3137 5374 3362 5427 Illorum
3393 5386 3526 5426 sane

1955 5463 2066 5518 vita
2093 5463 2236 5533 apud
2268 5465 2440 5518 Deum
2472 5466 2713 5534 reposita
2743 5472 2848 5529 est,
2895 5473 3165 5535 quotquot
3197 5479 3323 5517 eum
3366 5477 3527 5516 reve-

1960 5566 2146 5612 renter
2174 5555 2370 5612 timent
2401 5564 2456 5612 et
2489 5558 2609 5629 ejus
2637 5557 2891 5612 mandata
2937 5557 3160 5627 explent
3186 5570 3375 5626 opere.
3407 5555 3527 5624 ljse

354 5745 405 5782 ³⁸
433 5747 589 5804 Joan.
623 5767 729 5813 xu,
762 5753 850 5805 27.
926 5755 968 5785 ‘3’
1001 5754 1136 5808 Gen.
1165 5771 1200 5816 ι,
1230 5753 1298 5808 ‘28
1325 5764 1380 5808 ct
1410 5755 1562 5811 alibi.
1636 5755 1679 5786 ⁸⁸
1709 5755 1875 5809 Ecclt.
1907 5771 1998 5818 xu,
2034 5753 2122 5806 15.
