4040 6514
598 318 729 385 1831

1845 316 2204 378 ANTIOCHI
2253 315 2599 379 MONACHI

3754 329 3881 394 1833

591 445 759 499 timor
788 441 1004 497 Domini
1040 443 1429 498 necessitatem
1493 439 1660 495 nobis
1721 439 1958 510 imponit
2012 438 2172 494 comi-

2293 456 2424 510 σητε
2456 442 2556 510 τῆς
2580 441 2766 513 φωνῆς
2790 441 2978 508 αὐτοῦ,
3006 446 3108 500 οὐκ
3132 446 3520 518 ἀντιστήσεται
3549 449 3728 514 οὐδεις
3747 456 3878 505 κατὰ

590 551 698 591 nus
735 536 1064 590 conserendi
1113 551 1238 590 cum
1287 534 1458 588 vitiis.
1497 533 1669 588 Nobis
1713 543 1936 587 strenue
1963 531 2180 601 (lepra-

589 627 862 683 liantibus
893 626 1070 697 gratia
1099 626 1322 680 Domini
1352 625 1619 680 malitiam
1655 638 1876 680 onmem
1909 622 1974 677 ad
2010 623 2181 677 inter-

591 719 883 774 necionem
922 734 1102 788 usque
1139 716 1446 772 intercidit.
1475 714 1594 770 Non
1622 722 1809 769 autem
1844 720 2028 783 potest
2054 711 2180 783 quis

590 812 659 866 ad
691 811 790 866 Dei
830 811 1086 865 timorem
1120 809 1461 880 pertingere,
1493 807 1548 862 ni
1594 807 1751 878 prius
1793 804 2068 860 desciscat
2109 803 2179 859 ab

589 903 740 958 omni
781 903 909 956 vita:
965 901 1128 956 istius
1175 900 1524 969 temporaria:
1571 897 1986 962 sollicitudine,
2022 897 2178 966 juxta

589 996 938 1065 superiorem
973 992 1330 1048 sententiam.
1366 991 1504 1047 Cum
1541 991 1690 1046 enim
1723 1005 1879 1044 mens
1909 988 2180 1043 resederit

588 1087 660 1140 ab
691 1085 842 1139 omni
892 1083 1246 1154 intemperie,
1291 1097 1491 1136 secura
1536 1082 1616 1136 rei
1669 1080 1990 1144 mundialis,
2045 1087 2179 1133 tunc

590 1179 757 1231 timor
793 1177 884 1231 ille
916 1176 1013 1230 Dei
1046 1177 1128 1230 sic
1163 1175 1421 1244 requieto
1464 1175 1766 1244 plurimum
1815 1173 2040 1228 facessit
2081 1187 2180 1226 ne-

586 1269 744 1340 gotii,
773 1285 884 1338 quo
913 1268 1174 1323 eumdem
1227 1277 1518 1338 promovet
1559 1267 1628 1321 ad
1662 1266 2061 1322 exuberantem
2094 1263 2180 1318 di-

585 1364 730 1419 vina:
764 1363 1121 1432 benignitatis
1151 1377 1421 1416 amorem.
1475 1360 1636 1430 Serio
1671 1357 2092 1414 decertantibus
2119 1357 2176 1411 in

586 1468 761 1523 agone
802 1450 1081 1522 spirituali
1133 1451 1252 1522 ipse
1312 1452 1482 1506 timor
1515 1465 1833 1520 expressam
1869 1448 2174 1502 etiamnum

586 1545 883 1616 imaginem
907 1545 1104 1600 asserit
1125 1543 1505 1600 sanctimonia:
1530 1552 1586 1597 et
1607 1541 1866 1612 puritatis
1895 1558 1907 1594 :
1938 1559 1956 1591 ι
1987 1540 2176 1594 Timor

585 1637 806 1694 Domini
825 1646 1052 1693 sanctus
1078 1638 1176 1706 (ait
1207 1636 1427 1704 David),
1462 1651 1799 1706 permanens
1827 1633 1880 1687 in
1908 1633 2172 1687 saeculum

585 1732 864 1788 saiculi”.
895 1752 910 1783 ι
951 1731 1141 1786 Timor
1189 1729 1408 1784 Domini
1466 1728 1783 1799 prudentiae
1830 1734 1916 1782 est
1949 1740 2169 1797 parens.

2286 535 2580 603 πρόσωπον
2613 535 2790 604 ὑμῶν.
2820 536 2931 590 Καὶ
2966 540 2996 590 ό
3015 539 3220 610 τρόμος
3247 542 3403 611 ὑμῶν
3432 543 3590 596 ἔσται
3621 545 3717 597 ἐπὶ
3746 546 3876 598 πάν-

2282 643 2350 678 τα
2394 627 2461 680 τὰ
2516 626 2665 692 ἔθνη.
2693 646 2712 680 ι
2775 628 2888 682 Kal.
2933 630 3098 684 πάλιν
3167 634 3616 704 παρακελεύεται
3677 637 3872 704 λέγων’

2288 715 2538 786 «Κύριον
2586 719 2679 772 τὸν
2723 717 2859 772 Θεόν
2904 737 2999 774 σου
3047 722 3359 797 φοϐηθήσῃ,
3401 728 3496 781 καὶ
3538 727 3683 798 πρὸς
3719 729 3874 781 αὑτὸν

2287 807 2624 881 κολληθήσῃ.
2660 827 2680 862 ι
2720 809 2832 864 Καὶ
2867 806 3026 876 αὖθις
3051 829 3065 843 ο
3108 832 3126 865 ι
3150 815 3247 878 Τίς
3299 815 3463 869 δώσει
3509 816 3693 880 οὕτως
3742 813 3874 870 εἶναι

2279 900 2382 970 τὴν
2437 902 2667 974 καρδίαν
2709 901 2806 956 τοῦ
2853 902 3008 970 λαοῦ,
3045 904 3186 959 ὥστε
3227 907 3514 975 φοϐεῖσθαι
3551 909 3740 972 πάσας
3782 913 3872 974 τὰς

2280 991 2501 1056 ἐντολάς
2547 1011 2672 1063 μου,
2713 994 2801 1047 ἵνα
2839 991 2959 1070 εὗῇ
2996 997 3145 1070 αὐτῷ
3169 999 3229 1068 ﬁt
3267 998 3457 1053 Ταῦτα
3481 1001 3581 1069 μὲν
3627 1004 3657 1055 ὁ
3687 1003 3866 1071 νόμος.

2278 1085 2448 1154 Φησὶν
2480 1085 2536 1160 δὲ
2581 1087 2675 1139 καὶ
2715 1089 2744 1140 ό
2797 1092 3088 1160 προφήτης
3115 1090 3359 1161 Μιχαίας
3386 1107 3404 1124 ο
3438 1111 3456 1143 ι
3485 1094 3596 1146 Καὶ
3625 1095 3870 1148 ἀνατεὶ-εἰ

2277 1175 2411 1245 ἡμῖν
2458 1177 2568 1239 τοῖς
2601 1176 2958 1246 φοϐουμένοις
2981 1178 3072 1232 τὸν
3104 1178 3334 1250 Κύριον,
3361 1181 3560 1234 Ἥλιον
3591 1181 3867 1236 δικαιοσύ-

2277 1285 2395 1338 νης.
2431 1269 2539 1320 Καὶ
2568 1267 2946 1334 ἐξελεύσεσθε,
2982 1271 3075 1324 καὶ
3111 1273 3435 1344 σκριτήσετε
3471 1273 3548 1336 ὡς
3599 1275 3871 1346 μοσχάρια

2277 1359 2540 1430 ἀνειμένα
2569 1363 2634 1414 ὲκ
2660 1360 2901 1432 δεσμῶν.
2925 1381 2944 1415 ι
2994 1361 3052 1415 '0
3079 1363 3135 1416 δὲ
3171 1364 3616 1436 Παροιμιαστὴς,
3651 1385 3671 1418 ι
3709 1369 3868 1438 Ἀρχὴ

2279 1456 2497 1522 σοφίας,
2535 1453 2700 1523 φόϐος
2737 1455 2965 1524 Κυρίου,
3021 1455 3118 1508 καὶ
3159 1456 3430 1528 ὀχύρωμα
3472 1457 3662 1510 ὁσίου·
3715 1459 3870 1525 φόϐος

2278 1545 2512 1615 Κυρίου,
2543 1545 2698 1616 πηγὴ
2745 1545 2920 1616 ζωῆς·
2971 1549 3118 1599 ποιεῖ
3157 1547 3215 1600 δέ
3264 1547 3515 1600 ἐκκλῖναι
3549 1548 3616 1601 ἐκ
3648 1548 3868 1616 παγίδος

2277 1636 2530 1691 θανάτου.
2556 1655 2574 1688 ι
2624 1638 2734 1690 Καὶ
2761 1637 2922 1690 πάλιν
2942 1652 2954 1666 ’
2999 1657 3017 1688 ι
3040 1638 3329 1709 Μακάριος
3350 1631 3396 1705 ᾧ
3439 1636 3747 1708 δεδώρηται
3778 1639 3871 1705 φός

2278 1729 2368 1792 ϐος
2418 1728 2658 1800 Κύριουο
2697 1728 2860 1796 φόϐος
2905 1729 3116 1799 Κυρίου
3161 1730 3243 1792 είς
3287 1728 3435 1800 ζωὴν
3479 1730 3677 1800 ἀνδρί·
3714 1731 3871 1798 φόϐος

585 1825 768 1882 Unum
820 1824 1061 1894 aliquem
1109 1823 1155 1878 si
1200 1831 1409 1887 tuetur,
1455 1829 1512 1875 et
1562 1820 1842 1885 observat,
1898 1818 2040 1873 nihil
2082 1819 2172 1874 hic

2279 1821 2486 1891 Κυρίου
2515 1819 2706 1899 τέρψει
2736 1820 2991 1891 καρδίαν,
3043 1821 3138 1873 καὶ
3175 1819 3338 1874 δώσει
3389 1821 3743 1892 εὐφροσύνην
3781 1822 3872 1874 καὶ

584 1917 892 1988 quamlibet
935 1916 1140 1980 multos
1184 1914 1444 1969 timebit:
1474 1913 1662 1984 potius
1704 1913 1776 1968 ob
1810 1912 1961 1968 hunc
1997 1927 2169 1966 unum

584 2011 746 2066 multi
781 2010 1238 2074 exterrebuntur,
1271 2009 1357 2063 vel
1401 2016 1539 2063 teste
1576 2006 1866 2076 Scriptura
1895 2024 1908 2058 :
1944 2025 1962 2058 ι
1995 2005 2052 2060 Si
2098 2004 2170 2060 ti-

584 2102 845 2158 mueritis
889 2102 1184 2156 Dominum
1239 2101 1412 2155 Deum
1462 2108 1733 2164 vestrum,
1777 2106 1834 2153 et
1880 2097 2172 2152 audieritis

583 2210 779 2251 vocem
817 2195 960 2266 ejus,
999 2207 1166 2247 nemo
1209 2202 1404 2248 contra
1451 2208 1551 2248 vos
1588 2191 1759 2248 stabit
1803 2200 1932 2246 ante
1969 2190 2171 2247 faciem

584 2297 851 2353 vestram,
893 2285 989 2342 sed
1035 2285 1204 2340 timor
1251 2295 1443 2340 vester
1487 2300 1552 2340 ac
1600 2294 1810 2340 tremor
1843 2283 1953 2340 erit
2002 2299 2172 2354 super

583 2397 778 2439 omnes
809 2390 1005 2452 gentes
1021 2380 1090 2434 ’°.
1124 2397 1142 2432 ι
1170 2379 1367 2433 Denuo
1394 2378 1725 2434 adhortatur
1753 2377 1946 2433 dicens
1971 2394 1985 2431 :
2015 2396 2034 2429 ‹
2067 2377 2173 2432 Do-

584 2470 799 2526 minum
844 2471 1018 2525 Deum
1067 2468 1314 2534 timebis,
1340 2476 1398 2523 et
1435 2469 1490 2524 ei
1536 2468 1932 2524 adhaarebis“.
1965 2487 1984 2521 ι
2019 2468 2170 2523 Rur-

583 2578 717 2619 sus:
758 2561 932 2629 «Quis
965 2549 1140 2627 dabit,
1172 2567 1235 2614 ut
1266 2560 1339 2616 sit
1374 2559 1456 2614 sic
1504 2574 1602 2615 cor
1634 2557 1848 2629 populi,
1880 2567 1944 2614 ut
1979 2560 2172 2614 timeat

582 2655 769 2710 omnia
818 2654 1077 2709 mandata
1129 2668 1273 2718 mea,
1320 2660 1383 2707 ut
1412 2652 1556 2708 bene
1587 2652 1661 2707 sit
1689 2651 1743 2708 ei
1765 2652 1854 2706 ”?
1880 2671 1897 2704 ι
1932 2652 2000 2706 Ει
2039 2652 2168 2723 qui-

581 2746 710 2801 dem
763 2745 882 2800 hare
918 2744 1088 2799 habet
1139 2745 1248 2798 lex.
1300 2743 1408 2799 Sed
1441 2753 1497 2800 et
1541 2746 1814 2816 propheta
1857 2745 2118 2801 Michazas
2153 2763 2166 2800 :

589 2857 607 2889 ι
631 2839 696 2893 Ει
722 2839 939 2892 orietur
968 2835 1129 2891 vobis
1169 2837 1500 2892 timentibus
1540 2837 1836 2892 Dominum
1879 2837 1971 2892 Sol
1999 2837 2167 2908 justi-

583 2933 697 2996 tia,
743 2940 800 2986 et
846 2929 1214 3010 egrediemini
1247 2941 1304 2984 et
1332 2930 1546 2985 salictis
1583 2930 1742 3000 quasi
1775 2929 1934 2984 vituli
1971 2945 2001 2984 a
2044 2933 2170 2984 vin-

581 3027 726 3082 culis
783 3023 1103 3078 relaxati".
1135 3042 1152 3074 ι
1226 3023 1615 3078 Parmmiastes
1673 3022 1807 3076 item
1842 3037 1855 3072 τ
1897 3041 1915 3072 ι
1945 3021 2168 3076 lnitium

581 3115 873 3187 sapientiae
918 3115 1086 3168 timor
1135 3113 1378 3176 Domini,
1412 3122 1468 3166 et
1509 3111 1986 3182 propugnaculum
2034 3127 2165 3166 san-

581 3177 755 3276 cti";
793 3208 958 3262 timor
998 3205 1216 3261 Domini
1251 3204 1377 3260 fons
1407 3177 1555 3270 vitae,
1593 3177 1654 3258 ut
1689 3177 1855 3260 faciat
1887 3204 2167 3260 declinare
2193 3177 2237 3237 ο

580 3322 612 3360 a
643 3306 842 3372 laqueo
874 3299 1157 3355 mortis".
1197 3318 1214 3348 ι
1257 3299 1465 3352 lterum
1499 3315 1512 3352 :
1551 3317 1570 3349 ι
1594 3297 1818 3365 Beatus,
1864 3299 1954 3352 cui
1998 3297 2171 3352 dona-

580 3405 672 3452 tus
715 3405 803 3450 est
851 3394 1018 3449 timor
1081 3390 1378 3446 Domini“.
1414 3409 1558 3442 ›-‹
1587 3390 1780 3445 Timor
1839 3390 2061 3445 Domini
2098 3389 2166 3444 ad

579 3487 751 3544 vitam
781 3486 902 3540 viro
923 3486 988 3539 ⁸⁷.
1015 3505 1034 3536 ι
1061 3513 1131 3523 —
1157 3502 1174 3534 ι
1200 3482 1392 3536 Timor
1438 3482 1660 3536 Domini
1696 3481 2001 3537 delectabit
2047 3498 2166 3548 cor,

578 3592 636 3637 et
677 3581 832 3636 dabit
874 3579 1120 3634 laetitiam
1165 3587 1222 3632 et
1268 3576 1531 3648 gaudium
1551 3577 1617 3629 ’⁸.
1653 3595 1670 3628 ι
1698 3595 1806 3626 -ι
1831 3575 2023 3630 Timor
2057 3576 2166 3629 Do-

580 3672 716 3726 mini
749 3671 954 3724 donum
989 3677 1077 3722 est
1109 3684 1138 3721 ιι
1163 3667 1398 3722 Domino
1422 3668 1466 3698 ⁹⁹
1494 3684 1508 3733 ;
1544 3667 1757 3720 timenti
1797 3666 1944 3721 enim
1978 3665 2168 3720 Domi-

581 3780 716 3820 num
775 3764 917 3817 bene
945 3762 1054 3816 erit
1091 3761 1147 3815 in
1181 3761 1520 3825 novissimis,
1557 3769 1612 3813 et
1645 3760 1698 3815 in
1735 3760 1932 3815 diebus
1965 3760 2168 3814 defun-

580 3855 783 3910 ctionis
835 3854 1012 3923 ipsius
1072 3852 1436 3907 benedicetur
1460 3853 1500 3906 ¹.
1533 3871 1550 3903 ι
1577 3880 1639 3890 -—
1672 3871 1689 3903 ι
1716 3853 2011 3907 Plenitudo
2075 3868 2167 3907 sa-

580 3947 807 4018 pientiae
835 3956 922 4001 est
955 3946 1152 4005 timere
1201 3945 1514 4010 Dominum,
1550 3954 1605 4000 et
1645 3945 1944 4001 inebriabit
1971 3962 2068 4002 eos
2099 3946 2168 4002 de

581 4041 862 4096 fructibus
903 4041 1073 4095 suis'.
1103 4059 1120 4092 ι
1161 4041 1365 4095 lterum
1405 4058 1418 4093 :
1458 4059 1475 4091 ι
1511 4039 1891 4109 Concupivisti
1941 4040 2165 4110 sapien-

578 4136 714 4190 tiam
735 4137 757 4188 ’ἒ
778 4135 947 4189 Serva
973 4134 1253 4196 mandata,
1285 4142 1340 4187 et
1361 4133 1624 4188 Dominus
1647 4133 1933 4187 dabiteam
1968 4134 2068 4188 tibi
2087 4135 2160 4186 ³.»

580 4249 692 4277 -σ
722 4227 828 4294 Qui
867 4227 1064 4281 timent
1110 4227 1426 4289 Dominum,
1478 4226 1615 4279 nihil
1675 4227 2020 4281 verebuntur
2071 4234 2168 4280 aut

578 4329 973 4390 cxpavescent,
1006 4319 1134 4388 quia
1175 4320 1291 4388 ipse
1320 4334 1444 4388 spes
1469 4319 1691 4374 illorum
1727 4329 1813 4374 cst
1832 4320 1872 4374 ⁸.
1897 4339 1915 4370 ι
1950 4319 2119 4373 David
2150 4337 2162 4372 :

585 4432 604 4463 ι
627 4412 701 4468 Os
731 4412 864 4482 justi
891 4411 1252 4466 meditabitur
1280 4411 1631 4480 sapientiam,
1657 4419 1713 4464 et
1742 4412 1959 4482 1238
1979 4411 2166 4480 lingua

575 4501 702 4572 ejus
759 4500 1018 4570 loquetur
1062 4500 1335 4571 judicium
1356 4501 1396 4554 '.
1428 4519 1445 4551 ι
1491 4530 1560 4540 -
1605 4521 1623 4553 ‹
1651 4501 1786 4568 Quia
1859 4502 2164 4556 secundum

575 4592 931 4649 altitudinem
981 4593 1106 4648 (ξαειί
1159 4608 1191 4647 a
1252 4601 1395 4648 terra
1469 4593 1855 4648 corroboravit
1905 4594 2168 4648 Dominus

579 4683 1022 4740 misericordiam
1093 4700 1250 4739 suam
1318 4698 1491 4754 super
1545 4684 1806 4739 timentes
1843 4684 1958 4738 se“.
1990 4701 2009 4734 ι
2061 4683 2170 4737 Ει;

584 4796 606 4828 ι
634 4777 989 4833 Voluntatem
1027 4777 1348 4832 timentium
1391 4791 1449 4831 se
1500 4775 1690 4840 faciet,
1724 4785 1781 4830 et
1829 4775 2176 4846 deprecatio-

578 4881 709 4921 nem
758 4883 950 4921 eorum
997 4867 1256 4923 exaudiet
1297 4875 1354 4921 et
1403 4866 1586 4921 salvos
1624 4865 1952 4921 lacieteos'
2003 4885 2021 4916 ι
2058 4867 2171 4922 Et:

585 4978 604 5010 ι
637 4959 1073 5015 Firmamentum
1116 4959 1383 5014 Dominus
1431 4958 1746 5014 timentium
1801 4974 1882 5021 se,
1910 4967 1969 5014 et
2003 4969 2172 5014 testa—

2274 1913 2476 1982 χαράνο
2511 1911 2674 1980 φόϐος
2718 1912 2927 1979 Κυρίου
2972 1911 3120 1976 δόσις
3177 1913 3329 1983 παρὰ
3370 1915 3600 1984 Κυρίου.
3649 1915 3743 1985 Τῷ
3778 1932 3870 1983 φο·

2274 2002 2527 2074 ϐουμένῳ
2557 2005 2664 2073 γὰρ
2691 2004 2782 2057 τὸν
2812 2006 3020 2074 Κυριον
3059 2001 3118 2058 εὖ
3148 2004 3302 2058 ἐσται
3356 2005 3446 2058 ἐπ’
3475 2006 3752 2076 ἐσχάτων,
3783 2013 3870 2060 και

2275 2097 2334 2149 ἐν
2362 2095 2600 2166 ἡμέραις
2625 2095 2888 2164 τελευτῆς
2919 2094 3084 2149 αὑτοῦ
3127 2096 3582 2168 εὐλογηθήσεται.
3617 2099 3870 2169 Πλησμο-

2274 2186 2338 2257 νὴ
2384 2186 2600 2255 σοφίας,
2643 2185 2933 2258 φοϐεῖσθαι
2978 2187 3206 2259 Κύριον,
3259 2189 3357 2241 καὶ
3408 2188 3639 2260 μεθύσει
3676 2191 3868 2252 aii-:05;

2275 2281 2380 2333 ἁπδ
2410 2279 2521 2332 τῶν
2551 2281 2781 2351 καρπῶν
2815 2281 3010 2350 αὐτῆς.
3037 2301 3141 2332 ι-
3165 2299 3184 2332 ι
3229 2281 3629 2354 Ἐπεθύμησας
3658 2283 3864 2353 σοφίαν

2271 2372 2606 2444 διατήρησον
2632 2374 2875 2439 ἐντολὰς,
2906 2375 3001 2428 καὶ
3029 2375 3056 2428 ὁ
3087 2374 3293 2446 Κύριος
3327 2377 3636 2448 χορηγήσει
3667 2393 3756 2430 σοι
3786 2379 3868 2429 αὖ·

2272 2467 2393 2537 τήν.
2433 2467 2497 2519 υἱ
2533 2465 2862 2538 φοϐούμενοι
2903 2467 2994 2522 τὸν
3027 2467 3231 2539 Κύριον
3264 2468 3420 2522 οὐδὲν
3462 2468 3868 2540 εύλαϐηθήσονο

2271 2577 2385 2623 ται,
2414 2559 2510 2613 καὶ⁸
2536 2559 2599 2613 οὐ
2625 2559 2700 2632 μὴ
2728 2559 3108 2626 δειλιάσουσιν,
3137 2563 3219 2616 ὅτι
3237 2563 3400 2626 αὐτὸς
3432 2563 3595 2626 ἐλπὶς
3619 2563 3859 2617 αὐτῶν.»

2273 2653 2386 2707 Καὶ
2416 2653 2443 2705 ό
2473 2653 2654 2706 Δαυῖδ
2674 2669 2686 2681 ·
2718 2670 2737 2704 ι
2763 2653 2947 2724 Στόμα
2967 2654 3176 2709 δικαίου
3207 2655 3498 2726 μελετήσει
3530 2654 3756 2726 σοφίαν,
3780 2660 3867 2710 καὶ

2271 2746 2306 2816 ὴ
2347 2744 2568 2812 γλῶσσα
2602 2743 2768 2799 αὑτοῦ
2799 2745 3030 2817 λαλήσει
3065 2746 3272 2818 κρίσιν.
3304 2748 3433 2801 Ὀτι
3464 2748 3616 2802 κατά
3647 2748 3714 2801 τὸ
3742 2748 3868 2820 ὕψος

2271 2837 2368 2892 τοῦ
2418 2838 2654 2910 οὐρανοῦ
2699 2838 2808 2894 ἀπὸ
2864 2842 2966 2910 τῆς
3019 2841 3123 2910 γῆς
3177 2840 3528 2912 ἐκραταίωσε
3579 2840 3869 2913 Κύριοςτὺ

2273 2931 2424 2993 ἔλεος
2468 2931 2636 2984 αὐτοῦ
2689 2933 2783 2986 ἐπὶ
2835 2935 2963 2996 τοὺς
3013 2933 3389 3004 φοϐουμένους
3445 2935 3640 2991 αὐτόν.
3670 2956 3689 2988 ι
3745 2939 3868 2997 Καὶ,

2279 3041 2297 3074 ι
2328 3023 2400 3075 Τὸ
2422 3022 2634 3094 θέλημα
2665 3025 2772 3078 τῶν
2800 3024 3154 3096 φοϐουμένων
3178 3026 3342 3079 αὑτὸν
3377 3030 3630 3097 ποιήσει,
3665 3030 3764 3083 καὶ
3780 3031 3870 3098 τῆς

2271 3114 2511 3185 δεήσεως
2551 3116 2732 3170 αὐτῶν
2775 3118 3184 3180 είσακούσεται,
3227 3118 3324 3171 καὶ
3374 3119 3545 3172 σώσει
3597 3122 3822 3185 αὐτούς.
3848 3142 3865 3172 ι

2280 3209 2412 3272 Καὶ,
2453 3227 2471 3258 ι
2498 3207 2841 3279 Κραταίωμα
2887 3207 3092 3279 Κύριος
3123 3209 3233 3262 τῶν
3267 3209 3632 3279 φοϐουμένων
3685 3214 3866 3266 αὐτόν

2278 3303 2370 3354 καὶ
2406 3301 2438 3370 ἡ
2472 3299 2706 3372 διαθήκη
2739 3300 2907 3354 αὐτοῦ
2957 3299 3185 3371 δηλώσει
3225 3300 3446 3365 αὐτούς.
3492 3302 3632 3356 Ἰδοὺ
3683 3305 3793 3374 γὰρ
3827 3306 3870 3355 ot

2279 3393 2553 3463 ὀφθαλμοὶ
2585 3393 2793 3464 Κυρίου
2827 3394 2920 3447 ἐπὶ
2949 3395 3076 3458 τοὺς
3098 3393 3472 3464 φοϐουμένους
3503 3395 3696 3449 αὐτόν.
3725 3417 3744 3446 ι
3773 3399 3871 3449 Καὶ

2278 3487 2408 3554 περὶ
2437 3485 2658 3550 ἑαυτοῦ,
2703 3505 2721 3538 ι
2753 3485 3128 3558 Εὐφρανθήτω
3161 3489 3193 3557 ή
3228 3488 3425 3558 καρδία
3479 3505 3587 3557 μου
3632 3491 3734 3542 τοῦ
3780 3508 3873 3558 φο-

2277 3578 2493 3638 ϐεῖσθαι
2541 3579 2605 3631 τὸ
2650 3578 2824 3648 ὃνομά
2875 3596 3032 3632 σου.»
3085 3579 3194 3632 Καὶ
3229 3579 3290 3631 τὸ
3339 3579 3550 3647 ἀγαθον
3608 3581 3869 3652 Πνεῦμα·

2283 3691 2300 3723 ι
2327 3673 2572 3743 Μέτοχος
2623 3671 2736 3740 ἐγώ
2786 3673 2904 3743 ειμι
2951 3673 3171 3726 πάντων
3214 3673 3323 3726 τῶν
3371 3673 3743 3743 φοϐουμένων
3795 3691 3870 3735 σε,

2277 3765 2507 3819 καὶτῶν
2544 3764 2931 3834 φυλασσόντων
2960 3764 3059 3828 τὰς
3097 3764 3318 3828 ἐντολάς
3354 3781 3470 3817 σου.
3502 3785 3519 3814 ι
3574 3765 3636 3817 Ὁ
3664 3767 3723 3818 δὲ
3776 3768 3871 3819 Ἰά-

2278 3856 2456 3921 κωϐος
2475 3873 2488 3886 ·
2521 3875 2537 3907 ι
2561 3857 2625 3908 Ἠ
2655 3855 2710 3907 δὲ
2735 3855 2945 3909 ἄνωθεν
2969 3857 3130 3924 σοφία
3152 3856 3372 3926 πρῶτον
3405 3856 3504 3926 μὲν
3533 3857 3681 3927 ἁγνή
3709 3859 3870 3914 ἐστιν,

2275 3947 2468 4000 ἔπειτα
2485 3947 2758 4018 είρηνικὴ,
2774 3947 3046 4016 ἐπιεικὴς,
3060 3945 3339 4016 εὐπειθὴς,
3361 3947 3535 4016 μεστὴ
3552 3947 3748 4008 ἐλέους
3784 3949 3873 4000 καὶ

2276 4037 2504 4109 καρπῶν
2561 4038 2804 4107 ἀγαθῶν,
2839 4038 3174 4110 ἀδιάκριτος,
3219 4038 3593 4109 ἀνυπόκριτος
3614 4055 3629 4068 ·
3663 4039 3871 4108 καρπὸς

2273 4131 2330 4185 δέ
2352 4131 2701 4201 δικαιοσύνης
2721 4133 2780 4184 ἐν
2794 4133 2984 4202 είρήνῃ
3005 4132 3289 4198 σπείρεται
3304 4133 3411 4194 τοῖς
3437 4130 3692 4183 ποιοῦσιν
3723 4133 3872 4200 εἰρῄ-

2275 4241 2392 4292 νην.
2425 4243 2443 4273 ι
2481 4224 2592 4278 Καὶ
2619 4225 2648 4276 ὁ
2679 4223 2905 4296 Πέτρος,
2945 4245 2963 4275 ι
2996 4225 3085 4276 Ἐν
3114 4225 3274 4276 παντὶ
3307 4223 3452 4275 ἔθνει
3505 4227 3534 4276 ὁ
3589 4224 3871 4293 φοϐούμε·

2275 4333 2364 4378 νος
2397 4315 2487 4368 τὸν
2533 4317 2762 4387 Κύριον,
2815 4317 2911 4369 καὶ
2964 4316 3338 4386 ἐργαζόμενος
3377 4315 3745 4384 δικαιοσύνην
3789 4316 3872 4367 δε-

2274 4409 2402 4474 κτὸς
2427 4411 2579 4482 αὑτῷ
2601 4413 2772 4465 ἐστιν.
2793 4429 2810 4462 ι
2845 4411 2902 4464 '0
2924 4410 2980 4462 δὲ
3011 4408 3245 4481 Κύριοςο
3279 4428 3297 4460 ι
3324 4407 3417 4478 Μὴ
3444 4407 3736 4478 φοϐηθῆτε
3769 4410 3875 4461 ἀπ’»

2273 4503 2382 4557 τῶν
2411 4503 2844 4557 ἀποκτεινόντων
2871 4501 2934 4555 τὸ
2959 4502 3141 4570 σῶμα,
3175 4501 3274 4571 τὴν
3303 4501 3360 4554 δὲ
3395 4500 3582 4571 ψυχὴν
3615 4501 3694 4570 μὴ
3719 4501 3875 4554 δυνα-

2276 4594 2456 4664 μένων
2486 4595 2828 4647 ἀποκτείναι.
2857 4591 3139 4664 Φοϐήθητε
3171 4591 3230 4644 δὲ
3263 4591 3473 4661 μᾶλλον
3503 4592 3598 4644 τὸν
3643 4593 3788 4662 μετὰ
3817 4591 3875 4642 τὸ

2273 4688 2598 4740 ἀποκτεῖναι
2622 4685 2818 4756 ἔχοντα
2848 4685 3100 4750 ἐξουσίαν
3135 4687 3234 4755 τήν
3266 4683 3448 4754 ψυχὴν
3480 4685 3576 4737 καὶ
3603 4685 3670 4737 τὸ
3713 4685 3874 4752 σῶμα

2273 4776 2538 4830 ἀπολέσαι
2587 4777 2646 4829 ἐν
2695 4776 2924 4848 γεέννῃ.
2945 4794 2964 4828 ι
2996 4774 3106 4828 Ναὶ
3133 4773 3277 4841 λέγω
3309 4773 3459 4843 ὑμῖν,
3492 4773 3666 4826 αὑτὸν
3701 4773 3872 4841 φοϐή-

2275 4870 2427 4941 θητε.
2459 4869 2614 4940 Αὑτῷ
2641 4870 2675 4940 ἡ
2701 4869 2828 4933 δόξα
2856 4871 2936 4933 είς
2961 4869 3088 4930 τοὺς
3114 4867 3338 4929 αἰῶνας.
3382 4867 3577 4937 Ἀμήν.

577 5059 828 5105 mentum
874 5067 1034 5107 suum
1091 5050 1471 5106 manifestabit
1502 5050 1623 5117 eis;
1687 5065 1814 5104 ecce
1865 5050 2015 5104 cnim
2077 5046 2224 5103 oculi
2267 5048 2484 5104 Domini
2527 5064 2697 5118 super
2737 5046 2998 5102 timentes
3041 5061 3167 5100 eum
3189 5045 3232 5100 ⁸.
3262 5065 3281 5096 ο
3317 5044 3466 5100 ldem
3524 5043 3596 5098 de
3648 5044 3868 5115 seipse:

577 5144 821 5199 Lzrtetur
875 5161 972 5200 cor
1023 5160 1232 5209 meum,
1282 5153 1342 5198 et
1395 5145 1585 5199 timeat
1641 5160 1842 5200 nomen
1888 5155 2045 5200 tuum
2065 5145 2108 5198 '.
2141 5165 2158 5195 ι
2206 5143 2436 5198 Alllatus
2475 5155 2696 5212 quoque
2767 5157 2898 5196 aura
2936 5140 3177 5211 Spiritus
3249 5138 3449 5202 sancti,
3513 5139 3640 5191 ait:
3685 5158 3701 5188 ι
3740 5139 3868 5192 Par-

578 5246 757 5306 ticeps
812 5253 911 5307 ego
960 5253 1081 5291 sum
1137 5237 1387 5292 omnium
1437 5236 1751 5292 timentium
1791 5247 1867 5302 te,
1901 5247 1957 5294 et
1983 5239 2421 5295 custodientium
2463 5236 2722 5290 mandata
2786 5245 2880 5290 tua
2903 5236 2967 5290 ⁸⁸.
3000 5255 3016 5286 ι
3087 5235 3328 5290 Jacobus
3387 5243 3627 5288 autem:
3699 5252 3716 5283 ι
3749 5233 3873 5298 Qua:

574 5333 869 5386 desursum
913 5341 999 5384 est
1039 5329 1330 5399 sapientia,
1373 5330 1614 5400 primum
1673 5331 1898 5401 quidem
1945 5333 2142 5401 pudica
2181 5343 2287 5397 est,
2355 5331 2558 5387 deinde
2623 5330 2870 5400 paciﬁca,
2936 5329 3206 5393 modesta,
3241 5326 3544 5391 suasibilis,
3576 5327 3746 5395 plena
3771 5325 3870 5379 mi—

573 5422 879 5482 sericordia
909 5430 966 5476 et
997 5419 1278 5477 fructibus
1307 5423 1489 5489 bonis,
1511 5424 1722 5495 absque
1781 5425 2200 5496 dijudicatione,
2242 5426 2361 5481 sine
2431 5424 2828 5489 simulatione;
2876 5423 3097 5478 fructus
3142 5432 3328 5476 autem
3373 5422 3608 5492 justitite
3639 5421 3697 5473 in
3741 5435 3871 5490 pace

2017 5584 2059 5616 ἰ
2097 5584 2172 5640 Le

2326 5600 2412 5638 nx
2434 5624 2459 5658 ,ν
2506 5583 2618 5658 52..-
2640 5654 2670 5658 _
2708 5584 2755 5616 θ’
2787 5581 2949 5636 Deut.
2982 5597 3072 5658 35L”
3094 5621 3110 5646 ,
3337 5578 3408 5658 3”
3436 5574 3870 5658 .llalach._i_v,__2.

2573 5654 2804 5738 ’Zlirov.
2839 5669 2950 5716 xu,
2985 5651 3198 5738 Sim”
3227 5649 3394 5738 Eccli.
3432 5664 3470 5738 ι,
3518 5647 3602 5700 l2.
3690 5647 3737 5677 "
3771 5647 3873 5738 1-2:-

2601 5726 2622 5757 δ
2653 5725 2820 5780 Eccli.
2858 5715 3040 5783 xxxiv,
3077 5724 3165 5775 16.
3276 5721 3297 5750 ⁵
3333 5718 3473 5773 Psal.
3531 5731 3731 5783 xxxvi,
3786 5715 3869 5771 ῑθ.

2609 5811 2802 5850 Lxxxv.
2847 5795 2927 5849 ll.
3034 5795 3074 5823 ¹⁰
3103 5792 3244 5847 l‘sal.
3273 5805 3456 5850 εει-ιιι,
3492 5789 3576 5844 65.

646 5581 696 5613 τ’
719 5579 839 5633 Psal
915 5595 1067 5643 xvm,
1115 5580 1200 5635 lO.
1306 5583 1351 5615 ’°
1379 5583 1551 5638 Exod.
1594 5601 1745 5649 χχιιι,
1792 5585 1882 5640 2‘2.

575 5652 623 5686 ’τ’
649 5653 809 5707 Prov.
848 5665 886 5713 ι,
928 5652 995 5715 7;
1030 5651 1199 5706 Eccli.
1232 5669 1269 5717 ι,
1304 5653 1387 5707 l8.
1501 5656 1546 5686 ⁸⁵
1574 5656 1734 5709 l’rov.
1763 5673 1873 5721 xw,
1905 5656 1997 5710 27.
2073 5658 2119 5689 "
2152 5657 2172 5712 Ι

2282 5696 2295 5708 .
2333 5671 2412 5714 ιιι,
2445 5657 2496 5709 1.

574 5721 667 5776 cli.
707 5737 829 5785 xxv,
867 5721 954 5774 15.
1075 5724 1087 5752 ⁸
1126 5725 1292 5777 Eccli.
1331 5740 1366 5784 ι,
1406 5724 1485 5777 l3.
1601 5728 1619 5756 ¹
1666 5727 1834 5781 Eccli.
1869 5744 1905 5786 ι,
1948 5727 2039 5780 20.

2277 5727 2343 5781 id.
2397 5726 2484 5780 55.

574 5791 766 5848 ‘l‘sal.
801 5807 889 5857 cn,
934 5792 1015 5845 ll.
1060 5793 1077 5821 ⁷
1104 5794 1245 5848 l’sal.
1301 5810 1472 5861 cxuv,
1512 5796 1590 5848 ιι).
1681 5798 1700 5828 ⁸
1734 5799 1872 5852 l’sal.
1905 5814 2047 5862 xxiv,
2095 5798 2172 5864 14,

2276 5799 2302 5851 ἱ.
2383 5799 2402 5828 ⁹
2433 5798 2575 5854 Psal.
2609 5811 2802 5860 ωηεν,
2847 5795 2927 5849 ll.
