4040 6546
270 440 401 507 1833

933 438 1263 501 HOMILIA
1300 437 1619 501 CXXVIII.
1658 459 1723 470 -
1763 435 1861 495 DE
1902 433 2338 497 CHARITATE
2373 432 2570 493 ERGA
2615 431 2851 494 DEUM.

3384 424 3519 493 18M

267 553 569 610 seminatur
597 547 931 605 facientibus
957 565 1146 620 pacem
1170 549 1237 603 “.
1270 567 1289 601 ι
1314 548 1512 603 Petrus
1539 560 1671 600 vero
1702 560 1717 598 :
1746 563 1763 596 ι
1786 545 1845 599 In
1881 544 2035 599 omni
2071 553 2233 615 gente
2266 544 2360 614 qui
2428 544 2585 598 timet
2616 543 2908 597 Dominum
2941 549 2997 596 et
3041 548 3301 611 operatur
3361 540 3527 611 justi.

270 649 420 708 tiam.
452 652 712 714 acceptus
743 651 829 697 est
857 641 910 698 ei
969 642 1032 697 “.
1064 660 1081 693 ι
1129 641 1401 696 Dominus
1445 639 1625 694 item:
1696 635 1920 692 «Nolite
1959 635 2153 692 timere
2199 652 2297 691 eos
2345 636 2440 707 qui
2494 651 2699 707 corpus
2736 633 3021 699 occidunt,
3059 633 3300 691 animam
3340 640 3529 688 autem

262 758 371 798 non
412 748 648 812 possunt
694 737 952 793 occidere
979 754 993 791 :
1022 737 1213 791 timete
1264 744 1449 789 autem
1515 732 1688 803 magis
1727 747 1879 796 eum,
1917 732 2012 802 qui
2057 741 2351 803 postquam
2395 731 2666 785 occiderit
2733 745 2955 801 corpus,
2993 728 3161 782 habet
3198 735 3529 798 potestatem

262 847 318 891 et
350 833 589 889 animam
625 839 684 887 et
727 845 932 900 corpus
977 827 1248 902 perdendi
1290 826 1348 882 in
1378 826 1694 899 gehennam
1718 826 1785 879 ¹³.
1816 844 1834 878 ι
1874 826 2037 884 Certe
2063 828 2193 883 dico
2226 827 2407 891 vobis,
2466 842 2593 883 eum
2657 826 2866 881 timete.
2891 825 2999 895 Ipsi
3027 822 3203 895 gloria
3225 823 3280 877 in
3307 820 3527 883 saecula,
3565 888 3570 911 ὸ
3608 819 3615 825 ’

262 932 455 987 Amen.

826 1036 1046 1094 ΛΟΓΟΣ
1083 1038 1265 1095 PKH'.

622 1150 763 1219 Περὶ
795 1149 908 1218 τῆς
938 1150 1024 1216 εις
1055 1146 1203 1203 Θεὸν
1234 1146 1497 1219 ἀγάπης.

337 1263 605 1337 Προϐήτω
651 1267 678 1319 6
714 1263 869 1333 λόγος
921 1266 985 1317 ὲκ
1026 1258 1124 1316 τοῦ
1168 1262 1335 1328 φόϐου
1386 1261 1480 1315 τοῦ
1515 1258 1719 1332 Κυρίου
1760 1260 1853 1314 ἐπὶ

264 1358 363 1430 τὴν
411 1356 624 1411 τελείαν
666 1358 889 1426 ἀγάπην
932 1352 1122 1413 αὑτοῦ.
1174 1353 1421 1425 Ἀγάπην
1457 1352 1516 1408 δὲ
1559 1350 1727 1423 λέγω,
1752 1354 1853 1423 τὴν

265 1451 508 1523 ἀρραγῆ,
554 1450 652 1521 τὴν
701 1450 777 1521 μὴ
823 1446 1189 1520 τεμνομένην,
1222 1447 1357 1518 μήτε
1393 1447 1771 1519 χωριζομένην
1796 1446 1853 1502 ὲν

268 1541 534 1605 ποικίλοις
569 1543 893 1611 πειρασμοῖς
944 1539 1040 1593 καὶ
1088 1536 1341 1608 βασάνοις
1363 1576 1379 1599 ,
1430 1538 1527 1607 τὴν
1560 1536 1677 1607 Θεῷ
1710 1535 1851 1606 πληο

270 1630 584 1695 σιάζουσαν,
631 1630 726 1684 καὶ
769 1631 936 1684 τέκνα
981 1627 1118 1682 Θεοῦ
1173 1626 1570 1682 ἀποτεκοῦσαν.
1611 1626 1855 1697 Ἀγάπη-

269 1742 356 1785 at;
397 1724 507 1794 γὰρ
542 1722 750 1793 Κυρίου
779 1724 872 1776 καὶ
905 1721 1091 1792 φόϐος,
1124 1721 1264 1792 ὑπὲρ
1308 1720 1487 1775 πάντα
1513 1717 1855 1790 ὑπερέϐαλεν

268 1817 349 1879 εἰς
389 1815 693 1884 φωτισμόν.
747 1834 766 1865 ι
797 1813 905 1867 Καὶ
948 1815 997 1867 οἱ
1046 1812 1315 1884 ὀφθαλμοὶ
1352 1812 1559 1886 Κυρίου
1600 1810 1692 1866 ἐπὶ
1719 1810 1847 1880 τοὺς

268 1905 602 1975 ἀγαπῶντας
631 1905 812 1961 αὐτόν.
838 1924 856 1957 ι
910 1905 970 1959 Ὀ
995 1906 1052 1958 ἐν
1077 1904 1327 1975 αἰσθήσει
1353 1903 1579 1976 καρδίας
1624 1906 1857 1975 ἀγαπῶν

267 2000 361 2052 τὸν
399 1997 553 2060 Θεὸν,
604 1998 810 2061 ἐκεῖνος
852 1995 1119 2066 ἔγνωσται
1161 1996 1256 2051 ὑπ’
1296 1994 1485 2054 αὐτοῦ.
1540 1993 1599 2050 '0
1644 1997 1857 2052 τελείαν

246 2093 355 2154 ,εἰς
380 2089 516 2143 Θεὸν
542 2090 764 2159 ἀγάπην
803 2087 1164 2159 κεκτημένος,
1205 2088 1263 2141 ὲν
1314 2087 1448 2159 τῷδε
1477 2087 1555 2161 τῷ
1580 2088 1680 2160 βίῳ
1719 2088 1859 2161 πάρ-

270 2196 411 2239 εστι,
441 2179 517 2243 ὡς
552 2182 600 2232 εί
629 2180 690 2232 οὐ
723 2177 976 2250 πάρεστι.
1014 2176 1179 2235 Ξένον
1231 2176 1340 2248 γὰρ
1389 2178 1583 2230 ἑαυτὸν
1639 2178 1857 2251 ἡγεῖται

268 2270 382 2324 τῶν
408 2270 724 2343 ὁρωμένων,
769 2269 1054 2342 καρτερῶν
1080 2269 1189 2324 τῶν
1232 2269 1503 2354 ἀοράτωκ.
1538 2268 1719 2334 Ὀλως
1747 2268 1857 2338 γὰρ

1874 1022 1921 1080 Α

2444 1030 2729 1093 IIOMILIA
2765 1028 3049 1090 CXXVIII.

2155 1147 2228 1201 De
2260 1149 2519 1202 charitate
2551 1148 2657 1200 sive
2685 1146 2963 1200 dilectione
2991 1162 3116 1217 erga
3148 1143 3332 1208 Deum,

2022 1258 2334 1332 Consurgat
2370 1268 2560 1315 noster
2611 1259 2704 1315 hic
2751 1276 2935 1315 sermo
2973 1276 3038 1314 ac
3083 1272 3533 1331 promoveatura

1955 1353 2155 1409 timore
2186 1352 2285 1407 Dei
2327 1352 2395 1407 ad
2432 1349 2733 1421 perfectam
2772 1352 2949 1424 ipsius
2982 1353 3359 1411 dilectionem.
3388 1354 3535 1409 Sane

1953 1462 2073 1502 eam
2128 1445 2364 1503 dixerim
2418 1443 2772 1508 charitatem,
2808 1459 2931 1514 qua:
2980 1443 3214 1499 infracta
3254 1446 3328 1499 sit
3359 1446 3535 1501 etin.

1955 1555 2243 1604 concussa,
2280 1554 2403 1609 qua:
2425 1537 2781 1608 impartibilis
2809 1537 2880 1591 sit
2909 1545 2965 1592 et
2992 1537 3297 1602 individua,
3326 1555 3449 1603 quas
3479 1555 3538 1595 se

1956 1629 2119 1684 avelli
2161 1645 2225 1684 ac
2259 1627 2447 1683 diduci
2479 1628 2646 1683 nullis
2680 1628 2827 1683 sinat
2863 1627 3134 1699 (qualibet
3186 1631 3377 1686 multis
3408 1641 3538 1692 tune

1956 1720 2144 1792 datur)
2194 1719 2562 1775 tentationum
2610 1720 3084 1791 suppliciorumve
3133 1723 3537 1784 attritionibus.

1955 1812 2089 1869 Eam
2143 1814 2392 1885 intelligo
2438 1813 2765 1869 charitatem
2806 1830 2928 1884 qua:
2967 1830 3069 1870 nos
3134 1816 3246 1875 Deo
3286 1818 3541 1887 proxime

1956 1905 2240 1959 connectit
2267 1913 2323 1960 et
2355 1902 2701 1960 confmderat
2724 1922 2737 1959 :
2762 1920 2884 1975 qua:
2919 1921 3021 1960 nos
3049 1905 3217 1964 eflicit
3244 1908 3341 1962 Dei
3372 1908 3538 1965 ﬁlios.

1955 1995 2037 2057 Ad
2069 1996 2427 2053 illustrandas
2460 1996 2694 2061 animas.
2728 1995 2955 2052 dilectio
3000 1997 3097 2052 Dei
3143 2008 3199 2054 et
3242 1999 3407 2055 timor
3431 2016 3543 2057 cae.

1958 2096 2108 2147 teras
2135 2090 2373 2144 virtutes
2397 2088 2557 2150 facile
2583 2098 2920 2163 exsuperant
2951 2105 2963 2141 :
3014 2110 3031 2140 ι
3060 2088 3216 2145 Oculi
3243 2092 3391 2147 enim
3433 2093 3543 2146 Do-

1958 2180 2093 2235 mini
2143 2196 2309 2251 super
2362 2181 2656 2251 diligentes
2689 2174 2902 2234 eum“.
2931 2201 2948 2232 ι
2984 2181 3087 2249 Qui
3131 2183 3298 2254 pleno
3350 2185 3544 2241 cordis

1958 2289 2121 2328 sensu
2173 2274 2347 2329 Deum
2403 2273 2603 2345 diligit,
2656 2275 2726 2329 ab
2775 2275 2895 2345 ipso
2949 2275 3072 2331 talis
3121 2276 3379 2345 cognitus
3430 2283 3541 2337 est.

268 2361 566 2429 ἠλλοίωται
621 2365 702 2427 είς
748 2362 849 2433 τὴν
903 2364 1125 2433 ἀγάπην
1172 2361 1267 2417 τοῦ
1315 2365 1474 2430 Θεοῦ,
1524 2366 1599 2431 ὡς
1656 2366 1859 2430 ὲκστάς

1964 2365 2225 2437 Quisquis
2270 2366 2567 2437 perfectam
2612 2367 2668 2425 in
2720 2368 2895 2425 Deum
2954 2368 3312 2424 dilectionem
3372 2371 3543 2425 semel

271 2452 426 2519 ἅπαξ
459 2457 560 2525 τῆς
606 2452 801 2507 ἑαυτοῦ
847 2454 1029 2525 φιλίας
1068 2456 1136 2527 τῇ
1180 2455 1369 2528 ἀγάπῃ
1416 2455 1511 2510 τοῦ
1549 2455 1705 2511 Θεοῦ.
1746 2477 1764 2510 ι
1791 2453 1854 2512 Εἰ

269 2546 385 2617 γὰρ
414 2545 511 2600 καὶ
546 2545 871 2617 ἐξέστημεν,
906 2546 1095 2619 φησὶν,
1125 2545 1265 2619 Θεῷ,
1304 2547 1413 2601 είτε
1445 2548 1854 2621 σωφρονοῦμεν,

272 2638 303 2689 ὑ
313 2641 429 2706 μίν.
464 2657 483 2689 ι
528 2637 589 2691 '0
616 2638 809 2693 ἑαυτὸν
851 2637 1046 2708 φιλῶν,
1070 2640 1162 2691 τὸν
1198 2638 1332 2691 Θεὸν
1361 2639 1585 2710 ἀγαπᾷν
1614 2640 1675 2693 ού
1694 2638 1857 2693 δύνα-

270 2746 388 2786 ται.
433 2728 492 2782 '0
528 2728 585 2782 δὲ
619 2730 809 2784 ἑαυτὸν
843 2729 915 2801 μὴ
942 2728 1111 2802 φιλῶν
1143 2728 1329 2783 ἕνεκεν
1364 2727 1457 2783 τοῦ
1489 2729 1855 2803 ύπερϐἀλλονυ

270 2838 369 2884 τος
406 2820 638 2876 πλούτου
664 2822 767 2893 τῆς
800 2822 1021 2893 ἀγάπης
1065 2821 1159 2876 τοῦ
1198 2821 1357 2887 Θεοῦ,
1384 2816 1543 2884 οὗτος
1588 2823 1680 2876 τὸν
1725 2822 1859 2875 Θεὸν

272 2911 491 2984 ἀγαπᾷ.
524 2911 746 2984 Πρῶτος
775 2914 804 2967 6
846 2913 1008 2985 νόμος
1056 2914 1388 2987 διαγορεύει,
1416 2914 1628 2984 λέγων’
1669 2934 1686 2967 ι
1718 2911 1859 2983 Ἐγὼ

1962 2460 2246 2532 possedit;
2279 2459 2335 2514 in
2386 2460 2489 2515 hac
2532 2460 2851 2516 etiamnunc
2880 2460 2960 2517 sic
3002 2460 3160 2517 adest
3198 2461 3344 2528 vita,
3382 2462 3544 2533 quasi

1963 2568 2073 2607 non
2121 2552 2214 2607 sit.
2261 2551 2552 2607 Extorrem
2597 2551 2745 2607 enim
2791 2567 2849 2608 se
2884 2561 2941 2607 et
2982 2552 3218 2622 proinde
3259 2564 3547 2626 computat

1963 2639 2206 2695 alienum
2240 2641 2310 2696 ab
2340 2641 2431 2696 his
2459 2657 2802 2712 quaecunque
2831 2642 3008 2697 oculis
3036 2642 3341 2714 subjacent,
3372 2644 3550 2702 admi.

1965 2731 2125 2790 rabili
2185 2733 2497 2791 constantia
2539 2733 2607 2788 ad
2655 2732 2957 2793 invisibilia
3011 2735 3318 2805 suspirans.
3373 2735 3548 2795 Totus

1962 2827 2111 2881 enim
2142 2826 2291 2882 felici
2314 2827 2641 2882 alteratione
2670 2842 2701 2882 a
2731 2841 2789 2883 se
2818 2827 3072 2884 transivit
3103 2828 3160 2882 in
3190 2828 3547 2885 dilectionem

1962 2921 2096 2986 Dei,
2130 2920 2286 2991 juxta
2341 2920 2497 2976 Pauli
2559 2921 2935 2976 sententiam:
2978 2940 2996 2972 ι
3029 2920 3154 2975 Sive
3203 2922 3546 2988 cxcedimus,

276 3002 513 3076 Κύριος,
542 3008 570 3060 6
618 3006 788 3062 ποιῶν
818 3005 966 3071 ἔλεος
1004 3009 1119 3071 τοῖς
1150 3006 1442 3077 ἀγαπῶσιν
1491 3025 1558 3079 με
1609 3006 1705 3061 καὶ
1750 3009 1861 3072 τοῖς

1968 3012 2120 3075 Deo;
2172 3013 2290 3069 sive
2330 3012 2504 3067 sobrii
2550 3028 2767 3078 sumus,
2811 3012 2973 3069 vobis
2997 3013 3099 3069 ³⁸.»
3144 3012 3249 3080 Qui
3303 3029 3361 3070 se
3393 3015 3550 3084 priva

273 3097 621 3167 φυλάσσουσι
680 3100 747 3153 τὰ
806 3098 1208 3171 προστάγματά
1256 3118 1429 3172 μου.)
1493 3100 1602 3155 Καὶ
1659 3099 1817 3164 ἄλλος
1846 3116 1861 3135 ν

1969 3103 2272 3163 dilectione
2318 3103 2711 3175 prosequitur,
2763 3101 2939 3159 Deum
2991 3103 3315 3173 neutiquam
3367 3112 3551 3173 potest

280 3208 302 3241 ι
329 3189 569 3262 Σπέρμα
616 3190 941 3262 ἀσφαλείας,
972 3194 1020 3247 oi
1079 3191 1409 3264 φοϐούμενοι
1455 3190 1547 3246 τὸν
1592 3190 1861 3264 Κύριον.»

1971 3194 2241 3266 diligere:
2270 3203 2466 3249 contra
2516 3194 2608 3264 qui
2659 3209 2691 3248 a
2742 3209 2802 3249 se
2836 3210 3065 3264 prorsus
3101 3195 3348 3251 excussit
3376 3195 3551 3265 priva:

276 3282 438 3336 Καί·
480 3282 779 3356 σἚντιμον
817 3283 1092 3355 φύτευμα,
1139 3283 1189 3337 οί
1240 3283 1571 3353 ἀγαπῶντες
1624 3282 1812 3337 αὐτόν.
1842 3301 1861 3335 ι

1974 3282 2127 3339 illius
2159 3283 2477 3341 dilectionis
2504 3284 2763 3339 affectum
2795 3284 2867 3339 ob
2897 3285 3376 3360 supereminentcs
3403 3286 3550 3341 divi-

224 3409 228 3413 ς
275 3372 395 3427 Καί
423 3387 438 3401 ’
499 3373 724 3438 «Ἔλεος
769 3374 1059 3449 ἀνθρώπου
1121 3372 1216 3428 ἐπὶ
1269 3375 1361 3429 τὸν
1401 3372 1631 3445 πλησίον
1681 3370 1861 3441 αὐτοῦ,

1974 3378 2082 3431 tias
2105 3375 2419 3431 dilectionis
2448 3376 2567 3442 Dei,
2597 3377 2758 3447 plane
2782 3376 2873 3431 hic
2904 3378 3075 3435 Deum
3106 3377 3309 3449 diligit.
3339 3378 3554 3434 Prima-

275 3464 434 3530 ἕλεος
464 3466 670 3538 Κυρίου
715 3468 808 3521 ἐπὶ
857 3468 1039 3522 πᾶσαν
1079 3467 1280 3540 σάρκα,
1305 3468 1529 3539 ἀνυψῶν
1579 3468 1675 3522 καὶ
1702 3467 1861 3539 φωτίσ

1976 3467 2061 3523 ria
2092 3466 2185 3521 illa
2214 3467 2301 3525 lex
2331 3455 2481 3522 hunc
2512 3467 2565 3521 in
2592 3465 2819 3525 modum
2848 3465 3015 3521 edicit
3048 3482 3060 3518 :
3101 3484 3118 3516 ι
3143 3466 3256 3537 Ego
3285 3465 3554 3527 Dominus

276 3555 395 3621 ζων
420 3557 753 3628 ὀφθαλμούς.
794 3576 814 3611 ι

1976 3558 2186 3614 faciens
2228 3557 2663 3613 misericordiam
2706 3558 2794 3613 his
2832 3558 2924 3627 qui
2950 3558 3184 3628 diligunt
3210 3574 3319 3624 me,
3350 3566 3405 3613 et
3438 3574 3556 3613 scr-

275 3658 418 3703 vant
442 3650 695 3707 mandata
728 3650 928 3706 mea“.
959 3669 978 3703 ι
1011 3648 1168 3707 Alius
1196 3651 1326 3708 item
1354 3668 1369 3705 :
1413 3672 1432 3704 ι
1459 3652 1658 3707 Semen
1686 3646 1961 3708 ﬁrmitatis
1993 3652 2250 3707 timentes
2274 3651 2567 3706 Dominum
2587 3650 2652 3708 ".
2682 3670 2700 3702 ι
2736 3650 2950 3725 1239
2990 3652 3057 3708 Et
3089 3668 3102 3704 :
3146 3670 3165 3702 ι
3205 3649 3555 3707 llonorabilis

277 3744 554 3813 plantatio
578 3743 673 3814 qui
711 3740 948 3813 diligunt
986 3743 1183 3813 ipsum.
1227 3763 1248 3797 ι
1291 3744 1397 3803 Et:
1436 3764 1453 3796 ι
1496 3741 1875 3799 Misericordia
1903 3742 2146 3799 hominis
2189 3758 2359 3818 super
2396 3743 2710 3812 proximum
2732 3758 2894 3802 suum
2918 3739 3334 3802 :miscricordia
3364 3752 3553 3797 autem

276 3836 509 3894 Domini
538 3851 704 3905 super
740 3850 960 3891 onmem
995 3850 1218 3890 carnem
1248 3851 1306 3891 se
1332 3836 1596 3907 expandit
1630 3844 1687 3893 et
1714 3834 1987 3893 illuminat
2015 3836 2205 3891 oculos
2229 3836 2294 3889 ιδ.
2327 3854 2345 3887 ι

352 3929 523 3997 Λέγει
547 3929 604 3982 δὲ
624 3928 718 3980 καὶ
742 3929 775 3995 ὴ
799 3928 990 3997 Σοφία·
1024 3948 1043 3982 r
1089 3928 1231 3998 Ἐγὼ
1259 3931 1386 3994 τοὺς
1416 3930 1515 4002 ἐμὲ
1539 3929 1861 4000 ἀγαπῶντας

2040 3931 2186 3989 Dicit
2229 3939 2286 3985 et
2322 3929 2602 4001 Sapientia
2635 3946 2650 3984 :
2693 3949 2711 3983 ‹
2753 3929 2866 4001 Ego
2897 3929 3191 4000 diligentes
3220 3944 3307 3985 me
3335 3928 3506 4002 diligo
3537 3946 3552 3985 :

277 4020 511 4090 ἀγαπῶο
544 4022 592 4075 οἱ
623 4020 678 4074 δὲ
712 4018 1069 4093 ὲκζητοῦντές
1106 4038 1198 4093 με,
1234 4020 1562 4091 εὑρήσουσιν
1592 4019 1794 4093 γνῶσιν
1817 4029 1866 4074 ι).

278 4113 529 4176 Πλοῦτος
559 4114 655 4166 καὶ
684 4111 811 4178 δόξα
836 4113 965 4183 ἐμοὶ
992 4115 1251 4185 ὑπάρχει.
1280 4112 1499 4167 Βέλτιον
1528 4113 1629 4185 ἐμὲ
1651 4110 1874 4183 καρπώ-

278 4206 516 4271 σασϐαι,
566 4207 707 4278 ὑπὲρ
756 4207 981 4279 χρυσίον
1044 4207 1140 4264 καὶ
1184 4205 1333 4261 λίθον
1368 4206 1572 4278 τίμιον.
1620 4224 1640 4258 ι
1690 4204 1802 4261 Καὶ
1843 4207 1873 4260 6

272 4297 472 4361 Δαυῒδ,
510 4300 574 4351 ὲκ
611 4298 713 4367 τῆς
758 4302 839 4361 είς
885 4298 1017 4351 Θεὸν
1048 4297 1260 4370 θερμῆς
1310 4298 1533 4367 ἀγάπης
1578 4296 1873 4371 ἐνδελεχῶς

276 4393 425 4451 ἐϐόα
446 4407 459 4420 ⁸
497 4410 516 4444 ‹
566 4391 623 4443 ’0
652 4391 805 4455 Θεὸς,
838 4391 866 4443 6
897 4390 1027 4452 Θεός
1059 4407 1182 4460 μου,
1213 4389 1352 4458 πρὸς
1388 4389 1446 4442 σὲ
1476 4387 1735 4461 ὀρθρίζω,
1766 4389 1873 4442 ἐδί-

274 4483 435 4554 ψησέ
467 4500 527 4535 σε
557 4484 591 4553 ἡ
617 4483 764 4552 ψυχή
800 4498 927 4551 μου,
955 4478 1253 4542 ποσαπλῶς
1291 4498 1373 4534 σοι
1408 4480 1441 4552 ἡ
1474 4477 1610 4550 σάρξ
1647 4497 1772 4551 μου,
1814 4481 1874 4535 ὲν

276 4579 357 4647 γῇ
403 4576 625 4647 ἐρήμῳ,
671 4572 766 4627 καὶ
810 4573 1033 4645 ἀϐάτῳ,
1065 4574 1159 4626 καὶ
1210 4572 1445 4645 ἀνύδρῳ.
1483 4592 1502 4625 ι
1535 4573 1645 4627 Καὶ
1679 4569 1867 4637 αὖθιςο

285 4684 308 4717 ι
358 4664 663 4733 Ἀγαπὴσω
696 4679 778 4727 σε,
811 4661 1004 4734 Κύριε,
1050 4663 1083 4732 ἡ
1137 4661 1289 4732 ἰσχύς
1343 4679 1467 4731 μουο
1518 4660 1720 4732 Κύριος
1753 4677 1876 4717 στε-

282 4754 488 4826 ρέωμά
545 4771 680 4824 μου,
721 4753 816 4811 καὶ
847 4753 1135 4823 καταφυγή
1180 4769 1303 4823 μου,
1349 4754 1444 4811 καὶ
1476 4752 1678 4824 ρύστης
1712 4771 1868 4826 μου.»

281 4848 333 4898 Κ
350 4846 426 4897 λιι
448 4864 465 4896 ι
482 4844 673 4918 Κύριε,
692 4845 939 4899 ὲναντίον
973 4861 1067 4897 σου
1095 4844 1245 4901 πᾶσα
1268 4845 1302 4915 ή
1329 4846 1598 4916 ἐπιθυμία
1626 4863 1754 4916 μου,
1776 4845 1872 4899 καὶ

280 4940 310 4989 6
346 4940 659 5005 στεναγμός
695 4954 796 5006 μου
839 4937 947 4990 ἀπὸ
978 4936 1072 4991 σοῦ
1103 4936 1204 4993 οὐκ
1234 4936 1550 5008 ἀπεκρύϐη.
1588 4956 1607 4989 ι
1640 4938 1749 4995 Kal.
1771 4938 1874 4992 πᾶ-

280 5030 376 5081 λιν
406 5070 420 5091 ,
457 5046 475 5079 ι
524 5028 808 5101 mtuum
857 5031 891 5105 ή
940 5030 1085 5101 ψυχή
1122 5044 1224 5099 μου
1275 5030 1411 5100 πρὸς
1458 5030 1548 5085 τὸν
1581 5030 1733 5085 ’Θεὸν
1783 5029 1877 5085 τὸν

1972 4024 2066 4095 qui
2097 4031 2279 4079 autem
2313 4031 2568 4093 quarunt
2607 4038 2716 4088 me,
2743 4022 3027 4077 invenient
3065 4023 3437 4091 scientiamt';
3470 4026 3558 4080 di-

1972 4116 2120 4172 vitia:
2152 4114 2211 4186 et
2236 4114 2409 4186 gloria
2436 4114 2573 4170 mihi
2608 4123 2928 4184 supersunt.
2962 4101 3160 4172 Melius
3185 4122 3271 4170 est
3299 4132 3385 4170 me
3431 4116 3551 4171 fru-

1973 4124 2120 4172 vitia:
2152 4124 2409 4262 ﬂgloria
2436 4124 2573 4170 mihi
2608 4124 2928 4184 supersunt.
2968 4124 3160 4172 Mettus
3185 4124 3271 4170 est
3299 4132 3385 4170 me
3431 4124 3546 4171 t'ru-

1973 4216 2098 4263 ctus
2132 4223 2199 4262 co
2248 4207 2395 4278 igere
2430 4222 2541 4279 prae
2589 4221 2727 4261 auro
2780 4215 2839 4262 et
2889 4206 3069 4276 lapide
3122 4207 3369 4278 pretioso
3402 4210 3468 4263 ¹⁹.
3528 4228 3546 4259 ι

1973 4301 2143 4357 David
2179 4301 2310 4360 item
2338 4299 2668 4371 praefervido
2709 4299 3000 4357 charitatis
3029 4300 3085 4353 in
3130 4299 3304 4354 Deum
3349 4299 3553 4354 aflectu

1973 4390 2336 4456 incalescens,
2364 4389 2481 4461 jugi
2519 4390 2761 4445 clamore
2788 4389 3079 4448 insonabat
3108 4407 3123 4445 ε
3154 4407 3175 4443 ι
3206 4391 3373 4455 Deus,
3408 4390 3555 4447 Deus

1972 4500 2153 4548 meus,
2182 4482 2248 4539 ad
2277 4494 2327 4541 te
2348 4484 2416 4539 de
2446 4485 2570 4540 luce
2598 4483 2764 4555 vigilo
2785 4502 2798 4538 :
2817 4483 2993 4539 sitivit
3014 4484 3198 4538 anima
3223 4499 3362 4549 mea,
3387 4499 3552 4554 quam

1973 4577 2355 4648 multipliciter
2393 4576 2492 4631 tibi
2544 4591 2673 4631 caro
2720 4590 2863 4639 mea,
2908 4574 2963 4628 in
3004 4584 3157 4629 terra
3216 4572 3457 4639 deserta,
3494 4581 3554 4626 et

1974 4668 2145 4734 invia,
2194 4678 2250 4723 et
2299 4668 2652 4739 inaquosa".
2693 4686 2712 4720 ι
2766 4668 3008 4727 Rursum
3060 4682 3075 4721 :
3131 4684 3152 4718 ι
3196 4665 3429 4735 DiIigam
3475 4676 3549 4727 te,

1975 4762 2229 4827 Domine,
2263 4760 2534 4820 fortitudo
2596 4775 2717 4818 mea
2764 4776 2778 4816 :
2826 4759 3095 4819 Dominus
3144 4744 3551 4813 firmamentum

1976 4868 2184 4919 meum,
2247 4862 2303 4909 et
2352 4853 2629 4925 refugium
2685 4868 2892 4918 meum,
2948 4861 3005 4908 et
3057 4852 3325 4909 liberator
3397 4866 3555 4905 meus

1975 4947 2159 5013 est";
2200 4964 2221 4999 ι
2260 4976 2332 4987 -
2363 4966 2382 5000 ι
2430 4945 2680 5010 Domine,
2730 4954 2859 5000 ante
2917 4951 2971 4999 te
3015 4958 3179 4999 omne
3214 4941 3555 5001 desiderium

1976 5054 2184 5105 meum,
2238 5048 2295 5094 et
2330 5038 2570 5111 gemitus
2614 5055 2771 5094 meus
2817 5054 2847 5093 a
2881 5047 2935 5093 te
2974 5053 3086 5093 non
3141 5044 3228 5092 est
3262 5034 3558 5091 abscondi.

287 5120 543 5190 ἰσχυρὸν,
588 5121 679 5175 τὸν
709 5122 907 5185 ζῶνταο
942 5125 1074 5178 πότε
1120 5126 1270 5197 ἥξω,
1317 5127 1412 5179 καὶ
1443 5124 1752 5196 ὀφθήσομαι
1798 5124 1861 5196 τᾷ

1978 5133 2161 5188 tus“.
2205 5151 2224 5184 ι
2260 5133 2467 5190 Iterum
2505 5149 2519 5187 :
2568 5151 2587 5183 ι
2631 5131 2818 5189 Sitivit
2857 5132 3043 5190 anima
3090 5145 3212 5187 mea
3257 5127 3324 5186 ad
3381 5126 3556 5183 Deum

286 5213 576 5284 προσώπῳ
604 5213 699 5269 τοῦ
731 5213 866 5268 Θεοῦ
893 5234 908 5284 ;
952 5236 971 5269 ι
1001 5219 1110 5274 Καί
1133 5235 1147 5249 ο
1192 5237 1211 5270 ι
1255 5216 1625 5290 Ἐπεπὸθησεν
1664 5218 1698 5288 ἡ
1728 5217 1861 5288 ψυχί

1980 5221 2201 5287 fortem,
2236 5223 2421 5278 vivum
2456 5239 2471 5277 :
2504 5223 2727 5293 quando
2761 5221 2977 5277 veniam
3017 5228 3076 5274 et
3110 5218 3389 5290 apparebo
3427 5224 3557 5276 ante

289 5321 404 5376 μου
439 5304 902 5379 τοῦὲπιϐυμῆσαι
935 5310 1006 5365 τὰ
1031 5311 1277 5383 κρίματά
1316 5329 1412 5371 σου
1457 5283 1526 5367 ὲν.
1560 5283 1861 5369 παντὶ-και-

1980 5283 2313 5371 faciem'Dei
2346 5312 2433 5367 “2
2470 5332 2490 5367 ι
2522 5283 2632 5371 Ειε
2674 5336 2693 5365 ο
2741 5310 3073 5383 Οοιωυρίνίι
3104 5283 3285 5368 anima
3314 5320 3435 5363 mea
3464 5307 3559 5365 dc-

372 5461 439 5533 ‘A'A
463 5461 578 5517 Jac.
607 5479 684 5528 ut,
719 5464 920 5526 17.18.
999 5467 1044 5499 ¹¹
1069 5467 1191 5523 Act.
1217 5484 1272 5531 ι,
1304 5468 1394 5525 35.
1471 5470 1517 5501 ¹³
1554 5468 1746 5524 Matth.
1777 5485 1830 5532 ι,
1860 5480 1861 5491 ‘

2029 5467 2073 5501 "
2101 5465 2274 5528 Eccli.
2311 5482 2493 5529 xxxrv,
2524 5468 2610 5524 15.
2689 5469 2731 5500 ’³
2760 5467 2805 5523 lI
2834 5467 2961 5523 Cor.
2990 5484 3044 5533 v,
3073 5466 3158 5521 13.
3240 5464 3283 5497 "
3315 5464 3454 5521 Deut
3502 5478 3556 5527 ν,

286 5532 350 5605 ρ,
388 5531 472 5605 10.
518 5534 589 5605 μί’
616 5534 756 5589 Psal.
782 5552 927 5599 xxnv,
957 5537 1043 5592 14.
1126 5539 1168 5569 ⁸⁸
1208 5538 1376 5593 Eccli.
1406 5553 1535 5593 xvm
1562 5580 1577 5605 ,
1612 5542 1700 5596 I2.
1777 5531 1825 5573 ⁸⁸⁷
1857 5540 2022 5600 Prov.
2055 5554 2185 5603 vtn,
2209 5540 2387 5595 17-19.
2465 5539 2509 5571 "
2550 5539 2692 5596 Psal.
2724 5554 2852 5603 un,
2879 5539 2984 5594 i-3.
3032 5531 3100 5569 ’ν’
3148 5536 3291 5591 Psal.
3335 5551 3463 5599 xvn,
3500 5535 3558 5586 l-

287 5602 355 5659 ὖ.
433 5604 478 5635 ³³
518 5602 662 5663 Psal.
692 5607 1002 5673 xxxanO.
1080 5609 1126 5639 "
1161 5608 1305 5669 Psal.
1337 5627 1443 5678 xu,
1476 5612 1531 5667 5.
1565 5602 1572 5605 ⁷

1598 5741 1835 5797 VARUE
1878 5738 2280 5797 [ΕΟ-’1³1οΝΕᾶ

374 5867 406 5911 1»
438 5858 707 5915 Invenient
740 5861 1009 5915 scientiam
1036 5880 1052 5916 :
1082 5878 1181 5932 pro
1209 5877 1319 5930 quo
1349 5863 1522 5918 Aldus
1550 5863 1738 5924 habet.
1763 5862 1940 5936 χάριν,
1969 5860 2026 5920 id
2058 5870 2162 5926 est,
2192 5861 2443 5937 gratiam.

628 5952 899 6023 Ριιτιιοῐι,
927 5957 1041 6019 Gn.
1094 5956 1447 6025 LXXXIX,
3035 5950 3117 6019 58
