4040 6522
527 424 666 488 1835

1805 420 2175 484 ANTIOCHI
2213 419 2560 483 MONACHI

3678 419 3808 484 133“:

527 544 782 598 siderare
805 541 1235 612 iustificationes
1281 550 1402 597 tuas
1448 542 1502 597 in
1554 543 1702 598 omni
1735 551 1982 615 tempore
2015 544 2108 597 ’δε

2223 541 2318 614 ρῷ,
2347 541 2430 595 ὅτι
2459 539 2692 610 γλυκεῖα
2725 539 2805 612 τῷ
2828 541 3067 615 λάρυγγί
3098 559 3203 614 μου
3229 539 3301 596 τά
3333 539 3498 611 λόγιά
3520 553 3642 608 σου,
3672 540 3808 613 ὑπὲρ

526 639 660 710 quia
691 635 876 692 dulcia
920 635 1178 692 faucibus
1220 636 1359 691 meis
1400 636 1622 707 eloquia
1659 645 1754 692 tua
1803 653 1973 708 super
2007 636 2112 691 mel

432 804 436 809 η
526 730 609 784 ori
642 743 768 784 meo
785 727 854 782 ".
892 746 912 779 ι
966 756 1037 767 -
1076 746 1094 778 ι
1124 725 1364 782 Comede
1409 728 1542 793 mel,
1592 727 1666 781 ﬁli
1697 727 1795 790 mi,
1837 728 1916 782 ait
1967 727 2059 782 ille
2095 740 2110 778 :

529 822 710 876 bonus
755 820 903 875 enim
946 818 1138 882 favus,
1169 827 1230 872 ut
1258 817 1650 875 condulcescat
1682 829 1874 890 guttur
1908 827 2062 873 tuum
2096 831 2110 871 :

530 915 610 970 sic
639 915 788 970 enim
821 929 1021 969 sensus
1044 920 1101 966 ct
1121 911 1392 982 sapientia
1424 921 1590 967 erunt
1620 914 1818 968 anima:
1844 921 1953 967 tua:
1987 913 2052 965 ³⁸.
2088 929 2108 962 ι

529 1007 769 1062 Joannes
799 1022 814 1061 :
853 1025 869 1057 ι
910 1003 1262 1067 Charissimi,
1294 1005 1443 1058 Deus
1490 1005 1733 1059 charitas
1765 1013 1851 1059 est
1881 1021 1894 1057 :
1927 1011 1983 1059 et
2016 1002 2112 1073 qui

529 1106 717 1154 manet
777 1096 830 1150 in
884 1095 1176 1158 charitate,
1235 1095 1289 1148 in
1347 1097 1460 1151 Deo
1510 1105 1719 1158 manet,
1762 1104 1818 1149 et
1859 1096 2006 1150 Deus
2057 1093 2113 1148 in

529 1204 597 1242 eo
626 1189 688 1240 ⁸⁷.
741 1207 759 1238 ι
794 1186 966 1241 Infert
1000 1199 1015 1240 :
1067 1204 1085 1236 ι
1141 1185 1262 1239 Non
1311 1186 1440 1256 quia
1484 1201 1587 1241 nos
1625 1187 1922 1241 dileximus
1961 1201 2110 1251 eum,

530 1281 628 1335 sed
663 1279 791 1349 quia
821 1278 936 1348 ipse
971 1277 1163 1332 dilexit
1192 1293 1313 1341 nos,
1365 1278 1515 1332 misit
1552 1278 1750 1332 Filium
1798 1294 1960 1333 suum
1989 1294 2115 1348 pro-

531 1372 879 1443 pitiationem
915 1387 1013 1441 pro
1050 1370 1294 1441 peccatis
1319 1370 1526 1425 nostris
1555 1371 1623 1424 ²⁸.
1659 1389 1676 1422 ι
1713 1371 1955 1426 Paulus:
1992 1390 2010 1422 ι
2053 1371 2112 1425 In

531 1465 622 1518 his
659 1463 918 1517 omnibus
967 1477 1296 1531 superamus
1328 1473 1554 1531 prepter
1595 1478 1720 1516 eum
1773 1466 1869 1532 qui
1922 1462 2115 1516 dilexit

530 1573 655 1620 nos,
683 1557 855 1611 Deum
887 1556 952 1610 ".
987 1574 1006 1607 ι
1041 1553 1254 1609 lndueit
1283 1571 1297 1610 :
1335 1572 1354 1605 ι
1390 1553 1527 1621 Quia
1556 1555 1913 1626 diligentibus
1941 1555 2112 1608 Deum

532 1647 718 1701 omnia
767 1654 1138 1715 cooperantur
1175 1643 1227 1696 in
1276 1643 1504 1709 bonum,
1552 1645 1621 1699 iis
1666 1644 1759 1714 qui
1806 1644 2112 1698 secundum

2219 633 2344 704 μέλι
2375 632 2455 704 τῷ
2487 634 2718 705 στόματί
2755 653 2879 707 μου.
2918 655 2938 688 ι
2966 665 3036 677 -
3065 636 3240 703 «Φάγε
3271 635 3403 707 γὰρ.
3432 635 3631 706 φησιν,
3666 632 3804 704 μέλι,

2215 723 2321 776 υἱέ·
2353 723 2563 792 ἀγαθὸν
2587 725 2700 796 γὰρ
2723 727 2938 798 κηρίον,
2972 726 3062 780 ἴνα
3091 727 3367 798 γλυκανθῇ
3393 743 3488 780 σου
3520 727 3552 780 δ
3579 725 3804 797 λάρυγξ.

2215 815 2403 880 Οῦτως
2425 814 2537 886 γάρ
2568 816 2826 888 αἴσθησις
2857 818 2956 872 καὶ
2985 818 3147 887 σοφία
3186 819 3343 872 ἔσται
3379 822 3446 890 τῇ
3477 822 3545 889 σῇ
3575 818 3748 887 ψυχῇ.
3781 835 3800 868 ι

2217 910 2324 964 Ka‘t
2363 909 2392 963 ὁ
2442 909 2723 981 Ἰωάννης·
2756 927 2775 961 ι
2827 911 3152 982 Ἀγαπητοὶ,
3177 912 3207 964 ὁ
3237 911 3374 974 Θεὸς
3413 911 3606 980 ἀγάπη
3633 910 3804 974 ἐστὶν,

2215 1001 2314 1054 καὶ
2357 1000 2388 1053 ὁ
2427 1000 2608 1071 μένων
2640 1002 2699 1054 ἐν
2724 1003 2790 1072 τῇ
2831 1003 3046 1075 ἀγάπῃ,
3087 1003 3146 1055 ἐν
3177 1001 3257 1072 τῷ
3295 1002 3416 1072 Θεῷ
3445 1003 3626 1072 μένει,
3660 1002 3755 1054 καὶ
3779 1003 3807 1054 ὀ

2215 1092 2350 1157 Θεὸς
2376 1093 2436 1147 ἐν
2460 1092 2635 1160 αὐτῷ.
2673 1111 2693 1144 ι
2721 1093 2832 1147 Kal.
2861 1094 3139 1166 ἐπιφέρει,
3173 1113 3192 1146 ι
3221 1096 3337 1165 Οὐχ
3365 1096 3449 1147 ὅτι
3478 1096 3645 1165 ἡμεῖς
3675 1096 3809 1162 ἠγα-

2214 1187 2473 1256 πὴσαμεν
2501 1185 2689 1250 αὐτὸν,
2719 1184 2836 1238 ἀλλ’
2866 1187 2948 1239 ὅτι
2989 1187 3155 1251 αὐτὸς
3181 1187 3471 1258 ⁴ἠγάπησεν
3506 1189 3684 1256 ἡμᾶς,
3715 1187 3809 1239 καὶ

2215 1274 2540 1330 ἀπέστειλεν
2565 1275 2659 1330 τὸν
2683 1276 2811 1330 Υίὸν
2838 1277 3028 1343 αὐτοῦ,
3061 1279 3288 1348 ἱλασμὸν
3320 1279 3459 1349 ὑπὲρ
3482 1277 3596 1330 τῶν
3627 1279 3808 1348 ἀμαρ-

2214 1368 2345 1421 τιῶν
2373 1367 2550 1439 ἡμῶν.
2592 1367 2742 1435 »Καὶ
2764 1371 2792 1422 ὁ
2819 1369 3032 1432 Παῦλος
3054 1386 3070 1401 ο
3098 1389 3117 1421 ι
3141 1370 3282 1423 Ἀλλ’
3315 1372 3373 1424 ἐν
3397 1370 3614 1433 τούτοις
3644 1371 3808 1422 πᾶσιν

2216 1464 2630 1535 ὑπερνικῶμεν,
2680 1461 2772 1515 διὰ
2813 1459 2909 1515 τοῦ
2946 1461 3337 1533 ἀγαπήσαντος
3386 1461 3536 1530 ἡμᾶς
3571 1458 3735 1514 Θεοῦ.
3782 1479 3801 1510 ι

2217 1555 2328 1608 Ka‘t
2352 1556 2572 1624 ἐπάγει,
2613 1574 2630 1606 ι
2673 1553 2798 1608 Ὀτι
2843 1555 2958 1617 τοῖς
2987 1553 3278 1624 ἀγαπῶσιν
3317 1552 3408 1606 τὸν
3452 1553 3589 1606 Θεὸν
3629 1553 3807 1606 πάντα

2217 1651 2474 1720 συνεργεῖ
2513 1649 2594 1711 εἰς
2627 1646 2690 1699 τὸ
2726 1645 2954 1714 ἀγαθὸν,
2977 1649 3094 1711 τοῖς
3118 1648 3262 1700 κατά
3289 1646 3551 1718 πρόθεσιν
3584 1645 3809 1715 κλητοῖς

531 1739 878 1810 propositum
913 1737 1092 1792 vocati
1145 1745 1277 1790 sunt
1324 1736 1519 1790 sancti.
1569 1755 1586 1788 ›
1638 1737 1887 1791 lterum:
1923 1754 1941 1787 ι
1981 1735 2116 1802 Quis

2223 1737 2387 1793 οὖσιν.
2435 1757 2454 1790 ι
2507 1739 2620 1792 Kal.
2666 1738 2856 1798 πάλιν.
2890 1757 2909 1790 ι
2940 1737 3040 1801 Τίς
3082 1739 3232 1808 ἡμᾶς
3277 1737 3507 1808 χωρίσει
3547 1737 3663 1792 ἀπὸ
3713 1739 3809 1808 τῆς

530 1848 635 1887 nos
668 1831 945 1902 separabit
985 1846 1015 1885 a
1055 1829 1322 1884 cbaritate
1359 1828 1491 1882 Dei?
1537 1827 1862 1883 tribulatio?
1905 1844 1973 1883 an
2019 1844 2118 1882 an-

2223 1831 2437 1901 ἀγάπης
2464 1829 2558 1883 τοῦ
2583 1829 2756 1898 Θεοῦ;
2789 1828 2992 1900 θλίψις,
3023 1830 3056 1900 ἢ
3093 1829 3453 1901 στενοχωρία,
3476 1831 3511 1900 ἦ
3538 1829 3806 1900 διωγμὸς,

533 1925 756 1997 gustia?
790 1940 857 1978 an
888 1921 1240 1994 persecutio?
1269 1938 1336 1975 an
1381 1921 1589 1975 futiles?
1618 1938 1686 1975 an
1721 1921 1938 1992 gladius
1968 1921 2054 1975 ’°?
2090 1941 2110 1974 ι

2223 1923 2253 1995 ἢ
2281 1923 2462 1994 λιμὸς,
2492 1922 2527 1994 ἢ
2556 1922 2858 1993 γυμνότης,
2899 1922 2933 1994 ἢ
2961 1921 3288 1994 κίνδυνος,ἦ
3318 1923 3602 1994 μάχαιρα;
3636 1941 3656 1975 ι
3702 1923 3810 1976 Καὶ

531 2018 705 2073 lnfert
733 2032 747 2070 :
786 2036 803 2066 ι
832 2016 1032 2072 Certus
1058 2015 1208 2070 enim
1253 2030 1396 2077 sum,
1430 2013 1561 2083 quia
1596 2030 1776 2084 neque
1814 2029 1986 2076 mors,
2009 2029 2113 2069 ne-

533 2125 640 2180 que
671 2108 802 2173 vita,
855 2122 1035 2178 neque
1070 2106 1269 2177 angeli,
1305 2120 1484 2174 neque
1532 2105 1894 2175 principatus,
1931 2121 2116 2176 neque

532 2209 864 2272 potestates,
918 2214 1098 2268 neque
1147 2199 1428 2260 instantia,
1464 2214 1643 2267 neque
1695 2199 1900 2262 futura,
1934 2214 2116 2269 neque

533 2291 646 2344 ulla
693 2290 800 2344 alia
849 2296 1103 2342 creatura
1131 2287 1337 2357 poterit
1367 2303 1468 2342 nos
1496 2301 1752 2357 separare
1786 2303 1816 2342 a
1848 2287 2116 2343 cbaritate

533 2382 654 2445 Dei,
692 2395 816 2452 qua:
866 2388 951 2435 est
986 2379 1040 2433 in
1072 2378 1296 2434 Christo
1328 2379 1456 2434 Jesu
1495 2379 1730 2434 Domino
1768 2387 1962 2434 nostro
1985 2379 2051 2432 ".
2090 2397 2109 2431 ι

532 2473 800 2527 Dominus
845 2485 1109 2542 quoque:
1147 2489 1165 2522 ι
1213 2471 1316 2537 Qui
1373 2471 1542 2526 habet
1591 2471 1849 2526 mandata
1888 2487 2009 2526 mea
2060 2481 2118 2527 et

532 2575 716 2623 servat
743 2581 828 2629 ea,
867 2564 958 2619 ille
987 2573 1074 2619 est
1097 2564 1192 2634 qui
1229 2563 1412 2635 diligit
1441 2578 1528 2618 me
1559 2581 1572 2618 :
1605 2563 1700 2633 qui
1726 2573 1909 2618 autem
1940 2563 2118 2636 diligit

534 2675 642 2725 me,
680 2657 942 2728 diligetur
971 2672 1002 2711 a
1034 2657 1196 2711 Patre
1229 2671 1376 2722 meo,
1409 2664 1466 2711 et
1496 2671 1598 2726 ego
1627 2655 1848 2726 diligam
1879 2671 2028 2721 cum,
2061 2666 2118 2712 et

533 2746 901 2814 manifestabo
937 2747 988 2802 ei
1019 2747 1290 2817 meipsum
1326 2746 1392 2801 ³².
1432 2765 1452 2798 ι
1491 2746 1627 2801 Vide
1667 2747 1759 2802 hic
1790 2763 1955 2818 quam
1989 2763 2114 2818 ope-

534 2841 742 2896 ratoria
780 2840 850 2894 sit
885 2854 1016 2909 erga
1045 2839 1218 2892 Deum
1250 2838 1523 2893 charitas!
1564 2838 1738 2908 ipsius
1782 2840 1997 2895 confert
2036 2839 2111 2894 die

530 2931 770 2986 lucidam
810 2928 1182 3001 cognitionem
1221 2929 1386 2983 simul
1438 2935 1494 2983 et
1535 2929 1917 3000 cognoscentis
1963 2945 2118 2985 com-

532 3023 966 3078 mendationem.
997 3022 1101 3087 Qui
1128 3021 1423 3076 sinceriter
1451 3022 1625 3077 Deum
1655 3021 1857 3097 diligit,
1885 3037 1943 3076 se
1967 3021 2116 3076 aliud

534 3117 672 3172 nihil
717 3115 871 3168 ducit
905 3129 1026 3167 esse
1085 3127 1247 3182 quam
1296 3121 1587 3166 externum
1634 3119 1691 3166 et
1735 3111 2005 3166 advenam
2059 3112 2115 3166 in

533 3216 647 3262 Vlla
683 3203 960 3275 prtesenti.
1004 3202 1154 3257 Talis
1208 3201 1303 3272 qui
1365 3211 1472 3268 est,
1503 3203 1705 3257 decora
1761 3211 1818 3256 et
1878 3204 2114 3274 eleganti

2219 2015 2516 2088 ἐπιφέρει·
2559 2035 2578 2066 ι
2615 2016 2927 2086 Πέπεισμαι
2957 2014 3067 2086 γὰρ
3113 2015 3196 2068 ὅτι
3228 2014 3352 2068 οὔτε
3398 2016 3652 2079 θάνατος,
3689 2015 3810 2069 οὔτε

2218 2107 2354 2180 ζωὴ,
2387 2107 2513 2162 οῦτε
2555 2107 2802 2176 ἄγγελοι,
2835 2105 2960 2160 οὔτε
2991 2107 3181 2178 ἀρχαὶ,
3213 2105 3336 2160 οὔτε
3385 2107 3658 2174 ἐξουσίαι,
3688 2109 3811 2161 οὕτε

2216 2199 2511 2265 ἐνεστῶτα,
2541 2197 2668 2253 οὔτε
2714 2198 3002 2270 μέλλοντα,
3046 2197 3171 2252 οὔτε
3209 2217 3294 2264 τις
3317 2199 3496 2262 κτίσις
3525 2199 3694 2270 ἑτέρα
3723 2199 3813 2252 δυο

2216 2296 2440 2363 νήσεται
2475 2288 2623 2362 ἡμᾶς
2646 2291 2880 2363 χωρίσαι
2909 2290 3018 2344 ἀπὸ
3042 2291 3139 2362 τῆς
3175 2291 3398 2360 ἀγάπης
3424 2290 3517 2344 τοῦ
3542 2291 3685 2344 Θεοῦ
3714 2294 3810 2361 τῆς

2217 2383 2275 2438 ἐν
2305 2382 2529 2456 Χριστῷ
2566 2382 2743 2454 Ἰησοῦ
2781 2382 2861 2454 τῷ
2905 2383 3096 2454 Κυρίῳ
3128 2383 3310 2453 ἡμῶν.
3344 2401 3362 2435 ι
3404 2381 3463 2437 ’0
3484 2383 3544 2436 δὲ
3575 2382 3808 2452 Κύριος,

2221 2492 2242 2526 ι
2287 2474 2349 2527 ’0
2389 2473 2528 2544 ἔχων
2569 2473 2670 2536 τάς
2698 2472 2921 2536 ἐντολάς
2954 2491 3079 2543 μου,
3111 2473 3207 2526 καὶ
3229 2470 3416 2544 τηρῶν
3439 2473 3639 2537 αύτάς,
3677 2475 3812 2525 ἐκεῐο

2215 2564 2306 2630 νός
2335 2566 2486 2619 ἐστιν
2511 2567 2540 2618 ὁ
2573 2565 2808 2633 ἀγαπῶν
2831 2581 2920 2636 με’
2949 2567 2978 2618 ὁ
3015 2563 3072 2618 δὲ
3106 2564 3342 2634 ἀγαπῶν
3373 2583 3468 2636 με,
3505 2565 3808 2636 ἀγαπηθή·

2219 2671 2372 2709 σεται
2415 2653 2522 2706 ὑπὸ
2551 2652 2647 2706 τοῦ
2698 2652 2912 2724 Πατρός
2941 2669 3065 2724 μου,
3100 2651 3259 2721 κάγὼ
3309 2653 3586 2723 ἀγαπήσω
3615 2652 3806 2714 αὑτὸν,

2217 2747 2314 2801 καὶ
2345 2745 2633 2817 ἐμφανίσω
2665 2743 2814 2816 αύτῷ
2853 2743 3110 2813 ἐμαυτόν.
3146 2762 3164 2794 ι
3219 2743 3451 2806 Βλέπεις
3489 2743 3574 2795 ὅτι
3605 2743 3640 2808 ἡ
3675 2742 3810 2812 πρὸς

2215 2839 2350 2894 Θεὸν
2405 2839 2595 2910 ἀγάπη
2657 2836 2757 2908 τὴν
2803 2835 3105 2907 ἐμφάνειαν
3145 2833 3312 2889 αὑτοῦ
3351 2836 3448 2888 καὶ
3477 2835 3580 2905 τὴν
3611 2834 3810 2887 51:060-

2216 2932 2319 3003 χὴν
2343 2930 2593 3004 παρέχει.
2638 2930 2697 2983 '0
2733 2929 3046 3002 εἰλικρινῶς
3085 2927 3317 2997 ἀγαπῶν
3339 2927 3431 2981 τὸν
3469 2926 3627 2992 Θεὸν,
3659 2927 3810 2990 ξένον

2204 3023 2409 3101 ’ἑαυτὸν
2441 3023 2540 3075 καὶ
2573 3021 2957 3093 παρεπίδημον
2985 3021 3100 3092 ἔχει
3136 3022 3196 3074 ἐν
3228 3020 3367 3091 τῷδε
3397 3020 3475 3092 τῷ
3501 3019 3624 3091 βίῳ·
3660 3022 3754 3073 καὶ
3783 3023 3810 3072 ὸ

2215 3115 2456 3178 τοιοῦτος
2486 3114 2586 3186 τὴν
2613 3115 2786 3185 καλὴν
2812 3113 3100 3168 ἀλλοίωσιν
3130 3113 3446 3185 ἠλλοίωται·
3477 3111 3578 3166 καὶ
3607 3112 3729 3164 ὅσοι
3753 3110 3812 3162 τὸ
3855 3108 3860 3111 ⁷

2220 3208 2379 3277 ἆγιον
2419 3207 2517 3262 τοῦ
2553 3205 2792 3280 Χριστοῦ
2838 3207 3012 3277 ὄνομα
3043 3209 3101 3261 ἐν
3135 3205 3212 3276 τῷ
3243 3205 3396 3277 βάθει
3431 3205 3532 3275 τῆς
3581 3204 3812 3275 καρδίας

536 3299 862 3355 alterations
886 3298 1206 3352 immutatus
1228 3303 1334 3351 est.
1366 3295 1731 3366 Quotcunque
1758 3295 2116 3351 meditatione

2223 3299 2401 3354 αὐτῶν
2443 3298 2745 3370 μελετῶσιν
2792 3287 3110 3362 ἀπαύστως,
3151 3290 3298 3350 οῦτοι
3331 3295 3520 3349 καὶτὸ
3565 3295 3686 3363 φῶς
3718 3294 3813 3346 αύ-

531 3393 650 3463 jugi
694 3398 750 3444 et
785 3389 1058 3443 indefessa
1088 3389 1234 3443 intra
1267 3389 1454 3442 cordis
1482 3403 1734 3443 recessus
1771 3387 1996 3443 intimos
2027 3405 2117 3444 re-

2223 3390 2314 3444 τοῦ
2346 3407 2479 3444 ποτε
2507 3391 2640 3461 ὀρᾷν
2663 3389 2944 3445 δύνανται.
2971 3389 3139 3461 Στενῇ
3162 3389 3272 3461 γάρ
3303 3386 3545 3460 μερίμνῃ
3583 3386 3693 3438 ὑπὸ
3717 3386 3815 3455 τῆς

541 3484 722 3537 tinent
771 3491 1020 3536 sanctum
1073 3479 1281 3536 Christi
1327 3496 1527 3536 nomen
1569 3481 1736 3536 altius
1765 3480 2115 3552 impressum,

2223 3483 2462 3547 διανοίας
2509 3481 2910 3553 κρατούμενον,
2942 3484 3123 3537 πάντα
3165 3482 3260 3535 τὸν
3295 3482 3468 3553 ῥύπον
3495 3480 3600 3550 τῆς
3633 3477 3816 3548 ψυχῆς

541 3577 632 3632 isti
690 3573 1076 3645 splendilluam
1137 3573 1310 3643 ipsius
1364 3574 1545 3627 lucem
1607 3573 1860 3628 contueri
1913 3575 2120 3645 jugiter

2224 3577 2282 3629 ἐν
2335 3574 2590 3644 αἰσθήσει
2640 3573 2982 3643 καταφλέγει
3013 3573 3210 3645 πολλῇ.
3247 3572 3359 3626 Kal.
3394 3573 3503 3642 γὰρ
3538 3589 3559 3621 ι
3594 3568 3658 3624 ’0
3685 3569 3817 3629 Θεὸς

540 3675 754 3739 queunt
788 3685 802 3720 :
837 3665 890 3720 in
921 3663 1228 3734 quamlibet
1257 3664 1405 3718 enim
1430 3672 1659 3734 angusta
1691 3666 1893 3718 mentis
1922 3674 2120 3718 nostra!

2223 3665 2381 3738 ήμῶν
2429 3665 2542 3738 πῦρ
2585 3665 3020 3731 καταναλίσκων,
3065 3685 3084 3717 ›
3147 3667 3336 3738 φησίν.
3375 3663 3539 3718 Ὅθεν
3591 3665 3692 3714 καὶ
3741 3661 3816 3722 είς

541 3759 810 3816 memoria
841 3766 1282 3818 retentumcum
1316 3771 1478 3811 sensu
1532 3757 1706 3811 multo
1754 3756 1928 3828 ipsius
1973 3757 2118 3827 capi-

543 3871 667 3910 mus
709 3852 1170 3923 experimentum,
1223 3858 1280 3905 et
1312 3865 1532 3904 omnem
1595 3851 1792 3904 anima:
1835 3849 2119 3905 sorditiem

543 3945 810 4002 interiore
865 3942 1084 3998 ﬂamma
1144 3942 1345 3998 exurit.
1411 3943 1624 4015 1240
1680 3943 1966 4014 Siquidem
2036 3943 2123 3998 vel

544 4049 684 4094 teste
709 4038 890 4110 Moyse
911 4055 926 4092 :
950 4055 966 4088 ι
992 4037 1137 4091 Deus
1165 4046 1356 4090 noster
1390 4035 1532 4106 ignis
1556 4051 1889 4090 consumens
1915 4046 1998 4091 est
2013 4037 2077 4091 ⁸³.
2100 4057 2118 4089 ι

545 4130 701 4189 Unde
736 4138 791 4182 et
829 4128 896 4183 ad
924 4127 1251 4182 charitatem
1284 4126 1560 4195 cepiosam
1588 4141 1700 4180 suae
1728 4126 1901 4196 ipsius
1939 4127 2126 4197 gloria:

545 4238 766 4278 omnem
800 4221 1039 4276 animam
1084 4217 1227 4272 accit
1270 4217 1534 4271 Dominus
1576 4227 1636 4272 et
1679 4217 1928 4271 advocat.
1979 4217 2124 4272 Nihil

546 4317 626 4372 sic
657 4315 725 4370 ad
758 4313 1111 4369 dilectionem
1165 4309 1262 4364 Dei
1310 4307 1557 4364 incendit
1589 4323 1685 4363 cor
1713 4317 1770 4363 et
1814 4320 2123 4379 promovet,

546 4417 609 4462 ut
644 4395 937 4476 theologia.
971 4403 1211 4459 Germen
1243 4401 1389 4454 enim
1424 4401 1541 4470 ipsa
1570 4415 1693 4455 cum
1725 4401 1797 4455 sit
1823 4401 2012 4472 gratiae
2038 4402 2126 4455 di-

545 4502 719 4565 vinze,
769 4513 996 4569 prorsus
1051 4497 1292 4567 gratuito
1341 4494 1538 4548 animze
1588 4493 1801 4548 confert
1856 4494 2129 4564 primitias

2223 3760 2446 3831 ἀγάπην
2483 3758 2708 3830 πολλὴν,
2750 3757 2852 3830 τὴν
2889 3758 3068 3829 ψυχὴν
3097 3757 3196 3827 τῆς
3224 3755 3420 3810 ἑαυτοῦ
3451 3755 3616 3826 δόξης
3645 3770 3821 3825 προσ·

2224 3852 2535 3906 καλεῖταιὸ
2567 3853 2793 3924 Κύριος.
2845 3850 3012 3904 Οὐδὲν
3053 3849 3110 3902 δὲ
3151 3848 3325 3913 οὕτως
3370 3847 3672 3916 ἀναφλέγει
3728 3844 3822 3898 καὶ

2226 3950 2369 4001 κινεῖ
2395 3947 2496 4018 τὴν
2519 3946 2747 4018 καρδίαν
2772 3947 2852 4009 είς
2874 3945 2974 4016 τὴν
3005 3943 3230 4015 ἀγάπην
3252 3942 3346 3997 τοῦ
3376 3941 3511 3996 Θεοῦ
3533 3941 3616 4004 ὡς
3637 3943 3675 4012 ἡ
3705 3938 3824 3992 θεον

2225 4041 2404 4112 λογία.
2435 4042 2608 4113 Γεννᾷ
2636 4041 2746 4112 γὰρ
2771 4040 2912 4110 αῦτη
2941 4041 3042 4093 ὃσα
3069 4038 3172 4110 τῆς
3199 4036 3366 4092 αὐτοῦ
3390 4037 3638 4109 χάριτος·
3666 4037 3822 4105 upi-

2225 4151 2300 4189 τα
2339 4134 2556 4188 πάντων
2608 4132 2706 4187 καὶ
2752 4132 2900 4202 δῶρα
2935 4135 3002 4203 τῇ
3031 4131 3176 4203 ψυχῇ
3221 4128 3505 4201 χαρίζεται
3551 4131 3652 4184 τοῦ
3685 4134 3823 4200 ἀγα⁴

2229 4225 2444 4288 πῶντος
2465 4225 2557 4278 τὸν
2584 4224 2739 4278 Θεὸν.
2767 4223 2847 4276 Τὰ
2877 4223 3088 4293 δάκρυα
3112 4222 3188 4285 ὼς
3220 4221 3339 4291 μέλι
3362 4220 3643 4289 γλυκάζον
3674 4225 3732 4275 ἐν
3757 4225 3821 4293 τῇ

2229 4317 2428 4387 καρδίᾳ
2457 4316 2624 4370 αὑτοῦ
2653 4318 3142 4387 κατασπείροντος.
3179 4315 3257 4385 Τῇ
3285 4313 3430 4385 ψυχῇ
3472 4315 3584 4386 γὰρ
3616 4318 3717 4368 σὺν
3747 4316 3825 4385 τῷ

2231 4393 2580 4480 ἡγεμονικῷ,
2605 4407 2899 4478 ἐνδελεχῶς
2942 4407 3102 4461 αὐτὸν
3141 4405 3352 4477 καθορᾷ
3377 4407 3466 4460 διά
3497 4407 3597 4460 τοῦ
3631 4408 3824 4462 πόθου.

2229 4502 2394 4572 Ψυχὴ
2437 4503 2496 4554 ἐν
2538 4504 2604 4571 τῇ
2649 4500 2839 4572 ἀγάπῃ
2887 4499 2980 4552 τοῦ
3020 4499 3154 4552 Θεοῦ
3193 4498 3608 4569 ἀγαλλιωμένη,
3645 4502 3704 4551 ἐν
3750 4501 3828 4568 τῷ

548 4593 813 4664 quasdatn
848 4599 904 4644 et
939 4588 1103 4642 dona.
1155 4587 1435 4658 Lacrymae
1467 4585 1760 4640 sinceriter
1792 4586 1965 4641 Deum
1997 4587 2120 4641 dili-

2233 4585 2414 4662 καιρῷ
2441 4591 2539 4659 τῆς
2571 4588 2676 4642 ὑπὸ
2703 4587 2798 4642 τοῦ
2840 4590 3094 4656 σώματος
3130 4587 3334 4653 ἐξόδου,
3358 4590 3418 4642 ού
3449 4589 3528 4660 μὴ
3559 4589 3827 4643 δειλιάσει

549 4684 730 4756 gentis
766 4681 922 4752 quasi
978 4679 1086 4733 mel
1132 4679 1398 4733 eduleans
1425 4678 1764 4746 eliquantur,
1812 4679 2039 4734 seminis
2072 4679 2120 4734 in

2232 4685 2324 4739 τὸν
2348 4684 2586 4756 ἄρχοντα
2604 4681 2698 4735 τοῦ
2726 4683 2888 4751 ἀέρος
2928 4682 3142 4751 τούτου,
3165 4682 3289 4736 οὔτε
3319 4683 3416 4747 τάς
3444 4682 3703 4748 ἐξουσίας
3733 4684 3827 4736 τοῦ

549 4777 774 4833 modum
810 4772 1045 4844 dispersi
1085 4772 1142 4826 in
1191 4771 1359 4826 corde
1401 4771 1506 4825 viri
1545 4770 1724 4824 istius.
1771 4771 1966 4826 Anima
1995 4788 2130 4826 con-

549 4869 796 4926 sentiens
822 4866 1030 4938 jugiter
1064 4864 1304 4935 puritate
1339 4863 1563 4926 mentis,
1592 4864 1763 4917 Deum
1791 4865 2133 4934 contempla-

551 4973 642 5018 tur
685 4969 742 5015 et
779 4958 1041 5030 perspicit
1079 4957 1298 5012 interno
1333 4955 1630 5009 desiderio.
1667 4955 1862 5009 Anima
1904 4956 1957 5010 in
1998 4957 2132 5010 clla...

553 5056 717 5110 ritate
748 5053 843 5107 Dei
868 5051 1152 5106 exsultans
1192 5048 1467 5112 hilariter,
1494 5048 1548 5101 in
1576 5047 1807 5102 articulo
1835 5047 2015 5104 exitus
2046 5050 2131 5106 sui

555 5164 584 5202 a
620 5135 868 5215 corpore.
901 5143 1054 5198 nullo
1083 5156 1285 5212 pavore
1314 5139 1686 5194 exterrebitur
1724 5141 2135 5197 circumstantis

556 5253 614 5292 se
646 5235 912 5307 principis
940 5235 1088 5289 acris
1111 5233 1296 5304 hujus,
1328 5247 1509 5301 neque
1539 5230 1859 5286 formidahit
1890 5241 2133 5302 potesta-

558 5341 640 5386 tes
677 5327 1032 5381 tenebrarum
1083 5324 1303 5388 barum,
1355 5322 1452 5378 sed
1497 5321 1710 5377 ferviala
1761 5322 1816 5376 in
1852 5322 2132 5380 Christum

555 5421 825 5477 charitate
862 5417 1222 5481 incalesccns,
1261 5431 1367 5469 una
1401 5430 1524 5468 cum
1565 5413 1775 5482 angelis
1810 5414 1960 5482 pacis
2001 5430 2134 5469 evo-

470 5536 473 5540 λ
555 5513 730 5568 lahit:
768 5509 996 5581 perinde
1045 5516 1210 5577 atque
1255 5522 1285 5560 a
1331 5506 1624 5576 peregrino
1661 5505 1900 5575 hospitio
1933 5508 2136 5578 migra-

559 5591 704 5672 tura,
738 5605 792 5660 in
833 5602 1118 5676 proprium
1147 5611 1198 5655 et
1234 5599 1512 5670 peculiare
1553 5613 1612 5653 se
1639 5599 1869 5669 recipiat
1903 5598 2136 5656 domici-

628 5810 674 5841 "‘
711 5807 853 5861 Psal.
906 5821 1088 5867 cum,
1135 5802 1226 5857 20.
1327 5802 1371 5832 ³⁸
1413 5799 1547 5853 ibid.
1599 5800 1716 5854 105.

560 5883 605 5915 ’ν
633 5880 792 5935 llotu.
819 5894 932 5942 nu,
965 5877 1051 5932 ὅτ.

1809 5802 1854 5831 ’⁸
1892 5803 2053 5856 Prov.
2123 5819 2268 5864 xxw,
2309 5801 2394 5865 15,
2443 5801 2527 5854 Η.

1129 5876 1173 5906 ³⁸
1216 5871 1630 5938 ll01tt.vm,5;‘i.
1705 5871 1745 5903 ³⁸
1791 5872 1924 5926 ibid.
1966 5873 2155 5928 38-59.

2234 4777 2486 4838 σκότους,
2524 4773 2640 4827 ἀλλ’
2670 4775 2734 4826 ἐκ
2761 4776 2860 4845 τῆς
2887 4775 3113 4845 ἀγάπης
3155 4775 3256 4844 τῆς
3292 4775 3373 4838 είς
3402 4776 3558 4838 Θεὸν,
3598 4776 3828 4846 χαίρου-

2236 4885 2303 4920 σα
2340 4866 2566 4920 ἴπτατοιι
2605 4866 2702 4918 σὺν
2738 4869 2850 4928 τοῖς
2893 4867 3148 4934 ἀγγέλοις
3185 4867 3286 4936 τῆς
3333 4868 3580 4936 εἰρήνης,
3608 4868 3684 4929 ὡς
3720 4869 3831 4920 ἀπὸ

2237 4956 2393 5029 ξένης
2413 4959 2492 5022 είς
2522 4957 2590 5011 τὰ
2619 4958 2844 5010 οἱκεῖα.‹
2871 4958 2982 5028 Τὴν
3013 4957 3305 5028 ἐπιθυμίαν
3327 4959 3456 5028 γὰρ,
3492 4959 3688 5028 φησιν,
3719 4960 3830 5028 ἔχω

2237 5050 2505 5103 ἀναλῦσαι
2549 5051 2644 5103 καὶ
2687 5051 2782 5103 σὺν
2830 5050 3052 5121 Χριστῷ
3083 5047 3244 5104 εἶναι.
3288 5070 3306 5102 ι
3348 5051 3591 5118 Ἐχουσα
3641 5052 3758 5120 γὰρ
3798 5055 3829 5119 ἡ

2237 5143 2384 5214 ψυχὴ
2429 5143 2526 5213 τὴν
2581 5141 2825 5210 ἀγάπην,
2871 5141 2933 5194 τὸ
2984 5143 3262 5213 πλήρωμα
3295 5141 3390 5195 τοῦ
3426 5143 3620 5210 νόμου,
3658 5145 3716 5194 ὲν
3760 5146 3827 5210 τῇ

2237 5233 2516 5306 παρουσίᾳ
2566 5231 2660 5285 τοῦ
2715 5233 2918 5302 Κυρίου
2971 5231 3281 5301 ἀρπάζεται
3334 5235 3392 5285 ἐν
3442 5233 3702 5301 νεφέλαις
3751 5237 3831 5296 εἰς

2236 5328 2540 5397 ἀπάντησιν
2579 5323 2766 5378 αὑτοῦ.
2803 5325 3018 5391 Μικροῦ
3052 5325 3109 5378 δὲ
3153 5325 3344 5378 ἔλαθεν
3384 5327 3533 5395 ἡμᾶς
3570 5329 3606 5396 ἡ
3635 5327 3828 5395 ἀγάπη

2237 5418 2335 5485 τῆς
2375 5419 2433 5470 ἐν
2456 5418 2566 5478 τοῖς
2600 5415 2877 5486 ᾊσμασιν
2906 5415 3006 5481 νύμ
3020 5433 3127 5486 φης
3177 5416 3528 5487 Ἑκκλησίας,
3560 5418 3665 5470 καὶ
3692 5419 3829 5487 πρὸς

2237 5509 2328 5562 τὸν
2358 5507 2611 5577 Νυμφίον
2650 5507 2904 5577 Χριστύν.
2961 5507 3025 5558 Ὠ
3056 5508 3157 5578 τῆς
3204 5507 3440 5579 ζημίαςί
3476 5511 3648 5581 φησὶν
3693 5525 3830 5580 γαρ,

2249 5622 2266 5653 ι
2297 5601 2584 5672 Φιλησάτω
2617 5617 2682 5670 με
2709 5599 2818 5651 ἀπὸ
2860 5599 3181 5671 φιλημάτων
3212 5603 3479 5673 στόματος
3519 5603 3713 5655 αὐτοῦ·
3744 5603 3834 5656 ὅτι

2641 5803 2685 5833 ¹⁷
2725 5802 2884 5857 Joan.
2938 5819 3010 5864 IV,
3045 5802 3126 5857 ιδ.
3234 5804 3280 5834 ³⁸
3319 5802 3338 5856 l
3375 5803 3538 5858 Joan.
3589 5821 3702 5871 xiv,
3735 5807 3826 5860 £0.

2233 5874 2276 5906 ³¹
2310 5873 2468 5930 Joan.
2517 5888 2622 5938 xw,
2672 5874 2764 5929 21.
2841 5874 2886 5906 ⁸³
2923 5875 3084 5929 Deut.
3140 5890 3212 5939 Iv,
3255 5873 3358 5940 Si;
3401 5875 3571 5929 llebr.
3605 5892 3704 5941 xu,
3730 5876 3826 5932 29.
