4040 6518
258 453 388 517 1837
1030 459 1360 521 IIOMILIA
1386 455 1644 519 CXXIX.
1684 481 1753 493 ···
1793 458 1890 520 DE
1931 456 2308 519 FILIORUM
2348 456 2798 525 ADOPTIONE.
3385 454 3522 519 1838

256 566 446 635 ἀγαθοὶ
470 565 521 620 οἱ
554 567 751 639 μαστοί
798 584 890 623 σου
933 568 1076 642 ὑπὲρ
1107 565 1271 622 οἶνον.
1311 567 1422 621 Kal.
1452 568 1599 638 ὀσμὴ
1636 564 1825 638 μύρων

1954 565 2082 622 ium.
2127 585 2145 619 ι
2193 564 2537 621 Desiderium
2594 565 2742 621 enim
2793 564 2974 621 habeo
3025 560 3251 621 dissolvi
3296 575 3353 621 et
3399 575 3522 622 esse

261 679 350 714 σου
385 661 526 733 ὑπὲρ
559 661 740 717 πάντα
784 663 854 717 τὰ
904 662 1194 736 ἀρώματα.
1242 661 1431 731 Μύρον
1483 659 1827 724 ἐκκενωθέν,

1954 677 2053 716 :um
2097 660 2319 717 Christo
2365 660 2431 715 “.
2488 680 2506 711 ι
2560 660 2755 716 Anima
2788 662 2937 718 enim
2986 676 3109 732 qua:
3175 661 3524 727 charitatem,

258 753 426 823 ὄνομά
460 770 576 808 σου.
603 755 701 809 Διά
721 755 899 822 τοῦτο,
930 755 1169 818 νεάνιδες
1195 751 1493 823 ἠγάπησαν
1529 768 1611 813 σε,
1644 751 1828 803 εἵλκυ-

1954 755 2336 810 ilenitudinem
2366 754 2505 825 legis
2532 756 2814 825 possidet;
2847 756 2915 811 ad
2947 756 3128 812 nubes
3164 772 3341 826 usque
3372 756 3526 825 rapi-

261 848 357 899 σάν
389 864 467 909 σε,
499 847 673 901 ὀπίσω
725 866 819 901 σου
875 851 955 912 είς
991 847 1166 918 ὀσμὴν
1228 845 1400 918 μύρου
1449 841 1831 914 δραμούμεθα,

1954 864 2048 914 ur,
2081 847 2303 902 obviam
2347 847 2488 901 itura
2519 847 2836 902 advenienti
2874 848 3130 904 Domino.
3162 848 3394 903 Paulum
3424 848 3526 902 ab-

259 938 720 1010 ἀγαλλιασώμεθα
750 942 843 994 καὶ
882 938 1282 1010 εὐφρανθῶμεν
1323 939 1380 991 ἐν
1437 936 1517 989 σοί
1542 952 1556 967 ’
1602 934 1835 1005 εὐθύτης

1954 938 2043 992 ἰιίι
2072 946 2133 992 ιιι
2161 953 2264 992 nos
2294 936 2561 1008 eﬂ‘ugeret
2600 937 2826 993 dilectio
2869 939 3017 994 illius
3053 956 3269 1009 sponsae
3303 940 3525 1010 (nempe

266 1031 546 1101 ἠγάπησέν
585 1049 666 1086 σε.
707 1051 725 1083 ι
796 1032 907 1085 Ka‘t
963 1031 1138 1094 αὖθις,
1195 1025 1597 1095 «Ἀπάγγειλόν
1634 1043 1746 1096 μοι,
1777 1025 1837 1080 ὃν

1954 1031 2219 1097 Ξοοιεείιιδ)
2248 1031 2316 1084 ad
2350 1045 2637 1099 sponsum,
2671 1030 2933 1086 videlicet
2961 1030 3245 1086 Christum
3275 1051 3287 1086 :
3321 1030 3389 1085 de
3416 1045 3525 1100 qua

260 1124 542 1193 ἠγάπησεν
577 1126 610 1196 ἡ
646 1124 789 1194 ψυχή
825 1141 951 1195 μου,
984 1123 1086 1176 ποῦ
1120 1119 1470 1191 ποιμαίνειςς
1504 1118 1608 1173 ποῦ
1652 1118 1839 1172 κοιτά-

263 1217 374 1278 ζεις
425 1216 896 1287 ἐνιμεσημδρίᾳς
939 1216 1071 1269 Ἰδοὺ
1117 1215 1226 1285 γὰρ
1283 1211 1331 1266 εἶ
1374 1213 1573 1276 καλὸς,
1625 1210 1718 1264 καί
1774 1225 1840 1278 γε

261 1306 480 1376 ὡραῖος,
512 1308 569 1359 ἐν
599 1310 664 1378 τῇ
708 1309 837 1379 σκιᾷ
866 1324 958 1359 σου
997 1305 1321 1375 ἐπεθύμησα
1372 1306 1466 1358 καὶ
1526 1303 1777 1357 ἐκάθισα·
1813 1301 1842 1353 ὁ

264 1400 372 1468 γὰρ
405 1397 618 1465 καρπός
644 1414 739 1450 σου
765 1397 970 1465 γλυκὺς
995 1400 1052 1450 ἐν
1075 1394 1309 1467 λάρυγγί
1347 1412 1469 1465 μου.
1506 1414 1524 1445 ι
1563 1394 1675 1445 Kal.
1705 1409 1840 1463 προ-

264 1493 574 1561 τρεπομένη
595 1490 805 1553 ἀλ).ους,
838 1491 1023 1560 φησὶν,
1055 1490 1320 1559 ι”Ωρκισα
1350 1489 1515 1558 ὑμᾶς,
1544 1485 1843 1555 θυγατέρες

278 1584 652 1655 Ἰερουσαλὴμ,
687 1587 781 1639 ἐὰν
812 1585 1063 1656 ἐγείρητε
1096 1584 1198 1636 καὶ
1244 1580 1561 1652 ἐξεγείρητε
1586 1579 1686 1649 τὴν
1711 1578 1845 1647 ἀγά-

267 1689 432 1742 πησιν
480 1674 584 1737 ἕως
625 1667 687 1727 οὗ
733 1673 970 1745 θελήσει.
1010 1693 1028 1725 ι
1078 1673 1187 1725 Καὶ
1234 1672 1429 1733 πάλιν,
1470 1688 1489 1723 ι
1536 1668 1719 1734 Δεῖξόν
1757 1685 1847 1740 μοι

265 1762 361 1834 τὴν
394 1763 517 1834 δψιν
557 1783 672 1831 σου,
731 1766 824 1818 καὶ
870 1764 1157 1818 ἀκούτισόν
1211 1780 1304 1834 μοι
1342 1764 1441 1833 τὴν
1486 1761 1670 1831 φωνήν
1728 1778 1844 1827 σου,

266 1854 348 1906 ὅτι
392 1855 426 1924 ή
478 1857 630 1925 φωνή
687 1872 783 1909 σου
841 1854 1027 1926 ἡδεῖα,
1060 1856 1155 1907 καὶ
1196 1855 1228 1925 ή
1278 1853 1400 1923 ὄψις
1445 1871 1536 1906 σου
1584 1852 1781 1923 ὡραία.
1822 1870 1840 1902 ι

264 1945 517 2010 Τοιοῦτος
556 1943 625 2017 ἦν
675 1949 702 2001 ὁ
756 1948 997 2017 Μωῦσῆς
1048 1947 1291 2018 κράζων,
1327 1965 1346 1997 ι
1382 1945 1564 2009 Δεῖξόν
1631 1961 1719 2014 μοι
1743 1943 1842 2015 τὴν
1878 1927 1919 1980 Β

263 2035 384 2105 ὄψιν
421 2054 536 2098 σου,
580 2037 836 2105 γνωστῶς
869 2038 962 2090 ἴδω
998 2054 1079 2090 σε.
1122 2038 1292 2108 “Kal.
1320 2035 1503 2100 πάλιν,
1541 2054 1559 2086 ι
1609 2034 1840 2102 Ἑζήτη-

266 2141 353 2187 σα,
390 2126 448 2179 ὃν
479 2128 763 2197 ἠγάπησεν
796 2127 1001 2199 ήψυχή
1040 2146 1165 2199 μου,
1205 2128 1487 2199 ἐκράτησα
1532 2126 1718 2189 αὐτὸν,
1748 2126 1844 2179 καὶ

262 2223 361 2277 οὐκ
390 2223 578 2291 ἀφῆκα
610 2223 807 2284 αὐτὸν.
860 2223 941 2276 ὅτι
986 2220 1307 2292 τετρωμένη
1350 2220 1538 2291 ἀγάπῃ
1585 2217 1718 2288 ἐγὼ,
1763 2219 1845 2271 ὅτι

262 2316 499 2385 κραταιά
526 2315 600 2379 ὡς
624 2314 852 2378 θάνατος
876 2314 1085 2384 ἀγάπη·
1116 2311 1261 2383 ὓδωρ
1292 2313 1427 2365 πολὺ
1457 2313 1518 2364 ού
1557 2311 1847 2380 δυνήσεται

264 2407 455 2459 σϐέσαι
485 2405 582 2476 τὴν
615 2406 858 2475 ἀγάπην.
904 2425 920 2456 ι
956 2404 1196 2477 Τοιαύτη
1232 2406 1266 2475 ή
1296 2403 1392 2459 τοῦ
1428 2404 1637 2472 Πέτρου
1663 2402 1838 2473 ψυχὴ,

262 2497 521 2565 λέγουσα,
561 2516 579 2548 ι
620 2496 814 2568 Κύριε,
849 2496 952 2549 ποῦ
986 2497 1255 2564 ύπάγεις;
1295 2514 1313 2547 ι
1348 2493 1478 2559 Καὶ,
1508 2514 1526 2545 ι
1552 2492 1694 2565 Πρὸς
1723 2494 1844 2546 τίνα

263 2588 713 2658 ἀπελευσόμεθα;
774 2608 792 2641 ι
866 2586 1008 2659 Πρὸς
1063 2587 1123 2641 ὃν
1177 2590 1206 2641 ό
1250 2586 1491 2657 Κύριος,
1527 2586 1591 2638 ἐκ
1619 2585 1840 2656 τρίτου·

271 2699 289 2732 ι
327 2682 524 2752 Πέτρε,
557 2685 729 2751 φιλεῖς
761 2698 869 2753 με;
907 2701 925 2733 ι
971 2682 1027 2735 'O
1049 2681 1128 2746 δὲ,
1169 2701 1188 2732 ι
1224 2678 1355 2746 Ναὶ,
1384 2681 1578 2751 Κύριε,
1614 2678 1677 2731 σὺ
1699 2672 1847 2741 οἶδας

264 2773 346 2827 ὅτι
383 2774 524 2842 φιλῶ
562 2792 642 2828 σε.
685 2794 705 2827 ι
741 2774 909 2828 Πάλιν
934 2774 992 2827 δὲ
1023 2776 1052 2828 ό
1082 2774 1288 2843 Κύριος
1331 2771 1469 2843 πρὸς
1495 2773 1623 2835 τοὺς
1648 2768 1845 2824 ἑαυτοῦ

269 2865 518 2935 μαθητάς
545 2883 731 2938 φησιν,
765 2886 783 2917 ι
824 2867 950 2919 Ἐάν
980 2884 1063 2930 τις
1092 2867 1283 2937 ἀγαπᾷ
1306 2883 1396 2934 με,
1430 2864 1523 2918 τὸν
1548 2865 1711 2934 λόγον
1748 2880 1848 2934 μου

264 2961 520 3032 τηρήσει,
551 2961 644 3014 καὶ
668 2963 695 3014 ό
721 2961 913 3031 Πατήρ
943 2976 1045 3029 μου
1073 2959 1354 3029 ἀγαπήσει
1387 2958 1572 3024 αὐτὸν,
1601 2958 1694 3011 καὶ
1717 2958 1852 3027 πρὸς

264 3055 430 3107 αὐτὸν
469 3052 823 3125 ἐλευσόμεθα,
856 3054 950 3107 καὶ
990 3053 1156 3123 μονὴν
1206 3051 1338 3123 παρ’
1371 3049 1521 3121 αὐτῷ
1552 3052 1848 3121 ποιησόμε-

266 3145 359 3199 θα.
390 3164 410 3196 ι
446 3145 602 3214 Αὐτῷ
632 3147 664 3216 ή
698 3146 822 3209 δόξα
855 3146 935 3208 εἰς
969 3144 1099 3206 τοὺς
1133 3144 1358 3205 αἰῶνας.
1409 3141 1604 3213 Ἀμήν.

1943 1144 1997 1188 ιιι
2053 1124 2313 1181 Canticis.
2360 1124 2404 1179 O
2433 1126 2742 1195 jacturaml
2782 1127 2858 1181 ait
2913 1127 3063 1181 enim
3106 1143 3120 1179 :
3172 1145 3189 1177 ι
3225 1124 3526 1181 Oscnletur

1941 1233 2025 1271 me
2058 1218 2126 1271 ab
2157 1218 2360 1272 osculis
2404 1217 2521 1271 oris
2560 1217 2667 1281 sui,
2716 1220 2844 1287 quia
2898 1219 3127 1272 meliora
3177 1226 3309 1273 sunt
3353 1218 3527 1273 ubera

1944 1315 2034 1361 tua
2088 1308 2252 1369 vino,
2306 1318 2363 1362 et
2417 1308 2555 1363 odor
2606 1317 3015 1379 unguentorum
3086 1320 3310 1365 tuorum
3361 1325 3530 1380 super

1942 1399 2129 1453 omnia
2186 1408 2451 1453 aromata.
2518 1397 2870 1469 Unguentum
2928 1402 3268 1455 exinanitum
3323 1415 3529 1455 nomen

1944 1498 2099 1545 tuum
2129 1508 2141 1543 :
2173 1490 2297 1544 ideo
2328 1490 2751 1546 adolescentulae
2779 1492 3095 1546 dilexerunt
3122 1500 3209 1558 te;
3242 1499 3532 1546 traxerunt

1946 1588 2036 1647 te;
2070 1589 2193 1651 post
2224 1590 2277 1635 te
2305 1568 2360 1635 ἰῗι
2396 1582 2619 1636 odorem
2651 1592 3058 1653 unguentorum
3092 1592 3311 1637 tuorum
3340 1599 3532 1638 curra-

1946 1690 2091 1738 mus,
2134 1674 2475 1728 exsultemus
2520 1682 2596 1741 et,
2622 1675 2871 1731 laetentur
2912 1676 2969 1730 in
3001 1688 3063 1729 te
3096 1692 3111 1728 :
3146 1674 3532 1735 rectitudodi-

1948 1766 2081 1821 lexit
2113 1774 2166 1820 te
2192 1766 2258 1820 ³⁸.
2295 1784 2313 1817 ι
2346 1766 2598 1820 Rursus:
2632 1787 2648 1818 ι
2683 1766 2959 1822 Renuntia
2989 1768 3120 1821 mihi
3152 1783 3314 1838 quem
3340 1766 3533 1820 dilexit

1951 1859 2133 1912 anima
2164 1873 2316 1911 mea:
2344 1859 2438 1912 ubi
2466 1860 2666 1928 pascis,
2693 1858 2782 1913 ubi
2818 1859 2988 1913 cubas
3022 1859 3075 1912 in
3102 1859 3333 1913 meridie
3360 1876 3374 1914 :
3400 1872 3531 1912 ecce

1945 1950 2092 2005 enim
2131 1958 2187 2003 tu
2220 1950 2451 2018 pulcher
2495 1961 2550 2005 et
2601 1952 2919 2006 decorus".
2951 1969 2969 2003 ι
2996 1982 3063 1991 -
3085 1970 3101 2001 ‹
3134 1951 3192 2005 In
3216 1952 3408 2004 umbra
3437 1960 3531 2006 tua

1949 2042 2263 2097 desideravi
2294 2054 2350 2097 et
2382 2044 2521 2109 sedi,
2549 2052 2604 2099 et
2632 2043 2847 2104 fructus
2874 2053 3002 2099 tuus
3030 2044 3208 2099 dulcis
3228 2043 3283 2097 in
3309 2052 3532 2113 gutture

1951 2149 2074 2189 meo
2100 2136 2164 2188 ³⁷.
2221 2154 2240 2187 ›
2293 2135 2446 2190 Alios
2474 2136 2763 2191 adhortata
2808 2136 2924 2191 ait:
2957 2135 3220 2207 Adjuravi
3254 2151 3373 2198 vos,
3408 2135 3533 2190 tiliae

1949 2227 2341 2292 Jerusalem,si
2370 2227 2775 2284 suscitaveritis
2804 2228 3178 2291 dilectionem,
3209 2227 3387 2281 donec
3416 2229 3534 2296 ipsa

1953 2320 2195 2375 voluerit
2218 2318 2284 2375 ³⁸.
2316 2339 2333 2371 ι
2375 2321 2580 2375 lterum
2608 2333 2623 2373 :
2658 2338 2677 2372 ι
2713 2319 2954 2376 Ostende
2983 2319 3117 2373 mihi
3144 2319 3335 2373 faciem
3358 2327 3530 2383 tuam,

1945 2412 2136 2466 audire
2171 2428 2257 2467 me
2283 2412 2367 2467 fac
2397 2428 2590 2467 vocem
2624 2423 2795 2478 tuam,
2828 2413 2955 2482 quia
2996 2429 3100 2467 vox
3136 2419 3229 2466 tua
3257 2411 3436 2466 dulcis
3477 2419 3535 2465 et

1946 2502 2116 2558 facies
2151 2512 2243 2557 tua
2280 2503 2481 2558 decora
2518 2498 2645 2557 ³⁹.”»
2685 2504 2854 2559 Plane
2902 2504 3028 2558 talis
3068 2512 3189 2558 erat
3234 2503 3412 2559 Moses
3444 2503 3523 2557 in-

1947 2596 2190 2649 clamans
2223 2613 2239 2649 :
2284 2616 2301 2648 ι
2342 2594 2584 2652 Ostende
2620 2596 2753 2650 mihi
2799 2592 2995 2651 faciem
3040 2607 3210 2661 tuam,
3241 2596 3534 2666 perspicue

1949 2693 2010 2738 ut
2056 2683 2270 2739 videam
2310 2694 2361 2740 te
2394 2684 2462 2740 ιθ.
2518 2705 2536 2737 ι
2580 2687 2833 2741 lterum:
2868 2706 2885 2738 ι
2935 2687 3202 2752 Quaesivi,
3233 2701 3395 2756 quem
3445 2684 3534 2737 di-

1949 2774 2081 2829 lexit
2142 2775 2324 2830 anima
2378 2792 2498 2831 mea
2538 2794 2552 2832 :
2588 2778 2737 2831 tenui
2787 2793 2935 2839 eum,
2977 2793 3079 2832 nec
3126 2777 3401 2831 dimittam
3450 2777 3525 2845 ip-

1949 2883 2069 2921 sum
2101 2867 2165 2931 ",
2199 2867 2330 2937 quia
2356 2868 2642 2923 vulnerata
2668 2870 2939 2924 charitatc
2966 2884 3067 2940 ego
3100 2870 3144 2900 δ’
3176 2885 3190 2923 :
3222 2868 3349 2938 quia
3377 2867 3537 2922 furtis

1948 2970 2009 3015 ut
2036 2978 2184 3016 mors
2222 2962 2483 3029 dilectio;
2534 2979 2675 3033 aqua
2713 2966 2885 3017 multa
2930 2980 3041 3016 non
3079 2963 3284 3033 poterit
3326 2960 3538 3015 exstin-

1947 3071 2114 3123 guere
2154 3055 2479 3109 charitatem
2510 3056 2579 3112 ".
2624 3057 2774 3113 Talis
2814 3056 2957 3112 Petri
2993 3057 3195 3120 anima,
3230 3071 3354 3109 cum
3387 3054 3541 3107 diee-

1949 3154 2073 3199 ret:
2118 3163 2136 3196 ι
2176 3145 2428 3212 Domine,
2457 3163 2567 3217 quo
2593 3148 2838 3202 vadis“?
2875 3166 2894 3197 ι
2938 3148 3004 3201 Et
3035 3162 3048 3198 :
3083 3164 3100 3197 ι
3130 3145 3209 3199 Ad
3245 3160 3408 3213 quem
3442 3143 3540 3197 ibi-

268 3236 492 3291 mus“?
517 3258 533 3289 ι
560 3237 660 3292 Cui
682 3238 969 3299 Dominus.
1007 3236 1207 3291 tertio:
1237 3254 1255 3287 ι
1278 3236 1462 3297 Petre,
1485 3249 1635 3288 amas
1664 3234 1789 3288 me?
1812 3253 1828 3286 ι
1873 3235 1968 3290 lllc
1994 3246 2210 3291 autem:
2239 3255 2257 3288 ι
2294 3236 2478 3303 Certe,
2509 3240 2758 3303 Domine,
2794 3248 2849 3292 tu
2876 3240 2985 3292 scis
3016 3236 3143 3307 quia
3205 3250 3327 3289 amo
3350 3244 3401 3289 te
3421 3233 3487 3286 “.
3514 3253 3533 3287 ι

268 3329 534 3384 Dominus
580 3329 764 3384 denuo
808 3329 1096 3399 discipulis
1143 3328 1261 3383 suis
1319 3340 1335 3381 :

1403 3346 1422 3380 ι
1473 3327 1528 3382 Si
1577 3329 1701 3398 quis
1742 3328 1921 3399 diligit
1961 3345 2068 3394 me,
2098 3345 2410 3386 sermonem
2438 3348 2620 3387 meum
2661 3332 2923 3395 servabit,
2953 3339 3008 3384 et
3041 3331 3202 3384 Pater
3230 3344 3386 3383 meus
3413 3326 3543 3381 dili-

269 3432 363 3495 get
385 3437 535 3489 eum,
561 3431 616 3478 et
642 3423 709 3477 ad
743 3438 870 3478 eum
905 3422 1211 3489 veniemus,
1234 3430 1291 3476 et
1329 3422 1673 3476 mansionem
1705 3421 1849 3490 apud
1888 3437 2015 3476 eum
2041 3422 2310 3479 faciemus
2342 3423 2407 3478 ".
2442 3443 2460 3475 ι
2495 3424 2601 3494 Ipsi
2640 3424 2814 3495 gloria
2837 3424 2892 3477 in
2922 3425 3144 3480 sazcula.
3167 3424 3364 3478 Amen.

848 3538 1071 3593 ΛΟΓΟΣ
1099 3538 1275 3592 ΡΚΘ¹.

799 3650 938 3720 Περὶ
974 3651 1301 3716 υἱοθεσίας.

343 3767 482 3833 Δόξα
516 3769 583 3839 τῇ
631 3766 931 3839 ἀγαθότητί
985 3783 1102 3832 σου,
1159 3765 1433 3827 Δέσποτα,
1480 3763 1852 3834 φιλάνθρωπε,

270 3861 609 3931 φιλόπτωχε,
649 3861 993 3930 φιλόστοργε,
1036 3858 1321 3929 φιλόψυχε,
1351 3855 1639 3926 τριλάγαθε,
1677 3856 1855 3926 ἀμνη-

273 3955 473 4007 σίκακε
514 3954 706 4024 Κύριε
739 3952 796 4013 ὃς
830 3952 956 4013 τούς
1011 3969 1141 4005 ποτε
1184 3951 1285 4021 τὴν
1327 3950 1385 4002 ἐν
1437 3948 1516 4018 τῷ
1545 3946 1857 4017 παραδείσῳ

272 4045 497 4114 ἐντολήν
550 4061 642 4097 σου
683 4041 1137 4111 ἐκφαυλίσαντας,
1194 4041 1290 4094 καὶ
1337 4039 1714 4111 νεκρωθέντας
1753 4040 1858 4091 ὑπὸ

270 4139 375 4206 τῆς
411 4136 702 4209 ἁμαρτίας,
741 4136 835 4188 καὶ⁵
878 4135 965 4188 διὰ
1001 4134 1095 4187 τοῦ
1151 4134 1280 4187 ἰδίου
1313 4132 1620 4203 θελήματος
1666 4131 1856 4201 ἡμῶν,

272 4233 333 4283 ού
376 4231 534 4300 μόνον
566 4227 961 4297 ἐλευθέρωσας,
997 4225 1133 4279 ἀλλὰ
1174 4226 1268 4278 καὶ
1300 4226 1476 4277 οἰκεῖα
1534 4222 1703 4277 τέκνα
1761 4224 1855 4275 ἀν-

273 4323 605 4391 ηγόρευσας’
639 4320 834 4383 οἵτινες
857 4320 961 4382 ἕως
990 4317 1085 4371 τοῦ
1116 4316 1210 4371 νῦν
1237 4316 1564 4386 ἀφυλάκτως
1600 4317 1729 4386 περὶ
1759 4314 1858 4376 τὰς

274 4415 501 4475 ἐντολάς
536 4431 631 4465 σου
676 4411 917 4482 βιοῦμεν,
952 4412 1027 4474 ὡς
1077 4413 1156 4473 εἰς
1190 4411 1338 4481 ἡμᾶς
1384 4407 1734 4480 πληρωθῆναι
1777 4408 1856 4472 τὸ,

284 4526 301 4558 ι
340 4507 508 4569 Υἰοὺς
544 4504 849 4573 ἐγέννησα,
893 4506 986 4557 καὶ
1020 4503 1233 4573 ὕψωσα,
1264 4502 1419 4557 αὐτοὶ
1459 4502 1515 4554 δέ
1552 4518 1619 4571 με
1658 4500 1859 4570 ἠθέτη-

278 4617 405 4653 σαν.
454 4620 472 4652 ι
514 4600 612 4662 Τίς
663 4599 952 4668 δυνήσεται
985 4595 1353 4667 διηγήσασθαι
1393 4596 1455 4649 τὸ
1497 4595 1733 4660 πέλαγος
1761 4595 1860 4664 τῆς

276 4690 686 4761 εὐσπλαγχνίας
718 4705 832 4753 σου,
868 4688 1188 4758 μακρόθυμε
1219 4687 1314 4741 καὶ
1338 4685 1590 4757 κηδεμὼν
1618 4685 1728 4738 τῶν
1752 4685 1859 4755 ψυ-

277 4780 393 4849 χῶν
415 4778 592 4848 ἡμῶν,
623 4779 723 4831 Θεὲ
754 4777 1170 4847 παντοκράτωρ,
1204 4778 1298 4830 καὶ
1325 4776 1520 4846 Κύριε,
1549 4776 1645 4831 τοῦ
1672 4775 1860 4839 ἐλέους

2325 3537 2534 3611 1241
2589 3538 2874 3594 llOMILlA
2914 3537 3150 3593 CXXIX.

2404 3650 2482 3704 De
2519 3651 2755 3719 filiorum
2795 3653 3100 3722 adoptione.

2026 3764 2211 3818 Gloria
2265 3771 2387 3819 esto
2439 3762 2769 3833 benignitati
2827 3770 2959 3826 tum,
2993 3761 3195 3816 eximie
3253 3760 3541 3814 hominum

1956 3864 2170 3911 amator
2200 3854 2453 3917 Domine,
2489 3854 2583 3923 qui
2633 3870 2736 3908 nos
2766 3869 2953 3909 rerum
3000 3851 3246 3906 omnium
3289 3850 3545 3920 indignos

1958 3958 2069 4004 tam
2103 3956 2353 4002 amanter
2387 3946 2617 4015 excipis,
2652 3946 2780 4001 filiis
2813 3949 2923 4000 tuis
2969 3954 3079 3999 tam
3129 3943 3383 4014 indulges
3433 3942 3546 3997 cle-

1959 4048 2211 4105 menter;
2264 4038 2361 4109 qui
2413 4037 2637 4092 deamas
2682 4039 2915 4100 animas,
2973 4037 3067 4106 qui
3118 4036 3256 4090 tanti
3304 4034 3545 4088 aestimas

1958 4132 2401 4202 qualemcunque
2443 4130 2570 4184 vitae
2614 4137 2815 4184 nostrae
2861 4128 3214 4198 probitatem,
3265 4140 3543 4195 quemque

1960 4224 2115 4278 nulla
2153 4232 2315 4291 urget
2364 4222 2630 4276 memoria
2658 4220 2949 4275 malorum.
2980 4219 3024 4273 O
3051 4218 3302 4282 Domine,
3336 4216 3545 4285 primos

1958 4315 2182 4386 quidem
2223 4316 2335 4384 jam
2371 4314 2503 4369 olim
2542 4312 2887 4381 (mandatum
2942 4311 3041 4365 abs
3076 4317 3129 4365 te
3160 4309 3541 4380 praescriptum

1959 4424 2083 4463 cum
2115 4408 2170 4461 in
2204 4406 2463 4477 paradiso
2488 4406 2653 4477 positi
2682 4404 3041 4475 contemptim
3079 4401 3541 4472 transmisissent)

1960 4501 2153 4555 mortis
2204 4500 2480 4555 sententia
2527 4499 2788 4554 multatos
2839 4497 2910 4553 ob
2964 4505 3271 4566 peccatum.
3332 4509 3542 4563 nosque

1963 4590 2115 4659 priva
2153 4589 2439 4644 voluntate
2475 4588 2861 4650 mortificatos,
2912 4602 3021 4640 non
3063 4584 3317 4639 libertate
3363 4582 3541 4637 solum

1961 4681 2201 4747 donasti,
2252 4680 2349 4736 sed
2398 4689 2454 4736 et
2504 4680 2759 4751 preprios
2810 4678 2953 4732 filios
3007 4675 3308 4731 deelarasti
3354 4691 3368 4727 :
3413 4690 3541 4727 cum

1962 4774 2168 4843 alioqui
2197 4774 2252 4827 in
2280 4773 2428 4827 hunc
2451 4787 2626 4841 usque
2651 4770 2799 4825 diem
2836 4768 3147 4839 improvide
3187 4776 3293 4821 tam
3319 4765 3539 4819 deside-

280 4889 410 4937 oou;
444 4873 622 4941 ’Έφης
651 4874 759 4940 γὰρ
784 4872 870 4924 διὰ
896 4870 990 4924 τοῦ
1023 4870 1303 4939 προφήτου
1336 4885 1428 4922 σου
1468 4868 1650 4937 Ὠσηὲ,
1691 4886 1710 4918 ι
1739 4868 1852 4919 Ka-

1962 4882 2085 4921 mus
2112 4866 2257 4920 circa
2289 4864 2740 4935 aditnpletionem
2785 4862 3171 4917 mandatorum
3204 4870 3447 4918 tuorum.
3483 4868 3545 4912 ut

278 4965 425 5017 λέσω
447 4964 537 5016 τὸν
559 4964 633 5016 Oti
661 4963 787 5016 λαόν
818 4981 941 5034 μου,
973 4962 1117 5015 Λαόν
1156 4979 1256 5031 μου
1277 4977 1290 4991 ·
1320 4961 1415 5014 καὶ
1440 4960 1539 5029 τὴν
1569 4960 1683 5013 Οὐκ
1717 4961 1861 5029 ἠγα-

280 5055 1004 5126 πημένην,⁹ῐίγαπημένην’
1052 5055 1147 5108 καὶ
1197 5053 1348 5106 ἔσται
1391 5053 1448 5104 ἐν
1480 5051 1557 5121 τῷ
1606 5052 1756 5121 τόπῳ
1802 5045 1863 5105 οὗ

281 5149 507 5219 ιρρέοη,
558 5146 617 5203 ’0
662 5146 789 5210 λαός
852 5166 951 5217 μου
1002 5147 1182 5217 ὑμεῖς,
1216 5148 1330 5199 ἐκεῖ
1371 5143 1733 5214 κληθήσονται
1759 5143 1866 5196 υἱοὶ

281 5241 421 5294 Θεοῦ
444 5240 665 5305 ζῶντος.
682 5261 698 5291 ι
725 5243 832 5294 Καὶ
852 5241 1170 5309 ὁΊωάννης,
1201 5258 1218 5291 ‹
1242 5239 1561 5307 Ἀγαπητοὶ,
1585 5236 1679 5288 νῦν
1699 5236 1865 5287 τέκνα

283 5332 422 5386 Θεοῦ
454 5334 641 5399 ἐσμεν.
676 5334 787 5387 Kal.
817 5331 972 5385 οῦπω
1006 5329 1326 5401 ἐφανερώθη
1358 5330 1410 5383 τί
1431 5327 1857 5398 ἐσόμεθα.οἰ’δα-

288 5435 390 5488 μεν
420 5418 475 5471 δέ
498 5420 587 5472 ὅτι
617 5419 712 5473 ἐὰν
745 5418 1058 5489 φανερωθῇ,
1085 5420 1261 5487 ὅμοιοι
1287 5418 1436 5488 αὐτῷ
1475 5415 1734 5483 ἐσόμεθα,
1773 5418 1861 5468 ὅτε

285 5510 531 5580 ὀψόμεθα
555 5512 715 5567 αὐτὸν
747 5512 929 5576 καθώς
957 5514 1125 5566 ἐστιν.
1153 5513 1264 5567 Kal.
1288 5513 1316 5564 ό
1348 5511 1578 5574 Παῦλος,
1626 5528 1645 5560 ι
1671 5510 1862 5578 Ἡμεῖς

288 5602 347 5655 δέ
370 5604 571 5667 πάντες
601 5604 1105 5675 ἀνακεκαλυμμένῳ
1128 5603 1405 5674 προσώπῳ
1428 5603 1529 5673 τὴν
1557 5601 1712 5667 δόξαν
1747 5600 1864 5652 Κυ-

1962 4958 2018 5011 in
2050 4957 2212 5013 nobis
2244 4957 2460 5027 impleri
2512 4955 2647 5010 illud
2695 4954 2896 5011 merito
2926 4953 3102 5008 videri
3146 4951 3317 5022 possit
3346 4969 3358 5004 :
3394 4969 3412 5001 ι
3457 4949 3546 5005 Fi-

1961 5049 2067 5104 lios
2096 5050 2261 5120 genui
2289 5048 2620 5113 etexaltavi,
2640 5047 2744 5117 ipsi
2763 5055 2947 5101 autem
2978 5056 3310 5115 spreverunt
3329 5057 3416 5097 me
3438 5041 3535 5095 ⁸⁸.»

1962 5143 2095 5210 Quis
2122 5158 2382 5197 enarrare
2414 5140 2650 5196 sufﬁciat
2683 5139 2909 5210 pelagus
2944 5145 3050 5192 tua:
3083 5153 3212 5208 erga
3244 5151 3346 5190 nos
3387 5149 3541 5190 com-

1964 5234 2370 5300 miserationis;
2419 5233 2515 5304 qui
2568 5230 2986 5302 longanimitate
3034 5238 3183 5284 tanta
3234 5228 3543 5282 animarum

1963 5336 2277 5380 nostrarum
2320 5341 2584 5396 procuras
2628 5323 2885 5391 salutem,
2916 5321 3061 5375 Deus
3091 5319 3443 5388 omnipotens
3487 5324 3544 5369 et

1962 5417 2194 5471 Domine
2239 5414 2667 5471 misericordiae?
2716 5415 2820 5468 Per
2859 5412 2997 5467 Osee
3027 5412 3174 5467 enim
3214 5408 3540 5480 prephetam

1964 5508 2152 5562 dixisti
2180 5526 2194 5562 :
2229 5529 2246 5558 ι
2283 5508 2505 5564 Vocabo
2533 5522 2684 5570 eum,
2724 5504 2819 5575 qui
2855 5520 2963 5558 non
2994 5513 3077 5559 est
3102 5502 3337 5573 populus
3363 5512 3541 5563 meus,

1965 5602 2227 5670 populum
2254 5616 2459 5667 meum,
2486 5609 2542 5655 et
2569 5616 2690 5670 qua:
2717 5613 2826 5651 non
2854 5605 2983 5652 erat
3005 5596 3228 5659 dilecta,
3246 5592 3502 5648 dilectam
3526 5605 3542 5643 :

365 5757 411 5788 ιι
446 5756 686 5825 Philipp.
718 5755 884 5825 1,25.
956 5718 1006 5786 ἐυ
1044 5753 1198 5809 Cant.
1225 5769 1261 5811 ι.
1294 5754 1409 5825 ι-ι.
1488 5753 1532 5786 ιο
1574 5752 1804 5825 ibid.vi,
1834 5753 1852 5825 ι

2006 5759 2048 5790 ιτ
2087 5755 2246 5810 Cant.
2272 5769 2332 5825 ιι,
2359 5753 2411 5806 5.
2444 5750 2536 5825 ηιξ
2577 5751 2711 5806 ibid.
2744 5752 2797 5807 ι.
2849 5750 2916 5825 33
2958 5748 3092 5825 iiiiii1
3120 5748 3201 5825 ιι.
3280 5745 3326 5775 ιο
3362 5742 3535 5825 Exigi.

289 5841 395 5880 xxx
425 5843 483 5887 ιι,
521 5824 609 5881 15.
636 5824 647 5825 ί
680 5826 721 5857 ⁸¹
764 5824 921 5879 Cant.
957 5841 1075 5879 xm.
1106 5825 1159 5878 4.
1271 5825 1313 5854 δ’
1351 5824 1488 5877 Cant
1539 5839 1608 5881 Iv.
1638 5824 1690 5876 9.

292 5896 342 5926 “
377 5897 533 5953 Joan.
584 5912 691 5962 ut,
735 5896 821 5950 15.
898 5895 940 5926 δ’
978 5896 1133 5950 Joan.
1169 5909 1273 5958 xiv,
1307 5893 1401 5949 Q5.
1476 5895 1519 5925 "
1559 5892 1660 5947 ιω.
1694 5908 1733 5957 ι,
1760 5890 1815 5947 ‘2.

1805 5824 1849 5855 ⁴⁵³
1889 5826 2045 5882 Cant.
2074 5842 2191 5891 νειι,
2224 5828 2276 5887 ii,
2310 5824 2360 5878 7.
2440 5822 2482 5855 “
2510 5823 2662 5881 Ioan.
2686 5839 2807 5888 xm,
2848 5820 2937 5875 '56.

3049 5818 3093 5849 "
3131 5818 3288 5872 Joan.
3338 5830 3413 5879 vi,
3446 5812 3535 5868 69.
