4040 6504
519 418 653 481 1839

1749 392 2495 483 ANTIOCl-IIIMONACIII

3630 420 3766 483 1810

512 546 568 587 ιιι
597 532 725 595 erit,
762 529 817 584 iu
850 529 973 584 loco
1008 527 1102 585 ubi
1140 527 1348 584 dictum
1374 538 1483 585 est.
1520 528 1757 597 populus
1787 544 1944 585 meus
1965 543 2084 595 vos,
2116 585 2119 592 ,

2201 531 2309 599 ρίου
2338 530 2845 601 κατοπτριζόμενοι,
2860 530 2963 603 τὴν
2992 530 3160 603 αὐτὴν
3178 532 3360 587 εἰκόνα
3380 533 3766 603 μεταμορφού-

516 625 630 680 illic
684 623 1029 678 vocabuntur
1078 621 1175 676 ﬁlii
1204 621 1446 677 viventis
1476 621 1542 677 “.
1592 640 1610 671 ι
1662 620 1904 677 Joannes
1936 620 2087 675 insu-

516 732 616 786 per
646 734 661 771 :
701 735 719 769 ι
757 713 1106 779 Charissimi,
1138 729 1288 768 nunc
1335 712 1433 769 ﬁlii
1466 711 1561 767 Dei
1602 728 1820 780 sumus,
1851 723 1909 767 et
1942 728 2084 767 nou-

516 809 646 863 dum
676 808 934 880 apparuit
960 806 1092 879 quid
1120 806 1327 861 erimus
1350 823 1365 861 :
1387 807 1592 865 scimus
1621 806 1750 875 quia
1778 805 2089 861 videbimus

515 914 640 954 eum
669 898 831 955 siculi
862 907 946 953 est
961 899 1027 950 ⁸ο.
1050 916 1068 949 ›
1092 896 1294 951 Paulus
1322 914 1335 950 :
1366 915 1383 947 ‹
1408 896 1517 950 Nos
1540 905 1722 950 autem
1758 911 1969 958 omnes,
1998 910 2086 948 re-

516 988 692 1043 velata
717 987 855 1043 facie
882 987 1109 1059 gloriam
1140 986 1355 1041 Domini
1375 986 1742 1056 speculantes,
1770 986 1823 1040 in
1840 985 2089 1042 eamdem

518 1079 810 1150 imaginem
847 1077 1320 1141 transformamur,
1349 1092 1379 1132 a
1405 1076 1576 1147 gloria
1619 1076 1672 1131 in
1712 1076 1941 1146 gloriam
1973 1084 2091 1131 tan-

515 1187 678 1240 quam
706 1185 736 1224 a
758 1169 976 1227 Domini
1008 1168 1304 1238 Spiritu".
1348 1188 1367 1219 ι
1402 1168 1606 1223 Iterum
1633 1185 1647 1221 :
1680 1186 1697 1218 ι
1735 1165 1839 1235 Qui
1876 1167 1931 1221 in
1959 1167 2091 1223 cha-

517 1263 682 1318 ritate
717 1261 1133 1333 prtedestinabit
1191 1275 1292 1314 nos
1341 1260 1394 1314 in
1452 1259 1804 1329 adoptionem
1852 1259 2091 1313 ﬁliorum

516 1370 617 1424 per
642 1354 828 1411 Jesum
866 1353 1146 1409 Christum
1179 1352 1234 1409 in
1260 1353 1438 1423 ipsum
1463 1354 1528 1405 ".
1557 1370 1685 1404 ι-ι
1712 1351 1900 1406 Estote
1929 1350 2095 1421 igitur

519 1444 825 1498 imitatores
852 1442 971 1506 Dei,
1014 1443 1157 1499 sicut
1197 1440 1293 1495 ﬁlii
1338 1440 1650 1495 charissimi
1680 1458 1693 1496 :
1726 1450 1781 1496 et
1816 1441 2093 1497 ambulate

519 1536 573 1590 in
628 1535 946 1601 dilectione,
997 1532 1140 1589 sicut
1184 1541 1239 1588 et
1282 1532 1535 1588 Christus
1582 1532 1773 1589 dilexit
1814 1547 1911 1586 vos
1953 1532 2021 1585 ⁸³.
2070 1551 2088 1583 ι

518 1627 719 1681 iterum
752 1642 765 1681 :
806 1645 823 1679 ι
862 1625 981 1681 Non
1010 1625 1186 1680 solum
1220 1635 1427 1687 autem,
1461 1624 1557 1679 sed
1588 1633 1643 1679 et
1677 1623 1779 1694 ipsi
1822 1623 2096 1694 primitias

518 1717 760 1788 Spiritus
784 1718 1072 1783 habentes,
1107 1732 1208 1771 nos
1232 1717 1398 1773 etiam
1438 1716 1539 1787 ipsi
1577 1716 1631 1771 in
1656 1716 1818 1772 nobis
1854 1715 1986 1787 ipsis
2014 1716 2096 1771 in-

519 1808 870 1881 gemiscimus
902 1808 1253 1879 adoptionem
1296 1807 1548 1877 corporis
1592 1806 1768 1863 nostri
1800 1807 1863 1862 ".
1899 1825 1917 1857 ι
1951 1806 2097 1860 Rur-

2190 619 2331 690 μεθα
2352 621 2460 674 ἀπὸ
2479 620 2638 690 δόξης
2664 624 2746 686 εἰς
2764 620 2943 688 δόξαν,
2960 622 3211 694 καθάπερ
3238 622 3343 676 ἀπὺ
3369 623 3580 692 Κυρίου
3600 621 3766 674 Πνεύ-

2190 728 2376 779 ματος.
2416 730 2433 763 ι
2466 712 2575 765 Kal
2604 712 2790 773 πάλιν,
2830 732 2848 763 ι
2870 713 2959 767 'Ev
2987 713 3178 784 ἀγάπη
3278 713 3595 783 προιίιρισας
3621 712 3766 779 ἡμᾶς

2187 801 2579 868 εἰςυὶοθεσίαν,
2603 803 2691 857 διά
2734 803 2911 871 Ἰησοῦ
2941 803 3179 874 Χριστοῦ
3213 804 3294 867 εἰς
3325 804 3507 857 αὐτόν.
3544 802 3765 854 Γίνεσθε

2187 887 2280 948 οῦν
2305 894 2537 965 μιμηταὶ
2569 893 2665 948 τοῦ
2698 894 2860 960 Θεοῦ,
2885 895 2961 959 ὡς
2995 896 3161 951 τέκνα
3190 894 3327 949 Θεοῦ
3354 894 3640 963 ἀγαπητὰ,
3675 894 3768 946 καὶ

2190 986 2543 1052 περιπατεῖτε
2580 986 2637 1038 ἐν
2668 985 2877 1057 ἀγάπῃ.
2906 984 3093 1048 καθὼς
3131 988 3227 1039 καὶ
3272 986 3299 1039 6
3348 984 3588 1055 Χριστὸς
3626 982 3768 1052 ἠγά-

2190 1090 2365 1144 πησεν
2404 1075 2570 1145 ἡμᾶς.
2610 1094 2629 1127 ι
2660 1075 2771 1131 Kal
2813 1076 3001 1144 πάλιν,
3037 1095 3056 1129 ι
3099 1077 3174 1131 Οὐ
3200 1075 3360 1147 μόνον
3400 1076 3477 1139 δὲ.
3510 1076 3650 1130 ἀλλά
3676 1075 3771 1129 καὶ

2190 1165 2345 1219 αὐτοὶ
2387 1166 2548 1235 ἡμεῖς
2581 1166 2676 1237 τὴν
2726 1167 2980 1238 ἀπαρχὴν
3021 1167 3113 1222 τοῦ
3160 1166 3478 1237 Πνεύμστος
3524 1167 3768 1235 ἔχοντες,

2190 1256 2287 1312 καὶ
2312 1255 2465 1311 αὐτοὶ
2505 1259 2561 1309 ἐν
2588 1258 2801 1322 ἑαυτοῖς
2841 1259 3193 1329 στενάζομεν,
3225 1259 3503 1313 υἱοθεσίαν
3533 1258 3772 1311 ἀπεκδε-

2192 1347 2410 1418 χόμενοι
2451 1348 2550 1419 τὴν
2602 1349 2873 1422 λύτρωσιν
2914 1350 3008 1405 τοῦ
3064 1352 3318 1421 σώματος
3366 1350 3549 1421 ἡμῶν.
3586 1371 3605 1401 ι
3661 1351 3774 1405 Kal

2192 1437 2368 1506 αὖθις,
2404 1462 2423 1493 ι
2454 1443 2576 1495 Ὅτι
2607 1442 2665 1497 δέ
2712 1445 2835 1498 ἐστε
2883 1444 3011 1506 υἰοὶ,
3065 1444 3445 1510 ἐξαπέστειλεν
3477 1446 3507 1497 6
3546 1443 3681 1505 Θεὸς
3711 1443 3774 1496 τὸ

2194 1534 2419 1605 Πνεῦμα
2447 1535 2541 1589 τοῦ
2573 1535 2704 1589 Υίοῦ
2739 1536 2904 1591 αὑτοῦ
2934 1539 3014 1601 είς
3036 1538 3135 1601 τὰς
3164 1538 3392 1609 καρδίας
3422 1537 3600 1607 ὑμῶν,
3633 1537 3773 1603 κρά-

2194 1626 2324 1691 ξων,
2374 1627 2544 1681 Ἀϐὂά
2582 1628 2610 1679 6
2651 1629 2862 1698 Πατήρ.
2902 1628 3066 1683 Ὥστε
3098 1630 3197 1683 οὐκ
3225 1625 3374 1683 ἔτιεῖ
3398 1630 3607 1692 δοῦλος,
3639 1627 3777 1683 ani

2195 1716 2345 1782 υἰόςο
2377 1718 2427 1769 εἰ
2466 1716 2524 1771 δὲ
2557 1716 2708 1782 υἱὸς,
2757 1717 2853 1771 καὶ
2898 1717 3236 1789 κληρονόμος
3276 1718 3415 1772 Θεοῦ
3462 1719 3550 1773 διὰ
3595 1717 3775 1788 Ἰησοῦ

2195 1806 2457 1879 Χριστοῦ.
2504 1826 2524 1861 ι
2574 1809 2687 1862 Kal
2718 1808 2899 1863 πάλιν·
2935 1827 2955 1862 ε
2986 1811 3141 1864 Ὅσοι
3180 1811 3290 1880 γάρ
3320 1809 3599 1880 Πνεύματι
3638 1807 3775 1862 Θεοῦ

520 1919 650 1962 sus:
682 1920 700 1954 ι
742 1902 878 1969 Quia
916 1911 1095 1956 autem
1131 1900 1268 1957 estis
1297 1900 1417 1965 ﬁlii,
1456 1898 1606 1956 misit
1648 1900 1795 1957 Deus
1837 1898 2089 1968 spiritum

2201 1902 2440 1971 Εγονται,
2477 1894 2625 1955 οὗτοι
2672 1902 2809 1955 εἰσιν
2849 1902 2956 1956 υἰοί
3003 1901 3159 1958 Θεοῦ.
3213 1903 3286 1956 Οὐ
3339 1901 3449 1973 γὰρ
3507 1901 3777 1971 ἐλάϐομεν

523 1994 643 2051 Filii
686 1994 770 2050 sui
809 1993 865 2048 in
898 1992 1063 2048 corda
1094 2002 1297 2057 vestra,
1330 1992 1655 2048 clamantem
1684 2007 1697 2045 :
1724 1990 1877 2046 Abba
1912 1998 2091 2060 pater.

519 2086 706 2156 Itaque
733 2100 842 2140 non
874 2085 985 2156 jam
1014 2099 1074 2139 es
1101 2099 1315 2147 servus,
1347 2082 1442 2141 sed
1478 2082 1650 2147 ﬁlius;
1675 2080 1822 2152 quod
1850 2082 1893 2136 si
1924 2080 2093 2146 ﬁlius,

520 2184 577 2231 et
620 2176 797 2231 haeres
840 2175 935 2229 Dei
976 2190 1075 2244 per
1104 2173 1387 2231 Christum
1419 2173 1486 2227 ⁸⁸.
1538 2191 1555 2223 ι
1608 2172 1861 2228 iterum:
1904 2191 1921 2223 ι
1956 2170 2093 2236 Qui-

520 2283 738 2339 cunque
767 2269 915 2324 enim
940 2266 1149 2338 Spiritu
1183 2267 1278 2322 Dei
1313 2274 1573 2338 aguntur,
1600 2266 1655 2323 hi
1690 2265 1783 2320 ﬁlii
1814 2264 2093 2320 suntDei:

521 2378 632 2417 non
668 2361 816 2416 enim
856 2360 1172 2430 accepimus
1200 2360 1459 2430 spiritum
1487 2358 1771 2415 servitutis
1805 2357 2004 2413 iterum
2039 2355 2094 2416 in

524 2454 744 2517 timore,
790 2453 886 2510 sed
930 2452 1244 2523 accepimus
1274 2451 1532 2523 spiritum
1572 2450 1811 2505 ﬁliorum
1842 2448 2098 2519 adoptio-

524 2546 632 2611 nis,
676 2546 730 2601 iu
763 2561 872 2616 quo
899 2546 1203 2603 clamamus
1227 2560 1241 2600 :
1263 2544 1417 2601 Abba
1441 2551 1618 2615 pater.
1651 2542 1770 2613 Ipse
1797 2542 1947 2598 enim
1971 2540 2097 2612 Spi-

524 2637 665 2692 ritus
707 2637 1083 2691 testimonium
1107 2634 1289 2691 reddit
1328 2632 1549 2705 spiritui
1579 2640 1792 2696 nostro,
1817 2628 1964 2701 quod
1999 2644 2095 2683 su-

524 2744 648 2783 mus
681 2728 775 2783 ﬁlii
806 2729 938 2794 Dei;
980 2727 1025 2783 si
1051 2736 1236 2783 autem
1277 2726 1397 2791 ﬁlii,
1422 2736 1480 2782 et
1520 2724 1769 2783 haeredes
1803 2742 1815 2780 :
1852 2723 2100 2780 haaredes

514 2822 746 2893 quidem
790 2822 910 2886 Dei,
956 2821 1271 2877 cohteredes
1295 2829 1479 2877 autem
1510 2820 1718 2876 Christi
1744 2820 1813 2872 ".
1851 2838 1869 2872 ι
1914 2819 2048 2874 Item
2079 2832 2094 2873 :

531 2934 550 2965 ε
584 2914 705 2970 Filii
728 2914 995 2971 Altissimi
1035 2915 1383 2970 vocabuntur
1403 2914 1501 2969 ³’.ι
1536 2914 1725 2986 Itaque
1764 2928 1889 2968 cum
1921 2912 2102 2967 intue-

525 3008 733 3063 buntur
763 3023 945 3079 regem
975 3008 1146 3063 Deum
1183 3007 1237 3062 in
1267 3006 1460 3078 gloria,
1492 3006 1606 3062 illic
1641 3014 1813 3079 portat
1844 2990 1963 3059 istis
2004 3004 2101 3059 ad-

524 3101 844 3171 aperientur
872 3100 1063 3172 regni;
1122 3098 1334 3171 1242
1385 3098 1671 3169 Patrisque
1705 3095 1985 3155 conclavia
2019 3096 2102 3152 in-

524 3192 867 3263 gredientur,
893 3191 986 3263 qui
1017 3200 1075 3246 et
1106 3200 1324 3246 sanctos
1352 3205 1481 3246 suos
1505 3190 1797 3259 (quotquot
1820 3203 1850 3243 a
1879 3187 2101 3244 condito

524 3284 764 3354 primum
788 3283 924 3338 orbe
957 3283 1204 3343 fuerunt)
1240 3281 1349 3337 illis
1370 3281 1629 3336 visendos
1658 3290 1949 3352 proponet,
1979 3279 2103 3337 Sol-

524 3390 633 3444 que
657 3374 886 3445 iustitia:
920 3373 1337 3430 interclarescet
1363 3372 1503 3428 istis.
1541 3372 1610 3429 Et
1642 3372 1895 3438 exibunt,
1930 3379 1988 3427 et
2019 3388 2106 3427 sa-

424 3486 427 3497 ·
523 3466 664 3522 lient
685 3465 841 3536 quasi
870 3466 1029 3521 vituli
1060 3465 1221 3520 laxati
1254 3481 1285 3521 a
1315 3465 1574 3528 vinculis,
1598 3475 1825 3534 tumque
1852 3484 1869 3515 ι
1900 3463 2106 3519 Trans-

525 3558 789 3615 formabit
835 3575 1035 3629 corpus
1065 3558 1400 3614 humilitatis
1445 3567 1671 3620 nostrae.
1718 3557 1999 3613 conforme
2043 3566 2105 3612 ut

525 3654 599 3708 sit
629 3652 853 3723 proprio
892 3652 1110 3722 carpori
1154 3651 1342 3722 gloria:
1371 3666 1485 3706 suae
1530 3653 1598 3706 ".
1645 3670 1663 3705 ι
1696 3651 1813 3707 Illic
1856 3652 2102 3722 ipsorum

533 3744 841 3799 «Iuventus
884 3743 1247 3798 renovabitur
1281 3751 1342 3798 ut
1380 3744 1580 3813 aquila:
1609 3745 1689 3811 ⁸⁹ς
1730 3762 1749 3795 ι
1792 3752 2105 3813 terramque

526 3836 874 3905 conspicient
904 3834 1313 3906 promissionis,
1357 3844 1415 3890 et
1449 3852 1617 3907 super
1645 3853 1823 3909 genua
1854 3837 2109 3893 consola-

527 3927 759 3980 buntur.
810 3925 1286 3993 Quemadmodum
1353 3937 1530 3984 mater
1569 3928 1614 3983 si
1656 3944 1821 3999 quem
1864 3927 2105 3983 ﬁliorum

527 4019 881 4085 consoletur;
937 4019 1012 4073 ita
1046 4019 1156 4075 illis
1196 4020 1482 4076 exorietur
1520 4019 1736 4075 Domini
1780 4020 2016 4091 iustitia,
2051 4028 2108 4075 et

526 4108 825 4163 exsultatio
845 4110 900 4165 in
938 4108 1186 4163 omnium
1216 4118 1534 4180 prospectu,
1558 4111 1652 4181 qui
1684 4111 1862 4181 ipsum
1891 4112 2108 4167 sincero

529 4202 767 4272 diligunt
791 4201 977 4257 corde.
1000 4202 1111 4257 Nos
1133 4202 1301 4274 igitur
1318 4202 1707 4274 (dilectissimi)
1736 4218 1862 4259 eum
1887 4204 1981 4274 qui
2008 4219 2111 4260 nos

532 4304 686 4350 tanto
726 4295 910 4351 aﬁ'ecit
952 4296 1184 4361 honore,
1234 4296 1289 4352 in
1334 4297 1501 4368 idque
1529 4300 1781 4369 provexit
1822 4299 2110 4370 dignitatis

531 4386 833 4457 fastigium,
876 4402 1251 4452 revereamur,
1290 4387 1669 4443 observemus.
1711 4388 1794 4444 Illi
1818 4398 1875 4444 et
1897 4390 2109 4446 servia-

531 4495 659 4534 mus
708 4479 762 4533 in
810 4479 1039 4545 timore,
1090 4489 1353 4549 tanquam
1406 4479 1654 4551 legitimo
1700 4487 1758 4536 et
1802 4481 2107 4537 secundum

2194 1994 2416 2065 πνεῦμα
2462 1994 2715 2060 δουλείας
2763 1996 2926 2055 πάλιν
2974 1998 3053 2060 εἰς
3103 1996 3289 2065 φόϐον,
3345 1994 3461 2049 ἀλλ’
3502 1995 3779 2061 ἐλασομεν

2194 2085 2421 2156 Πνεῦμα
2463 2084 2755 2150 υἰοοεσίας,
2783 2088 2842 2145 ἐν
2885 2079 2928 2155 ᾧ
2959 2087 3258 2157 κράζομεν,
3301 2084 3471 2141 mssa
3502 2086 3532 2138 6
3559 2084 3775 2152 Πατήρε

2194 2182 2291 2241 καὶ
2318 2180 2452 2236 αὐτὸ
2477 2182 2539 2236 τὸ
2562 2180 2785 2250 Πνεῦμα
2807 2184 3188 2252 συμμαρτυρεῖ
3204 2180 3280 2251 τῷ
3303 2180 3575 2249 πνεύματι
3592 2179 3775 2248 ἡμῶν,

2195 2270 2277 2326 ὃτι
2306 2271 2473 2342 ἐσμέν
2504 2272 2671 2325 τέκνα
2698 2270 2853 2326 Θεοῦ*
2886 2275 2933 2328 εἰ
2971 2273 3029 2327 δέ
3070 2272 3259 2335 τέκνα,
3290 2272 3386 2326 καὶ
3411 2271 3514 2341 κλη
3526 2270 3777 2341 ρονόμοι,

2196 2364 2525 2439 κληρονόμοι
2579 2364 2681 2433 μὲν
2716 2362 2873 2431 Θεοῦ,
2904 2364 3335 2433 συγκληρονόμοι
3365 2363 3425 2417 δέ
3459 2360 3728 2431 Χριστοῦ.
3752 2381 3773 2413 ο

2194 2476 2307 2516 -ι
2334 2458 2398 2517 0i
2442 2457 2498 2515 δέ
2547 2456 2641 2514 τοῦ
2696 2456 2934 2529 Χριστοῦ
2986 2456 3446 2527 συγκληρονόμοι,
3475 2454 3587 2508 υἱοὶ
3618 2454 3779 2521 Ὑψί-

2198 2566 2327 2605 στου
2372 2548 2757 2621 κληθήσονται.
2794 2568 2813 2602 ι
2866 2550 3034 2603 Ὅταν
3064 2547 3285 2619 δψονται
3328 2546 3612 2617 βασιλείαν
3643 2541 3779 2596 Θεοῦ

2200 2639 2339 2711 μετά
2372 2638 2561 2711 δόξης,
2614 2641 2734 2698 ἐκεῖ
2774 2639 3188 2712 ἀνοιχθήσονται
3244 2638 3430 2701 αὐτοῖς
3461 2635 3636 2689 πύλαι
3681 2635 3780 2702 τῆς

2202 2728 2503 2799 βασιλείας,
2534 2731 2628 2785 καὶ
2668 2730 3071 2785 εἰσελεύσονται
3098 2731 3177 2794 εἰς
3204 2729 3275 2785 τά
3308 2730 3512 2799 ταμεῖα
3542 2725 3638 2780 τοῦ
3671 2725 3784 2777 Πα-

2198 2824 2348 2897 τρὸς,
2378 2823 2471 2880 καὶ
2494 2823 2657 2892 δείξει
2681 2824 2864 2888 αὐτοῖς
2884 2824 2913 2878 6
2934 2823 3067 2887 Θεὸς
3093 2823 3222 2886 τοὺς
3249 2822 3343 2877 ἀπ’
3366 2821 3564 2883 αἰῶνος
3592 2818 3785 2886 ἀγίους

2199 2918 2388 2984 αὑτοῦ,
2426 2919 2519 2973 καὶ
2559 2918 2856 2988 ὀφθήσεται
2888 2920 3067 2981 αὐτοῖς
3100 2920 3129 2972 6
3160 2916 3349 2979 Ἥλιος
3378 2915 3480 2984 τῆς
3506 2909 3786 2966 δικαιοσύ-

2198 3028 2318 3081 νης,
2344 3013 2438 3067 καὶ
2463 3010 2860 3076 ἐξελεύσονται,
2894 3013 2990 3067 καὶ
3017 3011 3425 3081 σκιρτήσουσιν,
3465 3006 3544 3071 ὡς
3572 3004 3784 3077 μοσχά-

2203 3120 2295 3175 ρια
2332 3103 2594 3173 ἀνειμένα
2632 3104 2698 3159 ἐκ
2728 3102 2967 3175 δεσμῶν.
3010 3122 3029 3161 t
3065 3104 3177 3159 Kal
3211 3098 3690 3173 μετασχηματίσει
3724 3096 3786 3149 τὸ

2213 3194 2377 3267 σῶμα
2416 3195 2516 3267 τῆς
2543 3193 2928 3259 ταπεινώσεως
2955 3196 3136 3266 ἡμῶν.
3168 3194 3495 3265 σύμμορφον
3520 3190 3618 3245 τοῦ
3654 3189 3784 3243 ἰδίου

2158 3286 2177 3309 ⁸
2208 3286 2462 3357 σώματος
2505 3286 2607 3357 τῆς
2637 3286 2799 3358 δόξης
2828 3288 3019 3344 αὐτοῦ.
3058 3306 3077 3341 ι
3122 3286 3268 3341 Ἐκεῖ
3304 3304 3324 3337 ι
3368 3281 3788 3350 ’Δνακαινισθή-

2205 3396 2355 3434 σεται
2384 3380 2465 3445 ὡς
2504 3380 2680 3434 ἀετῶν
2725 3380 2761 3450 ὴ
2804 3379 2994 3449 νεότης
3023 3396 3044 3433 ι
3079 3378 3280 3439 αὐτῶν.
3306 3376 3403 3430 καὶ
3438 3376 3663 3445 δψονται
3691 3374 3789 3443 τὴν

2204 3471 2309 3541 γῆν
2338 3471 2439 3542 τῆς
2470 3472 2855 3541 ἐπαγγελείας,
2900 3473 2995 3526 καὶ
3026 3472 3119 3525 ἐπὶ
3142 3472 3387 3540 γονάτων
3426 3468 3790 3540 παρακληθψ

2206 3579 2411 3628 σονται,
2442 3562 2517 3628 ὡς
2547 3562 2600 3616 εἰ
2625 3580 2749 3617 τινα
2785 3564 2973 3635 μήτηρ
3008 3562 3372 3634 παρακαλέσῃ
3395 3577 3409 3592 ⁸
3444 3559 3626 3623 οὕτως
3651 3562 3813 3619 ἀναο,

2203 3656 2350 3708 τελεῖ
2400 3655 2605 3727 Κύριος
2643 3655 2993 3726 δικαιοσύνην
3039 3656 3134 3709 καὶ
3182 3654 3500 3725 ἀγαλλίαμα
3544 3652 3792 3707 ἐναντίον

2205 3746 2426 3803 πάντων
2452 3748 2562 3803 τῶν
2592 3748 2934 3817 ἀγαπώντων
2970 3747 3133 3801 αὐτὸν
3162 3750 3220 3802 ἐν
3248 3747 3538 3817 εἰλικρινεῖ
3565 3746 3789 3814 καρδίᾳ.

2206 3842 2319 3896 Kal
2366 3841 2527 3912 ἡμεῖς
2570 3836 2685 3907 οῦν,
2725 3840 3024 3910 ἀγαπητοὶ,
3076 3837 3417 3907 αἰδεσθῶμεν
3473 3838 3573 3892 τὸν
3617 3836 3792 3899 οὓτως

2205 3935 2357 4006 ἡμᾶς
2386 3934 2718 4005 τιμήσαντα,
2743 3932 2841 3986 καὶ
2864 3934 2943 3997 εἰς
2969 3932 3221 3986 τοσοῦτον
3251 3930 3386 4001 ’ύψος
3413 3930 3789 3999 ἀναγαγόντα·

2215 4045 2235 4079 ι
2276 4028 2387 4082 Καὶ
2414 4025 2793 4096 δουλεύσωμεν
2821 4025 2970 4096 αὐτῷ
3000 4027 3059 4078 ἐν
3085 4024 3235 4095 φόϐῳ
3260 4026 3336 4085 ὼς
3360 4024 3618 4097 Δεσπότῃ
3651 4022 3793 4077 κατὰ

2208 4120 2390 4191 φύσιν,
2416 4119 2512 4174 καὶ
2535 4118 2992 4189 ἀγαλλιασώμεθα
3009 4117 3155 4189 αύτῷ
3172 4121 3231 4172 ἐν
3248 4135 3278 4169 τ
3286 4118 3459 4188 ρόμῳ.
3473 4136 3490 4167 ι
3518 4117 3597 4179 ὡς
3615 4116 3730 4168 [Ias
3741 4114 3795 4185 ρὶ

2209 4215 2350 4270 κατά
2377 4215 2559 4286 χάρινο
2593 4232 2612 4265 ι
2641 4213 2853 4284 μήποτε
2884 4213 3111 4283 ὀργισθῇ
3142 4211 3397 4283 Κύριος,ι
3425 4211 3520 4263 καὶ
3540 4210 3795 4262 ἐκπέσω-

2215 4328 2314 4383 μεν
2356 4311 2455 4382 τῆς
2506 4309 2765 4378 τοιαύτης
2811 4306 3105 4370 υἱοθεσίας.
3170 4307 3229 4359 Ὀ
3269 4306 3325 4358 δὲ
3372 4304 3581 4375 ταύτης
3638 4301 3797 4357 ἑκπίυ

2208 4419 2395 4469 πτων,
2426 4404 2615 4473 ὅμοιος
2654 4400 2863 4470 γίνεται
2904 4399 3077 4468 Ἰούδᾳ
3118 4398 3195 4467 τῷ
3229 4397 3465 4469 προδότῃ
3487 4439 3502 4461 ,
3530 4395 3653 4459 υίὸς
3693 4396 3800 4447 ἀκ-

2209 4491 2426 4557 ωλείας,
2447 4490 2542 4544 καὶ
2564 4489 2811 4560 γεέννης,
2840 4487 2935 4543 καὶ
2967 4484 3063 4540 τοῦ
3102 4484 3554 4541 διαδόλου.⁹Αλλά
3590 4486 3669 4554 μὴ
3705 4484 3798 4552 γέ-

532 4579 789 4625 naturam
833 4570 1112 4625 Domino:
1152 4590 1170 4624 ι
1223 4571 1577 4627 Exsultemus
1626 4572 1758 4627 item
1797 4572 1848 4628 ei
1897 4573 1953 4628 in
2004 4582 2111 4629 tre-

2214 4600 2357 4637 νοιτο
2401 4582 2549 4653 ἡμᾶς
2604 4580 2905 4648 ἀποστῆναι
2953 4578 3054 4649 τῆς
3114 4578 3336 4646 ἀγάπης
3396 4576 3491 4635 τοῦ
3541 4577 3801 4646 Σωτῆρος

533 4678 689 4718 more
710 4663 779 4725 '°,
818 4680 836 4713 ι
872 4671 933 4716 ut
961 4663 1108 4717 Patri
1145 4679 1243 4734 per
1276 4664 1505 4735 gratiam
1540 4679 1556 4719 :
1597 4682 1616 4717 ι
1668 4664 1971 4735 Nequando
2003 4666 2112 4720 ira.

533 4764 722 4813 scatur
758 4756 1023 4813 Dominus
1064 4757 1131 4821 “,
1181 4775 1199 4807 ι
1246 4766 1303 4811 et
1331 4756 1651 4812 excidemus
1688 4759 1814 4829 jure
1858 4757 2024 4813 istius
2050 4759 2113 4814 ﬁ-

534 4854 732 4908 liorum
767 4852 1102 4923 adoptionis.
1134 4852 1397 4923 Quisquis
1428 4852 1725 4924 adoptione
1768 4853 1872 4908 hac
1909 4853 2113 4923 spolia-

537 4953 648 5008 tur,
682 4943 836 4998 Judm
871 4943 1138 5014 proditori
1174 4942 1415 4998 eiﬁcitur
1446 4944 1680 5000 similis:
1706 4944 1966 4999 nimirum
1995 4958 2116 5013 per-

535 5036 765 5091 ditionis
798 5038 943 5092 iilius
980 5052 1044 5093 ac
1071 5037 1357 5109 gehennae,
1389 5036 1498 5093 imo
1524 5038 1749 5093 diaboli.
1776 5038 1855 5093 Nc
1881 5035 2111 5109 (quaeso)

536 5129 819 5197 contingat
838 5146 937 5184 nos
965 5130 1035 5185 ab
1058 5145 1125 5187 eo
1152 5131 1458 5187 desciscere
1494 5131 1711 5203 refugas
1737 5146 1752 5185 :
1785 5132 1878 5201 qui
1912 5140 2116 5185 nostrae

534 5229 622 5276 cst
656 5221 854 5276 vindex
901 5224 1097 5278 salutis
1142 5232 1198 5278 et
1243 5224 1389 5279 Deus
1426 5231 1635 5278 noster.
1686 5224 1735 5279 ls
1776 5224 1924 5279 enim
1970 5224 2116 5279 banc

538 5314 769 5369 indulsit
799 5314 1072 5386 benignus
1096 5324 1447 5384 potestatun,
1480 5316 1642 5373 nobis
1677 5324 1738 5370 ut
1774 5315 1937 5371 liceat
1965 5316 2115 5370 calce

2216 4673 2374 4746 ἡμῶν
2419 4672 2592 4743 Ἰησοῦ
2642 4670 2879 4743 Χριστοῦ
2913 4672 3007 4725 καὶ⁵
3037 4669 3172 4724 Θεοῦ
3214 4669 3391 4740 ἡμῶν.
3430 4669 3645 4722 Ἔδωκε
3691 4670 3801 4737 γὰρ

2219 4768 2351 4838 ημῖν
2383 4763 2632 4831 ἐξουσίαν
2665 4766 2856 4818 πατεῖν
2909 4764 3092 4818 ἐπάνω
3139 4763 3317 4831 ὄφεων
3359 4761 3454 4815 καὶ
3494 4761 3796 4830 σκορπίων,

2219 4861 2313 4914 καὶ
2355 4859 2448 4913 ἐπὶ
2472 4861 2653 4913 πᾶσαν
2686 4858 2786 4929 τὴν
2821 4856 3049 4927 δύναμιν
3083 4856 3177 4910 τοῦ
3202 4857 3421 4927 ἐχθροῦ.
3455 4873 3476 4907 ι
3501 4856 3664 4911 Ὅσοι
3690 4855 3801 4925 γὰρ

2220 4951 2487 5020 ἐλάϐομεν
2538 4950 2721 5016 αὑτὸν,
2755 4949 2957 5003 ἔδωκεν
2992 4950 3128 5019 ἡμῖν
3170 4946 3419 5013 ἐξουσίαν
3465 4948 3637 5000 τέκνα
3665 4943 3800 4998 Θεοῦ

2226 5040 2539 5109 γενέσθαιί
2560 5037 2784 5101 simium
2804 5037 2995 5108 Ὑμεῖς
3021 5038 3077 5096 δέ
3101 5038 3175 5109 μὴ
3204 5038 3473 5106 καλέσητε
3509 5036 3672 5106 ὑμῶν
3698 5054 3802 5088 m-

2219 5131 2354 5203 τέρα
2387 5131 2481 5183 ἐπὶ
2522 5132 2623 5200 τῆς
2665 5131 2790 5201 γῆς’
2845 5124 2925 5194 εἷς
2967 5131 3077 5199 γάρ
3111 5132 3259 5187 ἐστιν
3309 5133 3339 5185 6
3371 5128 3563 5200 Πατὴρ
3587 5128 3747 5198 ὑμῶν
3774 5129 3801 5179 6

2222 5224 2282 5276 ἐν
2313 5226 2427 5287 τοῖς
2470 5223 2743 5293 οὐρανοῖς.
2782 5242 2800 5273 ι
2834 5222 2994 5293 Αὐτῷ
3021 5224 3056 5294 ἡ
3095 5222 3223 5288 δόξα
3274 5224 3356 5285 εἰς
3397 5223 3522 5284 τοὺς
3572 5222 3799 5279 αἰῶνας.

2233 5316 2427 5387 Ἀμήν·

537 5423 825 5482 proterere
907 5420 1213 5481 serpentes,
1289 5414 1641 5484 scorpiones,
1691 5427 2022 5482 omnemque
2106 5410 2314 5467 inimici
2392 5420 2716 5482 potestatem
2766 5412 2831 5466 “.
2887 5429 2906 5463 ι
2957 5408 3242 5479 Quotquot
3295 5407 3445 5463 enim
3484 5408 3805 5474 accepimus

538 5522 687 5569 etim,
734 5505 888 5560 dedit
929 5502 1088 5558 nobis
1121 5511 1447 5574 potestatem
1516 5504 1659 5559 ﬁlios
1700 5504 1793 5559 Dei
1836 5505 1949 5558 ﬁcri
1981 5505 2066 5559 υτ
2112 5523 2129 5556 ι
2209 5504 2431 5574 quando
2472 5504 2652 5561 dixit:
2688 5522 2707 5557 ι
2746 5504 2857 5558 Vos
2901 5512 3084 5557 autem
3127 5500 3300 5557 nolite
3340 5514 3542 5554 vocare
3584 5508 3802 5568 patrem

540 5612 711 5671 super
739 5600 959 5665 terram,
996 5614 1138 5654 unus
1168 5598 1319 5655 enim
1348 5607 1432 5653 est
1477 5600 1639 5655 Pater
1677 5606 1860 5653 vester
1885 5598 1978 5668 qui
2028 5609 2114 5655 est
2153 5603 2208 5655 in
2236 5599 2392 5654 cmlis
2413 5599 2473 5647 “.
2517 5617 2535 5650 ι
2568 5597 2673 5668 Ipsi
2708 5597 2879 5668 gloria
2911 5595 2967 5649 in
2998 5595 3214 5651 secula.
3247 5594 3443 5648 Amen.

612 5739 656 5768 θ’
694 5737 835 5792 Osee
868 5753 905 5801 ι,
937 5738 989 5802 9,
1023 5736 1109 5792 10.
1187 5737 1233 5767 ⁸ο
1275 5736 1464 5791 Uttan.
1492 5752 1572 5799 ιιι,
1602 5738 1657 5791 ‘2.
1735 5737 1777 5767 ¹¹
1821 5736 2004 5792 "Cor.
2036 5751 2115 5789 ιιι.

2206 5777 2219 5787 .
2293 5736 2339 5767 ⁸¹
2378 5733 2578 5803 Ephes.
2599 5733 2704 5795 1,5.
2750 5731 2841 5803 νβ’,
2864 5731 3065 5803 Ephes.
3100 5746 3167 5803 ν,
3188 5729 3239 5803 _l,
3272 5727 3379 5803 2.-Δ
3402 5726 3455 5803 ’ζ
3486 5727 3651 5803 Rom.
3683 5740 3804 5803 vni,

541 5810 629 5861 ‘23.
731 5809 776 5839 ⁸³
812 5808 986 5861 Galut.
1016 5826 1087 5867 tv,
1116 5809 1168 5869 6,
1203 5808 1252 5860 7.

544 5880 589 5909 ⁶⁴³
631 5880 772 5933 Psal.
804 5896 860 5942 ιι,
896 5880 979 5931 Η.

1352 5809 1397 5839 ³⁸
1438 5808 1598 5861 Rom.
1640 5822 1756 5868 VIII,
1796 5807 1976 5861 M47.

1058 5880 1099 5909 °'
1143 5879 1277 5934 ibid.
1332 5878 1414 5931 l2.

2088 5807 2130 5836 ³⁷
2174 5806 2330 5860 Rom.
2360 5822 2433 5863 tv.
2462 5806 2549 5858 9.6.

1492 5880 1536 5908 ⁶²
1573 5877 1705 5930 Luc.
1743 5893 1795 5939 ς,
1831 5877 1915 5930 19.
1994 5878 2036 5907 ⁶’
2076 5877 2233 5932 Iuau.
2287 5893 2326 5934 ι.
2372 5877 2456 5928 Η.
2534 5876 2579 5906 ⁸⁸
2617 5873 2808 5929 Matth.
2835 5870 3061 5928 xxin.9.

2662 5804 2709 5834 ⁸⁸
2747 5796 2967 5871 Philipp
3018 5817 3115 5871 ιιι,
3142 5800 3231 5853 ΞΙ.
3339 5797 3383 5829 ⁸⁸
3421 5798 3567 5853 Psai.
3613 5813 3711 5863 cu,
3750 5796 3803 5851 5.
