  <div class='ocr_page' id='page_1' title='image "/cluster/home/n/w/nwhite01/storage/ocr_20150623/89/hvd.32044010610574/928.png"; bbox 0 0 3960 6510; ppageno 0'>
   <div class='ocr_carea' id='block_1_1' title="bbox 216 360 355 425">
    <p class='ocr_par' dir='ltr' id='par_1_1' title="bbox 216 360 355 425">
     <span class='ocr_line' id='line_1_1' title="bbox 216 360 355 425; baseline -0.007 -2"><span class='ocrx_word' id='word_1_1' title='bbox 216 360 355 425; x_wconf 67' lang='grc'><strong>1341</strong></span> 
     </span>
    </p>
   </div>
   <div class='ocr_carea' id='block_1_2' title="bbox 796 501 1190 559">
    <p class='ocr_par' dir='ltr' id='par_1_2' title="bbox 796 501 1190 559">
     <span class='ocr_line' id='line_1_2' title="bbox 796 501 1190 559; baseline 0.008 -3"><span class='ocrx_word' id='word_1_2' title='bbox 796 501 1018 558; x_wconf 76' lang='grc' dir='ltr'><strong>ΛΟΓΟΣ</strong></span> <span class='ocrx_word' id='word_1_3' title='bbox 1065 501 1190 559; x_wconf 81' lang='lat' dir='ltr'><strong>PA&#39;.</strong></span> 
     </span>
    </p>
   </div>
   <div class='ocr_carea' id='block_1_3' title="bbox 596 613 1401 687">
    <p class='ocr_par' dir='ltr' id='par_1_3' title="bbox 596 613 1401 687">
     <span class='ocr_line' id='line_1_3' title="bbox 596 613 1401 687; baseline -0.002 -16"><span class='ocrx_word' id='word_1_4' title='bbox 596 615 737 687; x_wconf 79' lang='grc' dir='ltr'>Περί</span> <span class='ocrx_word' id='word_1_5' title='bbox 762 615 1086 683; x_wconf 71' lang='grc' dir='ltr'>,ϐασιλείας</span> <span class='ocrx_word' id='word_1_6' title='bbox 1113 613 1401 684; x_wconf 75' lang='grc' dir='ltr'><strong>οὐρανῶν.</strong></span> 
     </span>
    </p>
   </div>
   <div class='ocr_carea' id='block_1_4' title="bbox 288 751 1784 826">
    <p class='ocr_par' dir='ltr' id='par_1_4' title="bbox 288 751 1784 826">
     <span class='ocr_line' id='line_1_4' title="bbox 288 751 1784 826; baseline -0.003 -17"><span class='ocrx_word' id='word_1_7' title='bbox 288 755 399 817; x_wconf 88' lang='grc' dir='ltr'><strong>Τάς</strong></span> <span class='ocrx_word' id='word_1_8' title='bbox 432 752 826 826; x_wconf 84' lang='grc' dir='ltr'>προλεχθείσας</span> <span class='ocrx_word' id='word_1_9' title='bbox 863 752 1083 816; x_wconf 67' lang='grc' dir='ltr'>ἐντολὰς</span> <span class='ocrx_word' id='word_1_10' title='bbox 1124 751 1219 807; x_wconf 81' lang='grc' dir='ltr'><strong>τοῦ</strong></span> <span class='ocrx_word' id='word_1_11' title='bbox 1260 751 1397 806; x_wconf 84' lang='grc' dir='ltr'><strong>Θεοῦ</strong></span> <span class='ocrx_word' id='word_1_12' title='bbox 1424 752 1784 825; x_wconf 84' lang='grc' dir='ltr'>τηρήσαντες,</span> 
     </span>
    </p>
   </div>
   <div class='ocr_carea' id='block_1_5' title="bbox 212 840 1785 919">
    <p class='ocr_par' dir='ltr' id='par_1_5' title="bbox 212 840 1785 919">
     <span class='ocr_line' id='line_1_5' title="bbox 212 840 1785 919; baseline 0.005 -20"><span class='ocrx_word' id='word_1_13' title='bbox 212 846 316 903; x_wconf 77' lang='grc' dir='ltr'>ἐπὶ</span> <span class='ocrx_word' id='word_1_14' title='bbox 341 847 440 919; x_wconf 78' lang='grc' dir='ltr'>τὴν</span> <span class='ocrx_word' id='word_1_15' title='bbox 476 845 756 917; x_wconf 77' lang='grc' dir='ltr'>βασιλείαν</span> <span class='ocrx_word' id='word_1_16' title='bbox 778 845 889 899; x_wconf 86' lang='grc' dir='ltr'><strong>τῶν</strong></span> <span class='ocrx_word' id='word_1_17' title='bbox 918 844 1163 917; x_wconf 82' lang='grc' dir='ltr'><strong>οὐρανῶν</strong></span> <span class='ocrx_word' id='word_1_18' title='bbox 1192 846 1521 913; x_wconf 85' lang='grc' dir='ltr'>ἐπανίωμεν·</span> <span class='ocrx_word' id='word_1_19' title='bbox 1558 845 1687 915; x_wconf 78' lang='grc' dir='ltr'>περὶ</span> <span class='ocrx_word' id='word_1_20' title='bbox 1718 840 1785 917; x_wconf 78' lang='grc' dir='ltr'><strong>ἧς</strong></span> 
     </span>
    </p>
   </div>
   <div class='ocr_carea' id='block_1_6' title="bbox 210 936 1780 1007">
    <p class='ocr_par' dir='ltr' id='par_1_6' title="bbox 210 936 1780 1007">
     <span class='ocr_line' id='line_1_6' title="bbox 210 936 1780 1007; baseline -0.003 -14"><span class='ocrx_word' id='word_1_21' title='bbox 210 941 313 995; x_wconf 76' lang='grc' dir='ltr'>καὶ</span> <span class='ocrx_word' id='word_1_22' title='bbox 337 938 365 989; x_wconf 84' lang='grc' dir='ltr'><strong>ό</strong></span> <span class='ocrx_word' id='word_1_23' title='bbox 394 937 543 1006; x_wconf 87' lang='grc' dir='ltr'>ἀγὼν</span> <span class='ocrx_word' id='word_1_24' title='bbox 574 937 762 1001; x_wconf 83' lang='grc' dir='ltr'>πολὺς,</span> <span class='ocrx_word' id='word_1_25' title='bbox 797 936 892 990; x_wconf 69' lang='grc' dir='ltr'><strong>καλ⁸</strong></span> <span class='ocrx_word' id='word_1_26' title='bbox 916 936 1367 1007; x_wconf 86' lang='grc' dir='ltr'>ἀπειροπλασίως</span> <span class='ocrx_word' id='word_1_27' title='bbox 1393 938 1425 1006; x_wconf 81' lang='grc' dir='ltr'>ὴ</span> <span class='ocrx_word' id='word_1_28' title='bbox 1454 937 1780 999; x_wconf 80' lang='grc' dir='ltr'><strong>ἀνάπαυσις.</strong></span> 
     </span>
    </p>
   </div>
   <div class='ocr_carea' id='block_1_7' title="bbox 211 1027 1785 1102">
    <p class='ocr_par' dir='ltr' id='par_1_7' title="bbox 211 1027 1785 1102">
     <span class='ocr_line' id='line_1_7' title="bbox 211 1027 1785 1102; baseline -0.004 -16"><span class='ocrx_word' id='word_1_29' title='bbox 211 1032 283 1086; x_wconf 78' lang='lat' dir='ltr'><strong>Et</strong></span> <span class='ocrx_word' id='word_1_30' title='bbox 301 1031 408 1102; x_wconf 79' lang='grc' dir='ltr'>γὰρ</span> <span class='ocrx_word' id='word_1_31' title='bbox 427 1032 456 1085; x_wconf 86' lang='grc' dir='ltr'><strong>ὁ</strong></span> <span class='ocrx_word' id='word_1_32' title='bbox 480 1029 812 1102; x_wconf 81' lang='grc' dir='ltr'><strong>ὀρεγόμενος</strong></span> <span class='ocrx_word' id='word_1_33' title='bbox 839 1028 939 1099; x_wconf 82' lang='grc' dir='ltr'>τῆς</span> <span class='ocrx_word' id='word_1_34' title='bbox 965 1028 1301 1100; x_wconf 70' lang='grc' dir='ltr'><strong>προσκαίρου</strong></span> <span class='ocrx_word' id='word_1_35' title='bbox 1323 1027 1623 1098; x_wconf 77' lang='grc' dir='ltr'><strong>βασιλείας,</strong></span> <span class='ocrx_word' id='word_1_36' title='bbox 1653 1027 1785 1080; x_wconf 77' lang='grc' dir='ltr'>πολο</span> 
     </span>
    </p>
   </div>
   <div class='ocr_carea' id='block_1_8' title="bbox 207 1118 1786 1193">
    <p class='ocr_par' dir='ltr' id='par_1_8' title="bbox 207 1118 1786 1193">
     <span class='ocr_line' id='line_1_8' title="bbox 207 1118 1786 1193; baseline -0.004 -17"><span class='ocrx_word' id='word_1_37' title='bbox 207 1122 315 1187; x_wconf 80' lang='grc' dir='ltr'><strong>λάς</strong></span> <span class='ocrx_word' id='word_1_38' title='bbox 346 1119 711 1193; x_wconf 75' lang='grc' dir='ltr'><strong>ἀνδραγαθίας</strong></span> <span class='ocrx_word' id='word_1_39' title='bbox 740 1119 1121 1185; x_wconf 86' lang='grc' dir='ltr'>ἐπιδείκνυσιν,</span> <span class='ocrx_word' id='word_1_40' title='bbox 1150 1121 1208 1173; x_wconf 90' lang='grc' dir='ltr'><strong>ἐν</strong></span> <span class='ocrx_word' id='word_1_41' title='bbox 1237 1118 1517 1189; x_wconf 81' lang='grc' dir='ltr'><strong>πολέμοις,</strong></span> <span class='ocrx_word' id='word_1_42' title='bbox 1546 1119 1642 1173; x_wconf 78' lang='grc' dir='ltr'>καὶ</span> <span class='ocrx_word' id='word_1_43' title='bbox 1666 1137 1786 1173; x_wconf 86' lang='grc' dir='ltr'>κιν-</span> 
     </span>
    </p>
   </div>
   <div class='ocr_carea' id='block_1_9' title="bbox 208 1209 1782 1283">
    <p class='ocr_par' dir='ltr' id='par_1_9' title="bbox 208 1209 1782 1283">
     <span class='ocr_line' id='line_1_9' title="bbox 208 1209 1782 1283; baseline -0.003 -15"><span class='ocrx_word' id='word_1_44' title='bbox 208 1214 413 1278; x_wconf 88' lang='grc' dir='ltr'>δύνοις,</span> <span class='ocrx_word' id='word_1_45' title='bbox 448 1214 542 1267; x_wconf 76' lang='grc' dir='ltr'>καὶ</span> <span class='ocrx_word' id='word_1_46' title='bbox 581 1212 930 1282; x_wconf 81' lang='grc' dir='ltr'>ἀγρυπνίαις,</span> <span class='ocrx_word' id='word_1_47' title='bbox 960 1209 1057 1265; x_wconf 78' lang='grc' dir='ltr'>καὶ</span> <span class='ocrx_word' id='word_1_48' title='bbox 1104 1209 1419 1283; x_wconf 82' lang='grc' dir='ltr'>μερίμναις,</span> <span class='ocrx_word' id='word_1_49' title='bbox 1446 1212 1543 1264; x_wconf 74' lang='grc' dir='ltr'>καὶ</span> <span class='ocrx_word' id='word_1_50' title='bbox 1577 1211 1782 1276; x_wconf 82' lang='grc' dir='ltr'>πόνοις,</span> 
     </span>
    </p>
   </div>
   <div class='ocr_carea' id='block_1_10' title="bbox 210 1300 1782 1375">
    <p class='ocr_par' dir='ltr' id='par_1_10' title="bbox 210 1300 1782 1375">
     <span class='ocr_line' id='line_1_10' title="bbox 210 1300 1782 1375; baseline -0.004 -15"><span class='ocrx_word' id='word_1_51' title='bbox 210 1306 312 1360; x_wconf 77' lang='grc' dir='ltr'>καὶ</span> <span class='ocrx_word' id='word_1_52' title='bbox 331 1304 481 1359; x_wconf 83' lang='grc' dir='ltr'>οὐδὲν</span> <span class='ocrx_word' id='word_1_53' title='bbox 505 1306 718 1375; x_wconf 80' lang='grc' dir='ltr'>ἡγεῖται</span> <span class='ocrx_word' id='word_1_54' title='bbox 743 1303 925 1365; x_wconf 89' lang='grc' dir='ltr'>πάσας</span> <span class='ocrx_word' id='word_1_55' title='bbox 946 1302 1045 1366; x_wconf 82' lang='grc' dir='ltr'><strong>τὰς</strong></span> <span class='ocrx_word' id='word_1_56' title='bbox 1066 1300 1470 1372; x_wconf 87' lang='grc' dir='ltr'>συμϐαινούσας</span> <span class='ocrx_word' id='word_1_57' title='bbox 1497 1301 1644 1372; x_wconf 87' lang='grc' dir='ltr'>αύτῷ</span> <span class='ocrx_word' id='word_1_58' title='bbox 1668 1302 1782 1354; x_wconf 84' lang='grc' dir='ltr'>θλί-</span> 
     </span>
    </p>
   </div>
   <div class='ocr_carea' id='block_1_11' title="bbox 206 1392 1786 1466">
    <p class='ocr_par' dir='ltr' id='par_1_11' title="bbox 206 1392 1786 1466">
     <span class='ocr_line' id='line_1_11' title="bbox 206 1392 1786 1466; baseline -0.002 -17"><span class='ocrx_word' id='word_1_59' title='bbox 206 1396 362 1466; x_wconf 74' lang='grc' dir='ltr'>ψεις,</span> <span class='ocrx_word' id='word_1_60' title='bbox 390 1397 456 1465; x_wconf 75' lang='grc' dir='ltr'><strong>τῇ</strong></span> <span class='ocrx_word' id='word_1_61' title='bbox 505 1394 681 1448; x_wconf 80' lang='grc' dir='ltr'>ἐλπίδι</span> <span class='ocrx_word' id='word_1_62' title='bbox 726 1393 828 1463; x_wconf 83' lang='grc' dir='ltr'>τῆς</span> <span class='ocrx_word' id='word_1_63' title='bbox 882 1392 1419 1465; x_wconf 84' lang='grc' dir='ltr'>όνειροπωλουμένης</span> <span class='ocrx_word' id='word_1_64' title='bbox 1449 1393 1596 1464; x_wconf 82' lang='grc' dir='ltr'>αὐτῷ</span> <span class='ocrx_word' id='word_1_65' title='bbox 1637 1393 1786 1463; x_wconf 87' lang='grc' dir='ltr'>βασι-</span> 
     </span>
    </p>
   </div>
   <div class='ocr_carea' id='block_1_12' title="bbox 210 1484 1786 1558">
    <p class='ocr_par' dir='ltr' id='par_1_12' title="bbox 210 1484 1786 1558">
     <span class='ocr_line' id='line_1_12' title="bbox 210 1484 1786 1558; baseline -0.003 -16"><span class='ocrx_word' id='word_1_66' title='bbox 210 1489 385 1551; x_wconf 63' lang='grc' dir='ltr'>λείας</span> <span class='ocrx_word' id='word_1_67' title='bbox 413 1486 509 1541; x_wconf 80' lang='grc' dir='ltr'>καὶ</span> <span class='ocrx_word' id='word_1_68' title='bbox 532 1485 705 1539; x_wconf 82' lang='grc' dir='ltr'>ταῦτα</span> <span class='ocrx_word' id='word_1_69' title='bbox 734 1484 1068 1557; x_wconf 88' lang='grc' dir='ltr'>προσκαίρου</span> <span class='ocrx_word' id='word_1_70' title='bbox 1093 1484 1189 1538; x_wconf 78' lang='grc' dir='ltr'>καὶ</span> <span class='ocrx_word' id='word_1_71' title='bbox 1220 1486 1591 1539; x_wconf 85' lang='grc' dir='ltr'>ἀνυποστάτου</span> <span class='ocrx_word' id='word_1_72' title='bbox 1616 1486 1786 1558; x_wconf 82' lang='grc' dir='ltr'>ὑπαρ-</span> 
     </span>
    </p>
   </div>
   <div class='ocr_carea' id='block_1_13' title="bbox 211 1575 1783 1652">
    <p class='ocr_par' dir='ltr' id='par_1_13' title="bbox 211 1575 1783 1652">
     <span class='ocr_line' id='line_1_13' title="bbox 211 1575 1783 1652; baseline -0.001 -19"><span class='ocrx_word' id='word_1_73' title='bbox 211 1577 443 1652; x_wconf 81' lang='grc' dir='ltr'>χούσης.</span> <span class='ocrx_word' id='word_1_74' title='bbox 469 1575 655 1631; x_wconf 82' lang='grc' dir='ltr'>Ἔστιν</span> <span class='ocrx_word' id='word_1_75' title='bbox 683 1577 740 1630; x_wconf 83' lang='grc' dir='ltr'><strong>δέ</strong></span> <span class='ocrx_word' id='word_1_76' title='bbox 766 1577 851 1630; x_wconf 76' lang='grc' dir='ltr'>ὅτε</span> <span class='ocrx_word' id='word_1_77' title='bbox 874 1578 967 1630; x_wconf 67' lang='grc' dir='ltr'><strong>καὶ⁵</strong></span> <span class='ocrx_word' id='word_1_78' title='bbox 991 1575 1129 1646; x_wconf 86' lang='grc' dir='ltr'><strong>μετά</strong></span> <span class='ocrx_word' id='word_1_79' title='bbox 1159 1577 1220 1630; x_wconf 79' lang='grc' dir='ltr'>τὸ</span> <span class='ocrx_word' id='word_1_80' title='bbox 1246 1577 1426 1632; x_wconf 89' lang='grc' dir='ltr'>πάντα</span> <span class='ocrx_word' id='word_1_81' title='bbox 1443 1578 1603 1632; x_wconf 85' lang='grc' dir='ltr'>πόνον</span> <span class='ocrx_word' id='word_1_82' title='bbox 1628 1580 1783 1631; x_wconf 87' lang='grc' dir='ltr'>ἐκτε-</span> 
     </span>
    </p>
   </div>
   <div class='ocr_carea' id='block_1_14' title="bbox 210 1667 1786 1741">
    <p class='ocr_par' dir='ltr' id='par_1_14' title="bbox 210 1667 1786 1741">
     <span class='ocr_line' id='line_1_14' title="bbox 210 1667 1786 1741; baseline -0.001 -16"><span class='ocrx_word' id='word_1_83' title='bbox 210 1672 374 1725; x_wconf 87' lang='grc' dir='ltr'>λέσαι</span> <span class='ocrx_word' id='word_1_84' title='bbox 416 1671 597 1735; x_wconf 82' lang='grc' dir='ltr'>αὐτὸν,</span> <span class='ocrx_word' id='word_1_85' title='bbox 641 1670 735 1723; x_wconf 73' lang='grc' dir='ltr'><strong>καὶ</strong></span> <span class='ocrx_word' id='word_1_86' title='bbox 772 1667 1014 1739; x_wconf 79' lang='grc' dir='ltr'>νομίζειν</span> <span class='ocrx_word' id='word_1_87' title='bbox 1059 1669 1161 1741; x_wconf 67' lang='grc' dir='ltr'>ἤδη</span> <span class='ocrx_word' id='word_1_88' title='bbox 1201 1670 1259 1722; x_wconf 91' lang='grc' dir='ltr'><strong>ἐν</strong></span> <span class='ocrx_word' id='word_1_89' title='bbox 1303 1671 1495 1741; x_wconf 72' lang='grc' dir='ltr'>χερσὶν</span> <span class='ocrx_word' id='word_1_90' title='bbox 1538 1671 1682 1740; x_wconf 79' lang='grc' dir='ltr'>ἔχειν</span> <span class='ocrx_word' id='word_1_91' title='bbox 1716 1672 1786 1723; x_wconf 79' lang='grc' dir='ltr'><strong>τά</strong></span> 
     </span>
    </p>
   </div>
   <div class='ocr_carea' id='block_1_15' title="bbox 210 1760 1783 1833">
    <p class='ocr_par' dir='ltr' id='par_1_15' title="bbox 210 1760 1783 1833">
     <span class='ocr_line' id='line_1_15' title="bbox 210 1760 1783 1833; baseline -0.001 -17"><span class='ocrx_word' id='word_1_92' title='bbox 210 1763 566 1833; x_wconf 73' lang='grc' dir='ltr'>ἐλπιζόμενα,</span> <span class='ocrx_word' id='word_1_93' title='bbox 597 1760 961 1832; x_wconf 88' lang='grc' dir='ltr'>ἀνυπονόητος</span> <span class='ocrx_word' id='word_1_94' title='bbox 1012 1761 1127 1814; x_wconf 89' lang='grc' dir='ltr'>ἀντ’</span> <span class='ocrx_word' id='word_1_95' title='bbox 1178 1760 1362 1827; x_wconf 75' lang='grc' dir='ltr'>αὐτοῦ,</span> <span class='ocrx_word' id='word_1_96' title='bbox 1413 1761 1672 1831; x_wconf 84' lang='grc' dir='ltr'>ἐφόρεσεν</span> <span class='ocrx_word' id='word_1_97' title='bbox 1721 1761 1783 1814; x_wconf 75' lang='grc' dir='ltr'><strong>τὸ</strong></span> 
     </span>
    </p>
   </div>
   <div class='ocr_carea' id='block_1_16' title="bbox 1082 364 2639 431">
    <p class='ocr_par' dir='ltr' id='par_1_16' title="bbox 1082 364 2639 431">
     <span class='ocr_line' id='line_1_16' title="bbox 1082 364 2639 431; baseline 0.001 -5"><span class='ocrx_word' id='word_1_98' title='bbox 1082 366 1406 426; x_wconf 76' lang='lat' dir='ltr'><strong>HOMILIA</strong></span> <span class='ocrx_word' id='word_1_99' title='bbox 1447 367 1673 427; x_wconf 87' lang='lat' dir='ltr'><strong>CXXX.</strong></span> <span class='ocrx_word' id='word_1_100' title='bbox 1702 390 1772 404; x_wconf 72' lang='grc' dir='ltr'><strong>ο-</strong></span> <span class='ocrx_word' id='word_1_101' title='bbox 1803 364 1899 427; x_wconf 85' lang='lat' dir='ltr'><strong>DE</strong></span> <span class='ocrx_word' id='word_1_102' title='bbox 1941 366 2198 431; x_wconf 83' lang='lat' dir='ltr'><strong>REGNO</strong></span> <span class='ocrx_word' id='word_1_103' title='bbox 2234 365 2639 429; x_wconf 82' lang='lat' dir='ltr'><strong>C(ELORUM.</strong></span> 
     </span>
    </p>
   </div>
   <div class='ocr_carea' id='block_1_17' title="bbox 1818 488 1865 543">
    <p class='ocr_par' dir='ltr' id='par_1_17' title="bbox 1818 488 1865 543">
     <span class='ocr_line' id='line_1_17' title="bbox 1818 488 1865 543; baseline 0 0"><span class='ocrx_word' id='word_1_104' title='bbox 1818 488 1865 543; x_wconf 76' lang='grc' dir='ltr'><strong>Δ</strong></span> 
     </span>
    </p>
   </div>
   <div class='ocr_carea' id='block_1_18' title="bbox 3326 363 3461 427">
    <p class='ocr_par' dir='ltr' id='par_1_18' title="bbox 3326 363 3461 427">
     <span class='ocr_line' id='line_1_18' title="bbox 3326 363 3461 427; baseline 0.007 -1"><span class='ocrx_word' id='word_1_105' title='bbox 3326 363 3461 427; x_wconf 73' lang='lat'><strong>1842</strong></span> 
     </span>
    </p>
   </div>
   <div class='ocr_carea' id='block_1_19' title="bbox 2411 501 2945 560">
    <p class='ocr_par' dir='ltr' id='par_1_19' title="bbox 2411 501 2945 560">
     <span class='ocr_line' id='line_1_19' title="bbox 2411 501 2945 560; baseline -0.009 0"><span class='ocrx_word' id='word_1_106' title='bbox 2411 502 2692 560; x_wconf 75' lang='lat' dir='ltr'><strong>HOMILIA</strong></span> <span class='ocrx_word' id='word_1_107' title='bbox 2730 501 2945 559; x_wconf 80' lang='lat' dir='ltr'><strong>CXXX.</strong></span> 
     </span>
    </p>
   </div>
   <div class='ocr_carea' id='block_1_20' title="bbox 2384 615 2963 689">
    <p class='ocr_par' dir='ltr' id='par_1_20' title="bbox 2384 615 2963 689">
     <span class='ocr_line' id='line_1_20' title="bbox 2384 615 2963 689; baseline -0.007 -16"><span class='ocrx_word' id='word_1_108' title='bbox 2384 615 2463 673; x_wconf 76' lang='lat' dir='ltr'><strong>De</strong></span> <span class='ocrx_word' id='word_1_109' title='bbox 2498 633 2659 689; x_wconf 84' lang='lat' dir='ltr'><strong>regno</strong></span> <span class='ocrx_word' id='word_1_110' title='bbox 2693 616 2963 672; x_wconf 71' lang='lat' dir='ltr'><strong>calorum.</strong></span> 
     </span>
    </p>
   </div>
   <div class='ocr_carea' id='block_1_21' title="bbox 1958 745 3459 817">
    <p class='ocr_par' dir='ltr' id='par_1_21' title="bbox 1958 745 3459 817">
     <span class='ocr_line' id='line_1_21' title="bbox 1958 745 3459 817; baseline -0.001 -14"><span class='ocrx_word' id='word_1_111' title='bbox 1958 745 2209 805; x_wconf 80' lang='lat' dir='ltr'><strong>Mandata</strong></span> <span class='ocrx_word' id='word_1_112' title='bbox 2232 746 2329 803; x_wconf 91' lang='lat' dir='ltr'><strong>Dei</strong></span> <span class='ocrx_word' id='word_1_113' title='bbox 2350 749 2604 817; x_wconf 80' lang='lat' dir='ltr'><strong>superius</strong></span> <span class='ocrx_word' id='word_1_114' title='bbox 2636 747 2770 803; x_wconf 87' lang='lat' dir='ltr'><strong>mihi</strong></span> <span class='ocrx_word' id='word_1_115' title='bbox 2811 746 3100 803; x_wconf 84' lang='lat' dir='ltr'><strong>inducta-si</strong></span> <span class='ocrx_word' id='word_1_116' title='bbox 3131 746 3459 801; x_wconf 86' lang='lat' dir='ltr'><strong>observave-</strong></span> 
     </span>
    </p>
   </div>
   <div class='ocr_carea' id='block_1_22' title="bbox 1890 836 3456 909">
    <p class='ocr_par' dir='ltr' id='par_1_22' title="bbox 1890 836 3456 909">
     <span class='ocr_line' id='line_1_22' title="bbox 1890 836 3456 909; baseline -0.004 -14"><span class='ocrx_word' id='word_1_117' title='bbox 1890 840 2109 895; x_wconf 88' lang='lat' dir='ltr'><strong>rimus:</strong></span> <span class='ocrx_word' id='word_1_118' title='bbox 2146 839 2339 909; x_wconf 89' lang='lat' dir='ltr'><strong>utique</strong></span> <span class='ocrx_word' id='word_1_119' title='bbox 2371 838 2437 893; x_wconf 91' lang='lat' dir='ltr'><strong>ad</strong></span> <span class='ocrx_word' id='word_1_120' title='bbox 2469 854 2697 908; x_wconf 88' lang='lat' dir='ltr'><strong>regnum</strong></span> <span class='ocrx_word' id='word_1_121' title='bbox 2734 837 2927 893; x_wconf 82' lang='lat' dir='ltr'><strong>licebit</strong></span> <span class='ocrx_word' id='word_1_122' title='bbox 2969 853 3067 893; x_wconf 90' lang='lat' dir='ltr'><strong>ceu</strong></span> <span class='ocrx_word' id='word_1_123' title='bbox 3118 836 3456 907; x_wconf 75' lang='lat' dir='ltr'><strong>postliminio</strong></span> 
     </span>
    </p>
   </div>
   <div class='ocr_carea' id='block_1_23' title="bbox 1891 928 3458 1001">
    <p class='ocr_par' dir='ltr' id='par_1_23' title="bbox 1891 928 3458 1001">
     <span class='ocr_line' id='line_1_23' title="bbox 1891 928 3458 1001; baseline -0.003 -15"><span class='ocrx_word' id='word_1_124' title='bbox 1891 931 2073 986; x_wconf 89' lang='lat' dir='ltr'><strong>redire</strong></span> <span class='ocrx_word' id='word_1_125' title='bbox 2099 943 2114 983; x_wconf 91' lang='lat'>:</span> <span class='ocrx_word' id='word_1_126' title='bbox 2147 946 2245 1000; x_wconf 89' lang='lat' dir='ltr'><strong>pro</strong></span> <span class='ocrx_word' id='word_1_127' title='bbox 2267 944 2375 999; x_wconf 92' lang='lat' dir='ltr'><strong>quo</strong></span> <span class='ocrx_word' id='word_1_128' title='bbox 2405 930 2564 984; x_wconf 90' lang='lat' dir='ltr'><strong>nobis</strong></span> <span class='ocrx_word' id='word_1_129' title='bbox 2587 946 2696 984; x_wconf 90' lang='lat' dir='ltr'><strong>non</strong></span> <span class='ocrx_word' id='word_1_130' title='bbox 2716 945 2859 985; x_wconf 88' lang='lat' dir='ltr'><strong>unus</strong></span> <span class='ocrx_word' id='word_1_131' title='bbox 2879 946 3016 1001; x_wconf 91' lang='lat' dir='ltr'><strong>agon</strong></span> <span class='ocrx_word' id='word_1_132' title='bbox 3038 928 3334 993; x_wconf 78' lang='lat' dir='ltr'><strong>indicitur;</strong></span> <span class='ocrx_word' id='word_1_133' title='bbox 3361 928 3458 983; x_wconf 88' lang='lat' dir='ltr'><strong>sed</strong></span> 
     </span>
    </p>
   </div>
   <div class='ocr_carea' id='block_1_24' title="bbox 1890 1021 3457 1092">
    <p class='ocr_par' dir='ltr' id='par_1_24' title="bbox 1890 1021 3457 1092">
     <span class='ocr_line' id='line_1_24' title="bbox 1890 1021 3457 1092; baseline -0.004 -13"><span class='ocrx_word' id='word_1_134' title='bbox 1890 1033 1947 1080; x_wconf 90' lang='lat' dir='ltr'><strong>et</strong></span> <span class='ocrx_word' id='word_1_135' title='bbox 1989 1037 2183 1078; x_wconf 88' lang='lat' dir='ltr'><strong>secura</strong></span> <span class='ocrx_word' id='word_1_136' title='bbox 2222 1021 2440 1090; x_wconf 82' lang='lat' dir='ltr'><strong>requies</strong></span> <span class='ocrx_word' id='word_1_137' title='bbox 2494 1022 2779 1091; x_wconf 75' lang='lat' dir='ltr'><strong>multiplex</strong></span> <span class='ocrx_word' id='word_1_138' title='bbox 2823 1021 3186 1092; x_wconf 80' lang='lat' dir='ltr'><strong>promittitur.</strong></span> <span class='ocrx_word' id='word_1_139' title='bbox 3209 1021 3457 1091; x_wconf 85' lang='lat' dir='ltr'><strong>Regnum</strong></span> 
     </span>
    </p>
   </div>
   <div class='ocr_carea' id='block_1_25' title="bbox 1892 1113 3460 1185">
    <p class='ocr_par' dir='ltr' id='par_1_25' title="bbox 1892 1113 3460 1185">
     <span class='ocr_line' id='line_1_25' title="bbox 1892 1113 3460 1185; baseline -0.003 -14"><span class='ocrx_word' id='word_1_140' title='bbox 1892 1114 2286 1185; x_wconf 88' lang='lat' dir='ltr'><strong>temporarium</strong></span> <span class='ocrx_word' id='word_1_141' title='bbox 2324 1114 2497 1171; x_wconf 82' lang='lat' dir='ltr'><strong>ambit</strong></span> <span class='ocrx_word' id='word_1_142' title='bbox 2522 1113 2683 1185; x_wconf 88' lang='lat' dir='ltr'><strong>quis?</strong></span> <span class='ocrx_word' id='word_1_143' title='bbox 2706 1114 2798 1169; x_wconf 89' lang='lat' dir='ltr'><strong>hic</strong></span> <span class='ocrx_word' id='word_1_144' title='bbox 2837 1128 3063 1168; x_wconf 87' lang='lat' dir='ltr'><strong>necesse</strong></span> <span class='ocrx_word' id='word_1_145' title='bbox 3114 1121 3198 1167; x_wconf 90' lang='lat' dir='ltr'><strong>est</strong></span> <span class='ocrx_word' id='word_1_146' title='bbox 3230 1124 3291 1167; x_wconf 91' lang='lat' dir='ltr'><strong>ut</strong></span> <span class='ocrx_word' id='word_1_147' title='bbox 3340 1127 3460 1167; x_wconf 83' lang='lat' dir='ltr'><strong>exe-</strong></span> 
     </span>
    </p>
   </div>
   <div class='ocr_carea' id='block_1_26' title="bbox 1892 1205 3457 1279">
    <p class='ocr_par' dir='ltr' id='par_1_26' title="bbox 1892 1205 3457 1279">
     <span class='ocr_line' id='line_1_26' title="bbox 1892 1205 3457 1279; baseline -0.004 -16"><span class='ocrx_word' id='word_1_148' title='bbox 1892 1218 1977 1263; x_wconf 90' lang='lat' dir='ltr'><strong>rat</strong></span> <span class='ocrx_word' id='word_1_149' title='bbox 2006 1219 2170 1279; x_wconf 89' lang='lat' dir='ltr'><strong>atque</strong></span> <span class='ocrx_word' id='word_1_150' title='bbox 2199 1218 2441 1265; x_wconf 83' lang='lat' dir='ltr'><strong>ostentet</strong></span> <span class='ocrx_word' id='word_1_151' title='bbox 2470 1205 2819 1262; x_wconf 87' lang='lat' dir='ltr'><strong>strenuitatis</strong></span> <span class='ocrx_word' id='word_1_152' title='bbox 2856 1206 3155 1276; x_wconf 90' lang='lat' dir='ltr'><strong>plurimum</strong></span> <span class='ocrx_word' id='word_1_153' title='bbox 3186 1206 3241 1259; x_wconf 92' lang='lat' dir='ltr'><strong>in</strong></span> <span class='ocrx_word' id='word_1_154' title='bbox 3278 1205 3457 1267; x_wconf 91' lang='lat' dir='ltr'><strong>bellis,</strong></span> 
     </span>
    </p>
   </div>
   <div class='ocr_carea' id='block_1_27' title="bbox 1891 1295 3463 1370">
    <p class='ocr_par' dir='ltr' id='par_1_27' title="bbox 1891 1295 3463 1370">
     <span class='ocr_line' id='line_1_27' title="bbox 1891 1295 3463 1370; baseline -0.004 -15"><span class='ocrx_word' id='word_1_155' title='bbox 1891 1301 2170 1370; x_wconf 87' lang='lat' dir='ltr'><strong>periculis,</strong></span> <span class='ocrx_word' id='word_1_156' title='bbox 2214 1300 2486 1364; x_wconf 81' lang='lat' dir='ltr'><strong>excubiis,</strong></span> <span class='ocrx_word' id='word_1_157' title='bbox 2526 1298 2703 1354; x_wconf 79' lang='lat' dir='ltr'><strong>anxiis</strong></span> <span class='ocrx_word' id='word_1_158' title='bbox 2752 1297 3236 1361; x_wconf 85' lang='lat' dir='ltr'><strong>sollicitudinibus,</strong></span> <span class='ocrx_word' id='word_1_159' title='bbox 3267 1295 3463 1351; x_wconf 58' lang='lat' dir='ltr'><strong>labori.</strong></span> 
     </span>
    </p>
   </div>
   <div class='ocr_carea' id='block_1_28' title="bbox 1890 1390 3463 1464">
    <p class='ocr_par' dir='ltr' id='par_1_28' title="bbox 1890 1390 3463 1464">
     <span class='ocr_line' id='line_1_28' title="bbox 1890 1390 3463 1464; baseline -0.003 -18"><span class='ocrx_word' id='word_1_160' title='bbox 1890 1391 1994 1447; x_wconf 88' lang='lat' dir='ltr'><strong>bus</strong></span> <span class='ocrx_word' id='word_1_161' title='bbox 2018 1394 2296 1464; x_wconf 83' lang='lat' dir='ltr'><strong>perplexis</strong></span> <span class='ocrx_word' id='word_1_162' title='bbox 2327 1412 2340 1448; x_wconf 92' lang='lat'><strong>:</strong></span> <span class='ocrx_word' id='word_1_163' title='bbox 2372 1391 2509 1447; x_wconf 86' lang='lat' dir='ltr'><strong>nihil</strong></span> <span class='ocrx_word' id='word_1_164' title='bbox 2541 1390 2696 1445; x_wconf 88' lang='lat' dir='ltr'><strong>ducit</strong></span> <span class='ocrx_word' id='word_1_165' title='bbox 2734 1390 3120 1445; x_wconf 89' lang='lat' dir='ltr'><strong>tribulationes</strong></span> <span class='ocrx_word' id='word_1_166' title='bbox 3148 1404 3339 1443; x_wconf 89' lang='lat' dir='ltr'><strong>omnes</strong></span> <span class='ocrx_word' id='word_1_167' title='bbox 3367 1404 3463 1441; x_wconf 62' lang='lat' dir='ltr'><strong>uno</strong></span> 
     </span>
    </p>
   </div>
   <div class='ocr_carea' id='block_1_29' title="bbox 1890 1479 3460 1554">
    <p class='ocr_par' dir='ltr' id='par_1_29' title="bbox 1890 1479 3460 1554">
     <span class='ocr_line' id='line_1_29' title="bbox 1890 1479 3460 1554; baseline -0.003 -17"><span class='ocrx_word' id='word_1_168' title='bbox 1890 1483 2179 1554; x_wconf 89' lang='lat' dir='ltr'><strong>decunque</strong></span> <span class='ocrx_word' id='word_1_169' title='bbox 2207 1482 2551 1554; x_wconf 87' lang='lat' dir='ltr'><strong>contingant,</strong></span> <span class='ocrx_word' id='word_1_170' title='bbox 2582 1496 2677 1551; x_wconf 89' lang='lat' dir='ltr'><strong>spe</strong></span> <span class='ocrx_word' id='word_1_171' title='bbox 2708 1480 2838 1535; x_wconf 91' lang='lat' dir='ltr'><strong>dum</strong></span> <span class='ocrx_word' id='word_1_172' title='bbox 2867 1482 3033 1536; x_wconf 90' lang='lat' dir='ltr'><strong>alitur</strong></span> <span class='ocrx_word' id='word_1_173' title='bbox 3063 1481 3215 1550; x_wconf 90' lang='lat' dir='ltr'><strong>regni</strong></span> <span class='ocrx_word' id='word_1_174' title='bbox 3252 1479 3333 1533; x_wconf 88' lang='lat' dir='ltr'><strong>vel</strong></span> <span class='ocrx_word' id='word_1_175' title='bbox 3362 1495 3460 1549; x_wconf 84' lang='lat' dir='ltr'><strong>per</strong></span> 
     </span>
    </p>
   </div>
   <div class='ocr_carea' id='block_1_30' title="bbox 1893 1572 3461 1645">
    <p class='ocr_par' dir='ltr' id='par_1_30' title="bbox 1893 1572 3461 1645">
     <span class='ocr_line' id='line_1_30' title="bbox 1893 1572 3461 1645; baseline -0.003 -18"><span class='ocrx_word' id='word_1_176' title='bbox 1893 1572 2224 1630; x_wconf 88' lang='lat' dir='ltr'><strong>insomnium</strong></span> <span class='ocrx_word' id='word_1_177' title='bbox 2264 1574 2577 1645; x_wconf 83' lang='lat' dir='ltr'><strong>excogitati.</strong></span> <span class='ocrx_word' id='word_1_178' title='bbox 2609 1573 2677 1628; x_wconf 86' lang='lat' dir='ltr'><strong>Et</strong></span> <span class='ocrx_word' id='word_1_179' title='bbox 2714 1573 2829 1627; x_wconf 70' lang='lat' dir='ltr'><strong>haec</strong></span> <span class='ocrx_word' id='word_1_180' title='bbox 2861 1573 3105 1627; x_wconf 90' lang='lat' dir='ltr'><strong>conditio</strong></span> <span class='ocrx_word' id='word_1_181' title='bbox 3130 1582 3212 1627; x_wconf 88' lang='lat' dir='ltr'><strong>est</strong></span> <span class='ocrx_word' id='word_1_182' title='bbox 3252 1581 3461 1640; x_wconf 85' lang='lat' dir='ltr'><strong>tempo-</strong></span> 
     </span>
    </p>
   </div>
   <div class='ocr_carea' id='block_1_31' title="bbox 1892 1664 3457 1737">
    <p class='ocr_par' dir='ltr' id='par_1_31' title="bbox 1892 1664 3457 1737">
     <span class='ocr_line' id='line_1_31' title="bbox 1892 1664 3457 1737; baseline -0.001 -18"><span class='ocrx_word' id='word_1_183' title='bbox 1892 1667 2060 1735; x_wconf 89' lang='lat' dir='ltr'><strong>rarii,</strong></span> <span class='ocrx_word' id='word_1_184' title='bbox 2118 1684 2221 1723; x_wconf 90' lang='lat' dir='ltr'><strong>nec</strong></span> <span class='ocrx_word' id='word_1_185' title='bbox 2272 1684 2512 1737; x_wconf 90' lang='lat' dir='ltr'><strong>unquam</strong></span> <span class='ocrx_word' id='word_1_186' title='bbox 2575 1664 2999 1721; x_wconf 88' lang='lat' dir='ltr'><strong>constabiliendi</strong></span> <span class='ocrx_word' id='word_1_187' title='bbox 3058 1664 3228 1734; x_wconf 79' lang='lat' dir='ltr'><strong>regni.</strong></span> <span class='ocrx_word' id='word_1_188' title='bbox 3282 1664 3457 1725; x_wconf 84' lang='lat' dir='ltr'><strong>Adde.</strong></span> 
     </span>
    </p>
   </div>
   <div class='ocr_carea' id='block_1_32' title="bbox 1891 1753 3459 1829">
    <p class='ocr_par' dir='ltr' id='par_1_32' title="bbox 1891 1753 3459 1829">
     <span class='ocr_line' id='line_1_32' title="bbox 1891 1753 3459 1829; baseline -0.001 -20"><span class='ocrx_word' id='word_1_189' title='bbox 1891 1758 2038 1829; x_wconf 86' lang='lat' dir='ltr'><strong>quod</strong></span> <span class='ocrx_word' id='word_1_190' title='bbox 2104 1757 2254 1811; x_wconf 91' lang='lat' dir='ltr'><strong>omni</strong></span> <span class='ocrx_word' id='word_1_191' title='bbox 2322 1758 2410 1811; x_wconf 85' lang='lat' dir='ltr'><strong>vix</strong></span> <span class='ocrx_word' id='word_1_192' title='bbox 2461 1756 2741 1811; x_wconf 87' lang='lat' dir='ltr'><strong>exantlato</strong></span> <span class='ocrx_word' id='word_1_193' title='bbox 2817 1755 3007 1811; x_wconf 90' lang='lat' dir='ltr'><strong>labore</strong></span> <span class='ocrx_word' id='word_1_194' title='bbox 3076 1753 3221 1809; x_wconf 86' lang='lat' dir='ltr'><strong>diem</strong></span> <span class='ocrx_word' id='word_1_195' title='bbox 3299 1769 3459 1808; x_wconf 90' lang='lat' dir='ltr'><strong>suum</strong></span> 
     </span>
    </p>
   </div>
   <div class='ocr_carea' id='block_1_33' title="bbox 207 1846 1795 1924">
    <p class='ocr_par' dir='ltr' id='par_1_33' title="bbox 207 1849 1783 1924">
     <span class='ocr_line' id='line_1_33' title="bbox 207 1849 1783 1924; baseline -0.002 -18"><span class='ocrx_word' id='word_1_196' title='bbox 207 1853 485 1924; x_wconf 76' lang='grc' dir='ltr'>διάδημα’</span> <span class='ocrx_word' id='word_1_197' title='bbox 532 1851 701 1905; x_wconf 90' lang='grc' dir='ltr'>ποίων</span> <span class='ocrx_word' id='word_1_198' title='bbox 733 1849 961 1919; x_wconf 80' lang='grc' dir='ltr'>ἀγώνων</span> <span class='ocrx_word' id='word_1_199' title='bbox 993 1850 1183 1912; x_wconf 80' lang='grc' dir='ltr'>δεῖται,</span> <span class='ocrx_word' id='word_1_200' title='bbox 1238 1850 1333 1904; x_wconf 70' lang='grc' dir='ltr'>καὶ</span> <span class='ocrx_word' id='word_1_201' title='bbox 1381 1850 1640 1921; x_wconf 79' lang='grc' dir='ltr'>σπουδῆς,</span> <span class='ocrx_word' id='word_1_202' title='bbox 1690 1851 1783 1905; x_wconf 68' lang='grc' dir='ltr'>καὶ</span> 
     </span>
    </p>
   </div>
   <div class='ocr_carea' id='block_1_34' title="bbox 1885 1846 3461 1924">
    <p class='ocr_par' dir='ltr' id='par_1_34' title="bbox 1886 1846 3461 1919">
     <span class='ocr_line' id='line_1_34' title="bbox 1886 1846 3461 1919; baseline -0.003 -14"><span class='ocrx_word' id='word_1_203' title='bbox 1886 1851 2035 1916; x_wconf 90' lang='lat' dir='ltr'><strong>obit;</strong></span> <span class='ocrx_word' id='word_1_204' title='bbox 2096 1865 2333 1919; x_wconf 88' lang='lat' dir='ltr'><strong>cumque</strong></span> <span class='ocrx_word' id='word_1_205' title='bbox 2379 1864 2437 1904; x_wconf 88' lang='lat' dir='ltr'><strong>se</strong></span> <span class='ocrx_word' id='word_1_206' title='bbox 2498 1849 2779 1903; x_wconf 80' lang='lat' dir='ltr'><strong>existimat</strong></span> <span class='ocrx_word' id='word_1_207' title='bbox 2822 1848 2878 1901; x_wconf 89' lang='lat' dir='ltr'><strong>in</strong></span> <span class='ocrx_word' id='word_1_208' title='bbox 2947 1847 3199 1901; x_wconf 88' lang='lat' dir='ltr'><strong>manibus</strong></span> <span class='ocrx_word' id='word_1_209' title='bbox 3258 1846 3461 1901; x_wconf 86' lang='lat' dir='ltr'><strong>habere</strong></span> 
     </span>
    </p>
   </div>
   <div class='ocr_carea' id='block_1_35' title="bbox 210 1943 1786 2016">
    <p class='ocr_par' dir='ltr' id='par_1_35' title="bbox 210 1943 1786 2016">
     <span class='ocr_line' id='line_1_35' title="bbox 210 1943 1786 2016; baseline -0.002 -18"><span class='ocrx_word' id='word_1_210' title='bbox 210 1943 544 2016; x_wconf 81' lang='grc' dir='ltr'>προθυμίας,</span> <span class='ocrx_word' id='word_1_211' title='bbox 605 1944 703 1998; x_wconf 84' lang='grc' dir='ltr'>καὶ</span> <span class='ocrx_word' id='word_1_212' title='bbox 768 1943 1098 2013; x_wconf 86' lang='grc' dir='ltr'>ἀγρυπνίας,</span> <span class='ocrx_word' id='word_1_213' title='bbox 1153 1944 1248 1998; x_wconf 79' lang='grc' dir='ltr'>καὶ</span> <span class='ocrx_word' id='word_1_214' title='bbox 1323 1944 1636 2016; x_wconf 83' lang='grc' dir='ltr'>μερίμνης,</span> <span class='ocrx_word' id='word_1_215' title='bbox 1690 1944 1786 1997; x_wconf 68' lang='grc' dir='ltr'><strong>καὶ</strong></span> 
     </span>
    </p>
   </div>
   <div class='ocr_carea' id='block_1_36' title="bbox 210 2035 1786 2108">
    <p class='ocr_par' dir='ltr' id='par_1_36' title="bbox 210 2035 1786 2108">
     <span class='ocr_line' id='line_1_36' title="bbox 210 2035 1786 2108; baseline -0.001 -18"><span class='ocrx_word' id='word_1_216' title='bbox 210 2035 475 2091; x_wconf 82' lang='grc' dir='ltr'>κινδύνων</span> <span class='ocrx_word' id='word_1_217' title='bbox 508 2076 524 2103; x_wconf 94' lang='grc'><strong>,</strong></span> <span class='ocrx_word' id='word_1_218' title='bbox 580 2036 675 2089; x_wconf 71' lang='grc' dir='ltr'><strong>κα)⁸</strong></span> <span class='ocrx_word' id='word_1_219' title='bbox 746 2036 1011 2106; x_wconf 75' lang='grc' dir='ltr'>θλίψεων,</span> <span class='ocrx_word' id='word_1_220' title='bbox 1064 2036 1158 2089; x_wconf 75' lang='grc' dir='ltr'>καὶ</span> <span class='ocrx_word' id='word_1_221' title='bbox 1208 2035 1545 2107; x_wconf 83' lang='grc' dir='ltr'>πειρασμῶν</span> <span class='ocrx_word' id='word_1_222' title='bbox 1579 2077 1594 2103; x_wconf 92' lang='grc'><strong>,</strong></span> <span class='ocrx_word' id='word_1_223' title='bbox 1649 2052 1786 2108; x_wconf 86' lang='grc' dir='ltr'>κρυ-</span> 
     </span>
    </p>
   </div>
   <div class='ocr_carea' id='block_1_37' title="bbox 211 2126 1783 2199">
    <p class='ocr_par' dir='ltr' id='par_1_37' title="bbox 211 2126 1783 2199">
     <span class='ocr_line' id='line_1_37' title="bbox 211 2126 1783 2199; baseline -0.001 -18"><span class='ocrx_word' id='word_1_224' title='bbox 211 2127 367 2181; x_wconf 86' lang='grc' dir='ltr'>πτῶν</span> <span class='ocrx_word' id='word_1_225' title='bbox 407 2145 467 2182; x_wconf 88' lang='grc' dir='ltr'><strong>τε</strong></span> <span class='ocrx_word' id='word_1_226' title='bbox 505 2127 600 2182; x_wconf 76' lang='grc' dir='ltr'>καὶ</span> <span class='ocrx_word' id='word_1_227' title='bbox 632 2128 914 2199; x_wconf 83' lang='grc' dir='ltr'>φανερῶν,</span> <span class='ocrx_word' id='word_1_228' title='bbox 945 2128 1039 2181; x_wconf 75' lang='grc' dir='ltr'><strong>καὶ</strong></span> <span class='ocrx_word' id='word_1_229' title='bbox 1077 2128 1354 2199; x_wconf 79' lang='grc' dir='ltr'>αἰκισμῶν</span> <span class='ocrx_word' id='word_1_230' title='bbox 1390 2128 1487 2181; x_wconf 71' lang='grc' dir='ltr'>καὶ</span> <span class='ocrx_word' id='word_1_231' title='bbox 1516 2126 1783 2191; x_wconf 74' lang='grc' dir='ltr'>θανάτοιν,</span> 
     </span>
    </p>
   </div>
   <div class='ocr_carea' id='block_1_38' title="bbox 209 2217 1784 2289">
    <p class='ocr_par' dir='ltr' id='par_1_38' title="bbox 209 2217 1784 2289">
     <span class='ocr_line' id='line_1_38' title="bbox 209 2217 1784 2289; baseline -0.003 -16"><span class='ocrx_word' id='word_1_232' title='bbox 209 2220 243 2273; x_wconf 80' lang='grc'>6</span> <span class='ocrx_word' id='word_1_233' title='bbox 292 2217 615 2288; x_wconf 85' lang='grc' dir='ltr'>βουλόμενος</span> <span class='ocrx_word' id='word_1_234' title='bbox 675 2218 773 2272; x_wconf 78' lang='grc' dir='ltr'><strong>σὺν</strong></span> <span class='ocrx_word' id='word_1_235' title='bbox 829 2217 1050 2289; x_wconf 84' lang='grc' dir='ltr'>Χριστῷ</span> <span class='ocrx_word' id='word_1_236' title='bbox 1092 2218 1387 2289; x_wconf 85' lang='grc' dir='ltr'>ἀδιαδόχως</span> <span class='ocrx_word' id='word_1_237' title='bbox 1444 2217 1784 2289; x_wconf 84' lang='grc' dir='ltr'>βασιλεύειν;</span> 
     </span>
    </p>
   </div>
   <div class='ocr_carea' id='block_1_39' title="bbox 210 2308 1786 2381">
    <p class='ocr_par' dir='ltr' id='par_1_39' title="bbox 210 2308 1786 2381">
     <span class='ocr_line' id='line_1_39' title="bbox 210 2308 1786 2381; baseline -0.001 -18"><span class='ocrx_word' id='word_1_238' title='bbox 210 2310 316 2364; x_wconf 87' lang='grc' dir='ltr'>Διά</span> <span class='ocrx_word' id='word_1_239' title='bbox 339 2309 497 2364; x_wconf 80' lang='grc' dir='ltr'>τοῦτο</span> <span class='ocrx_word' id='word_1_240' title='bbox 525 2310 574 2363; x_wconf 88' lang='grc' dir='ltr'><strong>οί</strong></span> <span class='ocrx_word' id='word_1_241' title='bbox 597 2308 965 2380; x_wconf 89' lang='grc' dir='ltr'>προλαϐόντες</span> <span class='ocrx_word' id='word_1_242' title='bbox 983 2309 1148 2377; x_wconf 81' lang='grc' dir='ltr'>ἅγιοι,</span> <span class='ocrx_word' id='word_1_243' title='bbox 1172 2310 1365 2381; x_wconf 86' lang='grc' dir='ltr'>ἀνδρες</span> <span class='ocrx_word' id='word_1_244' title='bbox 1385 2326 1447 2362; x_wconf 85' lang='grc' dir='ltr'><strong>τε</strong></span> <span class='ocrx_word' id='word_1_245' title='bbox 1471 2310 1565 2363; x_wconf 71' lang='grc' dir='ltr'>καὶ</span> <span class='ocrx_word' id='word_1_246' title='bbox 1595 2312 1786 2378; x_wconf 82' lang='grc' dir='ltr'>γυναί-</span> 
     </span>
    </p>
   </div>
   <div class='ocr_carea' id='block_1_40' title="bbox 211 2396 1788 2472">
    <p class='ocr_par' dir='ltr' id='par_1_40' title="bbox 211 2396 1788 2472">
     <span class='ocr_line' id='line_1_40' title="bbox 211 2396 1788 2472; baseline 0 -17"><span class='ocrx_word' id='word_1_247' title='bbox 211 2418 334 2467; x_wconf 81' lang='grc' dir='ltr'>κες,</span> <span class='ocrx_word' id='word_1_248' title='bbox 365 2402 461 2456; x_wconf 76' lang='grc' dir='ltr'>καὶ</span> <span class='ocrx_word' id='word_1_249' title='bbox 484 2402 693 2467; x_wconf 83' lang='grc' dir='ltr'>παῖδες,</span> <span class='ocrx_word' id='word_1_250' title='bbox 728 2400 892 2472; x_wconf 76' lang='grc' dir='ltr'>μέχρι</span> <span class='ocrx_word' id='word_1_251' title='bbox 924 2400 1154 2455; x_wconf 88' lang='grc' dir='ltr'>θανάτου</span> <span class='ocrx_word' id='word_1_252' title='bbox 1179 2400 1538 2471; x_wconf 71' lang='grc' dir='ltr'>ἠγωνίσαντο,</span> <span class='ocrx_word' id='word_1_253' title='bbox 1575 2400 1660 2454; x_wconf 81' lang='grc' dir='ltr'>ἵνα</span> <span class='ocrx_word' id='word_1_254' title='bbox 1692 2396 1788 2472; x_wconf 84' lang='grc' dir='ltr'><strong>βα·</strong></span> 
     </span>
    </p>
   </div>
   <div class='ocr_carea' id='block_1_41' title="bbox 215 2490 1788 2563">
    <p class='ocr_par' dir='ltr' id='par_1_41' title="bbox 215 2490 1788 2563">
     <span class='ocr_line' id='line_1_41' title="bbox 215 2490 1788 2563; baseline 0.001 -19"><span class='ocrx_word' id='word_1_255' title='bbox 215 2490 426 2555; x_wconf 84' lang='grc' dir='ltr'>σιλείας</span> <span class='ocrx_word' id='word_1_256' title='bbox 468 2491 715 2562; x_wconf 80' lang='grc' dir='ltr'>οὐρανῶν</span> <span class='ocrx_word' id='word_1_257' title='bbox 761 2490 1116 2561; x_wconf 70' lang='grc' dir='ltr'>ἐπιτύχωσιν.</span> <span class='ocrx_word' id='word_1_258' title='bbox 1166 2491 1372 2563; x_wconf 81' lang='grc' dir='ltr'>Βιαστὴ</span> <span class='ocrx_word' id='word_1_259' title='bbox 1413 2492 1522 2562; x_wconf 86' lang='grc' dir='ltr'><strong>γάρ</strong></span> <span class='ocrx_word' id='word_1_260' title='bbox 1558 2494 1705 2546; x_wconf 82' lang='grc' dir='ltr'>ἐστιν</span> <span class='ocrx_word' id='word_1_261' title='bbox 1752 2492 1788 2563; x_wconf 81' lang='grc' dir='ltr'><strong>ὴ</strong></span> 
     </span>
    </p>
   </div>
   <div class='ocr_carea' id='block_1_42' title="bbox 214 2579 1786 2653">
    <p class='ocr_par' dir='ltr' id='par_1_42' title="bbox 214 2579 1786 2653">
     <span class='ocr_line' id='line_1_42' title="bbox 214 2579 1786 2653; baseline 0.002 -20"><span class='ocrx_word' id='word_1_262' title='bbox 214 2579 463 2650; x_wconf 87' lang='grc' dir='ltr'>βασιλεία</span> <span class='ocrx_word' id='word_1_263' title='bbox 516 2581 627 2635; x_wconf 89' lang='grc' dir='ltr'><strong>τῶν</strong></span> <span class='ocrx_word' id='word_1_264' title='bbox 681 2579 949 2651; x_wconf 88' lang='grc' dir='ltr'>οὐρανῶν,</span> <span class='ocrx_word' id='word_1_265' title='bbox 1002 2582 1099 2635; x_wconf 61' lang='grc' dir='ltr'><strong>καὶ⁵</strong></span> <span class='ocrx_word' id='word_1_266' title='bbox 1139 2583 1199 2636; x_wconf 83' lang='grc' dir='ltr'><strong>ἐν</strong></span> <span class='ocrx_word' id='word_1_267' title='bbox 1252 2583 1416 2637; x_wconf 81' lang='grc' dir='ltr'>παντὶ</span> <span class='ocrx_word' id='word_1_268' title='bbox 1474 2582 1786 2653; x_wconf 76' lang='grc' dir='ltr'>βιαζόμενοι</span> 
     </span>
    </p>
   </div>
   <div class='ocr_carea' id='block_1_43' title="bbox 212 2671 1787 2746">
    <p class='ocr_par' dir='ltr' id='par_1_43' title="bbox 212 2671 1787 2746">
     <span class='ocr_line' id='line_1_43' title="bbox 212 2671 1787 2746; baseline 0.002 -22"><span class='ocrx_word' id='word_1_269' title='bbox 212 2671 445 2735; x_wconf 79' lang='grc' dir='ltr'>ἑαυτοὺς</span> <span class='ocrx_word' id='word_1_270' title='bbox 468 2671 621 2725; x_wconf 79' lang='grc' dir='ltr'>αὐτοὶ</span> <span class='ocrx_word' id='word_1_271' title='bbox 656 2672 995 2743; x_wconf 78' lang='grc' dir='ltr'>ἁρπάζουσιν</span> <span class='ocrx_word' id='word_1_272' title='bbox 1025 2674 1216 2745; x_wconf 82' lang='grc' dir='ltr'>αὐτήν.</span> <span class='ocrx_word' id='word_1_273' title='bbox 1262 2673 1320 2727; x_wconf 92' lang='lat'><strong>&#39;0</strong></span> <span class='ocrx_word' id='word_1_274' title='bbox 1344 2674 1453 2746; x_wconf 89' lang='grc' dir='ltr'><strong>γάρ</strong></span> <span class='ocrx_word' id='word_1_275' title='bbox 1481 2674 1648 2738; x_wconf 79' lang='grc' dir='ltr'>ὅντως</span> <span class='ocrx_word' id='word_1_276' title='bbox 1705 2674 1787 2727; x_wconf 87' lang='grc' dir='ltr'>εὐ-</span> 
     </span>
    </p>
   </div>
   <div class='ocr_carea' id='block_1_44' title="bbox 209 2761 1786 2835">
    <p class='ocr_par' dir='ltr' id='par_1_44' title="bbox 209 2761 1786 2835">
     <span class='ocr_line' id='line_1_44' title="bbox 209 2761 1786 2835; baseline 0.001 -20"><span class='ocrx_word' id='word_1_277' title='bbox 209 2761 466 2831; x_wconf 87' lang='grc' dir='ltr'>νουχίσας</span> <span class='ocrx_word' id='word_1_278' title='bbox 506 2762 696 2815; x_wconf 80' lang='grc' dir='ltr'>ἑαυτὸν</span> <span class='ocrx_word' id='word_1_279' title='bbox 744 2761 833 2815; x_wconf 87' lang='grc' dir='ltr'><strong>διά</strong></span> <span class='ocrx_word' id='word_1_280' title='bbox 874 2762 976 2832; x_wconf 77' lang='grc' dir='ltr'>τὴν</span> <span class='ocrx_word' id='word_1_281' title='bbox 1008 2762 1286 2833; x_wconf 85' lang='grc' dir='ltr'>βασιλείαν</span> <span class='ocrx_word' id='word_1_282' title='bbox 1313 2762 1424 2815; x_wconf 90' lang='grc' dir='ltr'><strong>τῶν</strong></span> <span class='ocrx_word' id='word_1_283' title='bbox 1460 2763 1786 2835; x_wconf 78' lang='grc' dir='ltr'>ούρανῶν,ῆ</span> 
     </span>
    </p>
   </div>
   <div class='ocr_carea' id='block_1_45' title="bbox 212 2852 1787 2925">
    <p class='ocr_par' dir='ltr' id='par_1_45' title="bbox 212 2852 1787 2925">
     <span class='ocr_line' id='line_1_45' title="bbox 212 2852 1787 2925; baseline 0.001 -19"><span class='ocrx_word' id='word_1_284' title='bbox 212 2852 485 2925; x_wconf 86' lang='grc' dir='ltr'>παρθενεύ</span> <span class='ocrx_word' id='word_1_285' title='bbox 494 2871 610 2917; x_wconf 89' lang='grc' dir='ltr'>σας,</span> <span class='ocrx_word' id='word_1_286' title='bbox 625 2852 714 2907; x_wconf 86' lang='grc' dir='ltr'><strong>διά</strong></span> <span class='ocrx_word' id='word_1_287' title='bbox 732 2854 951 2908; x_wconf 87' lang='grc' dir='ltr'>πάντων</span> <span class='ocrx_word' id='word_1_288' title='bbox 970 2853 1253 2924; x_wconf 79' lang='grc' dir='ltr'>ὀφειλέτης</span> <span class='ocrx_word' id='word_1_289' title='bbox 1268 2853 1416 2907; x_wconf 77' lang='grc' dir='ltr'>ἐστὶν</span> <span class='ocrx_word' id='word_1_290' title='bbox 1432 2855 1580 2921; x_wconf 76' lang='grc' dir='ltr'>ἀξιον</span> <span class='ocrx_word' id='word_1_291' title='bbox 1597 2854 1787 2908; x_wconf 74' lang='grc' dir='ltr'>ἑαυτὸν</span> 
     </span>
    </p>
   </div>
   <div class='ocr_carea' id='block_1_46' title="bbox 211 2942 1783 3015">
    <p class='ocr_par' dir='ltr' id='par_1_46' title="bbox 211 2942 1783 3015">
     <span class='ocr_line' id='line_1_46' title="bbox 211 2942 1783 3015; baseline -0.001 -17"><span class='ocrx_word' id='word_1_292' title='bbox 211 2944 492 3009; x_wconf 77' lang='grc' dir='ltr'>ἀποδεῖξαι</span> <span class='ocrx_word' id='word_1_293' title='bbox 520 2944 615 3014; x_wconf 81' lang='grc' dir='ltr'>τῆς</span> <span class='ocrx_word' id='word_1_294' title='bbox 644 2942 1026 3013; x_wconf 83' lang='grc' dir='ltr'>βασιλείας.οὐ</span> <span class='ocrx_word' id='word_1_295' title='bbox 1054 2942 1162 3014; x_wconf 77' lang='grc' dir='ltr'><strong>γὰρ</strong></span> <span class='ocrx_word' id='word_1_296' title='bbox 1187 2943 1244 2995; x_wconf 83' lang='grc' dir='ltr'><strong>ἐν</strong></span> <span class='ocrx_word' id='word_1_297' title='bbox 1265 2943 1429 3015; x_wconf 82' lang='grc' dir='ltr'>λόγῳ,</span> <span class='ocrx_word' id='word_1_298' title='bbox 1461 2943 1494 3015; x_wconf 78' lang='grc' dir='ltr'><strong>ἢ</strong></span> <span class='ocrx_word' id='word_1_299' title='bbox 1524 2945 1783 3015; x_wconf 80' lang='grc' dir='ltr'>σχήματι,</span> 
     </span>
    </p>
   </div>
   <div class='ocr_carea' id='block_1_47' title="bbox 209 3034 1788 3107">
    <p class='ocr_par' dir='ltr' id='par_1_47' title="bbox 209 3034 1788 3107">
     <span class='ocr_line' id='line_1_47' title="bbox 209 3034 1788 3107; baseline -0.001 0"><span class='ocrx_word' id='word_1_300' title='bbox 209 3037 248 3107; x_wconf 74' lang='grc' dir='ltr'><strong>ἢ</strong></span> <span class='ocrx_word' id='word_1_301' title='bbox 279 3034 580 3106; x_wconf 72' lang='grc' dir='ltr'>ὀνόματινῆ</span> <span class='ocrx_word' id='word_1_302' title='bbox 609 3035 778 3104; x_wconf 71' lang='grc' dir='ltr'>γένει.</span> <span class='ocrx_word' id='word_1_303' title='bbox 809 3035 841 3105; x_wconf 80' lang='grc' dir='ltr'>ἢ</span> <span class='ocrx_word' id='word_1_304' title='bbox 876 3035 1139 3107; x_wconf 71' lang='grc' dir='ltr'>μορφῇοῆ</span> <span class='ocrx_word' id='word_1_305' title='bbox 1172 3034 1383 3105; x_wconf 53' lang='lat' dir='ltr'><strong>most</strong></span> <span class='ocrx_word' id='word_1_306' title='bbox 1414 3034 1662 3106; x_wconf 71' lang='grc' dir='ltr'><strong>χρόνῳνή</strong></span> <span class='ocrx_word' id='word_1_307' title='bbox 1698 3034 1788 3105; x_wconf 74' lang='grc' dir='ltr'><strong>βα-</strong></span> 
     </span>
    </p>
   </div>
   <div class='ocr_carea' id='block_1_48' title="bbox 212 3122 1785 3196">
    <p class='ocr_par' dir='ltr' id='par_1_48' title="bbox 212 3122 1785 3196">
     <span class='ocr_line' id='line_1_48' title="bbox 212 3122 1785 3196; baseline -0.001 -18"><span class='ocrx_word' id='word_1_308' title='bbox 212 3123 391 3178; x_wconf 90' lang='grc' dir='ltr'>σιλεία</span> <span class='ocrx_word' id='word_1_309' title='bbox 420 3123 529 3178; x_wconf 86' lang='grc' dir='ltr'><strong>τῶν</strong></span> <span class='ocrx_word' id='word_1_310' title='bbox 554 3123 804 3196; x_wconf 82' lang='grc' dir='ltr'>οὐρανῶν</span> <span class='ocrx_word' id='word_1_311' title='bbox 840 3122 1344 3194; x_wconf 87' lang='grc' dir='ltr'>καταλαμϐάνεται,</span> <span class='ocrx_word' id='word_1_312' title='bbox 1374 3123 1490 3178; x_wconf 83' lang='grc' dir='ltr'>ἀλλ’</span> <span class='ocrx_word' id='word_1_313' title='bbox 1517 3124 1576 3176; x_wconf 79' lang='grc' dir='ltr'><strong>ἐν</strong></span> <span class='ocrx_word' id='word_1_314' title='bbox 1626 3123 1785 3177; x_wconf 84' lang='grc' dir='ltr'>δυνά-</span> 
     </span>
    </p>
   </div>
   <div class='ocr_carea' id='block_1_49' title="bbox 214 3214 1783 3288">
    <p class='ocr_par' dir='ltr' id='par_1_49' title="bbox 214 3214 1783 3288">
     <span class='ocr_line' id='line_1_49' title="bbox 214 3214 1783 3288; baseline -0.003 -17"><span class='ocrx_word' id='word_1_315' title='bbox 214 3233 308 3288; x_wconf 79' lang='grc' dir='ltr'><strong>μει</strong></span> <span class='ocrx_word' id='word_1_316' title='bbox 338 3217 598 3281; x_wconf 85' lang='grc' dir='ltr'>πίστεως,</span> <span class='ocrx_word' id='word_1_317' title='bbox 622 3215 1076 3286; x_wconf 72' lang='grc' dir='ltr'>ἐπιδεικνυμένης</span> <span class='ocrx_word' id='word_1_318' title='bbox 1108 3214 1246 3287; x_wconf 77' lang='grc' dir='ltr'>ἔργα</span> <span class='ocrx_word' id='word_1_319' title='bbox 1270 3216 1528 3281; x_wconf 85' lang='grc' dir='ltr'>πίστεως.</span> <span class='ocrx_word' id='word_1_320' title='bbox 1546 3215 1783 3269; x_wconf 85' lang='grc' dir='ltr'>Ἐπιδει-</span> 
     </span>
    </p>
   </div>
   <div class='ocr_carea' id='block_1_50' title="bbox 208 3305 1784 3379">
    <p class='ocr_par' dir='ltr' id='par_1_50' title="bbox 208 3305 1784 3379">
     <span class='ocr_line' id='line_1_50' title="bbox 208 3305 1784 3379; baseline -0.001 -17"><span class='ocrx_word' id='word_1_321' title='bbox 208 3308 490 3379; x_wconf 79' lang='grc' dir='ltr'>κνυμένην</span> <span class='ocrx_word' id='word_1_322' title='bbox 518 3306 626 3378; x_wconf 84' lang='grc' dir='ltr'>γὰρ</span> <span class='ocrx_word' id='word_1_323' title='bbox 655 3306 839 3360; x_wconf 85' lang='grc' dir='ltr'>πίστιν</span> <span class='ocrx_word' id='word_1_324' title='bbox 876 3306 1179 3375; x_wconf 76' lang='grc' dir='ltr'>ἀπαγγελεῖ</span> <span class='ocrx_word' id='word_1_325' title='bbox 1196 3305 1403 3370; x_wconf 89' lang='grc' dir='ltr'>δίκαιος</span> <span class='ocrx_word' id='word_1_326' title='bbox 1431 3308 1688 3378; x_wconf 79' lang='grc' dir='ltr'>ἐνεργῶς.</span> <span class='ocrx_word' id='word_1_327' title='bbox 1719 3307 1784 3361; x_wconf 87' lang='grc' dir='ltr'>Τί</span> 
     </span>
    </p>
   </div>
   <div class='ocr_carea' id='block_1_51' title="bbox 208 3395 1785 3469">
    <p class='ocr_par' dir='ltr' id='par_1_51' title="bbox 208 3395 1785 3469">
     <span class='ocr_line' id='line_1_51' title="bbox 208 3395 1785 3469; baseline -0.004 -15"><span class='ocrx_word' id='word_1_328' title='bbox 208 3400 271 3454; x_wconf 80' lang='grc' dir='ltr'><strong>δέ</strong></span> <span class='ocrx_word' id='word_1_329' title='bbox 299 3401 472 3465; x_wconf 88' lang='grc' dir='ltr'>ἐστιν,</span> <span class='ocrx_word' id='word_1_330' title='bbox 489 3398 791 3469; x_wconf 77' lang='grc' dir='ltr'>ἐνεργῶς,ἢ</span> <span class='ocrx_word' id='word_1_331' title='bbox 813 3397 902 3451; x_wconf 86' lang='grc' dir='ltr'><strong>διά</strong></span> <span class='ocrx_word' id='word_1_332' title='bbox 928 3396 1030 3467; x_wconf 83' lang='grc' dir='ltr'>τῆς</span> <span class='ocrx_word' id='word_1_333' title='bbox 1056 3398 1367 3468; x_wconf 84' lang='grc' dir='ltr'>πρακτικῆς</span> <span class='ocrx_word' id='word_1_334' title='bbox 1396 3396 1657 3467; x_wconf 77' lang='grc' dir='ltr'>ἐργασίας</span> <span class='ocrx_word' id='word_1_335' title='bbox 1674 3395 1785 3449; x_wconf 88' lang='grc' dir='ltr'><strong>τῶν</strong></span> 
     </span>
    </p>
   </div>
   <div class='ocr_carea' id='block_1_52' title="bbox 206 3488 1781 3561">
    <p class='ocr_par' dir='ltr' id='par_1_52' title="bbox 206 3488 1781 3561">
     <span class='ocr_line' id='line_1_52' title="bbox 206 3488 1781 3561; baseline -0.003 -14"><span class='ocrx_word' id='word_1_336' title='bbox 206 3492 441 3547; x_wconf 85' lang='grc' dir='ltr'>ἐντολῶν</span> <span class='ocrx_word' id='word_1_337' title='bbox 468 3491 562 3546; x_wconf 83' lang='grc' dir='ltr'>τοῦ</span> <span class='ocrx_word' id='word_1_338' title='bbox 593 3489 869 3561; x_wconf 80' lang='grc' dir='ltr'>Χριστοῦς</span> <span class='ocrx_word' id='word_1_339' title='bbox 906 3488 1231 3560; x_wconf 83' lang='grc' dir='ltr'>’Δπέχεσθαι</span> <span class='ocrx_word' id='word_1_340' title='bbox 1263 3489 1321 3543; x_wconf 78' lang='grc' dir='ltr'>δὲ</span> <span class='ocrx_word' id='word_1_341' title='bbox 1356 3489 1466 3543; x_wconf 91' lang='grc' dir='ltr'><strong>τῶν</strong></span> <span class='ocrx_word' id='word_1_342' title='bbox 1499 3490 1781 3552; x_wconf 82' lang='grc' dir='ltr'>ἐναντίων,</span> 
     </span>
    </p>
   </div>
   <div class='ocr_carea' id='block_1_53' title="bbox 202 3568 1783 3654">
    <p class='ocr_par' dir='ltr' id='par_1_53' title="bbox 202 3568 1783 3654">
     <span class='ocr_line' id='line_1_53' title="bbox 202 3568 1783 3654; baseline -0.003 -16"><span class='ocrx_word' id='word_1_343' title='bbox 202 3568 490 3638; x_wconf 70' lang='grc' dir='ltr'>τουτέστιν</span> <span class='ocrx_word' id='word_1_344' title='bbox 515 3584 623 3637; x_wconf 84' lang='grc' dir='ltr'><strong>τῶν</strong></span> <span class='ocrx_word' id='word_1_345' title='bbox 654 3580 955 3653; x_wconf 83' lang='grc' dir='ltr'>σαρκικῶν,</span> <span class='ocrx_word' id='word_1_346' title='bbox 991 3583 1182 3653; x_wconf 69' lang='grc' dir='ltr'>ἤγουν,</span> <span class='ocrx_word' id='word_1_347' title='bbox 1219 3580 1544 3636; x_wconf 89' lang='grc' dir='ltr'>διαϐολικῶν</span> <span class='ocrx_word' id='word_1_348' title='bbox 1577 3599 1783 3654; x_wconf 79' lang='grc' dir='ltr'>φρονη-</span> 
     </span>
    </p>
   </div>
   <div class='ocr_carea' id='block_1_54' title="bbox 210 3676 1778 3753">
    <p class='ocr_par' dir='ltr' id='par_1_54' title="bbox 210 3676 1778 3753">
     <span class='ocr_line' id='line_1_54' title="bbox 210 3676 1778 3753; baseline -0.004 -16"><span class='ocrx_word' id='word_1_349' title='bbox 210 3682 422 3753; x_wconf 88' lang='grc' dir='ltr'>μάτων,</span> <span class='ocrx_word' id='word_1_350' title='bbox 478 3682 638 3737; x_wconf 83' lang='grc' dir='ltr'>ἆτινά</span> <span class='ocrx_word' id='word_1_351' title='bbox 706 3684 867 3747; x_wconf 77' lang='grc' dir='ltr'>εἰσιν,</span> <span class='ocrx_word' id='word_1_352' title='bbox 899 3678 1149 3752; x_wconf 87' lang='grc' dir='ltr'>πορνεία,</span> <span class='ocrx_word' id='word_1_353' title='bbox 1194 3676 1529 3751; x_wconf 79' lang='grc' dir='ltr'>ἀκαθαρσία,</span> <span class='ocrx_word' id='word_1_354' title='bbox 1562 3676 1778 3731; x_wconf 76' lang='grc' dir='ltr'><strong>είδωλο⁴</strong></span> 
     </span>
    </p>
   </div>
   <div class='ocr_carea' id='block_1_55' title="bbox 205 3771 1777 3845">
    <p class='ocr_par' dir='ltr' id='par_1_55' title="bbox 205 3771 1777 3845">
     <span class='ocr_line' id='line_1_55' title="bbox 205 3771 1777 3845; baseline -0.002 -17"><span class='ocrx_word' id='word_1_355' title='bbox 205 3775 454 3845; x_wconf 82' lang='grc' dir='ltr'>λατρεία,</span> <span class='ocrx_word' id='word_1_356' title='bbox 478 3775 841 3845; x_wconf 81' lang='grc' dir='ltr'>φαρμακεῖαι,</span> <span class='ocrx_word' id='word_1_357' title='bbox 902 3772 1113 3844; x_wconf 74' lang='grc' dir='ltr'>ἔχθραι,</span> <span class='ocrx_word' id='word_1_358' title='bbox 1148 3773 1315 3845; x_wconf 76' lang='grc' dir='ltr'>ερεις.</span> <span class='ocrx_word' id='word_1_359' title='bbox 1370 3771 1543 3843; x_wconf 83' lang='grc' dir='ltr'>ζῆλοι,</span> <span class='ocrx_word' id='word_1_360' title='bbox 1593 3772 1777 3845; x_wconf 82' lang='grc' dir='ltr'>θυμοὶ,</span> 
     </span>
    </p>
   </div>
   <div class='ocr_carea' id='block_1_56' title="bbox 205 3861 1781 3937">
    <p class='ocr_par' dir='ltr' id='par_1_56' title="bbox 205 3861 1781 3937">
     <span class='ocr_line' id='line_1_56' title="bbox 205 3861 1781 3937; baseline -0.003 -18"><span class='ocrx_word' id='word_1_361' title='bbox 205 3865 463 3937; x_wconf 85' lang='grc' dir='ltr'>ἐριθεῖαι,</span> <span class='ocrx_word' id='word_1_362' title='bbox 495 3863 842 3927; x_wconf 75' lang='grc' dir='ltr'>καταλαλιαὶ,</span> <span class='ocrx_word' id='word_1_363' title='bbox 861 3862 1220 3934; x_wconf 85' lang='grc' dir='ltr'>διχοστασίαι,</span> <span class='ocrx_word' id='word_1_364' title='bbox 1244 3863 1450 3932; x_wconf 85' lang='grc' dir='ltr'>φθόνοι,</span> <span class='ocrx_word' id='word_1_365' title='bbox 1480 3863 1651 3933; x_wconf 82' lang='grc' dir='ltr'>φόνοι,</span> <span class='ocrx_word' id='word_1_366' title='bbox 1682 3861 1781 3933; x_wconf 85' lang='grc' dir='ltr'>μέ-</span> 
     </span>
    </p>
   </div>
   <div class='ocr_carea' id='block_1_57' title="bbox 204 3953 1785 4027">
    <p class='ocr_par' dir='ltr' id='par_1_57' title="bbox 204 3953 1785 4027">
     <span class='ocr_line' id='line_1_57' title="bbox 204 3953 1785 4027; baseline -0.004 -16"><span class='ocrx_word' id='word_1_367' title='bbox 204 3957 321 4022; x_wconf 86' lang='grc' dir='ltr'>θαι,</span> <span class='ocrx_word' id='word_1_368' title='bbox 346 3958 543 4027; x_wconf 86' lang='grc' dir='ltr'>κῶμοι,</span> <span class='ocrx_word' id='word_1_369' title='bbox 575 3954 953 4027; x_wconf 86' lang='grc' dir='ltr'>εύτραπελίαι,</span> <span class='ocrx_word' id='word_1_370' title='bbox 982 3954 1334 4026; x_wconf 87' lang='grc' dir='ltr'>μωρολογίαι,</span> <span class='ocrx_word' id='word_1_371' title='bbox 1388 3953 1584 4020; x_wconf 87' lang='grc' dir='ltr'>γέλως,</span> <span class='ocrx_word' id='word_1_372' title='bbox 1616 3953 1785 4023; x_wconf 80' lang='grc' dir='ltr'>ἀφροο</span> 
     </span>
    </p>
   </div>
   <div class='ocr_carea' id='block_1_58' title="bbox 205 4042 1778 4119">
    <p class='ocr_par' dir='ltr' id='par_1_58' title="bbox 205 4042 1778 4119">
     <span class='ocr_line' id='line_1_58' title="bbox 205 4042 1778 4119; baseline -0.003 -17"><span class='ocrx_word' id='word_1_373' title='bbox 205 4048 366 4119; x_wconf 88' lang='grc' dir='ltr'>σύνη,</span> <span class='ocrx_word' id='word_1_374' title='bbox 395 4046 724 4118; x_wconf 85' lang='grc' dir='ltr'>σκώμματα,</span> <span class='ocrx_word' id='word_1_375' title='bbox 744 4046 1087 4118; x_wconf 65' lang='grc' dir='ltr'>ψιθυρισμοί,</span> <span class='ocrx_word' id='word_1_376' title='bbox 1109 4043 1326 4117; x_wconf 89' lang='grc' dir='ltr'>πικρία,</span> <span class='ocrx_word' id='word_1_377' title='bbox 1351 4042 1512 4117; x_wconf 79' lang='grc' dir='ltr'>ὀργὴ,</span> <span class='ocrx_word' id='word_1_378' title='bbox 1539 4043 1778 4115; x_wconf 81' lang='grc' dir='ltr'>κραυγὴ,</span> 
     </span>
    </p>
   </div>
   <div class='ocr_carea' id='block_1_59' title="bbox 208 4122 1775 4210">
    <p class='ocr_par' dir='ltr' id='par_1_59' title="bbox 208 4122 1775 4210">
     <span class='ocr_line' id='line_1_59' title="bbox 208 4122 1775 4210; baseline -0.003 -19"><span class='ocrx_word' id='word_1_379' title='bbox 208 4137 569 4210; x_wconf 84' lang='grc' dir='ltr'>βλασφημίαι,</span> <span class='ocrx_word' id='word_1_380' title='bbox 620 4136 901 4207; x_wconf 90' lang='grc' dir='ltr'>φλυαρίαι,</span> <span class='ocrx_word' id='word_1_381' title='bbox 936 4134 1148 4201; x_wconf 70' lang='grc' dir='ltr'>κακίαι,</span> <span class='ocrx_word' id='word_1_382' title='bbox 1204 4122 1529 4207; x_wconf 82' lang='grc' dir='ltr'>ἐφευρήσεις</span> <span class='ocrx_word' id='word_1_383' title='bbox 1562 4133 1775 4200; x_wconf 85' lang='grc' dir='ltr'>κακῶν,</span> 
     </span>
    </p>
   </div>
   <div class='ocr_carea' id='block_1_60' title="bbox 202 4224 1769 4297">
    <p class='ocr_par' dir='ltr' id='par_1_60' title="bbox 202 4224 1769 4297">
     <span class='ocr_line' id='line_1_60' title="bbox 202 4224 1769 4297; baseline -0.001 -18"><span class='ocrx_word' id='word_1_384' title='bbox 202 4227 503 4297; x_wconf 80' lang='grc' dir='ltr'>ἐπιορκίαι,</span> <span class='ocrx_word' id='word_1_385' title='bbox 561 4226 901 4294; x_wconf 82' lang='grc' dir='ltr'>πολυλογίαι,</span> <span class='ocrx_word' id='word_1_386' title='bbox 955 4224 1327 4294; x_wconf 87' lang='grc' dir='ltr'>πλοκολογίαι,</span> <span class='ocrx_word' id='word_1_387' title='bbox 1401 4224 1769 4295; x_wconf 83' lang='grc' dir='ltr'>βαττολογίαι,</span> 
     </span>
    </p>
   </div>
   <div class='ocr_carea' id='block_1_61' title="bbox 206 4317 1775 4391">
    <p class='ocr_par' dir='ltr' id='par_1_61' title="bbox 206 4317 1775 4391">
     <span class='ocr_line' id='line_1_61' title="bbox 206 4317 1775 4391; baseline -0.002 -19"><span class='ocrx_word' id='word_1_388' title='bbox 206 4320 520 4391; x_wconf 69' lang='grc' dir='ltr'>μοχθισμοὶ,</span> <span class='ocrx_word' id='word_1_389' title='bbox 544 4318 849 4389; x_wconf 72' lang='grc' dir='ltr'>βαναυσίαι,</span> <span class='ocrx_word' id='word_1_390' title='bbox 879 4317 1331 4389; x_wconf 73' lang='grc' dir='ltr'>διαπαρατριϐαὶ,</span> <span class='ocrx_word' id='word_1_391' title='bbox 1382 4317 1775 4388; x_wconf 84' lang='grc' dir='ltr'>προσκλήσεις,</span> 
     </span>
    </p>
   </div>
   <div class='ocr_carea' id='block_1_62' title="bbox 204 4407 1775 4481">
    <p class='ocr_par' dir='ltr' id='par_1_62' title="bbox 204 4407 1775 4481">
     <span class='ocr_line' id='line_1_62' title="bbox 204 4407 1775 4481; baseline 0 -18"><span class='ocrx_word' id='word_1_392' title='bbox 204 4413 487 4481; x_wconf 85' lang='grc' dir='ltr'>βλακεῖαι,</span> <span class='ocrx_word' id='word_1_393' title='bbox 518 4410 707 4479; x_wconf 86' lang='grc' dir='ltr'>τύφος,</span> <span class='ocrx_word' id='word_1_394' title='bbox 740 4407 1037 4479; x_wconf 82' lang='grc' dir='ltr'>φυσιώσεις</span> <span class='ocrx_word' id='word_1_395' title='bbox 1065 4409 1275 4478; x_wconf 80' lang='grc' dir='ltr'>γένους,</span> <span class='ocrx_word' id='word_1_396' title='bbox 1310 4408 1544 4481; x_wconf 82' lang='grc' dir='ltr'>μορφῆς,</span> <span class='ocrx_word' id='word_1_397' title='bbox 1569 4408 1775 4480; x_wconf 85' lang='grc' dir='ltr'>χώρας,</span> 
     </span>
    </p>
   </div>
   <div class='ocr_carea' id='block_1_63' title="bbox 1885 1938 3460 2014">
    <p class='ocr_par' dir='ltr' id='par_1_63' title="bbox 1885 1938 3460 2014">
     <span class='ocr_line' id='line_1_63' title="bbox 1885 1938 3460 2014; baseline -0.004 -17"><span class='ocrx_word' id='word_1_398' title='bbox 1885 1960 2009 2014; x_wconf 74' lang='lat' dir='ltr'><strong>qua:</strong></span> <span class='ocrx_word' id='word_1_399' title='bbox 2041 1958 2137 2011; x_wconf 87' lang='lat' dir='ltr'><strong>spe</strong></span> <span class='ocrx_word' id='word_1_400' title='bbox 2166 1950 2585 2011; x_wconf 70' lang='lat' dir='ltr'><strong>przecerpserat,</strong></span> <span class='ocrx_word' id='word_1_401' title='bbox 2628 1956 2772 1994; x_wconf 91' lang='lat' dir='ltr'><strong>unus</strong></span> <span class='ocrx_word' id='word_1_402' title='bbox 2806 1939 3008 2009; x_wconf 90' lang='lat' dir='ltr'><strong>aliquis</strong></span> <span class='ocrx_word' id='word_1_403' title='bbox 3042 1938 3178 1993; x_wconf 86' lang='lat' dir='ltr'><strong>citra</strong></span> <span class='ocrx_word' id='word_1_404' title='bbox 3213 1939 3460 1992; x_wconf 85' lang='lat' dir='ltr'><strong>omnium</strong></span> 
     </span>
    </p>
   </div>
   <div class='ocr_carea' id='block_1_64' title="bbox 1885 2030 3462 2107">
    <p class='ocr_par' dir='ltr' id='par_1_64' title="bbox 1885 2030 3462 2107">
     <span class='ocr_line' id='line_1_64' title="bbox 1885 2030 3462 2107; baseline -0.005 -15"><span class='ocrx_word' id='word_1_405' title='bbox 1885 2036 2257 2107; x_wconf 88' lang='lat' dir='ltr'><strong>suspicionem</strong></span> <span class='ocrx_word' id='word_1_406' title='bbox 2339 2050 2439 2105; x_wconf 91' lang='lat' dir='ltr'><strong>pro</strong></span> <span class='ocrx_word' id='word_1_407' title='bbox 2513 2034 2608 2089; x_wconf 91' lang='lat' dir='ltr'><strong>illo</strong></span> <span class='ocrx_word' id='word_1_408' title='bbox 2664 2033 2991 2103; x_wconf 86' lang='lat' dir='ltr'><strong>plerumque</strong></span> <span class='ocrx_word' id='word_1_409' title='bbox 3056 2030 3307 2086; x_wconf 86' lang='lat' dir='ltr'><strong>diadema</strong></span> <span class='ocrx_word' id='word_1_410' title='bbox 3383 2040 3462 2085; x_wconf 92' lang='lat' dir='ltr'><strong>tu-</strong></span> 
     </span>
    </p>
   </div>
   <div class='ocr_carea' id='block_1_65' title="bbox 1885 2123 3464 2197">
    <p class='ocr_par' dir='ltr' id='par_1_65' title="bbox 1885 2123 3464 2197">
     <span class='ocr_line' id='line_1_65' title="bbox 1885 2123 3464 2197; baseline -0.004 -14"><span class='ocrx_word' id='word_1_411' title='bbox 1885 2130 1971 2184; x_wconf 89' lang='lat' dir='ltr'><strong>lit.</strong></span> <span class='ocrx_word' id='word_1_412' title='bbox 2027 2128 2244 2195; x_wconf 85' lang='lat' dir='ltr'><strong>Quanto</strong></span> <span class='ocrx_word' id='word_1_413' title='bbox 2293 2141 2464 2197; x_wconf 89' lang='lat' dir='ltr'><strong>agone</strong></span> <span class='ocrx_word' id='word_1_414' title='bbox 2516 2140 2676 2195; x_wconf 84' lang='lat' dir='ltr'><strong>opus,</strong></span> <span class='ocrx_word' id='word_1_415' title='bbox 2717 2138 2827 2194; x_wconf 91' lang='lat' dir='ltr'><strong>quo</strong></span> <span class='ocrx_word' id='word_1_416' title='bbox 2877 2123 3097 2188; x_wconf 84' lang='lat' dir='ltr'><strong>studio,</strong></span> <span class='ocrx_word' id='word_1_417' title='bbox 3151 2139 3314 2193; x_wconf 90' lang='lat' dir='ltr'><strong>quam</strong></span> <span class='ocrx_word' id='word_1_418' title='bbox 3368 2139 3464 2177; x_wconf 85' lang='lat' dir='ltr'><strong>ex-</strong></span> 
     </span>
    </p>
   </div>
   <div class='ocr_carea' id='block_1_66' title="bbox 1886 2214 3461 2293">
    <p class='ocr_par' dir='ltr' id='par_1_66' title="bbox 1886 2214 3461 2293">
     <span class='ocr_line' id='line_1_66' title="bbox 1886 2214 3461 2293; baseline -0.004 -18"><span class='ocrx_word' id='word_1_419' title='bbox 1886 2230 2138 2293; x_wconf 85' lang='lat' dir='ltr'><strong>prompta</strong></span> <span class='ocrx_word' id='word_1_420' title='bbox 2186 2218 2355 2273; x_wconf 91' lang='lat' dir='ltr'><strong>animi</strong></span> <span class='ocrx_word' id='word_1_421' title='bbox 2413 2217 2717 2279; x_wconf 88' lang='lat' dir='ltr'><strong>alacritate,</strong></span> <span class='ocrx_word' id='word_1_422' title='bbox 2772 2214 2973 2285; x_wconf 90' lang='lat' dir='ltr'><strong>quibus</strong></span> <span class='ocrx_word' id='word_1_423' title='bbox 3022 2214 3259 2287; x_wconf 87' lang='lat' dir='ltr'><strong>vigiliis,</strong></span> <span class='ocrx_word' id='word_1_424' title='bbox 3306 2214 3461 2269; x_wconf 86' lang='lat' dir='ltr'><strong>solli-</strong></span> 
     </span>
    </p>
   </div>
   <div class='ocr_carea' id='block_1_67' title="bbox 1887 2307 3460 2381">
    <p class='ocr_par' dir='ltr' id='par_1_67' title="bbox 1887 2307 3460 2381">
     <span class='ocr_line' id='line_1_67' title="bbox 1887 2307 3460 2381; baseline -0.004 -13"><span class='ocrx_word' id='word_1_425' title='bbox 1887 2312 2251 2373; x_wconf 89' lang='lat' dir='ltr'><strong>citudinibus,</strong></span> <span class='ocrx_word' id='word_1_426' title='bbox 2282 2310 2568 2381; x_wconf 88' lang='lat' dir='ltr'><strong>periculis,</strong></span> <span class='ocrx_word' id='word_1_427' title='bbox 2622 2308 3091 2371; x_wconf 88' lang='lat' dir='ltr'><strong>tribulationibus,</strong></span> <span class='ocrx_word' id='word_1_428' title='bbox 3145 2307 3460 2362; x_wconf 81' lang='lat' dir='ltr'><strong>tentationi-</strong></span> 
     </span>
    </p>
   </div>
   <div class='ocr_carea' id='block_1_68' title="bbox 1888 2397 3457 2472">
    <p class='ocr_par' dir='ltr' id='par_1_68' title="bbox 1888 2397 3457 2472">
     <span class='ocr_line' id='line_1_68' title="bbox 1888 2397 3457 2472; baseline -0.004 -14"><span class='ocrx_word' id='word_1_429' title='bbox 1888 2404 1992 2459; x_wconf 90' lang='lat' dir='ltr'><strong>bus</strong></span> <span class='ocrx_word' id='word_1_430' title='bbox 2016 2403 2235 2459; x_wconf 89' lang='lat' dir='ltr'><strong>arcanis</strong></span> <span class='ocrx_word' id='word_1_431' title='bbox 2255 2402 2477 2472; x_wconf 88' lang='lat' dir='ltr'><strong>quidem</strong></span> <span class='ocrx_word' id='word_1_432' title='bbox 2500 2410 2556 2456; x_wconf 90' lang='lat' dir='ltr'><strong>et</strong></span> <span class='ocrx_word' id='word_1_433' title='bbox 2583 2400 2674 2455; x_wconf 88' lang='lat' dir='ltr'><strong>vix</strong></span> <span class='ocrx_word' id='word_1_434' title='bbox 2710 2398 2807 2453; x_wconf 90' lang='lat' dir='ltr'><strong>ulli</strong></span> <span class='ocrx_word' id='word_1_435' title='bbox 2839 2398 3139 2467; x_wconf 91' lang='lat' dir='ltr'><strong>compertis</strong></span> <span class='ocrx_word' id='word_1_436' title='bbox 3166 2397 3457 2461; x_wconf 62' lang='lat' dir='ltr'><strong>aerumnis;</strong></span> 
     </span>
    </p>
   </div>
   <div class='ocr_carea' id='block_1_69' title="bbox 1890 2488 3462 2564">
    <p class='ocr_par' dir='ltr' id='par_1_69' title="bbox 1890 2488 3462 2564">
     <span class='ocr_line' id='line_1_69' title="bbox 1890 2488 3462 2564; baseline -0.004 -17"><span class='ocrx_word' id='word_1_437' title='bbox 1890 2494 2001 2549; x_wconf 91' lang='lat' dir='ltr'><strong>imo</strong></span> <span class='ocrx_word' id='word_1_438' title='bbox 2057 2503 2115 2550; x_wconf 86' lang='lat' dir='ltr'><strong>et</strong></span> <span class='ocrx_word' id='word_1_439' title='bbox 2173 2499 2307 2564; x_wconf 80' lang='lat' dir='ltr'><strong>quot</strong></span> <span class='ocrx_word' id='word_1_440' title='bbox 2373 2490 2565 2546; x_wconf 89' lang='lat' dir='ltr'><strong>mortis</strong></span> <span class='ocrx_word' id='word_1_441' title='bbox 2625 2489 2841 2560; x_wconf 88' lang='lat' dir='ltr'><strong>species</strong></span> <span class='ocrx_word' id='word_1_442' title='bbox 2909 2488 3175 2543; x_wconf 66' lang='lat' dir='ltr'><strong>adeundae</strong></span> <span class='ocrx_word' id='word_1_443' title='bbox 3232 2488 3462 2543; x_wconf 85' lang='lat' dir='ltr'><strong>veniunt</strong></span> 
     </span>
    </p>
   </div>
   <div class='ocr_carea' id='block_1_70' title="bbox 1886 2580 3461 2673">
    <p class='ocr_par' dir='ltr' id='par_1_70' title="bbox 1886 2580 3461 2673">
     <span class='ocr_line' id='line_1_70' title="bbox 1886 2580 3461 2673; baseline -0.003 -33"><span class='ocrx_word' id='word_1_444' title='bbox 1886 2586 1936 2641; x_wconf 92' lang='lat' dir='ltr'><strong>ei</strong></span> <span class='ocrx_word' id='word_1_445' title='bbox 2005 2585 2101 2656; x_wconf 88' lang='lat' dir='ltr'><strong>qui</strong></span> <span class='ocrx_word' id='word_1_446' title='bbox 2162 2601 2287 2640; x_wconf 90' lang='lat' dir='ltr'><strong>cum</strong></span> <span class='ocrx_word' id='word_1_447' title='bbox 2345 2584 2569 2639; x_wconf 88' lang='lat' dir='ltr'><strong>Christo</strong></span> <span class='ocrx_word' id='word_1_448' title='bbox 2619 2589 2921 2673; x_wconf 53' lang='lat' dir='ltr'><strong>aeternum.</strong></span> <span class='ocrx_word' id='word_1_449' title='bbox 2947 2581 3099 2650; x_wconf 89' lang='lat' dir='ltr'><strong>cupit</strong></span> <span class='ocrx_word' id='word_1_450' title='bbox 3168 2580 3461 2652; x_wconf 83' lang='lat' dir='ltr'><strong>regnare?</strong></span> 
     </span>
    </p>
   </div>
   <div class='ocr_carea' id='block_1_71' title="bbox 1887 2671 3453 2742">
    <p class='ocr_par' dir='ltr' id='par_1_71' title="bbox 1887 2671 3453 2742">
     <span class='ocr_line' id='line_1_71' title="bbox 1887 2671 3453 2742; baseline -0.005 -10"><span class='ocrx_word' id='word_1_451' title='bbox 1887 2676 1969 2732; x_wconf 89' lang='lat' dir='ltr'><strong>Ob</strong></span> <span class='ocrx_word' id='word_1_452' title='bbox 1999 2676 2104 2732; x_wconf 90' lang='lat' dir='ltr'><strong>hoc</strong></span> <span class='ocrx_word' id='word_1_453' title='bbox 2128 2691 2300 2730; x_wconf 88' lang='lat' dir='ltr'><strong>unum</strong></span> <span class='ocrx_word' id='word_1_454' title='bbox 2330 2674 2503 2728; x_wconf 81' lang='lat' dir='ltr'><strong>sancti</strong></span> <span class='ocrx_word' id='word_1_455' title='bbox 2534 2688 2727 2727; x_wconf 88' lang='lat' dir='ltr'><strong>omnes</strong></span> <span class='ocrx_word' id='word_1_456' title='bbox 2764 2671 2859 2742; x_wconf 91' lang='lat' dir='ltr'><strong>qui</strong></span> <span class='ocrx_word' id='word_1_457' title='bbox 2896 2671 3141 2725; x_wconf 82' lang='lat' dir='ltr'><strong>nostram</strong></span> <span class='ocrx_word' id='word_1_458' title='bbox 3175 2671 3316 2725; x_wconf 92' lang='lat' dir='ltr'><strong>hanc</strong></span> <span class='ocrx_word' id='word_1_459' title='bbox 3348 2686 3453 2724; x_wconf 82' lang='lat' dir='ltr'><strong>an-</strong></span> 
     </span>
    </p>
   </div>
   <div class='ocr_carea' id='block_1_72' title="bbox 1889 2759 3458 2829">
    <p class='ocr_par' dir='ltr' id='par_1_72' title="bbox 1889 2759 3458 2829">
     <span class='ocr_line' id='line_1_72' title="bbox 1889 2759 3458 2829; baseline -0.005 -9"><span class='ocrx_word' id='word_1_460' title='bbox 1889 2773 2234 2820; x_wconf 87' lang='lat' dir='ltr'><strong>teverterunt</strong></span> <span class='ocrx_word' id='word_1_461' title='bbox 2257 2771 2497 2824; x_wconf 65' lang='lat' dir='ltr'><strong>aetatem,</strong></span> <span class='ocrx_word' id='word_1_462' title='bbox 2527 2761 2657 2826; x_wconf 83' lang='lat' dir='ltr'><strong>viri,</strong></span> <span class='ocrx_word' id='word_1_463' title='bbox 2688 2762 2973 2824; x_wconf 87' lang='lat' dir='ltr'><strong>mulieres,</strong></span> <span class='ocrx_word' id='word_1_464' title='bbox 2999 2760 3111 2813; x_wconf 91' lang='lat' dir='ltr'><strong>imo</strong></span> <span class='ocrx_word' id='word_1_465' title='bbox 3134 2768 3189 2815; x_wconf 91' lang='lat' dir='ltr'><strong>et</strong></span> <span class='ocrx_word' id='word_1_466' title='bbox 3210 2760 3365 2829; x_wconf 89' lang='lat' dir='ltr'><strong>pueri</strong></span> <span class='ocrx_word' id='word_1_467' title='bbox 3391 2759 3458 2813; x_wconf 85' lang='lat' dir='ltr'><strong>ad</strong></span> 
     </span>
    </p>
   </div>
   <div class='ocr_carea' id='block_1_73' title="bbox 1889 2852 3459 2925">
    <p class='ocr_par' dir='ltr' id='par_1_73' title="bbox 1889 2852 3459 2925">
     <span class='ocr_line' id='line_1_73' title="bbox 1889 2852 3459 2925; baseline -0.004 -13"><span class='ocrx_word' id='word_1_468' title='bbox 1889 2867 2124 2912; x_wconf 90' lang='lat' dir='ltr'><strong>mortem</strong></span> <span class='ocrx_word' id='word_1_469' title='bbox 2178 2871 2353 2925; x_wconf 85' lang='lat' dir='ltr'><strong>usque</strong></span> <span class='ocrx_word' id='word_1_470' title='bbox 2411 2864 2637 2909; x_wconf 86' lang='lat' dir='ltr'><strong>strenue</strong></span> <span class='ocrx_word' id='word_1_471' title='bbox 2698 2852 3166 2907; x_wconf 83' lang='lat' dir='ltr'><strong>decertaverunt:</strong></span> <span class='ocrx_word' id='word_1_472' title='bbox 3200 2866 3313 2921; x_wconf 89' lang='lat' dir='ltr'><strong>quo</strong></span> <span class='ocrx_word' id='word_1_473' title='bbox 3372 2852 3459 2907; x_wconf 86' lang='lat' dir='ltr'><strong>vel</strong></span> 
     </span>
    </p>
   </div>
   <div class='ocr_carea' id='block_1_74' title="bbox 1889 2940 3458 3018">
    <p class='ocr_par' dir='ltr' id='par_1_74' title="bbox 1889 2940 3458 3018">
     <span class='ocr_line' id='line_1_74' title="bbox 1889 2940 3458 3018; baseline -0.005 -13"><span class='ocrx_word' id='word_1_474' title='bbox 1889 2950 2107 3005; x_wconf 87' lang='lat' dir='ltr'><strong>tandem</strong></span> <span class='ocrx_word' id='word_1_475' title='bbox 2170 2963 2341 3018; x_wconf 82' lang='lat' dir='ltr'><strong>regno</strong></span> <span class='ocrx_word' id='word_1_476' title='bbox 2383 2947 2806 3017; x_wconf 82' lang='lat' dir='ltr'><strong>perfruerentur</strong></span> <span class='ocrx_word' id='word_1_477' title='bbox 2860 2946 3153 3000; x_wconf 64' lang='lat' dir='ltr'><strong>caelorum.</strong></span> <span class='ocrx_word' id='word_1_478' title='bbox 3206 2940 3458 3015; x_wconf 75' lang='lat' dir='ltr'><strong>Regnum</strong></span> 
     </span>
    </p>
   </div>
   <div class='ocr_carea' id='block_1_75' title="bbox 1887 3035 3459 3112">
    <p class='ocr_par' dir='ltr' id='par_1_75' title="bbox 1887 3035 3459 3112">
     <span class='ocr_line' id='line_1_75' title="bbox 1887 3035 3459 3112; baseline -0.006 -15"><span class='ocrx_word' id='word_1_479' title='bbox 1887 3040 2167 3112; x_wconf 86' lang='lat' dir='ltr'><strong>siquidem</strong></span> <span class='ocrx_word' id='word_1_480' title='bbox 2198 3039 2425 3094; x_wconf 59' lang='lat' dir='ltr'><strong>caeleste</strong></span> <span class='ocrx_word' id='word_1_481' title='bbox 2457 3038 2566 3092; x_wconf 86' lang='lat' dir='ltr'><strong>vim</strong></span> <span class='ocrx_word' id='word_1_482' title='bbox 2599 3037 2823 3108; x_wconf 90' lang='lat' dir='ltr'><strong>patitur.</strong></span> <span class='ocrx_word' id='word_1_483' title='bbox 2850 3036 2992 3091; x_wconf 90' lang='lat' dir='ltr'><strong>Illud</strong></span> <span class='ocrx_word' id='word_1_484' title='bbox 3042 3036 3189 3091; x_wconf 92' lang='lat' dir='ltr'><strong>enim</strong></span> <span class='ocrx_word' id='word_1_485' title='bbox 3232 3035 3319 3105; x_wconf 92' lang='lat' dir='ltr'><strong>pie</strong></span> <span class='ocrx_word' id='word_1_486' title='bbox 3369 3051 3459 3088; x_wconf 92' lang='lat' dir='ltr'><strong>ra-</strong></span> 
     </span>
    </p>
   </div>
   <div class='ocr_carea' id='block_1_76' title="bbox 1889 3128 3459 3205">
    <p class='ocr_par' dir='ltr' id='par_1_76' title="bbox 1889 3128 3459 3205">
     <span class='ocr_line' id='line_1_76' title="bbox 1889 3128 3459 3205; baseline -0.004 -18"><span class='ocrx_word' id='word_1_487' title='bbox 1889 3134 2069 3205; x_wconf 90' lang='lat' dir='ltr'><strong>piunt,</strong></span> <span class='ocrx_word' id='word_1_488' title='bbox 2093 3133 2187 3202; x_wconf 91' lang='lat' dir='ltr'><strong>qui</strong></span> <span class='ocrx_word' id='word_1_489' title='bbox 2220 3132 2277 3186; x_wconf 88' lang='lat' dir='ltr'><strong>in</strong></span> <span class='ocrx_word' id='word_1_490' title='bbox 2306 3130 2566 3186; x_wconf 91' lang='lat' dir='ltr'><strong>omnibus</strong></span> <span class='ocrx_word' id='word_1_491' title='bbox 2590 3145 2748 3184; x_wconf 89' lang='lat' dir='ltr'><strong>suam</strong></span> <span class='ocrx_word' id='word_1_492' title='bbox 2783 3128 3025 3184; x_wconf 88' lang='lat' dir='ltr'><strong>indolem</strong></span> <span class='ocrx_word' id='word_1_493' title='bbox 3057 3128 3125 3183; x_wconf 84' lang='lat' dir='ltr'><strong>ad</strong></span> <span class='ocrx_word' id='word_1_494' title='bbox 3160 3128 3293 3183; x_wconf 89' lang='lat' dir='ltr'><strong>vitia</strong></span> <span class='ocrx_word' id='word_1_495' title='bbox 3328 3144 3459 3197; x_wconf 91' lang='lat' dir='ltr'><strong>pro-</strong></span> 
     </span>
    </p>
   </div>
   <div class='ocr_carea' id='block_1_77' title="bbox 1889 3220 3460 3295">
    <p class='ocr_par' dir='ltr' id='par_1_77' title="bbox 1889 3220 3460 3295">
     <span class='ocr_line' id='line_1_77' title="bbox 1889 3220 3460 3295; baseline -0.004 -15"><span class='ocrx_word' id='word_1_496' title='bbox 1889 3224 2220 3295; x_wconf 88' lang='lat' dir='ltr'><strong>pendentem</strong></span> <span class='ocrx_word' id='word_1_497' title='bbox 2274 3220 2499 3277; x_wconf 85' lang='lat' dir='ltr'><strong>student</strong></span> <span class='ocrx_word' id='word_1_498' title='bbox 2545 3221 2828 3285; x_wconf 90' lang='lat' dir='ltr'><strong>evincere,</strong></span> <span class='ocrx_word' id='word_1_499' title='bbox 2856 3220 2911 3276; x_wconf 88' lang='lat' dir='ltr'><strong>vi</strong></span> <span class='ocrx_word' id='word_1_500' title='bbox 2971 3221 3208 3289; x_wconf 89' lang='lat' dir='ltr'><strong>quadam</strong></span> <span class='ocrx_word' id='word_1_501' title='bbox 3257 3220 3460 3290; x_wconf 87' lang='lat' dir='ltr'><strong>injecta</strong></span> 
     </span>
    </p>
   </div>
   <div class='ocr_carea' id='block_1_78' title="bbox 1887 3308 3460 3381">
    <p class='ocr_par' dir='ltr' id='par_1_78' title="bbox 1887 3308 3460 3381">
     <span class='ocr_line' id='line_1_78' title="bbox 1887 3308 3460 3381; baseline -0.004 -13"><span class='ocrx_word' id='word_1_502' title='bbox 1887 3330 2001 3368; x_wconf 69' lang='lat' dir='ltr'><strong>suae</strong></span> <span class='ocrx_word' id='word_1_503' title='bbox 2035 3321 2268 3367; x_wconf 80' lang='lat' dir='ltr'><strong>naturae.</strong></span> <span class='ocrx_word' id='word_1_504' title='bbox 2301 3310 2563 3381; x_wconf 80' lang='lat' dir='ltr'><strong>Quisquis</strong></span> <span class='ocrx_word' id='word_1_505' title='bbox 2591 3326 2691 3381; x_wconf 89' lang='lat' dir='ltr'><strong>pro</strong></span> <span class='ocrx_word' id='word_1_506' title='bbox 2723 3310 2969 3366; x_wconf 70' lang='lat' dir='ltr'><strong>caelestis</strong></span> <span class='ocrx_word' id='word_1_507' title='bbox 3000 3308 3153 3380; x_wconf 84' lang='lat' dir='ltr'><strong>regni</strong></span> <span class='ocrx_word' id='word_1_508' title='bbox 3186 3324 3460 3364; x_wconf 86' lang='lat' dir='ltr'><strong>consecu-</strong></span> 
     </span>
    </p>
   </div>
   <div class='ocr_carea' id='block_1_79' title="bbox 1887 3397 3460 3471">
    <p class='ocr_par' dir='ltr' id='par_1_79' title="bbox 1887 3397 3460 3471">
     <span class='ocr_line' id='line_1_79' title="bbox 1887 3397 3460 3471; baseline -0.002 -17"><span class='ocrx_word' id='word_1_509' title='bbox 1887 3402 2038 3457; x_wconf 87' lang='lat' dir='ltr'><strong>tione</strong></span> <span class='ocrx_word' id='word_1_510' title='bbox 2071 3416 2129 3455; x_wconf 90' lang='lat' dir='ltr'><strong>se</strong></span> <span class='ocrx_word' id='word_1_511' title='bbox 2163 3416 2391 3471; x_wconf 92' lang='lat' dir='ltr'><strong>prorsus</strong></span> <span class='ocrx_word' id='word_1_512' title='bbox 2422 3399 2722 3463; x_wconf 89' lang='lat' dir='ltr'><strong>castravit,</strong></span> <span class='ocrx_word' id='word_1_513' title='bbox 2758 3408 2854 3453; x_wconf 89' lang='lat' dir='ltr'><strong>aut</strong></span> <span class='ocrx_word' id='word_1_514' title='bbox 2878 3397 3098 3453; x_wconf 68' lang='lat' dir='ltr'><strong>tuendae</strong></span> <span class='ocrx_word' id='word_1_515' title='bbox 3123 3397 3460 3469; x_wconf 82' lang='lat' dir='ltr'><strong>virginitatis</strong></span> 
     </span>
    </p>
   </div>
   <div class='ocr_carea' id='block_1_80' title="bbox 1883 3490 3460 3561">
    <p class='ocr_par' dir='ltr' id='par_1_80' title="bbox 1883 3490 3460 3561">
     <span class='ocr_line' id='line_1_80' title="bbox 1883 3490 3460 3561; baseline -0.004 -13"><span class='ocrx_word' id='word_1_516' title='bbox 1883 3493 2177 3561; x_wconf 79' lang='lat' dir='ltr'><strong>obstrinxit</strong></span> <span class='ocrx_word' id='word_1_517' title='bbox 2198 3491 2547 3557; x_wconf 83' lang='lat' dir='ltr'><strong>voto,modis</strong></span> <span class='ocrx_word' id='word_1_518' title='bbox 2579 3491 2841 3545; x_wconf 88' lang='lat' dir='ltr'><strong>omnibus</strong></span> <span class='ocrx_word' id='word_1_519' title='bbox 2871 3491 3049 3545; x_wconf 91' lang='lat' dir='ltr'><strong>adniti</strong></span> <span class='ocrx_word' id='word_1_520' title='bbox 3078 3490 3271 3554; x_wconf 85' lang='lat' dir='ltr'><strong>debet,</strong></span> <span class='ocrx_word' id='word_1_521' title='bbox 3310 3506 3367 3545; x_wconf 90' lang='lat' dir='ltr'><strong>se</strong></span> <span class='ocrx_word' id='word_1_522' title='bbox 3400 3501 3460 3543; x_wconf 89' lang='lat' dir='ltr'><strong>ut</strong></span> 
     </span>
    </p>
   </div>
   <div class='ocr_carea' id='block_1_81' title="bbox 1884 3580 3456 3656">
    <p class='ocr_par' dir='ltr' id='par_1_81' title="bbox 1884 3580 3456 3656">
     <span class='ocr_line' id='line_1_81' title="bbox 1884 3580 3456 3656; baseline -0.003 -17"><span class='ocrx_word' id='word_1_523' title='bbox 1884 3585 2109 3656; x_wconf 88' lang='lat' dir='ltr'><strong>dignum</strong></span> <span class='ocrx_word' id='word_1_524' title='bbox 2160 3600 2328 3655; x_wconf 86' lang='lat' dir='ltr'><strong>regno</strong></span> <span class='ocrx_word' id='word_1_525' title='bbox 2375 3582 2587 3655; x_wconf 62' lang='lat'><strong>1243</strong></span> <span class='ocrx_word' id='word_1_526' title='bbox 2618 3582 2895 3636; x_wconf 83' lang='lat' dir='ltr'><strong>exhibeat.</strong></span> <span class='ocrx_word' id='word_1_527' title='bbox 2946 3581 3135 3651; x_wconf 81' lang='lat' dir='ltr'><strong>Neque</strong></span> <span class='ocrx_word' id='word_1_528' title='bbox 3190 3582 3338 3636; x_wconf 91' lang='lat' dir='ltr'><strong>enim</strong></span> <span class='ocrx_word' id='word_1_529' title='bbox 3390 3580 3456 3635; x_wconf 90' lang='lat' dir='ltr'><strong>ad</strong></span> 
     </span>
    </p>
   </div>
   <div class='ocr_carea' id='block_1_82' title="bbox 1883 3671 3461 3745">
    <p class='ocr_par' dir='ltr' id='par_1_82' title="bbox 1883 3671 3461 3745">
     <span class='ocr_line' id='line_1_82' title="bbox 1883 3671 3461 3745; baseline -0.003 -15"><span class='ocrx_word' id='word_1_530' title='bbox 1883 3677 2107 3731; x_wconf 62' lang='lat' dir='ltr'><strong>caeleste</strong></span> <span class='ocrx_word' id='word_1_531' title='bbox 2130 3674 2265 3729; x_wconf 86' lang='lat' dir='ltr'><strong>illud</strong></span> <span class='ocrx_word' id='word_1_532' title='bbox 2298 3690 2525 3745; x_wconf 81' lang='lat' dir='ltr'><strong>regnum</strong></span> <span class='ocrx_word' id='word_1_533' title='bbox 2555 3672 2877 3743; x_wconf 78' lang='lat' dir='ltr'><strong>provehitur</strong></span> <span class='ocrx_word' id='word_1_534' title='bbox 2904 3673 3048 3743; x_wconf 87' lang='lat' dir='ltr'><strong>quis.</strong></span> <span class='ocrx_word' id='word_1_535' title='bbox 3074 3671 3461 3734; x_wconf 89' lang='lat' dir='ltr'><strong>sermone,ha-</strong></span> 
     </span>
    </p>
   </div>
   <div class='ocr_carea' id='block_1_83' title="bbox 1885 3763 3459 3839">
    <p class='ocr_par' dir='ltr' id='par_1_83' title="bbox 1885 3763 3459 3839">
     <span class='ocr_line' id='line_1_83' title="bbox 1885 3763 3459 3839; baseline -0.005 -14"><span class='ocrx_word' id='word_1_536' title='bbox 1885 3766 2026 3835; x_wconf 85' lang='lat' dir='ltr'><strong>bitu,</strong></span> <span class='ocrx_word' id='word_1_537' title='bbox 2074 3767 2368 3839; x_wconf 78' lang='lat' dir='ltr'><strong>splendore</strong></span> <span class='ocrx_word' id='word_1_538' title='bbox 2402 3766 2659 3831; x_wconf 88' lang='lat' dir='ltr'><strong>nominis,</strong></span> <span class='ocrx_word' id='word_1_539' title='bbox 2694 3766 2917 3839; x_wconf 87' lang='lat' dir='ltr'><strong>generis</strong></span> <span class='ocrx_word' id='word_1_540' title='bbox 2962 3763 3459 3829; x_wconf 78' lang='lat' dir='ltr'><strong>elarittldine,for-</strong></span> 
     </span>
    </p>
   </div>
   <div class='ocr_carea' id='block_1_84' title="bbox 1884 3856 3457 3935">
    <p class='ocr_par' dir='ltr' id='par_1_84' title="bbox 1884 3856 3457 3935">
     <span class='ocr_line' id='line_1_84' title="bbox 1884 3856 3457 3935; baseline -0.007 -15"><span class='ocrx_word' id='word_1_541' title='bbox 1884 3882 1987 3920; x_wconf 69' lang='lat' dir='ltr'><strong>ma:</strong></span> <span class='ocrx_word' id='word_1_542' title='bbox 2038 3865 2329 3935; x_wconf 86' lang='lat' dir='ltr'><strong>elegantia,</strong></span> <span class='ocrx_word' id='word_1_543' title='bbox 2368 3860 2692 3918; x_wconf 84' lang='lat' dir='ltr'><strong>fortitudine</strong></span> <span class='ocrx_word' id='word_1_544' title='bbox 2740 3859 3013 3930; x_wconf 88' lang='lat' dir='ltr'><strong>corporis,</strong></span> <span class='ocrx_word' id='word_1_545' title='bbox 3050 3868 3147 3913; x_wconf 90' lang='lat' dir='ltr'><strong>aut</strong></span> <span class='ocrx_word' id='word_1_546' title='bbox 3188 3856 3457 3928; x_wconf 79' lang='lat' dir='ltr'><strong>temporis</strong></span> 
     </span>
    </p>
   </div>
   <div class='ocr_carea' id='block_1_85' title="bbox 1885 3948 3455 4025">
    <p class='ocr_par' dir='ltr' id='par_1_85' title="bbox 1885 3948 3455 4025">
     <span class='ocr_line' id='line_1_85' title="bbox 1885 3948 3455 4025; baseline -0.004 -17"><span class='ocrx_word' id='word_1_547' title='bbox 1885 3953 2281 4025; x_wconf 88' lang='lat' dir='ltr'><strong>prolixitudine</strong></span> <span class='ocrx_word' id='word_1_548' title='bbox 2320 3970 2331 4005; x_wconf 93' lang='lat'><strong>:</strong></span> <span class='ocrx_word' id='word_1_549' title='bbox 2367 3952 2462 4007; x_wconf 86' lang='lat' dir='ltr'><strong>sed</strong></span> <span class='ocrx_word' id='word_1_550' title='bbox 2524 3951 2728 4005; x_wconf 86' lang='lat' dir='ltr'><strong>virtute</strong></span> <span class='ocrx_word' id='word_1_551' title='bbox 2780 3949 2926 4013; x_wconf 76' lang='lat' dir='ltr'><strong>fidei,</strong></span> <span class='ocrx_word' id='word_1_552' title='bbox 2951 3964 3119 4019; x_wconf 85' lang='lat' dir='ltr'><strong>opera</strong></span> <span class='ocrx_word' id='word_1_553' title='bbox 3159 3948 3265 4003; x_wconf 84' lang='lat' dir='ltr'><strong>ﬁde</strong></span> <span class='ocrx_word' id='word_1_554' title='bbox 3294 3948 3455 4017; x_wconf 78' lang='lat' dir='ltr'><strong>digna</strong></span> 
     </span>
    </p>
   </div>
   <div class='ocr_carea' id='block_1_86' title="bbox 1884 4042 3451 4118">
    <p class='ocr_par' dir='ltr' id='par_1_86' title="bbox 1884 4042 3451 4118">
     <span class='ocr_line' id='line_1_86' title="bbox 1884 4042 3451 4118; baseline -0.006 -14"><span class='ocrx_word' id='word_1_555' title='bbox 1884 4046 2354 4118; x_wconf 71' lang='lat' dir='ltr'><strong>reprrescntantis.</strong></span> <span class='ocrx_word' id='word_1_556' title='bbox 2387 4045 2530 4101; x_wconf 91' lang='lat' dir='ltr'><strong>Sane</strong></span> <span class='ocrx_word' id='word_1_557' title='bbox 2565 4044 2726 4099; x_wconf 82' lang='lat' dir='ltr'><strong>ﬁdem</strong></span> <span class='ocrx_word' id='word_1_558' title='bbox 2780 4044 3053 4115; x_wconf 84' lang='lat' dir='ltr'><strong>ejusmodi</strong></span> <span class='ocrx_word' id='word_1_559' title='bbox 3118 4042 3230 4097; x_wconf 91' lang='lat' dir='ltr'><strong>vim</strong></span> <span class='ocrx_word' id='word_1_560' title='bbox 3294 4058 3451 4098; x_wconf 88' lang='lat' dir='ltr'><strong>suam</strong></span> 
     </span>
    </p>
   </div>
   <div class='ocr_carea' id='block_1_87' title="bbox 1882 4133 3453 4208">
    <p class='ocr_par' dir='ltr' id='par_1_87' title="bbox 1882 4133 3453 4208">
     <span class='ocr_line' id='line_1_87' title="bbox 1882 4133 3453 4208; baseline -0.004 -15"><span class='ocrx_word' id='word_1_561' title='bbox 1882 4145 2224 4203; x_wconf 88' lang='lat' dir='ltr'><strong>exerentem,</strong></span> <span class='ocrx_word' id='word_1_562' title='bbox 2250 4137 2436 4208; x_wconf 86' lang='lat' dir='ltr'><strong>justus</strong></span> <span class='ocrx_word' id='word_1_563' title='bbox 2465 4134 2772 4190; x_wconf 85' lang='lat' dir='ltr'><strong>declarabit</strong></span> <span class='ocrx_word' id='word_1_564' title='bbox 2804 4135 3014 4189; x_wconf 82' lang='lat' dir='ltr'><strong>eﬂlcaci</strong></span> <span class='ocrx_word' id='word_1_565' title='bbox 3040 4141 3096 4189; x_wconf 89' lang='lat' dir='ltr'><strong>et</strong></span> <span class='ocrx_word' id='word_1_566' title='bbox 3134 4133 3453 4203; x_wconf 88' lang='lat' dir='ltr'><strong>operatoria</strong></span> 
     </span>
    </p>
   </div>
   <div class='ocr_carea' id='block_1_88' title="bbox 1883 4225 3450 4301">
    <p class='ocr_par' dir='ltr' id='par_1_88' title="bbox 1883 4225 3450 4301">
     <span class='ocr_line' id='line_1_88' title="bbox 1883 4225 3450 4301; baseline -0.005 -15"><span class='ocrx_word' id='word_1_567' title='bbox 1883 4230 2202 4301; x_wconf 88' lang='lat' dir='ltr'><strong>impletione</strong></span> <span class='ocrx_word' id='word_1_568' title='bbox 2279 4227 2664 4283; x_wconf 89' lang='lat' dir='ltr'><strong>mandatorum</strong></span> <span class='ocrx_word' id='word_1_569' title='bbox 2748 4225 2978 4283; x_wconf 85' lang='lat' dir='ltr'><strong>Christi.</strong></span> <span class='ocrx_word' id='word_1_570' title='bbox 3044 4225 3450 4281; x_wconf 78' lang='lat' dir='ltr'><strong>Abstinendum</strong></span> 
     </span>
    </p>
   </div>
   <div class='ocr_carea' id='block_1_89' title="bbox 1881 4315 3454 4396">
    <p class='ocr_par' dir='ltr' id='par_1_89' title="bbox 1881 4315 3454 4396">
     <span class='ocr_line' id='line_1_89' title="bbox 1881 4315 3454 4396; baseline -0.005 -19"><span class='ocrx_word' id='word_1_571' title='bbox 1881 4321 2114 4396; x_wconf 86' lang='lat' dir='ltr'><strong>proinde</strong></span> <span class='ocrx_word' id='word_1_572' title='bbox 2131 4331 2218 4376; x_wconf 87' lang='lat' dir='ltr'><strong>est</strong></span> <span class='ocrx_word' id='word_1_573' title='bbox 2244 4320 2314 4375; x_wconf 89' lang='lat' dir='ltr'><strong>ab</strong></span> <span class='ocrx_word' id='word_1_574' title='bbox 2335 4319 2593 4374; x_wconf 90' lang='lat' dir='ltr'><strong>omnibus</strong></span> <span class='ocrx_word' id='word_1_575' title='bbox 2623 4334 2745 4389; x_wconf 75' lang='lat' dir='ltr'><strong>qua:</strong></span> <span class='ocrx_word' id='word_1_576' title='bbox 2778 4317 3052 4372; x_wconf 88' lang='lat' dir='ltr'><strong>mandatis</strong></span> <span class='ocrx_word' id='word_1_577' title='bbox 3081 4332 3147 4371; x_wconf 90' lang='lat' dir='ltr'><strong>ex</strong></span> <span class='ocrx_word' id='word_1_578' title='bbox 3174 4315 3454 4372; x_wconf 80' lang='lat' dir='ltr'><strong>contrario</strong></span> 
     </span>
    </p>
   </div>
   <div class='ocr_carea' id='block_1_90' title="bbox 1880 4406 3458 4475">
    <p class='ocr_par' dir='ltr' id='par_1_90' title="bbox 1880 4406 3458 4475">
     <span class='ocr_line' id='line_1_90' title="bbox 1880 4406 3458 4475; baseline -0.003 -7"><span class='ocrx_word' id='word_1_579' title='bbox 1880 4414 2239 4468; x_wconf 89' lang='lat' dir='ltr'><strong>obluctantur</strong></span> <span class='ocrx_word' id='word_1_580' title='bbox 2271 4428 2285 4465; x_wconf 89' lang='lat'><strong>:</strong></span> <span class='ocrx_word' id='word_1_581' title='bbox 2316 4411 2423 4465; x_wconf 88' lang='lat' dir='ltr'><strong>hoc</strong></span> <span class='ocrx_word' id='word_1_582' title='bbox 2451 4416 2537 4465; x_wconf 85' lang='lat' dir='ltr'><strong>est</strong></span> <span class='ocrx_word' id='word_1_583' title='bbox 2557 4451 2572 4475; x_wconf 91' lang='lat'><strong>,</strong></span> <span class='ocrx_word' id='word_1_584' title='bbox 2600 4426 2628 4463; x_wconf 90' lang='lat' dir='ltr'><strong>a</strong></span> <span class='ocrx_word' id='word_1_585' title='bbox 2647 4408 2966 4463; x_wconf 87' lang='lat' dir='ltr'><strong>carnalibus</strong></span> <span class='ocrx_word' id='word_1_586' title='bbox 2996 4407 3171 4471; x_wconf 84' lang='lat' dir='ltr'><strong>vitiis,</strong></span> <span class='ocrx_word' id='word_1_587' title='bbox 3196 4406 3458 4463; x_wconf 84' lang='lat' dir='ltr'><strong>videlicet</strong></span> 
     </span>
    </p>
   </div>
   <div class='ocr_carea' id='block_1_91' title="bbox 200 4496 1795 4578">
    <p class='ocr_par' dir='ltr' id='par_1_91' title="bbox 200 4500 1779 4574">
     <span class='ocr_line' id='line_1_91' title="bbox 200 4500 1779 4574; baseline -0.002 -16"><span class='ocrx_word' id='word_1_588' title='bbox 200 4503 460 4570; x_wconf 84' lang='grc' dir='ltr'>πλούτου,</span> <span class='ocrx_word' id='word_1_589' title='bbox 474 4502 724 4574; x_wconf 81' lang='grc' dir='ltr'>ἀνδρείας</span> <span class='ocrx_word' id='word_1_590' title='bbox 747 4503 1034 4574; x_wconf 76' lang='grc' dir='ltr'>σαρκικῆς,</span> <span class='ocrx_word' id='word_1_591' title='bbox 1047 4501 1225 4571; x_wconf 90' lang='grc' dir='ltr'>λόγου·</span> <span class='ocrx_word' id='word_1_592' title='bbox 1246 4503 1270 4555; x_wconf 91' lang='grc' dir='ltr'><strong>ἐ</strong></span> <span class='ocrx_word' id='word_1_593' title='bbox 1278 4502 1455 4573; x_wconf 81' lang='grc' dir='ltr'>ριθεία</span> <span class='ocrx_word' id='word_1_594' title='bbox 1474 4503 1612 4572; x_wconf 86' lang='grc' dir='ltr'><strong>μετά</strong></span> <span class='ocrx_word' id='word_1_595' title='bbox 1628 4500 1779 4569; x_wconf 89' lang='grc' dir='ltr'>φιλο-</span> 
     </span>
    </p>
   </div>
   <div class='ocr_carea' id='block_1_92' title="bbox 1885 4496 3455 4578">
    <p class='ocr_par' dir='ltr' id='par_1_92' title="bbox 1885 4496 3455 4572">
     <span class='ocr_line' id='line_1_92' title="bbox 1885 4496 3455 4572; baseline -0.006 -13"><span class='ocrx_word' id='word_1_596' title='bbox 1885 4503 2213 4559; x_wconf 90' lang='lat' dir='ltr'><strong>adiabolica</strong></span> <span class='ocrx_word' id='word_1_597' title='bbox 2268 4501 2420 4557; x_wconf 90' lang='lat' dir='ltr'><strong>omni</strong></span> <span class='ocrx_word' id='word_1_598' title='bbox 2470 4500 2768 4572; x_wconf 88' lang='lat' dir='ltr'><strong>prudentia</strong></span> <span class='ocrx_word' id='word_1_599' title='bbox 2815 4499 2880 4553; x_wconf 91' lang='lat' dir='ltr'><strong>ad</strong></span> <span class='ocrx_word' id='word_1_600' title='bbox 2917 4514 3080 4569; x_wconf 91' lang='lat' dir='ltr'><strong>quam</strong></span> <span class='ocrx_word' id='word_1_601' title='bbox 3134 4496 3455 4553; x_wconf 82' lang='lat' dir='ltr'><strong>referuntur</strong></span> 
     </span>
    </p>
   </div>
   <div class='ocr_carea' id='block_1_93' title="bbox 202 4592 1775 4668">
    <p class='ocr_par' dir='ltr' id='par_1_93' title="bbox 202 4592 1775 4668">
     <span class='ocr_line' id='line_1_93' title="bbox 202 4592 1775 4668; baseline -0.004 -16"><span class='ocrx_word' id='word_1_602' title='bbox 202 4598 435 4662; x_wconf 88' lang='grc' dir='ltr'>νεικίας,</span> <span class='ocrx_word' id='word_1_603' title='bbox 465 4600 641 4668; x_wconf 88' lang='grc' dir='ltr'>μῖσος,</span> <span class='ocrx_word' id='word_1_604' title='bbox 673 4596 1031 4666; x_wconf 81' lang='grc' dir='ltr'>μνησικακία,</span> <span class='ocrx_word' id='word_1_605' title='bbox 1059 4593 1308 4664; x_wconf 79' lang='grc' dir='ltr'>ὀξυχολία</span> <span class='ocrx_word' id='word_1_606' title='bbox 1330 4633 1346 4657; x_wconf 94' lang='grc'><strong>,</strong></span> <span class='ocrx_word' id='word_1_607' title='bbox 1392 4592 1572 4664; x_wconf 79' lang='grc' dir='ltr'>μῆνις,</span> <span class='ocrx_word' id='word_1_608' title='bbox 1604 4592 1775 4656; x_wconf 88' lang='grc' dir='ltr'>δόλος,</span> 
     </span>
    </p>
   </div>
   <div class='ocr_carea' id='block_1_94' title="bbox 201 4683 1779 4758">
    <p class='ocr_par' dir='ltr' id='par_1_94' title="bbox 201 4683 1779 4758">
     <span class='ocr_line' id='line_1_94' title="bbox 201 4683 1779 4758; baseline -0.003 -17"><span class='ocrx_word' id='word_1_609' title='bbox 201 4687 579 4751; x_wconf 86' lang='grc' dir='ltr'>ἀνταπόδοσις,</span> <span class='ocrx_word' id='word_1_610' title='bbox 625 4684 1058 4758; x_wconf 86' lang='grc' dir='ltr'>γαστριμαργία,</span> <span class='ocrx_word' id='word_1_611' title='bbox 1132 4685 1445 4754; x_wconf 86' lang='grc' dir='ltr'>ἀπληστία,</span> <span class='ocrx_word' id='word_1_612' title='bbox 1496 4683 1779 4749; x_wconf 77' lang='grc' dir='ltr'>πλεονεξία</span> 
     </span>
    </p>
   </div>
   <div class='ocr_carea' id='block_1_95' title="bbox 197 4772 1777 4850">
    <p class='ocr_par' dir='ltr' id='par_1_95' title="bbox 197 4772 1777 4850">
     <span class='ocr_line' id='line_1_95' title="bbox 197 4772 1777 4850; baseline -0.004 -18"><span class='ocrx_word' id='word_1_613' title='bbox 197 4779 324 4850; x_wconf 75' lang='grc' dir='ltr'>ἥτις</span> <span class='ocrx_word' id='word_1_614' title='bbox 347 4779 491 4833; x_wconf 70' lang='grc' dir='ltr'>ἐστὶν</span> <span class='ocrx_word' id='word_1_615' title='bbox 517 4776 926 4847; x_wconf 81' lang='grc' dir='ltr'>είδωλολατρεία</span> <span class='ocrx_word' id='word_1_616' title='bbox 942 4790 957 4805; x_wconf 74' lang='grc'><strong><em>⁸</em></strong></span> <span class='ocrx_word' id='word_1_617' title='bbox 982 4774 1385 4846; x_wconf 82' lang='grc' dir='ltr'>φιλαργυρία,ή</span> <span class='ocrx_word' id='word_1_618' title='bbox 1414 4772 1537 4846; x_wconf 77' lang='grc' dir='ltr'>ῥίζα</span> <span class='ocrx_word' id='word_1_619' title='bbox 1559 4774 1777 4829; x_wconf 83' lang='grc' dir='ltr'>πάντων</span> 
     </span>
    </p>
   </div>
   <div class='ocr_carea' id='block_1_96' title="bbox 199 4864 1779 4939">
    <p class='ocr_par' dir='ltr' id='par_1_96' title="bbox 199 4864 1779 4939">
     <span class='ocr_line' id='line_1_96' title="bbox 199 4864 1779 4939; baseline -0.004 -14"><span class='ocrx_word' id='word_1_620' title='bbox 199 4870 312 4925; x_wconf 86' lang='grc' dir='ltr'><strong>τῶν</strong></span> <span class='ocrx_word' id='word_1_621' title='bbox 342 4869 549 4933; x_wconf 88' lang='grc' dir='ltr'>κακῶν,</span> <span class='ocrx_word' id='word_1_622' title='bbox 586 4866 934 4939; x_wconf 88' lang='grc' dir='ltr'>φιλοκοσμία,</span> <span class='ocrx_word' id='word_1_623' title='bbox 965 4864 1258 4929; x_wconf 83' lang='grc' dir='ltr'>κενοδοξία,</span> <span class='ocrx_word' id='word_1_624' title='bbox 1292 4864 1575 4935; x_wconf 84' lang='grc' dir='ltr'>φιλαρχία,</span> <span class='ocrx_word' id='word_1_625' title='bbox 1610 4865 1779 4919; x_wconf 86' lang='grc' dir='ltr'>αὐθά-</span> 
     </span>
    </p>
   </div>
   <div class='ocr_carea' id='block_1_97' title="bbox 199 4952 1770 5031">
    <p class='ocr_par' dir='ltr' id='par_1_97' title="bbox 199 4952 1770 5031">
     <span class='ocr_line' id='line_1_97' title="bbox 199 4952 1770 5031; baseline -0.006 -16"><span class='ocrx_word' id='word_1_626' title='bbox 199 4964 342 5027; x_wconf 89' lang='grc' dir='ltr'>δεια,</span> <span class='ocrx_word' id='word_1_627' title='bbox 395 4959 693 5031; x_wconf 88' lang='grc' dir='ltr'>θρασύτης,</span> <span class='ocrx_word' id='word_1_628' title='bbox 750 4956 1031 5022; x_wconf 76' lang='grc' dir='ltr'>ἀλαζονία,</span> <span class='ocrx_word' id='word_1_629' title='bbox 1097 4952 1132 5028; x_wconf 78' lang='grc' dir='ltr'><strong>ἥ</strong></span> <span class='ocrx_word' id='word_1_630' title='bbox 1186 4955 1431 5009; x_wconf 81' lang='grc' dir='ltr'>καλεῖται</span> <span class='ocrx_word' id='word_1_631' title='bbox 1484 4956 1770 5028; x_wconf 84' lang='grc' dir='ltr'>λοιμότης·</span> 
     </span>
    </p>
   </div>
   <div class='ocr_carea' id='block_1_98' title="bbox 202 5043 1775 5125">
    <p class='ocr_par' dir='ltr' id='par_1_98' title="bbox 202 5043 1775 5125">
     <span class='ocr_line' id='line_1_98' title="bbox 202 5043 1775 5125; baseline -0.003 -19"><span class='ocrx_word' id='word_1_632' title='bbox 202 5052 577 5122; x_wconf 80' lang='grc' dir='ltr'>ὑπερηφανία,</span> <span class='ocrx_word' id='word_1_633' title='bbox 610 5043 696 5125; x_wconf 74' lang='grc' dir='ltr'>ᾗό</span> <span class='ocrx_word' id='word_1_634' title='bbox 716 5050 849 5112; x_wconf 81' lang='grc' dir='ltr'>Θεὸς</span> <span class='ocrx_word' id='word_1_635' title='bbox 895 5048 1298 5103; x_wconf 77' lang='grc' dir='ltr'>ἀντιτάσσεται.</span> <span class='ocrx_word' id='word_1_636' title='bbox 1332 5046 1539 5110; x_wconf 79' lang='grc' dir='ltr'>Ταῦτα,</span> <span class='ocrx_word' id='word_1_637' title='bbox 1564 5048 1658 5102; x_wconf 61' lang='grc' dir='ltr'><strong>καὶ¹</strong></span> <span class='ocrx_word' id='word_1_638' title='bbox 1705 5050 1775 5101; x_wconf 86' lang='grc' dir='ltr'><strong>τά</strong></span> 
     </span>
    </p>
   </div>
   <div class='ocr_carea' id='block_1_99' title="bbox 197 5138 1773 5213">
    <p class='ocr_par' dir='ltr' id='par_1_99' title="bbox 197 5138 1773 5213">
     <span class='ocr_line' id='line_1_99' title="bbox 197 5138 1773 5213; baseline -0.004 -14"><span class='ocrx_word' id='word_1_639' title='bbox 197 5144 409 5208; x_wconf 85' lang='grc' dir='ltr'>τούτοις</span> <span class='ocrx_word' id='word_1_640' title='bbox 436 5145 600 5213; x_wconf 81' lang='grc' dir='ltr'>ὅμοια</span> <span class='ocrx_word' id='word_1_641' title='bbox 624 5144 773 5206; x_wconf 86' lang='grc' dir='ltr'>ὅστις</span> <span class='ocrx_word' id='word_1_642' title='bbox 797 5141 910 5213; x_wconf 75' lang='grc' dir='ltr'>ἔχει</span> <span class='ocrx_word' id='word_1_643' title='bbox 933 5142 991 5194; x_wconf 75' lang='grc' dir='ltr'><strong>ἐν</strong></span> <span class='ocrx_word' id='word_1_644' title='bbox 1015 5138 1488 5211; x_wconf 80' lang='grc' dir='ltr'>ἐαντῷ,σαρκικός</span> <span class='ocrx_word' id='word_1_645' title='bbox 1508 5142 1656 5194; x_wconf 88' lang='grc' dir='ltr'>ἐστιν</span> <span class='ocrx_word' id='word_1_646' title='bbox 1680 5140 1773 5194; x_wconf 73' lang='grc' dir='ltr'>καὶ</span> 
     </span>
    </p>
   </div>
   <div class='ocr_carea' id='block_1_100' title="bbox 198 5232 1769 5303">
    <p class='ocr_par' dir='ltr' id='par_1_100' title="bbox 198 5232 1769 5303">
     <span class='ocr_line' id='line_1_100' title="bbox 198 5232 1769 5303; baseline -0.004 -13"><span class='ocrx_word' id='word_1_647' title='bbox 198 5235 419 5299; x_wconf 79' lang='grc' dir='ltr'>υίὸςτοῦ</span> <span class='ocrx_word' id='word_1_648' title='bbox 439 5234 704 5289; x_wconf 86' lang='grc' dir='ltr'>ἐναντίου.</span> <span class='ocrx_word' id='word_1_649' title='bbox 730 5234 803 5286; x_wconf 86' lang='grc' dir='ltr'><strong>Τὸ</strong></span> <span class='ocrx_word' id='word_1_650' title='bbox 822 5233 930 5303; x_wconf 90' lang='grc' dir='ltr'><strong>γάρ</strong></span> <span class='ocrx_word' id='word_1_651' title='bbox 950 5233 1313 5302; x_wconf 82' lang='grc' dir='ltr'>γεγενημένον</span> <span class='ocrx_word' id='word_1_652' title='bbox 1339 5233 1402 5285; x_wconf 83' lang='grc' dir='ltr'><strong>ἐκ</strong></span> <span class='ocrx_word' id='word_1_653' title='bbox 1427 5232 1526 5302; x_wconf 83' lang='grc' dir='ltr'>τῆς</span> <span class='ocrx_word' id='word_1_654' title='bbox 1550 5232 1769 5302; x_wconf 78' lang='grc' dir='ltr'>σαρκὸς,</span> 
     </span>
    </p>
   </div>
   <div class='ocr_carea' id='block_1_101' title="bbox 202 5323 1769 5397">
    <p class='ocr_par' dir='ltr' id='par_1_101' title="bbox 202 5323 1769 5397">
     <span class='ocr_line' id='line_1_101' title="bbox 202 5323 1769 5397; baseline -0.003 -17"><span class='ocrx_word' id='word_1_655' title='bbox 202 5328 341 5397; x_wconf 84' lang='grc' dir='ltr'>σάρξ</span> <span class='ocrx_word' id='word_1_656' title='bbox 364 5330 512 5380; x_wconf 89' lang='grc' dir='ltr'>ἐστιν</span> <span class='ocrx_word' id='word_1_657' title='bbox 534 5343 547 5356; x_wconf 88' lang='grc'><strong>·</strong></span> <span class='ocrx_word' id='word_1_658' title='bbox 582 5328 675 5378; x_wconf 74' lang='grc' dir='ltr'>καὶ</span> <span class='ocrx_word' id='word_1_659' title='bbox 697 5328 725 5379; x_wconf 86' lang='grc' dir='ltr'>ὁ</span> <span class='ocrx_word' id='word_1_660' title='bbox 749 5327 814 5379; x_wconf 91' lang='grc' dir='ltr'><strong>ἐκ</strong></span> <span class='ocrx_word' id='word_1_661' title='bbox 850 5325 950 5394; x_wconf 82' lang='grc' dir='ltr'>τῆς</span> <span class='ocrx_word' id='word_1_662' title='bbox 977 5328 1080 5395; x_wconf 81' lang='grc' dir='ltr'>γῆς</span> <span class='ocrx_word' id='word_1_663' title='bbox 1109 5323 1204 5389; x_wconf 85' lang='grc' dir='ltr'>ὢν,</span> <span class='ocrx_word' id='word_1_664' title='bbox 1230 5324 1299 5377; x_wconf 90' lang='grc' dir='ltr'><strong>τά</strong></span> <span class='ocrx_word' id='word_1_665' title='bbox 1347 5325 1449 5395; x_wconf 83' lang='grc' dir='ltr'>τῆς</span> <span class='ocrx_word' id='word_1_666' title='bbox 1475 5323 1578 5394; x_wconf 83' lang='grc' dir='ltr'><strong>γῆς</strong></span> <span class='ocrx_word' id='word_1_667' title='bbox 1598 5323 1769 5389; x_wconf 86' lang='grc' dir='ltr'>λαλεῖ,</span> 
     </span>
    </p>
   </div>
   <div class='ocr_carea' id='block_1_102' title="bbox 196 5414 1769 5489">
    <p class='ocr_par' dir='ltr' id='par_1_102' title="bbox 196 5414 1769 5489">
     <span class='ocr_line' id='line_1_102' title="bbox 196 5414 1769 5489; baseline -0.004 -15"><span class='ocrx_word' id='word_1_668' title='bbox 196 5422 269 5474; x_wconf 80' lang='grc' dir='ltr'>τὰ</span> <span class='ocrx_word' id='word_1_669' title='bbox 294 5422 393 5489; x_wconf 84' lang='grc' dir='ltr'>τῆς</span> <span class='ocrx_word' id='word_1_670' title='bbox 417 5421 521 5488; x_wconf 81' lang='grc' dir='ltr'>γῆς</span> <span class='ocrx_word' id='word_1_671' title='bbox 542 5418 678 5489; x_wconf 73' lang='grc' dir='ltr'>ἐργα</span> <span class='ocrx_word' id='word_1_672' title='bbox 709 5415 945 5487; x_wconf 87' lang='grc' dir='ltr'>φρονῶν.</span> <span class='ocrx_word' id='word_1_673' title='bbox 985 5415 1060 5468; x_wconf 85' lang='grc' dir='ltr'>Τδ</span> <span class='ocrx_word' id='word_1_674' title='bbox 1086 5414 1194 5487; x_wconf 82' lang='grc' dir='ltr'><strong>γὰρ</strong></span> <span class='ocrx_word' id='word_1_675' title='bbox 1223 5415 1477 5487; x_wconf 78' lang='grc' dir='ltr'>φρόνημα</span> <span class='ocrx_word' id='word_1_676' title='bbox 1504 5418 1604 5486; x_wconf 76' lang='grc' dir='ltr'>τῆς</span> <span class='ocrx_word' id='word_1_677' title='bbox 1636 5433 1769 5485; x_wconf 89' lang='grc' dir='ltr'>σαρ-</span> 
     </span>
    </p>
   </div>
   <div class='ocr_carea' id='block_1_103' title="bbox 198 5507 1769 5583">
    <p class='ocr_par' dir='ltr' id='par_1_103' title="bbox 198 5507 1769 5583">
     <span class='ocr_line' id='line_1_103' title="bbox 198 5507 1769 5583; baseline -0.004 -16"><span class='ocrx_word' id='word_1_678' title='bbox 198 5514 316 5578; x_wconf 73' lang='grc' dir='ltr'>κὸς,</span> <span class='ocrx_word' id='word_1_679' title='bbox 343 5511 512 5583; x_wconf 76' lang='grc' dir='ltr'>ἔχθρα</span> <span class='ocrx_word' id='word_1_680' title='bbox 541 5512 620 5574; x_wconf 90' lang='grc' dir='ltr'><strong>είς</strong></span> <span class='ocrx_word' id='word_1_681' title='bbox 648 5510 779 5565; x_wconf 89' lang='grc' dir='ltr'>Θεόν</span> <span class='ocrx_word' id='word_1_682' title='bbox 829 5510 996 5563; x_wconf 83' lang='grc' dir='ltr'>ἐστιν.</span> <span class='ocrx_word' id='word_1_683' title='bbox 1034 5507 1126 5578; x_wconf 88' lang='grc' dir='ltr'>Τῷ</span> <span class='ocrx_word' id='word_1_684' title='bbox 1186 5507 1291 5578; x_wconf 84' lang='grc' dir='ltr'><strong>γὰρ</strong></span> <span class='ocrx_word' id='word_1_685' title='bbox 1317 5507 1467 5579; x_wconf 86' lang='grc' dir='ltr'>νόμῳ</span> <span class='ocrx_word' id='word_1_686' title='bbox 1507 5507 1600 5561; x_wconf 83' lang='grc' dir='ltr'>τοῦ</span> <span class='ocrx_word' id='word_1_687' title='bbox 1634 5507 1769 5561; x_wconf 78' lang='grc' dir='ltr'>Θεοῦ</span> 
     </span>
    </p>
   </div>
   <div class='ocr_carea' id='block_1_104' title="bbox 197 5597 1768 5673">
    <p class='ocr_par' dir='ltr' id='par_1_104' title="bbox 197 5597 1768 5673">
     <span class='ocr_line' id='line_1_104' title="bbox 197 5597 1768 5673; baseline -0.004 -16"><span class='ocrx_word' id='word_1_688' title='bbox 197 5603 297 5673; x_wconf 84' lang='grc' dir='ltr'><strong>οὐχ</strong></span> <span class='ocrx_word' id='word_1_689' title='bbox 329 5601 697 5655; x_wconf 81' lang='grc' dir='ltr'>ὑποτάσσεται</span> <span class='ocrx_word' id='word_1_690' title='bbox 716 5617 731 5632; x_wconf 77' lang='grc' dir='ltr'><strong>ο</strong></span> <span class='ocrx_word' id='word_1_691' title='bbox 763 5599 882 5653; x_wconf 82' lang='grc' dir='ltr'>ούδὲ</span> <span class='ocrx_word' id='word_1_692' title='bbox 903 5599 1012 5671; x_wconf 84' lang='grc' dir='ltr'><strong>γὰρ</strong></span> <span class='ocrx_word' id='word_1_693' title='bbox 1041 5597 1264 5652; x_wconf 88' lang='grc' dir='ltr'>δύναται</span> <span class='ocrx_word' id='word_1_694' title='bbox 1288 5615 1301 5628; x_wconf 79' lang='grc'><em>’</em></span> <span class='ocrx_word' id='word_1_695' title='bbox 1336 5599 1429 5651; x_wconf 65' lang='grc' dir='ltr'><strong>καὶ</strong></span> <span class='ocrx_word' id='word_1_696' title='bbox 1467 5600 1525 5652; x_wconf 77' lang='grc' dir='ltr'><strong>ἐν</strong></span> <span class='ocrx_word' id='word_1_697' title='bbox 1548 5597 1628 5667; x_wconf 80' lang='grc' dir='ltr'>τῷ</span> <span class='ocrx_word' id='word_1_698' title='bbox 1654 5615 1768 5653; x_wconf 88' lang='grc' dir='ltr'>τοι-</span> 
     </span>
    </p>
   </div>
   <div class='ocr_carea' id='block_1_105' title="bbox 196 5688 1768 5765">
    <p class='ocr_par' dir='ltr' id='par_1_105' title="bbox 196 5688 1768 5765">
     <span class='ocr_line' id='line_1_105' title="bbox 196 5688 1768 5765; baseline -0.001 -17"><span class='ocrx_word' id='word_1_699' title='bbox 196 5693 341 5765; x_wconf 86' lang='grc' dir='ltr'>ούτῳ</span> <span class='ocrx_word' id='word_1_700' title='bbox 362 5694 462 5748; x_wconf 83' lang='grc' dir='ltr'><strong>οὐκ</strong></span> <span class='ocrx_word' id='word_1_701' title='bbox 487 5695 628 5747; x_wconf 77' lang='grc' dir='ltr'>οίκεῖ</span> <span class='ocrx_word' id='word_1_702' title='bbox 648 5691 709 5746; x_wconf 77' lang='grc' dir='ltr'>τὸ</span> <span class='ocrx_word' id='word_1_703' title='bbox 735 5690 960 5763; x_wconf 83' lang='grc' dir='ltr'>Πνεῦμα</span> <span class='ocrx_word' id='word_1_704' title='bbox 988 5688 1083 5763; x_wconf 75' lang='grc' dir='ltr'><strong>τοῦ</strong></span> <span class='ocrx_word' id='word_1_705' title='bbox 1095 5690 1250 5745; x_wconf 74' lang='grc' dir='ltr'>Θεοῦ.</span> <span class='ocrx_word' id='word_1_706' title='bbox 1282 5709 1299 5743; x_wconf 83' lang='grc' dir='ltr'><strong>ι</strong></span> <span class='ocrx_word' id='word_1_707' title='bbox 1331 5691 1405 5745; x_wconf 89' lang='grc' dir='ltr'>Ού</span> <span class='ocrx_word' id='word_1_708' title='bbox 1437 5692 1510 5763; x_wconf 81' lang='grc' dir='ltr'>μὴ</span> <span class='ocrx_word' id='word_1_709' title='bbox 1529 5693 1636 5763; x_wconf 88' lang='grc' dir='ltr'><strong>γάρ</strong></span> <span class='ocrx_word' id='word_1_710' title='bbox 1666 5711 1768 5746; x_wconf 89' lang='grc' dir='ltr'>κα-</span> 
     </span>
    </p>
   </div>
   <div class='ocr_carea' id='block_1_106' title="bbox 198 5781 1764 5857">
    <p class='ocr_par' dir='ltr' id='par_1_106' title="bbox 198 5781 1764 5857">
     <span class='ocr_line' id='line_1_106' title="bbox 198 5781 1764 5857; baseline -0.002 -18"><span class='ocrx_word' id='word_1_711' title='bbox 198 5784 453 5857; x_wconf 71' lang='grc' dir='ltr'>ταμείνῃ,</span> <span class='ocrx_word' id='word_1_712' title='bbox 490 5785 677 5855; x_wconf 73' lang='grc' dir='ltr'>φησὶν,</span> <span class='ocrx_word' id='word_1_713' title='bbox 710 5783 771 5838; x_wconf 71' lang='grc' dir='ltr'>τὸ</span> <span class='ocrx_word' id='word_1_714' title='bbox 801 5781 1028 5855; x_wconf 81' lang='grc' dir='ltr'><strong>ῐῙνεῦμά</strong></span> <span class='ocrx_word' id='word_1_715' title='bbox 1059 5799 1158 5853; x_wconf 90' lang='grc' dir='ltr'><strong>μου</strong></span> <span class='ocrx_word' id='word_1_716' title='bbox 1192 5782 1249 5836; x_wconf 78' lang='grc' dir='ltr'><strong>ἐν</strong></span> <span class='ocrx_word' id='word_1_717' title='bbox 1289 5784 1401 5847; x_wconf 80' lang='grc' dir='ltr'>τοῖς</span> <span class='ocrx_word' id='word_1_718' title='bbox 1456 5782 1764 5854; x_wconf 85' lang='grc' dir='ltr'>ἀνθρώποις</span> 
     </span>
    </p>
   </div>
   <div class='ocr_carea' id='block_1_107' title="bbox 1884 4586 3455 4658">
    <p class='ocr_par' dir='ltr' id='par_1_107' title="bbox 1884 4586 3455 4658">
     <span class='ocr_line' id='line_1_107' title="bbox 1884 4586 3455 4658; baseline -0.005 -9"><span class='ocrx_word' id='word_1_719' title='bbox 1884 4595 2002 4651; x_wconf 67' lang='grc' dir='ltr'>ιιιωο</span> <span class='ocrx_word' id='word_1_720' title='bbox 2034 4612 2047 4648; x_wconf 87' lang='lat'><strong>:</strong></span> <span class='ocrx_word' id='word_1_721' title='bbox 2078 4593 2396 4658; x_wconf 84' lang='lat' dir='ltr'><strong>fornicatio,</strong></span> <span class='ocrx_word' id='word_1_722' title='bbox 2446 4590 2800 4647; x_wconf 90' lang='lat' dir='ltr'><strong>immunditia</strong></span> <span class='ocrx_word' id='word_1_723' title='bbox 2822 4633 2836 4656; x_wconf 93' lang='lat'><strong>,</strong></span> <span class='ocrx_word' id='word_1_724' title='bbox 2861 4588 3171 4645; x_wconf 85' lang='lat' dir='ltr'><strong>idololatria</strong></span> <span class='ocrx_word' id='word_1_725' title='bbox 3194 4630 3208 4655; x_wconf 92' lang='lat'><strong>,</strong></span> <span class='ocrx_word' id='word_1_726' title='bbox 3245 4586 3455 4643; x_wconf 81' lang='lat' dir='ltr'><strong>veneﬁ-</strong></span> 
     </span>
    </p>
   </div>
   <div class='ocr_carea' id='block_1_108' title="bbox 1880 4682 3452 4753">
    <p class='ocr_par' dir='ltr' id='par_1_108' title="bbox 1880 4682 3452 4753">
     <span class='ocr_line' id='line_1_108' title="bbox 1880 4682 3452 4753; baseline -0.005 -10"><span class='ocrx_word' id='word_1_727' title='bbox 1880 4690 2051 4753; x_wconf 90' lang='lat' dir='ltr'><strong>cium,</strong></span> <span class='ocrx_word' id='word_1_728' title='bbox 2082 4686 2406 4751; x_wconf 65' lang='lat' dir='ltr'><strong>inimicitiae,</strong></span> <span class='ocrx_word' id='word_1_729' title='bbox 2433 4686 2839 4750; x_wconf 88' lang='lat' dir='ltr'><strong>contentiones,</strong></span> <span class='ocrx_word' id='word_1_730' title='bbox 2860 4684 3029 4749; x_wconf 86' lang='lat' dir='ltr'><strong>zelus,</strong></span> <span class='ocrx_word' id='word_1_731' title='bbox 3055 4682 3452 4742; x_wconf 76' lang='lat' dir='ltr'><strong>animositates.</strong></span> 
     </span>
    </p>
   </div>
   <div class='ocr_carea' id='block_1_109' title="bbox 1881 4773 3450 4844">
    <p class='ocr_par' dir='ltr' id='par_1_109' title="bbox 1881 4773 3450 4844">
     <span class='ocr_line' id='line_1_109' title="bbox 1881 4773 3450 4844; baseline -0.005 -9"><span class='ocrx_word' id='word_1_732' title='bbox 1881 4781 2035 4844; x_wconf 68' lang='lat' dir='ltr'><strong>rixae,</strong></span> <span class='ocrx_word' id='word_1_733' title='bbox 2098 4780 2490 4843; x_wconf 89' lang='lat' dir='ltr'><strong>detractiones,</strong></span> <span class='ocrx_word' id='word_1_734' title='bbox 2552 4776 2880 4840; x_wconf 87' lang='lat' dir='ltr'><strong>seditiones,</strong></span> <span class='ocrx_word' id='word_1_735' title='bbox 2928 4775 3175 4840; x_wconf 67' lang='lat' dir='ltr'><strong>invidiae,</strong></span> <span class='ocrx_word' id='word_1_736' title='bbox 3224 4773 3403 4828; x_wconf 64' lang='lat' dir='ltr'><strong>caedes</strong></span> <span class='ocrx_word' id='word_1_737' title='bbox 3435 4815 3450 4839; x_wconf 95' lang='lat'><strong>,</strong></span> 
     </span>
    </p>
   </div>
   <div class='ocr_carea' id='block_1_110' title="bbox 1877 4865 3453 4936">
    <p class='ocr_par' dir='ltr' id='par_1_110' title="bbox 1877 4865 3453 4936">
     <span class='ocr_line' id='line_1_110' title="bbox 1877 4865 3453 4936; baseline -0.005 -9"><span class='ocrx_word' id='word_1_738' title='bbox 1877 4872 2198 4936; x_wconf 87' lang='lat' dir='ltr'><strong>ebrietates,</strong></span> <span class='ocrx_word' id='word_1_739' title='bbox 2223 4869 2733 4933; x_wconf 84' lang='lat' dir='ltr'><strong>commessationes,</strong></span> <span class='ocrx_word' id='word_1_740' title='bbox 2772 4867 3177 4932; x_wconf 87' lang='lat' dir='ltr'><strong>scurrilitates,</strong></span> <span class='ocrx_word' id='word_1_741' title='bbox 3210 4865 3453 4920; x_wconf 65' lang='lat' dir='ltr'><strong>stultiloo</strong></span> 
     </span>
    </p>
   </div>
   <div class='ocr_carea' id='block_1_111' title="bbox 1876 4958 3448 5035">
    <p class='ocr_par' dir='ltr' id='par_1_111' title="bbox 1876 4958 3448 5035">
     <span class='ocr_line' id='line_1_111' title="bbox 1876 4958 3448 5035; baseline -0.005 -16"><span class='ocrx_word' id='word_1_742' title='bbox 1876 4966 2026 5035; x_wconf 91' lang='lat' dir='ltr'><strong>quia,</strong></span> <span class='ocrx_word' id='word_1_743' title='bbox 2062 4966 2227 5027; x_wconf 88' lang='lat' dir='ltr'><strong>risus,</strong></span> <span class='ocrx_word' id='word_1_744' title='bbox 2265 4962 2657 5033; x_wconf 90' lang='lat' dir='ltr'><strong>imprudentia,</strong></span> <span class='ocrx_word' id='word_1_745' title='bbox 2694 4960 2928 5016; x_wconf 89' lang='lat' dir='ltr'><strong>dicteria</strong></span> <span class='ocrx_word' id='word_1_746' title='bbox 2960 4974 3058 5013; x_wconf 90' lang='lat' dir='ltr'><strong>seu</strong></span> <span class='ocrx_word' id='word_1_747' title='bbox 3107 4958 3327 5023; x_wconf 87' lang='lat' dir='ltr'><strong>cavilla,</strong></span> <span class='ocrx_word' id='word_1_748' title='bbox 3356 4972 3448 5012; x_wconf 85' lang='lat' dir='ltr'><strong>su-</strong></span> 
     </span>
    </p>
   </div>
   <div class='ocr_carea' id='block_1_112' title="bbox 1875 5052 3448 5123">
    <p class='ocr_par' dir='ltr' id='par_1_112' title="bbox 1875 5052 3448 5123">
     <span class='ocr_line' id='line_1_112' title="bbox 1875 5052 3448 5123; baseline -0.006 -10"><span class='ocrx_word' id='word_1_749' title='bbox 1875 5058 2077 5123; x_wconf 85' lang='lat' dir='ltr'><strong>surria,</strong></span> <span class='ocrx_word' id='word_1_750' title='bbox 2111 5056 2443 5119; x_wconf 90' lang='lat' dir='ltr'><strong>amaritudo,</strong></span> <span class='ocrx_word' id='word_1_751' title='bbox 2480 5056 2584 5119; x_wconf 91' lang='lat' dir='ltr'><strong>ira,</strong></span> <span class='ocrx_word' id='word_1_752' title='bbox 2610 5054 2840 5117; x_wconf 87' lang='lat' dir='ltr'><strong>clamor,</strong></span> <span class='ocrx_word' id='word_1_753' title='bbox 2868 5052 3235 5123; x_wconf 87' lang='lat' dir='ltr'><strong>blasphemia,</strong></span> <span class='ocrx_word' id='word_1_754' title='bbox 3268 5066 3448 5120; x_wconf 76' lang='lat' dir='ltr'><strong>nugze,</strong></span> 
     </span>
    </p>
   </div>
   <div class='ocr_carea' id='block_1_113' title="bbox 1875 5141 3450 5214">
    <p class='ocr_par' dir='ltr' id='par_1_113' title="bbox 1875 5141 3450 5214">
     <span class='ocr_line' id='line_1_113' title="bbox 1875 5141 3450 5214; baseline -0.006 -10"><span class='ocrx_word' id='word_1_755' title='bbox 1875 5148 2103 5209; x_wconf 87' lang='lat' dir='ltr'><strong>malitia,</strong></span> <span class='ocrx_word' id='word_1_756' title='bbox 2139 5146 2557 5201; x_wconf 86' lang='lat' dir='ltr'><strong>adinventiones</strong></span> <span class='ocrx_word' id='word_1_757' title='bbox 2588 5146 2881 5207; x_wconf 90' lang='lat' dir='ltr'><strong>malorum,</strong></span> <span class='ocrx_word' id='word_1_758' title='bbox 2908 5142 3171 5214; x_wconf 81' lang='lat' dir='ltr'><strong>perjuria,</strong></span> <span class='ocrx_word' id='word_1_759' title='bbox 3201 5141 3450 5195; x_wconf 88' lang='lat' dir='ltr'><strong>multilo-</strong></span> 
     </span>
    </p>
   </div>
   <div class='ocr_carea' id='block_1_114' title="bbox 1874 5235 3443 5310">
    <p class='ocr_par' dir='ltr' id='par_1_114' title="bbox 1874 5235 3443 5310">
     <span class='ocr_line' id='line_1_114' title="bbox 1874 5235 3443 5310; baseline -0.004 -17"><span class='ocrx_word' id='word_1_760' title='bbox 1874 5241 2027 5310; x_wconf 91' lang='lat' dir='ltr'><strong>quia,</strong></span> <span class='ocrx_word' id='word_1_761' title='bbox 2056 5237 2231 5292; x_wconf 90' lang='lat' dir='ltr'><strong>dolosi</strong></span> <span class='ocrx_word' id='word_1_762' title='bbox 2265 5251 2574 5300; x_wconf 89' lang='lat' dir='ltr'><strong>sermones,</strong></span> <span class='ocrx_word' id='word_1_763' title='bbox 2607 5236 2985 5307; x_wconf 86' lang='lat' dir='ltr'><strong>garrulitates,</strong></span> <span class='ocrx_word' id='word_1_764' title='bbox 3014 5235 3408 5289; x_wconf 89' lang='lat' dir='ltr'><strong>insultationes</strong></span> <span class='ocrx_word' id='word_1_765' title='bbox 3428 5271 3443 5296; x_wconf 95' lang='lat'><strong>,</strong></span> 
     </span>
    </p>
   </div>
   <div class='ocr_carea' id='block_1_115' title="bbox 1874 5326 3444 5400">
    <p class='ocr_par' dir='ltr' id='par_1_115' title="bbox 1874 5326 3444 5400">
     <span class='ocr_line' id='line_1_115' title="bbox 1874 5326 3444 5400; baseline -0.005 -15"><span class='ocrx_word' id='word_1_766' title='bbox 1874 5341 2066 5400; x_wconf 89' lang='lat' dir='ltr'><strong>turpes</strong></span> <span class='ocrx_word' id='word_1_767' title='bbox 2093 5338 2149 5384; x_wconf 91' lang='lat' dir='ltr'><strong>et</strong></span> <span class='ocrx_word' id='word_1_768' title='bbox 2174 5328 2475 5383; x_wconf 89' lang='lat' dir='ltr'><strong>illiberales</strong></span> <span class='ocrx_word' id='word_1_769' title='bbox 2496 5338 2661 5391; x_wconf 69' lang='lat' dir='ltr'><strong>artes,</strong></span> <span class='ocrx_word' id='word_1_770' title='bbox 2698 5342 2973 5396; x_wconf 68' lang='lat' dir='ltr'><strong>perversa:</strong></span> <span class='ocrx_word' id='word_1_771' title='bbox 2994 5326 3444 5389; x_wconf 85' lang='lat' dir='ltr'><strong>exercitationes,</strong></span> 
     </span>
    </p>
   </div>
   <div class='ocr_carea' id='block_1_116' title="bbox 1874 5414 3444 5490">
    <p class='ocr_par' dir='ltr' id='par_1_116' title="bbox 1874 5414 3444 5490">
     <span class='ocr_line' id='line_1_116' title="bbox 1874 5414 3444 5490; baseline -0.004 -16"><span class='ocrx_word' id='word_1_772' title='bbox 1874 5420 1929 5475; x_wconf 91' lang='lat' dir='ltr'><strong>in</strong></span> <span class='ocrx_word' id='word_1_773' title='bbox 1998 5419 2089 5490; x_wconf 86' lang='lat' dir='ltr'><strong>jus</strong></span> <span class='ocrx_word' id='word_1_774' title='bbox 2152 5417 2512 5482; x_wconf 85' lang='lat' dir='ltr'><strong>vocationes,</strong></span> <span class='ocrx_word' id='word_1_775' title='bbox 2564 5415 2833 5481; x_wconf 59' lang='lat' dir='ltr'><strong>lascivia,</strong></span> <span class='ocrx_word' id='word_1_776' title='bbox 2887 5415 3070 5481; x_wconf 81' lang='lat' dir='ltr'><strong>fatus,</strong></span> <span class='ocrx_word' id='word_1_777' title='bbox 3125 5414 3444 5484; x_wconf 86' lang='lat' dir='ltr'><strong>arrogantia</strong></span> 
     </span>
    </p>
   </div>
   <div class='ocr_carea' id='block_1_117' title="bbox 1872 5507 3441 5582">
    <p class='ocr_par' dir='ltr' id='par_1_117' title="bbox 1872 5507 3441 5582">
     <span class='ocr_line' id='line_1_117' title="bbox 1872 5507 3441 5582; baseline -0.004 -17"><span class='ocrx_word' id='word_1_778' title='bbox 1872 5520 2099 5582; x_wconf 90' lang='lat' dir='ltr'><strong>propter</strong></span> <span class='ocrx_word' id='word_1_779' title='bbox 2122 5525 2315 5581; x_wconf 83' lang='lat' dir='ltr'><strong>genus,</strong></span> <span class='ocrx_word' id='word_1_780' title='bbox 2345 5508 2600 5574; x_wconf 80' lang='lat' dir='ltr'><strong>formam,</strong></span> <span class='ocrx_word' id='word_1_781' title='bbox 2643 5510 2901 5580; x_wconf 88' lang='lat' dir='ltr'><strong>patriam,</strong></span> <span class='ocrx_word' id='word_1_782' title='bbox 2928 5508 3175 5571; x_wconf 79' lang='lat' dir='ltr'><strong>divitias,</strong></span> <span class='ocrx_word' id='word_1_783' title='bbox 3214 5507 3441 5561; x_wconf 81' lang='lat' dir='ltr'><strong>fortitu-</strong></span> 
     </span>
    </p>
   </div>
   <div class='ocr_carea' id='block_1_118' title="bbox 1871 5598 3441 5671">
    <p class='ocr_par' dir='ltr' id='par_1_118' title="bbox 1871 5598 3441 5671">
     <span class='ocr_line' id='line_1_118' title="bbox 1871 5598 3441 5671; baseline -0.003 -14"><span class='ocrx_word' id='word_1_784' title='bbox 1871 5603 2056 5658; x_wconf 88' lang='lat' dir='ltr'><strong>dinem</strong></span> <span class='ocrx_word' id='word_1_785' title='bbox 2087 5601 2358 5671; x_wconf 90' lang='lat' dir='ltr'><strong>corporis,</strong></span> <span class='ocrx_word' id='word_1_786' title='bbox 2388 5614 2699 5656; x_wconf 89' lang='lat' dir='ltr'><strong>sermonem</strong></span> <span class='ocrx_word' id='word_1_787' title='bbox 2728 5619 2741 5655; x_wconf 87' lang='lat'>:</span> <span class='ocrx_word' id='word_1_788' title='bbox 2784 5600 3071 5656; x_wconf 89' lang='lat' dir='ltr'><strong>contentio</strong></span> <span class='ocrx_word' id='word_1_789' title='bbox 3098 5614 3224 5655; x_wconf 88' lang='lat' dir='ltr'><strong>cum</strong></span> <span class='ocrx_word' id='word_1_790' title='bbox 3262 5598 3441 5668; x_wconf 83' lang='lat' dir='ltr'><strong>pervi-</strong></span> 
     </span>
    </p>
   </div>
   <div class='ocr_carea' id='block_1_119' title="bbox 1870 5688 3438 5762">
    <p class='ocr_par' dir='ltr' id='par_1_119' title="bbox 1870 5688 3438 5762">
     <span class='ocr_line' id='line_1_119' title="bbox 1870 5688 3438 5762; baseline -0.004 -14"><span class='ocrx_word' id='word_1_791' title='bbox 1870 5693 2043 5755; x_wconf 88' lang='lat' dir='ltr'><strong>cacia,</strong></span> <span class='ocrx_word' id='word_1_792' title='bbox 2084 5691 2294 5753; x_wconf 87' lang='lat' dir='ltr'><strong>odium.</strong></span> <span class='ocrx_word' id='word_1_793' title='bbox 2329 5690 2541 5762; x_wconf 70' lang='lat' dir='ltr'><strong>injuria!</strong></span> <span class='ocrx_word' id='word_1_794' title='bbox 2569 5701 2807 5761; x_wconf 58' lang='lat' dir='ltr'><strong>accepta»</strong></span> <span class='ocrx_word' id='word_1_795' title='bbox 2838 5690 3168 5755; x_wconf 86' lang='lat' dir='ltr'><strong>recordatio,</strong></span> <span class='ocrx_word' id='word_1_796' title='bbox 3214 5688 3438 5743; x_wconf 84' lang='lat' dir='ltr'><strong>iracun-</strong></span> 
     </span>
    </p>
   </div>
   <div class='ocr_carea' id='block_1_120' title="bbox 1870 5779 3437 5851">
    <p class='ocr_par' dir='ltr' id='par_1_120' title="bbox 1870 5779 3437 5851">
     <span class='ocr_line' id='line_1_120' title="bbox 1870 5779 3437 5851; baseline -0.003 -11"><span class='ocrx_word' id='word_1_797' title='bbox 1870 5786 1980 5850; x_wconf 90' lang='lat' dir='ltr'><strong>dia,</strong></span> <span class='ocrx_word' id='word_1_798' title='bbox 2016 5783 2379 5839; x_wconf 87' lang='lat' dir='ltr'><strong>inveteratum</strong></span> <span class='ocrx_word' id='word_1_799' title='bbox 2410 5783 2619 5849; x_wconf 84' lang='lat' dir='ltr'><strong>odium,</strong></span> <span class='ocrx_word' id='word_1_800' title='bbox 2645 5782 2827 5849; x_wconf 91' lang='lat' dir='ltr'><strong>dolus,</strong></span> <span class='ocrx_word' id='word_1_801' title='bbox 2856 5781 3097 5837; x_wconf 81' lang='lat' dir='ltr'><strong>vindiCta</strong></span> <span class='ocrx_word' id='word_1_802' title='bbox 3133 5779 3437 5851; x_wconf 82' lang='lat' dir='ltr'><strong>inexplebi-</strong></span> 
     </span>
    </p>
   </div>
  </div>
