  <div class='ocr_page' id='page_1' title='image "/cluster/home/n/w/nwhite01/storage/ocr_20150623/89/hvd.32044010610574/929.png"; bbox 0 0 4040 6514; ppageno 0'>
   <div class='ocr_carea' id='block_1_1' title="bbox 532 365 686 437">
    <p class='ocr_par' dir='ltr' id='par_1_1' title="bbox 532 365 686 437">
     <span class='ocr_line' id='line_1_1' title="bbox 532 365 686 437; baseline 0.045 -7"><span class='ocrx_word' id='word_1_1' title='bbox 532 365 686 437; x_wconf 71' lang='grc'><strong>1843.</strong></span> 
     </span>
    </p>
   </div>
   <div class='ocr_carea' id='block_1_2' title="bbox 1807 375 2618 441">
    <p class='ocr_par' dir='ltr' id='par_1_2' title="bbox 1807 375 2618 441">
     <span class='ocr_line' id='line_1_2' title="bbox 1807 375 2618 441; baseline 0.007 -6"><span class='ocrx_word' id='word_1_2' title='bbox 1807 375 2172 438; x_wconf 73' lang='lat' dir='ltr'><strong>ANTIOCHI</strong></span> <span class='ocrx_word' id='word_1_3' title='bbox 2212 377 2557 441; x_wconf 78' lang='lat' dir='ltr'><strong>MONACHI</strong></span> <span class='ocrx_word' id='word_1_4' title='bbox 2615 419 2618 422; x_wconf 82' lang='lat'><strong><em>~</em></strong></span> 
     </span>
    </p>
   </div>
   <div class='ocr_carea' id='block_1_3' title="bbox 3643 389 3758 455">
    <p class='ocr_par' dir='ltr' id='par_1_3' title="bbox 3643 389 3758 455">
     <span class='ocr_line' id='line_1_3' title="bbox 3643 389 3758 455; baseline 0.026 -3"><span class='ocrx_word' id='word_1_5' title='bbox 3643 389 3758 455; x_wconf 73' lang='grc' dir='ltr'>ιιιι</span> 
     </span>
    </p>
   </div>
   <div class='ocr_carea' id='block_1_4' title="bbox 531 485 2128 572">
    <p class='ocr_par' dir='ltr' id='par_1_4' title="bbox 531 485 2106 560">
     <span class='ocr_line' id='line_1_4' title="bbox 531 485 2106 560; baseline 0.007 -21"><span class='ocrx_word' id='word_1_6' title='bbox 531 485 600 540; x_wconf 88' lang='lat' dir='ltr'><strong>lis</strong></span> <span class='ocrx_word' id='word_1_7' title='bbox 646 487 945 552; x_wconf 87' lang='lat' dir='ltr'><strong>voracitas,</strong></span> <span class='ocrx_word' id='word_1_8' title='bbox 1008 488 1263 554; x_wconf 84' lang='lat' dir='ltr'><strong>avaritia,</strong></span> <span class='ocrx_word' id='word_1_9' title='bbox 1305 505 1428 560; x_wconf 70' lang='lat' dir='ltr'><strong>quae</strong></span> <span class='ocrx_word' id='word_1_10' title='bbox 1491 489 1764 546; x_wconf 79' lang='lat' dir='ltr'><strong>idolorum</strong></span> <span class='ocrx_word' id='word_1_11' title='bbox 1842 495 2106 559; x_wconf 88' lang='lat' dir='ltr'><strong>servitus,</strong></span> 
     </span>
    </p>
   </div>
   <div class='ocr_carea' id='block_1_5' title="bbox 2230 485 3759 572">
    <p class='ocr_par' dir='ltr' id='par_1_5' title="bbox 2230 496 3759 572">
     <span class='ocr_line' id='line_1_5' title="bbox 2230 496 3759 572; baseline 0.005 -22"><span class='ocrx_word' id='word_1_12' title='bbox 2230 497 2439 563; x_wconf 78' lang='grc' dir='ltr'><strong>τούτοις,</strong></span> <span class='ocrx_word' id='word_1_13' title='bbox 2456 501 2535 562; x_wconf 85' lang='grc' dir='ltr'><strong>εἰς</strong></span> <span class='ocrx_word' id='word_1_14' title='bbox 2551 499 2641 554; x_wconf 85' lang='grc' dir='ltr'><strong>τὸν</strong></span> <span class='ocrx_word' id='word_1_15' title='bbox 2661 498 2856 566; x_wconf 85' lang='grc' dir='ltr'>αίῶνα,</span> <span class='ocrx_word' id='word_1_16' title='bbox 2870 500 2958 556; x_wconf 75' lang='grc' dir='ltr'><strong>διὰ</strong></span> <span class='ocrx_word' id='word_1_17' title='bbox 2978 496 3189 556; x_wconf 73' lang='grc' dir='ltr'>τὸεῖναι</span> <span class='ocrx_word' id='word_1_18' title='bbox 3218 500 3412 564; x_wconf 71' lang='grc' dir='ltr'>αὐτοὺς</span> <span class='ocrx_word' id='word_1_19' title='bbox 3437 499 3655 572; x_wconf 80' lang='grc' dir='ltr'>σάρκας.</span> <span class='ocrx_word' id='word_1_20' title='bbox 3679 523 3759 556; x_wconf 85' lang='grc' dir='ltr'>ι-</span> 
     </span>
    </p>
   </div>
   <div class='ocr_carea' id='block_1_6' title="bbox 530 578 2110 652">
    <p class='ocr_par' dir='ltr' id='par_1_6' title="bbox 530 578 2110 652">
     <span class='ocr_line' id='line_1_6' title="bbox 530 578 2110 652; baseline 0.008 -21"><span class='ocrx_word' id='word_1_21' title='bbox 530 578 782 646; x_wconf 72' lang='lat' dir='ltr'><strong>pecunia:</strong></span> <span class='ocrx_word' id='word_1_22' title='bbox 845 579 1144 651; x_wconf 73' lang='lat' dir='ltr'><strong>cupiditas,</strong></span> <span class='ocrx_word' id='word_1_23' title='bbox 1205 597 1328 652; x_wconf 75' lang='lat' dir='ltr'><strong>qua:</strong></span> <span class='ocrx_word' id='word_1_24' title='bbox 1398 585 1670 639; x_wconf 88' lang='lat' dir='ltr'><strong>malorum</strong></span> <span class='ocrx_word' id='word_1_25' title='bbox 1719 587 1969 642; x_wconf 90' lang='lat' dir='ltr'><strong>omnium</strong></span> <span class='ocrx_word' id='word_1_26' title='bbox 2024 597 2110 643; x_wconf 88' lang='lat' dir='ltr'><strong>est</strong></span> 
     </span>
    </p>
   </div>
   <div class='ocr_carea' id='block_1_7' title="bbox 531 667 2108 746">
    <p class='ocr_par' dir='ltr' id='par_1_7' title="bbox 531 667 2108 746">
     <span class='ocr_line' id='line_1_7' title="bbox 531 667 2108 746; baseline 0.008 -25"><span class='ocrx_word' id='word_1_27' title='bbox 531 667 720 728; x_wconf 84' lang='lat' dir='ltr'><strong>radix,</strong></span> <span class='ocrx_word' id='word_1_28' title='bbox 773 679 1008 726; x_wconf 87' lang='lat' dir='ltr'><strong>ornatus</strong></span> <span class='ocrx_word' id='word_1_29' title='bbox 1064 688 1253 738; x_wconf 81' lang='lat' dir='ltr'><strong>amor,</strong></span> <span class='ocrx_word' id='word_1_30' title='bbox 1323 673 1508 729; x_wconf 87' lang='lat' dir='ltr'><strong>inanis</strong></span> <span class='ocrx_word' id='word_1_31' title='bbox 1565 676 1780 746; x_wconf 80' lang='lat' dir='ltr'><strong>gloria,</strong></span> <span class='ocrx_word' id='word_1_32' title='bbox 1830 677 2108 742; x_wconf 89' lang='lat' dir='ltr'><strong>ambitio,</strong></span> 
     </span>
    </p>
   </div>
   <div class='ocr_carea' id='block_1_8' title="bbox 533 749 2113 837">
    <p class='ocr_par' dir='ltr' id='par_1_8' title="bbox 533 749 2113 837">
     <span class='ocr_line' id='line_1_8' title="bbox 533 749 2113 837; baseline 0.008 -25"><span class='ocrx_word' id='word_1_33' title='bbox 533 760 815 827; x_wconf 76' lang='lat' dir='ltr'><strong>superbia,</strong></span> <span class='ocrx_word' id='word_1_34' title='bbox 863 762 1115 824; x_wconf 88' lang='lat' dir='ltr'><strong>audacia,</strong></span> <span class='ocrx_word' id='word_1_35' title='bbox 1164 749 1455 835; x_wconf 72' lang='lat' dir='ltr'><strong>iactantia,</strong></span> <span class='ocrx_word' id='word_1_36' title='bbox 1509 783 1631 837; x_wconf 70' lang='lat' dir='ltr'><strong>quae</strong></span> <span class='ocrx_word' id='word_1_37' title='bbox 1655 777 1711 822; x_wconf 91' lang='lat' dir='ltr'><strong>ct</strong></span> <span class='ocrx_word' id='word_1_38' title='bbox 1735 777 1967 824; x_wconf 88' lang='lat' dir='ltr'><strong>vocatur</strong></span> <span class='ocrx_word' id='word_1_39' title='bbox 2010 770 2113 825; x_wconf 89' lang='lat' dir='ltr'><strong>im-</strong></span> 
     </span>
    </p>
   </div>
   <div class='ocr_carea' id='block_1_9' title="bbox 531 851 2109 922">
    <p class='ocr_par' dir='ltr' id='par_1_9' title="bbox 531 851 2109 922">
     <span class='ocr_line' id='line_1_9' title="bbox 531 851 2109 922; baseline 0.01 -19"><span class='ocrx_word' id='word_1_40' title='bbox 531 851 822 920; x_wconf 85' lang='lat' dir='ltr'><strong>pudentia,</strong></span> <span class='ocrx_word' id='word_1_41' title='bbox 889 854 1206 922; x_wconf 87' lang='lat' dir='ltr'><strong>insolentia,</strong></span> <span class='ocrx_word' id='word_1_42' title='bbox 1255 857 1344 913; x_wconf 89' lang='lat' dir='ltr'><strong>cui</strong></span> <span class='ocrx_word' id='word_1_43' title='bbox 1393 859 1540 914; x_wconf 91' lang='lat' dir='ltr'><strong>Deus</strong></span> <span class='ocrx_word' id='word_1_44' title='bbox 1595 861 1844 917; x_wconf 80' lang='lat' dir='ltr'><strong>resistit:</strong></span> <span class='ocrx_word' id='word_1_45' title='bbox 1889 863 2006 918; x_wconf 58' lang='lat' dir='ltr'><strong>haec</strong></span> <span class='ocrx_word' id='word_1_46' title='bbox 2051 873 2109 918; x_wconf 92' lang='lat' dir='ltr'><strong>et</strong></span> 
     </span>
    </p>
   </div>
   <div class='ocr_carea' id='block_1_10' title="bbox 534 944 2116 1020">
    <p class='ocr_par' dir='ltr' id='par_1_10' title="bbox 534 944 2116 1020">
     <span class='ocr_line' id='line_1_10' title="bbox 534 944 2116 1020; baseline 0.009 -22"><span class='ocrx_word' id='word_1_47' title='bbox 534 944 622 999; x_wconf 91' lang='lat' dir='ltr'><strong>his</strong></span> <span class='ocrx_word' id='word_1_48' title='bbox 679 945 906 1011; x_wconf 87' lang='lat' dir='ltr'><strong>similia,</strong></span> <span class='ocrx_word' id='word_1_49' title='bbox 957 948 1279 1020; x_wconf 91' lang='lat' dir='ltr'><strong>quicunque</strong></span> <span class='ocrx_word' id='word_1_50' title='bbox 1329 951 1496 1007; x_wconf 85' lang='lat' dir='ltr'><strong>habet</strong></span> <span class='ocrx_word' id='word_1_51' title='bbox 1542 952 1596 1008; x_wconf 91' lang='lat' dir='ltr'><strong>in</strong></span> <span class='ocrx_word' id='word_1_52' title='bbox 1635 969 1715 1020; x_wconf 83' lang='lat' dir='ltr'><strong>se,</strong></span> <span class='ocrx_word' id='word_1_53' title='bbox 1749 957 1990 1011; x_wconf 83' lang='lat' dir='ltr'><strong>carnalis</strong></span> <span class='ocrx_word' id='word_1_54' title='bbox 2030 966 2116 1012; x_wconf 90' lang='lat' dir='ltr'><strong>est</strong></span> 
     </span>
    </p>
   </div>
   <div class='ocr_carea' id='block_1_11' title="bbox 534 1035 2116 1112">
    <p class='ocr_par' dir='ltr' id='par_1_11' title="bbox 534 1035 2116 1112">
     <span class='ocr_line' id='line_1_11' title="bbox 534 1035 2116 1112; baseline 0.009 -25"><span class='ocrx_word' id='word_1_55' title='bbox 534 1043 590 1087; x_wconf 90' lang='lat' dir='ltr'><strong>et</strong></span> <span class='ocrx_word' id='word_1_56' title='bbox 629 1035 776 1090; x_wconf 90' lang='lat' dir='ltr'><strong>ﬁlius</strong></span> <span class='ocrx_word' id='word_1_57' title='bbox 825 1037 1174 1094; x_wconf 85' lang='lat' dir='ltr'><strong>adversarii:</strong></span> <span class='ocrx_word' id='word_1_58' title='bbox 1218 1061 1236 1093; x_wconf 81' lang='grc' dir='ltr'><strong>ι</strong></span> <span class='ocrx_word' id='word_1_59' title='bbox 1275 1043 1424 1112; x_wconf 89' lang='lat' dir='ltr'><strong>quod</strong></span> <span class='ocrx_word' id='word_1_60' title='bbox 1475 1044 1624 1099; x_wconf 90' lang='lat' dir='ltr'><strong>enim</strong></span> <span class='ocrx_word' id='word_1_61' title='bbox 1689 1055 1775 1100; x_wconf 90' lang='lat' dir='ltr'><strong>est</strong></span> <span class='ocrx_word' id='word_1_62' title='bbox 1804 1055 1996 1101; x_wconf 91' lang='lat' dir='ltr'><strong>natum</strong></span> <span class='ocrx_word' id='word_1_63' title='bbox 2047 1064 2116 1103; x_wconf 80' lang='lat' dir='ltr'><strong>ex</strong></span> 
     </span>
    </p>
   </div>
   <div class='ocr_carea' id='block_1_12' title="bbox 535 1131 2116 1209">
    <p class='ocr_par' dir='ltr' id='par_1_12' title="bbox 535 1131 2116 1209">
     <span class='ocr_line' id='line_1_12' title="bbox 535 1131 2116 1209; baseline 0.009 -29"><span class='ocrx_word' id='word_1_64' title='bbox 535 1141 726 1192; x_wconf 81' lang='lat' dir='ltr'><strong>carne,</strong></span> <span class='ocrx_word' id='word_1_65' title='bbox 762 1143 892 1184; x_wconf 90' lang='lat' dir='ltr'><strong>caro</strong></span> <span class='ocrx_word' id='word_1_66' title='bbox 923 1138 1009 1184; x_wconf 88' lang='lat' dir='ltr'><strong>est</strong></span> <span class='ocrx_word' id='word_1_67' title='bbox 1039 1131 1083 1163; x_wconf 82' lang='grc'>⁸⁸</span> <span class='ocrx_word' id='word_1_68' title='bbox 1113 1148 1127 1185; x_wconf 89' lang='lat'><strong>:</strong></span> <span class='ocrx_word' id='word_1_69' title='bbox 1172 1151 1190 1183; x_wconf 77' lang='grc' dir='ltr'><strong>ι</strong></span> <span class='ocrx_word' id='word_1_70' title='bbox 1235 1143 1292 1188; x_wconf 92' lang='lat' dir='ltr'><strong>et</strong></span> <span class='ocrx_word' id='word_1_71' title='bbox 1327 1152 1338 1182; x_wconf 91' lang='lat'>:</span> <span class='ocrx_word' id='word_1_72' title='bbox 1373 1153 1391 1186; x_wconf 76' lang='grc' dir='ltr'><strong>ι</strong></span> <span class='ocrx_word' id='word_1_73' title='bbox 1428 1136 1524 1205; x_wconf 88' lang='lat' dir='ltr'><strong>qui</strong></span> <span class='ocrx_word' id='word_1_74' title='bbox 1576 1136 1644 1192; x_wconf 91' lang='lat' dir='ltr'><strong>de</strong></span> <span class='ocrx_word' id='word_1_75' title='bbox 1674 1147 1825 1192; x_wconf 89' lang='lat' dir='ltr'><strong>terra</strong></span> <span class='ocrx_word' id='word_1_76' title='bbox 1859 1146 1967 1202; x_wconf 88' lang='lat' dir='ltr'><strong>est,</strong></span> <span class='ocrx_word' id='word_1_77' title='bbox 1996 1155 2116 1209; x_wconf 62' lang='lat' dir='ltr'><strong>qua:</strong></span> 
     </span>
    </p>
   </div>
   <div class='ocr_carea' id='block_1_13' title="bbox 539 1219 2116 1298">
    <p class='ocr_par' dir='ltr' id='par_1_13' title="bbox 539 1219 2116 1298">
     <span class='ocr_line' id='line_1_13' title="bbox 539 1219 2116 1298; baseline 0.007 -25"><span class='ocrx_word' id='word_1_78' title='bbox 539 1219 608 1274; x_wconf 88' lang='lat' dir='ltr'><strong>de</strong></span> <span class='ocrx_word' id='word_1_79' title='bbox 648 1228 794 1275; x_wconf 90' lang='lat' dir='ltr'><strong>terra</strong></span> <span class='ocrx_word' id='word_1_80' title='bbox 851 1229 984 1276; x_wconf 89' lang='lat' dir='ltr'><strong>sunt</strong></span> <span class='ocrx_word' id='word_1_81' title='bbox 1034 1223 1282 1292; x_wconf 90' lang='lat' dir='ltr'><strong>loquitur</strong></span> <span class='ocrx_word' id='word_1_82' title='bbox 1309 1226 1376 1292; x_wconf 76' lang='grc'><strong>⁸⁸,</strong></span> <span class='ocrx_word' id='word_1_83' title='bbox 1414 1245 1432 1278; x_wconf 80' lang='grc' dir='ltr'><strong>ι</strong></span> <span class='ocrx_word' id='word_1_84' title='bbox 1487 1244 1613 1282; x_wconf 91' lang='lat' dir='ltr'><strong>cum</strong></span> <span class='ocrx_word' id='word_1_85' title='bbox 1658 1244 1826 1298; x_wconf 85' lang='lat' dir='ltr'><strong>Opera</strong></span> <span class='ocrx_word' id='word_1_86' title='bbox 1899 1239 2116 1286; x_wconf 88' lang='lat' dir='ltr'><strong>terrena</strong></span> 
     </span>
    </p>
   </div>
   <div class='ocr_carea' id='block_1_14' title="bbox 537 1311 2114 1384">
    <p class='ocr_par' dir='ltr' id='par_1_14' title="bbox 537 1311 2114 1384">
     <span class='ocr_line' id='line_1_14' title="bbox 537 1311 2114 1384; baseline 0.006 -20"><span class='ocrx_word' id='word_1_87' title='bbox 537 1311 731 1380; x_wconf 89' lang='lat' dir='ltr'><strong>sapiat.</strong></span> <span class='ocrx_word' id='word_1_88' title='bbox 780 1330 798 1363; x_wconf 82' lang='grc' dir='ltr'><strong>ι</strong></span> <span class='ocrx_word' id='word_1_89' title='bbox 832 1313 969 1367; x_wconf 87' lang='lat' dir='ltr'><strong>Nam</strong></span> <span class='ocrx_word' id='word_1_90' title='bbox 1032 1314 1304 1384; x_wconf 84' lang='lat' dir='ltr'><strong>sapientia</strong></span> <span class='ocrx_word' id='word_1_91' title='bbox 1361 1318 1546 1373; x_wconf 91' lang='lat' dir='ltr'><strong>carnis</strong></span> <span class='ocrx_word' id='word_1_92' title='bbox 1576 1318 1799 1374; x_wconf 89' lang='lat' dir='ltr'><strong>inimica</strong></span> <span class='ocrx_word' id='word_1_93' title='bbox 1843 1331 1928 1375; x_wconf 88' lang='lat' dir='ltr'><strong>est</strong></span> <span class='ocrx_word' id='word_1_94' title='bbox 1968 1321 2114 1374; x_wconf 92' lang='lat' dir='ltr'><strong>Deo:</strong></span> 
     </span>
    </p>
   </div>
   <div class='ocr_carea' id='block_1_15' title="bbox 536 1402 2116 1482">
    <p class='ocr_par' dir='ltr' id='par_1_15' title="bbox 536 1402 2116 1482">
     <span class='ocr_line' id='line_1_15' title="bbox 536 1402 2116 1482; baseline 0.006 -26"><span class='ocrx_word' id='word_1_95' title='bbox 536 1402 642 1473; x_wconf 90' lang='lat' dir='ltr'><strong>legi</strong></span> <span class='ocrx_word' id='word_1_96' title='bbox 676 1404 824 1458; x_wconf 87' lang='lat' dir='ltr'><strong>enim</strong></span> <span class='ocrx_word' id='word_1_97' title='bbox 859 1404 956 1459; x_wconf 90' lang='lat' dir='ltr'><strong>Dei</strong></span> <span class='ocrx_word' id='word_1_98' title='bbox 1006 1421 1119 1461; x_wconf 90' lang='lat' dir='ltr'><strong>non</strong></span> <span class='ocrx_word' id='word_1_99' title='bbox 1161 1415 1247 1461; x_wconf 90' lang='lat' dir='ltr'><strong>est</strong></span> <span class='ocrx_word' id='word_1_100' title='bbox 1283 1408 1553 1480; x_wconf 87' lang='lat' dir='ltr'><strong>subjecta,</strong></span> <span class='ocrx_word' id='word_1_101' title='bbox 1581 1425 1765 1480; x_wconf 88' lang='lat' dir='ltr'><strong>neque</strong></span> <span class='ocrx_word' id='word_1_102' title='bbox 1816 1411 1963 1466; x_wconf 89' lang='lat' dir='ltr'><strong>enim</strong></span> <span class='ocrx_word' id='word_1_103' title='bbox 2015 1428 2116 1482; x_wconf 88' lang='lat' dir='ltr'><strong>po-</strong></span> 
     </span>
    </p>
   </div>
   <div class='ocr_carea' id='block_1_16' title="bbox 538 1497 2116 1574">
    <p class='ocr_par' dir='ltr' id='par_1_16' title="bbox 538 1497 2116 1574">
     <span class='ocr_line' id='line_1_16' title="bbox 538 1497 2116 1574; baseline 0.006 -25"><span class='ocrx_word' id='word_1_104' title='bbox 538 1504 646 1552; x_wconf 89' lang='lat' dir='ltr'><strong>test</strong></span> <span class='ocrx_word' id='word_1_105' title='bbox 672 1497 717 1530; x_wconf 81' lang='lat'>&quot;</span> <span class='ocrx_word' id='word_1_106' title='bbox 749 1514 765 1560; x_wconf 72' lang='grc' dir='ltr'><strong>ς</strong></span> <span class='ocrx_word' id='word_1_107' title='bbox 797 1516 814 1548; x_wconf 82' lang='grc' dir='ltr'><strong>ι</strong></span> <span class='ocrx_word' id='word_1_108' title='bbox 847 1513 1031 1568; x_wconf 90' lang='lat' dir='ltr'><strong>neque</strong></span> <span class='ocrx_word' id='word_1_109' title='bbox 1059 1500 1113 1554; x_wconf 92' lang='lat' dir='ltr'><strong>in</strong></span> <span class='ocrx_word' id='word_1_110' title='bbox 1141 1501 1412 1572; x_wconf 87' lang='lat' dir='ltr'><strong>ejusmodi</strong></span> <span class='ocrx_word' id='word_1_111' title='bbox 1446 1503 1671 1557; x_wconf 89' lang='lat' dir='ltr'><strong>homine</strong></span> <span class='ocrx_word' id='word_1_112' title='bbox 1697 1504 1912 1560; x_wconf 89' lang='lat' dir='ltr'><strong>habitat</strong></span> <span class='ocrx_word' id='word_1_113' title='bbox 1939 1504 2116 1574; x_wconf 92' lang='lat' dir='ltr'><strong>Spiri-</strong></span> 
     </span>
    </p>
   </div>
   <div class='ocr_carea' id='block_1_17' title="bbox 539 1589 2119 1666">
    <p class='ocr_par' dir='ltr' id='par_1_17' title="bbox 539 1589 2119 1666">
     <span class='ocr_line' id='line_1_17' title="bbox 539 1589 2119 1666; baseline 0.006 -25"><span class='ocrx_word' id='word_1_114' title='bbox 539 1597 630 1643; x_wconf 87' lang='lat' dir='ltr'><strong>tus</strong></span> <span class='ocrx_word' id='word_1_115' title='bbox 661 1589 757 1644; x_wconf 90' lang='lat' dir='ltr'><strong>Dei</strong></span> <span class='ocrx_word' id='word_1_116' title='bbox 793 1607 806 1644; x_wconf 93' lang='lat'><strong>:</strong></span> <span class='ocrx_word' id='word_1_117' title='bbox 852 1609 871 1642; x_wconf 82' lang='grc' dir='ltr'><strong>ι</strong></span> <span class='ocrx_word' id='word_1_118' title='bbox 911 1591 1031 1646; x_wconf 85' lang='lat' dir='ltr'><strong>Non</strong></span> <span class='ocrx_word' id='word_1_119' title='bbox 1057 1592 1206 1647; x_wconf 88' lang='lat' dir='ltr'><strong>enim</strong></span> <span class='ocrx_word' id='word_1_120' title='bbox 1237 1595 1589 1664; x_wconf 89' lang='lat' dir='ltr'><strong>permanebit</strong></span> <span class='ocrx_word' id='word_1_121' title='bbox 1617 1596 1846 1666; x_wconf 88' lang='lat' dir='ltr'><strong>spiritus</strong></span> <span class='ocrx_word' id='word_1_122' title='bbox 1879 1611 2038 1651; x_wconf 92' lang='lat' dir='ltr'><strong>meus</strong></span> <span class='ocrx_word' id='word_1_123' title='bbox 2062 1597 2119 1651; x_wconf 92' lang='lat' dir='ltr'><strong>in</strong></span> 
     </span>
    </p>
   </div>
   <div class='ocr_carea' id='block_1_18' title="bbox 541 1680 2112 1757">
    <p class='ocr_par' dir='ltr' id='par_1_18' title="bbox 541 1680 2112 1757">
     <span class='ocr_line' id='line_1_18' title="bbox 541 1680 2112 1757; baseline 0.003 -23"><span class='ocrx_word' id='word_1_124' title='bbox 541 1680 862 1738; x_wconf 91' lang='lat' dir='ltr'><strong>hominibus</strong></span> <span class='ocrx_word' id='word_1_125' title='bbox 899 1682 1020 1738; x_wconf 85' lang='lat' dir='ltr'><strong>istis</strong></span> <span class='ocrx_word' id='word_1_126' title='bbox 1046 1684 1102 1738; x_wconf 92' lang='lat' dir='ltr'><strong>in</strong></span> <span class='ocrx_word' id='word_1_127' title='bbox 1131 1693 1424 1752; x_wconf 68' lang='lat' dir='ltr'><strong>aaternum,</strong></span> <span class='ocrx_word' id='word_1_128' title='bbox 1455 1687 1584 1757; x_wconf 88' lang='lat' dir='ltr'><strong>quia</strong></span> <span class='ocrx_word' id='word_1_129' title='bbox 1611 1702 1806 1742; x_wconf 90' lang='lat' dir='ltr'><strong>carnes</strong></span> <span class='ocrx_word' id='word_1_130' title='bbox 1833 1695 1965 1743; x_wconf 88' lang='lat' dir='ltr'><strong>sunt</strong></span> <span class='ocrx_word' id='word_1_131' title='bbox 1989 1689 2056 1740; x_wconf 77' lang='lat'><strong>“.</strong></span> <span class='ocrx_word' id='word_1_132' title='bbox 2093 1706 2112 1739; x_wconf 79' lang='grc' dir='ltr'><strong>ι</strong></span> 
     </span>
    </p>
   </div>
   <div class='ocr_carea' id='block_1_19' title="bbox 538 1775 2120 1847">
    <p class='ocr_par' dir='ltr' id='par_1_19' title="bbox 538 1775 2120 1847">
     <span class='ocr_line' id='line_1_19' title="bbox 538 1775 2120 1847; baseline 0.005 -20"><span class='ocrx_word' id='word_1_133' title='bbox 538 1795 635 1826; x_wconf 83' lang='grc' dir='ltr'>-ι</span> <span class='ocrx_word' id='word_1_134' title='bbox 674 1775 730 1830; x_wconf 92' lang='lat' dir='ltr'><strong>Si</strong></span> <span class='ocrx_word' id='word_1_135' title='bbox 759 1775 886 1846; x_wconf 90' lang='lat' dir='ltr'><strong>quis</strong></span> <span class='ocrx_word' id='word_1_136' title='bbox 914 1791 1046 1847; x_wconf 88' lang='lat' dir='ltr'><strong>ergo</strong></span> <span class='ocrx_word' id='word_1_137' title='bbox 1081 1776 1350 1847; x_wconf 88' lang='lat' dir='ltr'><strong>Spiritum</strong></span> <span class='ocrx_word' id='word_1_138' title='bbox 1376 1779 1472 1833; x_wconf 90' lang='lat' dir='ltr'><strong>Dei</strong></span> <span class='ocrx_word' id='word_1_139' title='bbox 1502 1795 1615 1834; x_wconf 91' lang='lat' dir='ltr'><strong>non</strong></span> <span class='ocrx_word' id='word_1_140' title='bbox 1645 1780 1847 1844; x_wconf 89' lang='lat' dir='ltr'><strong>habet,</strong></span> <span class='ocrx_word' id='word_1_141' title='bbox 1883 1781 1975 1835; x_wconf 91' lang='lat' dir='ltr'><strong>hic</strong></span> <span class='ocrx_word' id='word_1_142' title='bbox 2009 1797 2120 1835; x_wconf 93' lang='lat' dir='ltr'><strong>non</strong></span> 
     </span>
    </p>
   </div>
   <div class='ocr_carea' id='block_1_20' title="bbox 2217 584 3760 662">
    <p class='ocr_par' dir='ltr' id='par_1_20' title="bbox 2217 584 3760 662">
     <span class='ocr_line' id='line_1_20' title="bbox 2217 584 3760 662; baseline 0.003 -21"><span class='ocrx_word' id='word_1_143' title='bbox 2217 607 2237 641; x_wconf 74' lang='grc' dir='ltr'><strong>ι</strong></span> <span class='ocrx_word' id='word_1_144' title='bbox 2258 590 2326 644; x_wconf 82' lang='grc' dir='ltr'><strong>Εἴ</strong></span> <span class='ocrx_word' id='word_1_145' title='bbox 2337 607 2420 653; x_wconf 91' lang='grc' dir='ltr'><strong>τις</strong></span> <span class='ocrx_word' id='word_1_146' title='bbox 2449 590 2630 644; x_wconf 85' lang='grc' dir='ltr'>τοίνυν</span> <span class='ocrx_word' id='word_1_147' title='bbox 2652 590 2879 662; x_wconf 79' lang='grc' dir='ltr'><strong>Πνεῦμα</strong></span> <span class='ocrx_word' id='word_1_148' title='bbox 2895 592 3032 646; x_wconf 87' lang='grc' dir='ltr'>Θεοῦ</span> <span class='ocrx_word' id='word_1_149' title='bbox 3061 593 3161 647; x_wconf 89' lang='grc' dir='ltr'><strong>οὐκ</strong></span> <span class='ocrx_word' id='word_1_150' title='bbox 3189 592 3319 662; x_wconf 78' lang='grc' dir='ltr'>ἔχει,</span> <span class='ocrx_word' id='word_1_151' title='bbox 3345 584 3500 654; x_wconf 70' lang='grc' dir='ltr'>οὗτος</span> <span class='ocrx_word' id='word_1_152' title='bbox 3517 593 3613 644; x_wconf 87' lang='grc' dir='ltr'><strong>οὐκ</strong></span> <span class='ocrx_word' id='word_1_153' title='bbox 3639 593 3760 648; x_wconf 69' lang='grc' dir='ltr'>ἐστιν</span> 
     </span>
    </p>
   </div>
   <div class='ocr_carea' id='block_1_21' title="bbox 2213 681 3760 756">
    <p class='ocr_par' dir='ltr' id='par_1_21' title="bbox 2213 681 3760 756">
     <span class='ocr_line' id='line_1_21' title="bbox 2213 681 3760 756; baseline 0.003 -21"><span class='ocrx_word' id='word_1_154' title='bbox 2213 681 2400 736; x_wconf 85' lang='grc' dir='ltr'>αὐτοῦ.</span> <span class='ocrx_word' id='word_1_155' title='bbox 2432 702 2450 734; x_wconf 79' lang='grc' dir='ltr'><strong>ι</strong></span> <span class='ocrx_word' id='word_1_156' title='bbox 2472 683 2528 736; x_wconf 86' lang='lat'><strong>&#39;0</strong></span> <span class='ocrx_word' id='word_1_157' title='bbox 2582 683 2690 756; x_wconf 84' lang='grc' dir='ltr'>γὰρ</span> <span class='ocrx_word' id='word_1_158' title='bbox 2721 685 2947 754; x_wconf 78' lang='grc' dir='ltr'><strong>Πνεῦμα</strong></span> <span class='ocrx_word' id='word_1_159' title='bbox 2994 685 3132 738; x_wconf 83' lang='grc' dir='ltr'>Θεοῦ</span> <span class='ocrx_word' id='word_1_160' title='bbox 3163 685 3324 754; x_wconf 73' lang='grc' dir='ltr'>ἔχων,</span> <span class='ocrx_word' id='word_1_161' title='bbox 3357 683 3760 754; x_wconf 73' lang='grc' dir='ltr'>Πνεύματιθεού</span> 
     </span>
    </p>
   </div>
   <div class='ocr_carea' id='block_1_22' title="bbox 2217 775 3762 847">
    <p class='ocr_par' dir='ltr' id='par_1_22' title="bbox 2217 775 3762 847">
     <span class='ocr_line' id='line_1_22' title="bbox 2217 775 3762 847; baseline 0.002 -20"><span class='ocrx_word' id='word_1_162' title='bbox 2217 777 2442 844; x_wconf 83' lang='grc' dir='ltr'>στοιχεῖ,</span> <span class='ocrx_word' id='word_1_163' title='bbox 2474 775 2568 828; x_wconf 73' lang='grc' dir='ltr'>καὶ</span> <span class='ocrx_word' id='word_1_164' title='bbox 2598 775 2883 847; x_wconf 86' lang='grc' dir='ltr'>Πνεύματι</span> <span class='ocrx_word' id='word_1_165' title='bbox 2913 776 3048 830; x_wconf 85' lang='grc' dir='ltr'>Θεοῦ</span> <span class='ocrx_word' id='word_1_166' title='bbox 3077 777 3176 839; x_wconf 80' lang='grc' dir='ltr'>τὰς</span> <span class='ocrx_word' id='word_1_167' title='bbox 3207 777 3435 847; x_wconf 79' lang='grc' dir='ltr'>πράξεις</span> <span class='ocrx_word' id='word_1_168' title='bbox 3475 775 3567 829; x_wconf 84' lang='grc' dir='ltr'><strong>τοῦ</strong></span> <span class='ocrx_word' id='word_1_169' title='bbox 3600 777 3762 846; x_wconf 81' lang='grc' dir='ltr'>σῶμα·</span> 
     </span>
    </p>
   </div>
   <div class='ocr_carea' id='block_1_23' title="bbox 2216 863 3761 936">
    <p class='ocr_par' dir='ltr' id='par_1_23' title="bbox 2216 863 3761 936">
     <span class='ocr_line' id='line_1_23' title="bbox 2216 863 3761 936; baseline -0.003 -18"><span class='ocrx_word' id='word_1_170' title='bbox 2216 881 2304 928; x_wconf 90' lang='grc' dir='ltr'><strong>τος</strong></span> <span class='ocrx_word' id='word_1_171' title='bbox 2336 865 2575 932; x_wconf 86' lang='grc' dir='ltr'>θανατοῖ,</span> <span class='ocrx_word' id='word_1_172' title='bbox 2611 867 2708 917; x_wconf 74' lang='grc' dir='ltr'>καὶ</span> <span class='ocrx_word' id='word_1_173' title='bbox 2752 866 2818 936; x_wconf 78' lang='grc' dir='ltr'>ζῇ</span> <span class='ocrx_word' id='word_1_174' title='bbox 2853 865 2931 935; x_wconf 83' lang='grc' dir='ltr'>τῷ</span> <span class='ocrx_word' id='word_1_175' title='bbox 2978 865 3097 935; x_wconf 82' lang='grc' dir='ltr'>Θεῷ</span> <span class='ocrx_word' id='word_1_176' title='bbox 3125 864 3444 928; x_wconf 78' lang='grc' dir='ltr'>ὐποπιάζων</span> <span class='ocrx_word' id='word_1_177' title='bbox 3487 864 3579 914; x_wconf 75' lang='grc' dir='ltr'>καὶ</span> <span class='ocrx_word' id='word_1_178' title='bbox 3627 863 3761 915; x_wconf 87' lang='grc' dir='ltr'>δουλ-</span> 
     </span>
    </p>
   </div>
   <div class='ocr_carea' id='block_1_24' title="bbox 2217 951 3764 1025">
    <p class='ocr_par' dir='ltr' id='par_1_24' title="bbox 2217 951 3764 1025">
     <span class='ocr_line' id='line_1_24' title="bbox 2217 951 3764 1025; baseline -0.001 -19"><span class='ocrx_word' id='word_1_179' title='bbox 2217 954 2449 1022; x_wconf 84' lang='grc' dir='ltr'>αγωγῶν</span> <span class='ocrx_word' id='word_1_180' title='bbox 2479 953 2577 1024; x_wconf 77' lang='grc' dir='ltr'><strong>τὴν</strong></span> <span class='ocrx_word' id='word_1_181' title='bbox 2613 955 2811 1025; x_wconf 81' lang='grc' dir='ltr'><strong>σάρκα,</strong></span> <span class='ocrx_word' id='word_1_182' title='bbox 2852 955 2940 1007; x_wconf 81' lang='grc' dir='ltr'>ἵνα</span> <span class='ocrx_word' id='word_1_183' title='bbox 2991 954 3246 1022; x_wconf 80' lang='grc' dir='ltr'>ἐνοικήσῃ</span> <span class='ocrx_word' id='word_1_184' title='bbox 3281 952 3340 1004; x_wconf 93' lang='grc' dir='ltr'><strong>ἐν</strong></span> <span class='ocrx_word' id='word_1_185' title='bbox 3373 951 3520 1022; x_wconf 86' lang='grc' dir='ltr'><strong>αὐτῷ</strong></span> <span class='ocrx_word' id='word_1_186' title='bbox 3552 951 3610 1004; x_wconf 83' lang='grc' dir='ltr'>τὸ</span> <span class='ocrx_word' id='word_1_187' title='bbox 3635 953 3764 1018; x_wconf 73' lang='grc' dir='ltr'>ἅγιον</span> 
     </span>
    </p>
   </div>
   <div class='ocr_carea' id='block_1_25' title="bbox 2218 1043 3761 1119">
    <p class='ocr_par' dir='ltr' id='par_1_25' title="bbox 2218 1043 3761 1119">
     <span class='ocr_line' id='line_1_25' title="bbox 2218 1043 3761 1119; baseline -0.003 -18"><span class='ocrx_word' id='word_1_188' title='bbox 2218 1047 2444 1118; x_wconf 81' lang='grc' dir='ltr'>Πνεῦμα</span> <span class='ocrx_word' id='word_1_189' title='bbox 2479 1049 2537 1100; x_wconf 85' lang='grc' dir='ltr'><strong>τὸ</strong></span> <span class='ocrx_word' id='word_1_190' title='bbox 2559 1048 2853 1119; x_wconf 79' lang='grc' dir='ltr'>εἰρηνικόν.</span> <span class='ocrx_word' id='word_1_191' title='bbox 2889 1047 3001 1100; x_wconf 75' lang='grc' dir='ltr'><strong>Καὶ</strong></span> <span class='ocrx_word' id='word_1_192' title='bbox 3029 1043 3443 1116; x_wconf 79' lang='grc' dir='ltr'>φρουρούμενος</span> <span class='ocrx_word' id='word_1_193' title='bbox 3481 1043 3571 1096; x_wconf 78' lang='grc' dir='ltr'>ὐπ’</span> <span class='ocrx_word' id='word_1_194' title='bbox 3597 1043 3761 1111; x_wconf 81' lang='grc' dir='ltr'>αὐτοῦ,</span> 
     </span>
    </p>
   </div>
   <div class='ocr_carea' id='block_1_26' title="bbox 2219 1133 3765 1211">
    <p class='ocr_par' dir='ltr' id='par_1_26' title="bbox 2219 1133 3765 1211">
     <span class='ocr_line' id='line_1_26' title="bbox 2219 1133 3765 1211; baseline -0.005 -18"><span class='ocrx_word' id='word_1_195' title='bbox 2219 1142 2432 1210; x_wconf 79' lang='grc' dir='ltr'>ποιήσει</span> <span class='ocrx_word' id='word_1_196' title='bbox 2464 1139 2677 1211; x_wconf 72' lang='grc' dir='ltr'>καρπὸν</span> <span class='ocrx_word' id='word_1_197' title='bbox 2711 1138 2972 1202; x_wconf 85' lang='grc' dir='ltr'>πίστεως,</span> <span class='ocrx_word' id='word_1_198' title='bbox 3031 1135 3258 1206; x_wconf 85' lang='grc' dir='ltr'>ἀρετῆς,</span> <span class='ocrx_word' id='word_1_199' title='bbox 3295 1133 3509 1202; x_wconf 74' lang='grc' dir='ltr'>σοφίας,</span> <span class='ocrx_word' id='word_1_200' title='bbox 3548 1135 3765 1202; x_wconf 78' lang='grc' dir='ltr'>ἁγνείας,</span> 
     </span>
    </p>
   </div>
   <div class='ocr_carea' id='block_1_27' title="bbox 2220 1227 3770 1303">
    <p class='ocr_par' dir='ltr' id='par_1_27' title="bbox 2220 1227 3770 1303">
     <span class='ocr_line' id='line_1_27' title="bbox 2220 1227 3770 1303; baseline -0.005 -17"><span class='ocrx_word' id='word_1_201' title='bbox 2220 1236 2568 1303; x_wconf 79' lang='grc' dir='ltr'>ἐγκρατείας,</span> <span class='ocrx_word' id='word_1_202' title='bbox 2588 1233 2830 1302; x_wconf 83' lang='grc' dir='ltr'>ἀγάπης,</span> <span class='ocrx_word' id='word_1_203' title='bbox 2877 1229 3267 1302; x_wconf 82' lang='grc' dir='ltr'><strong>χρηστότητος,</strong></span> <span class='ocrx_word' id='word_1_204' title='bbox 3317 1227 3612 1296; x_wconf 77' lang='grc' dir='ltr'>ὑπομονῆς,</span> <span class='ocrx_word' id='word_1_205' title='bbox 3645 1227 3770 1279; x_wconf 79' lang='grc' dir='ltr'>ἑλπί-</span> 
     </span>
    </p>
   </div>
   <div class='ocr_carea' id='block_1_28' title="bbox 2217 1320 3768 1396">
    <p class='ocr_par' dir='ltr' id='par_1_28' title="bbox 2217 1320 3768 1396">
     <span class='ocr_line' id='line_1_28' title="bbox 2217 1320 3768 1396; baseline -0.003 -18"><span class='ocrx_word' id='word_1_206' title='bbox 2217 1325 2326 1389; x_wconf 87' lang='grc' dir='ltr'>δος,</span> <span class='ocrx_word' id='word_1_207' title='bbox 2384 1325 2676 1395; x_wconf 77' lang='grc' dir='ltr'>ὁμονοίας,</span> <span class='ocrx_word' id='word_1_208' title='bbox 2736 1322 3116 1396; x_wconf 80' lang='grc' dir='ltr'>σωφροσύνης,</span> <span class='ocrx_word' id='word_1_209' title='bbox 3169 1320 3456 1383; x_wconf 74' lang='grc' dir='ltr'>αἰνέσεως,</span> <span class='ocrx_word' id='word_1_210' title='bbox 3505 1320 3768 1388; x_wconf 78' lang='grc' dir='ltr'>ἁγιασμοῦ.</span> 
     </span>
    </p>
   </div>
   <div class='ocr_carea' id='block_1_29' title="bbox 2220 1413 3774 1490">
    <p class='ocr_par' dir='ltr' id='par_1_29' title="bbox 2220 1413 3774 1490">
     <span class='ocr_line' id='line_1_29' title="bbox 2220 1413 3774 1490; baseline -0.005 -20"><span class='ocrx_word' id='word_1_211' title='bbox 2220 1418 2404 1471; x_wconf 77' lang='grc' dir='ltr'>Ταῦτα</span> <span class='ocrx_word' id='word_1_212' title='bbox 2435 1418 2532 1470; x_wconf 76' lang='grc' dir='ltr'><strong>καὶ</strong></span> <span class='ocrx_word' id='word_1_213' title='bbox 2562 1417 2633 1470; x_wconf 77' lang='grc' dir='ltr'>τὰ</span> <span class='ocrx_word' id='word_1_214' title='bbox 2675 1416 2888 1478; x_wconf 85' lang='grc' dir='ltr'>τούτοις</span> <span class='ocrx_word' id='word_1_215' title='bbox 2913 1417 3078 1485; x_wconf 82' lang='grc' dir='ltr'>ὃμοια</span> <span class='ocrx_word' id='word_1_216' title='bbox 3109 1414 3426 1482; x_wconf 76' lang='grc' dir='ltr'>εἰσάγουσιν</span> <span class='ocrx_word' id='word_1_217' title='bbox 3467 1413 3547 1475; x_wconf 83' lang='grc' dir='ltr'><strong>είς</strong></span> <span class='ocrx_word' id='word_1_218' title='bbox 3574 1416 3666 1481; x_wconf 72' lang='grc' dir='ltr'><strong>τὴν</strong></span> <span class='ocrx_word' id='word_1_219' title='bbox 3696 1413 3774 1490; x_wconf 72' lang='grc' dir='ltr'><strong>βα·</strong></span> 
     </span>
    </p>
   </div>
   <div class='ocr_carea' id='block_1_30' title="bbox 2222 1502 3775 1580">
    <p class='ocr_par' dir='ltr' id='par_1_30' title="bbox 2222 1502 3775 1580">
     <span class='ocr_line' id='line_1_30' title="bbox 2222 1502 3775 1580; baseline -0.005 -20"><span class='ocrx_word' id='word_1_220' title='bbox 2222 1507 2425 1560; x_wconf 84' lang='grc' dir='ltr'>σιλείαν</span> <span class='ocrx_word' id='word_1_221' title='bbox 2455 1507 2566 1560; x_wconf 89' lang='grc' dir='ltr'><strong>τῶν</strong></span> <span class='ocrx_word' id='word_1_222' title='bbox 2593 1507 2869 1580; x_wconf 79' lang='grc' dir='ltr'>οὐρανῶν·</span> <span class='ocrx_word' id='word_1_223' title='bbox 2896 1505 2964 1558; x_wconf 82' lang='grc' dir='ltr'>τὰ</span> <span class='ocrx_word' id='word_1_224' title='bbox 2993 1503 3050 1557; x_wconf 85' lang='grc' dir='ltr'><strong>δέ</strong></span> <span class='ocrx_word' id='word_1_225' title='bbox 3079 1503 3426 1574; x_wconf 76' lang='grc' dir='ltr'>προρηῦέντα</span> <span class='ocrx_word' id='word_1_226' title='bbox 3451 1502 3642 1565; x_wconf 79' lang='grc' dir='ltr'>πάντα,</span> <span class='ocrx_word' id='word_1_227' title='bbox 3666 1519 3775 1571; x_wconf 86' lang='grc' dir='ltr'>σαρ-</span> 
     </span>
    </p>
   </div>
   <div class='ocr_carea' id='block_1_31' title="bbox 2227 1593 3774 1672">
    <p class='ocr_par' dir='ltr' id='par_1_31' title="bbox 2227 1593 3774 1672">
     <span class='ocr_line' id='line_1_31' title="bbox 2227 1593 3774 1672; baseline -0.006 -17"><span class='ocrx_word' id='word_1_228' title='bbox 2227 1605 2358 1655; x_wconf 69' lang='grc' dir='ltr'>κικὰ</span> <span class='ocrx_word' id='word_1_229' title='bbox 2385 1603 2731 1672; x_wconf 82' lang='grc' dir='ltr'>φρονήματα,</span> <span class='ocrx_word' id='word_1_230' title='bbox 2779 1596 3056 1669; x_wconf 87' lang='grc' dir='ltr'>βασιλείαν</span> <span class='ocrx_word' id='word_1_231' title='bbox 3094 1595 3342 1667; x_wconf 76' lang='grc' dir='ltr'>οὐρανῶν</span> <span class='ocrx_word' id='word_1_232' title='bbox 3389 1594 3452 1647; x_wconf 91' lang='grc' dir='ltr'><strong>οὐ</strong></span> <span class='ocrx_word' id='word_1_233' title='bbox 3479 1593 3774 1662; x_wconf 76' lang='grc' dir='ltr'>πλησιάζου-</span> 
     </span>
    </p>
   </div>
   <div class='ocr_carea' id='block_1_32' title="bbox 2230 1686 3774 1763">
    <p class='ocr_par' dir='ltr' id='par_1_32' title="bbox 2230 1686 3774 1763">
     <span class='ocr_line' id='line_1_32' title="bbox 2230 1686 3774 1763; baseline -0.006 -15"><span class='ocrx_word' id='word_1_234' title='bbox 2230 1712 2338 1748; x_wconf 93' lang='grc' dir='ltr'>σιν.</span> <span class='ocrx_word' id='word_1_235' title='bbox 2391 1694 2550 1747; x_wconf 71' lang='grc' dir='ltr'>Ἀλλὰ</span> <span class='ocrx_word' id='word_1_236' title='bbox 2591 1693 2719 1763; x_wconf 63' lang='grc' dir='ltr'>πρὶν</span> <span class='ocrx_word' id='word_1_237' title='bbox 2753 1693 2832 1755; x_wconf 89' lang='grc' dir='ltr'><strong>εἰς</strong></span> <span class='ocrx_word' id='word_1_238' title='bbox 2865 1691 3039 1759; x_wconf 82' lang='grc' dir='ltr'>πέρας</span> <span class='ocrx_word' id='word_1_239' title='bbox 3074 1688 3248 1740; x_wconf 81' lang='grc' dir='ltr'>ἐλθεῖν</span> <span class='ocrx_word' id='word_1_240' title='bbox 3290 1687 3381 1740; x_wconf 75' lang='grc' dir='ltr'>τὸν</span> <span class='ocrx_word' id='word_1_241' title='bbox 3443 1686 3774 1755; x_wconf 78' lang='grc' dir='ltr'>προκείμενον</span> 
     </span>
    </p>
   </div>
   <div class='ocr_carea' id='block_1_33' title="bbox 2227 1777 3775 1857">
    <p class='ocr_par' dir='ltr' id='par_1_33' title="bbox 2227 1777 3775 1857">
     <span class='ocr_line' id='line_1_33' title="bbox 2227 1777 3775 1857; baseline -0.008 -18"><span class='ocrx_word' id='word_1_242' title='bbox 2227 1786 2484 1857; x_wconf 75' lang='grc' dir='ltr'>περὶτῆς</span> <span class='ocrx_word' id='word_1_243' title='bbox 2527 1784 2804 1855; x_wconf 79' lang='grc' dir='ltr'>βασιλείας</span> <span class='ocrx_word' id='word_1_244' title='bbox 2851 1782 2962 1834; x_wconf 89' lang='grc' dir='ltr'><strong>τῶν</strong></span> <span class='ocrx_word' id='word_1_245' title='bbox 3009 1779 3256 1852; x_wconf 77' lang='grc' dir='ltr'>οὐρανῶν</span> <span class='ocrx_word' id='word_1_246' title='bbox 3293 1779 3473 1846; x_wconf 86' lang='grc' dir='ltr'>λόγον,</span> <span class='ocrx_word' id='word_1_247' title='bbox 3513 1777 3775 1845; x_wconf 74' lang='grc' dir='ltr'>ἀναγκαῖόν</span> 
     </span>
    </p>
   </div>
   <div class='ocr_carea' id='block_1_34' title="bbox 537 1860 2128 1950">
    <p class='ocr_par' dir='ltr' id='par_1_34' title="bbox 537 1865 2117 1940">
     <span class='ocr_line' id='line_1_34' title="bbox 537 1865 2117 1940; baseline 0.005 -22"><span class='ocrx_word' id='word_1_248' title='bbox 537 1873 624 1920; x_wconf 82' lang='lat' dir='ltr'><strong>est</strong></span> <span class='ocrx_word' id='word_1_249' title='bbox 653 1866 851 1936; x_wconf 78' lang='lat' dir='ltr'><strong>ejus”.</strong></span> <span class='ocrx_word' id='word_1_250' title='bbox 888 1885 906 1918; x_wconf 84' lang='grc' dir='ltr'><strong>ι</strong></span> <span class='ocrx_word' id='word_1_251' title='bbox 934 1865 1036 1933; x_wconf 88' lang='lat' dir='ltr'><strong>Qui</strong></span> <span class='ocrx_word' id='word_1_252' title='bbox 1066 1868 1213 1922; x_wconf 91' lang='lat' dir='ltr'><strong>enim</strong></span> <span class='ocrx_word' id='word_1_253' title='bbox 1245 1867 1513 1937; x_wconf 85' lang='lat' dir='ltr'><strong>Spiritum</strong></span> <span class='ocrx_word' id='word_1_254' title='bbox 1549 1869 1645 1924; x_wconf 92' lang='lat' dir='ltr'><strong>Dei</strong></span> <span class='ocrx_word' id='word_1_255' title='bbox 1673 1869 1859 1935; x_wconf 87' lang='lat' dir='ltr'><strong>habet,</strong></span> <span class='ocrx_word' id='word_1_256' title='bbox 1905 1869 2117 1940; x_wconf 89' lang='lat' dir='ltr'><strong>Spiritu</strong></span> 
     </span>
    </p>
   </div>
   <div class='ocr_carea' id='block_1_35' title="bbox 2230 1860 3774 1950">
    <p class='ocr_par' dir='ltr' id='par_1_35' title="bbox 2230 1869 3774 1950">
     <span class='ocr_line' id='line_1_35' title="bbox 2230 1869 3774 1950; baseline -0.007 -19"><span class='ocrx_word' id='word_1_257' title='bbox 2230 1896 2314 1950; x_wconf 84' lang='grc' dir='ltr'><strong>μοι</strong></span> <span class='ocrx_word' id='word_1_258' title='bbox 2350 1879 2624 1947; x_wconf 80' lang='grc' dir='ltr'>φαίνεται,</span> <span class='ocrx_word' id='word_1_259' title='bbox 2665 1875 2972 1945; x_wconf 74' lang='grc' dir='ltr'>κατάδηλον</span> <span class='ocrx_word' id='word_1_260' title='bbox 3036 1871 3263 1943; x_wconf 79' lang='grc' dir='ltr'>ποιῆσαί</span> <span class='ocrx_word' id='word_1_261' title='bbox 3294 1888 3401 1934; x_wconf 86' lang='grc' dir='ltr'>σοι,</span> <span class='ocrx_word' id='word_1_262' title='bbox 3433 1869 3584 1939; x_wconf 87' lang='grc' dir='ltr'>τίμιε</span> <span class='ocrx_word' id='word_1_263' title='bbox 3621 1869 3774 1938; x_wconf 70' lang='grc' dir='ltr'>Πάτερ</span> 
     </span>
    </p>
   </div>
   <div class='ocr_carea' id='block_1_36' title="bbox 543 1955 2120 2031">
    <p class='ocr_par' dir='ltr' id='par_1_36' title="bbox 543 1955 2120 2031">
     <span class='ocr_line' id='line_1_36' title="bbox 543 1955 2120 2031; baseline 0.003 -21"><span class='ocrx_word' id='word_1_264' title='bbox 543 1955 639 2010; x_wconf 93' lang='lat' dir='ltr'><strong>Dei</strong></span> <span class='ocrx_word' id='word_1_265' title='bbox 671 1956 938 2020; x_wconf 88' lang='lat' dir='ltr'><strong>ambulat,</strong></span> <span class='ocrx_word' id='word_1_266' title='bbox 971 1965 1028 2012; x_wconf 88' lang='lat' dir='ltr'><strong>et</strong></span> <span class='ocrx_word' id='word_1_267' title='bbox 1057 1957 1268 2028; x_wconf 87' lang='lat' dir='ltr'><strong>Spiritu</strong></span> <span class='ocrx_word' id='word_1_268' title='bbox 1296 1957 1394 2013; x_wconf 92' lang='lat' dir='ltr'><strong>Dei</strong></span> <span class='ocrx_word' id='word_1_269' title='bbox 1422 1958 1670 2014; x_wconf 88' lang='lat' dir='ltr'><strong>actiones</strong></span> <span class='ocrx_word' id='word_1_270' title='bbox 1697 1959 1951 2031; x_wconf 89' lang='lat' dir='ltr'><strong>corporis</strong></span> <span class='ocrx_word' id='word_1_271' title='bbox 1973 1976 2120 2015; x_wconf 88' lang='lat' dir='ltr'><strong>mor-</strong></span> 
     </span>
    </p>
   </div>
   <div class='ocr_carea' id='block_1_37' title="bbox 542 2049 2118 2122">
    <p class='ocr_par' dir='ltr' id='par_1_37' title="bbox 542 2049 2118 2122">
     <span class='ocr_line' id='line_1_37' title="bbox 542 2049 2118 2122; baseline 0.003 -19"><span class='ocrx_word' id='word_1_272' title='bbox 542 2049 733 2115; x_wconf 85' lang='lat' dir='ltr'><strong>tiﬁcat,</strong></span> <span class='ocrx_word' id='word_1_273' title='bbox 770 2061 828 2105; x_wconf 91' lang='lat' dir='ltr'><strong>et</strong></span> <span class='ocrx_word' id='word_1_274' title='bbox 879 2049 1019 2105; x_wconf 83' lang='lat' dir='ltr'><strong>vivit</strong></span> <span class='ocrx_word' id='word_1_275' title='bbox 1067 2052 1181 2106; x_wconf 94' lang='lat' dir='ltr'><strong>Deo</strong></span> <span class='ocrx_word' id='word_1_276' title='bbox 1233 2052 1573 2122; x_wconf 89' lang='lat' dir='ltr'><strong>suggillans,</strong></span> <span class='ocrx_word' id='word_1_277' title='bbox 1605 2061 1660 2107; x_wconf 90' lang='lat' dir='ltr'><strong>et</strong></span> <span class='ocrx_word' id='word_1_278' title='bbox 1695 2052 1749 2106; x_wconf 91' lang='lat' dir='ltr'><strong>in</strong></span> <span class='ocrx_word' id='word_1_279' title='bbox 1790 2052 2118 2108; x_wconf 85' lang='lat' dir='ltr'><strong>servitutem</strong></span> 
     </span>
    </p>
   </div>
   <div class='ocr_carea' id='block_1_38' title="bbox 540 2141 2120 2216">
    <p class='ocr_par' dir='ltr' id='par_1_38' title="bbox 540 2141 2120 2216">
     <span class='ocr_line' id='line_1_38' title="bbox 540 2141 2120 2216; baseline 0.003 -20"><span class='ocrx_word' id='word_1_280' title='bbox 540 2141 801 2213; x_wconf 80' lang='lat' dir='ltr'><strong>redigcns</strong></span> <span class='ocrx_word' id='word_1_281' title='bbox 836 2157 1082 2207; x_wconf 87' lang='lat' dir='ltr'><strong>carnem,</strong></span> <span class='ocrx_word' id='word_1_282' title='bbox 1113 2152 1175 2198; x_wconf 91' lang='lat' dir='ltr'><strong>ut</strong></span> <span class='ocrx_word' id='word_1_283' title='bbox 1197 2143 1472 2199; x_wconf 87' lang='lat' dir='ltr'><strong>inhabitet</strong></span> <span class='ocrx_word' id='word_1_284' title='bbox 1503 2144 1560 2199; x_wconf 87' lang='lat' dir='ltr'><strong>in</strong></span> <span class='ocrx_word' id='word_1_285' title='bbox 1614 2159 1680 2200; x_wconf 89' lang='lat' dir='ltr'><strong>eo</strong></span> <span class='ocrx_word' id='word_1_286' title='bbox 1708 2144 1955 2216; x_wconf 87' lang='lat' dir='ltr'><strong>Spiritus</strong></span> <span class='ocrx_word' id='word_1_287' title='bbox 1989 2161 2120 2200; x_wconf 89' lang='lat' dir='ltr'><strong>san-</strong></span> 
     </span>
    </p>
   </div>
   <div class='ocr_carea' id='block_1_39' title="bbox 539 2236 2122 2306">
    <p class='ocr_par' dir='ltr' id='par_1_39' title="bbox 539 2236 2122 2306">
     <span class='ocr_line' id='line_1_39' title="bbox 539 2236 2122 2306; baseline 0.003 -15"><span class='ocrx_word' id='word_1_288' title='bbox 539 2244 684 2301; x_wconf 88' lang='lat' dir='ltr'><strong>ctus,</strong></span> <span class='ocrx_word' id='word_1_289' title='bbox 723 2236 986 2306; x_wconf 70' lang='lat' dir='ltr'><strong>paciﬁcus</strong></span> <span class='ocrx_word' id='word_1_290' title='bbox 1029 2245 1085 2292; x_wconf 90' lang='lat' dir='ltr'><strong>et</strong></span> <span class='ocrx_word' id='word_1_291' title='bbox 1126 2237 1195 2292; x_wconf 90' lang='lat' dir='ltr'><strong>ab</strong></span> <span class='ocrx_word' id='word_1_292' title='bbox 1254 2253 1322 2294; x_wconf 91' lang='lat' dir='ltr'><strong>eo</strong></span> <span class='ocrx_word' id='word_1_293' title='bbox 1349 2238 1686 2305; x_wconf 86' lang='lat' dir='ltr'><strong>custoditus,</strong></span> <span class='ocrx_word' id='word_1_294' title='bbox 1722 2238 1938 2295; x_wconf 89' lang='lat' dir='ltr'><strong>fructus</strong></span> <span class='ocrx_word' id='word_1_295' title='bbox 1993 2238 2122 2295; x_wconf 89' lang='lat' dir='ltr'><strong>ﬁdei</strong></span> 
     </span>
    </p>
   </div>
   <div class='ocr_carea' id='block_1_40' title="bbox 539 2327 2122 2399">
    <p class='ocr_par' dir='ltr' id='par_1_40' title="bbox 539 2327 2122 2399">
     <span class='ocr_line' id='line_1_40' title="bbox 539 2327 2122 2399; baseline 0.003 -17"><span class='ocrx_word' id='word_1_296' title='bbox 539 2327 747 2393; x_wconf 89' lang='lat' dir='ltr'><strong>faciat,</strong></span> <span class='ocrx_word' id='word_1_297' title='bbox 781 2329 1022 2394; x_wconf 88' lang='lat' dir='ltr'><strong>virtutis,</strong></span> <span class='ocrx_word' id='word_1_298' title='bbox 1057 2329 1364 2399; x_wconf 70' lang='lat' dir='ltr'><strong>sapientiae,</strong></span> <span class='ocrx_word' id='word_1_299' title='bbox 1399 2330 1675 2386; x_wconf 90' lang='lat' dir='ltr'><strong>castitatis</strong></span> <span class='ocrx_word' id='word_1_300' title='bbox 1699 2371 1713 2394; x_wconf 92' lang='lat'><strong>,</strong></span> <span class='ocrx_word' id='word_1_301' title='bbox 1741 2332 2122 2398; x_wconf 69' lang='lat' dir='ltr'><strong>continentiae,</strong></span> 
     </span>
    </p>
   </div>
   <div class='ocr_carea' id='block_1_41' title="bbox 539 2419 2123 2493">
    <p class='ocr_par' dir='ltr' id='par_1_41' title="bbox 539 2419 2123 2493">
     <span class='ocr_line' id='line_1_41' title="bbox 539 2419 2123 2493; baseline 0.003 -19"><span class='ocrx_word' id='word_1_302' title='bbox 539 2419 849 2481; x_wconf 86' lang='lat' dir='ltr'><strong>charitatis,</strong></span> <span class='ocrx_word' id='word_1_303' title='bbox 876 2420 1255 2490; x_wconf 85' lang='lat' dir='ltr'><strong>benignitatis,</strong></span> <span class='ocrx_word' id='word_1_304' title='bbox 1281 2421 1586 2492; x_wconf 64' lang='lat' dir='ltr'><strong>patientiae,</strong></span> <span class='ocrx_word' id='word_1_305' title='bbox 1625 2421 1762 2493; x_wconf 90' lang='lat' dir='ltr'><strong>spei,</strong></span> <span class='ocrx_word' id='word_1_306' title='bbox 1790 2423 2123 2490; x_wconf 53' lang='lat' dir='ltr'><strong>concordia,</strong></span> 
     </span>
    </p>
   </div>
   <div class='ocr_carea' id='block_1_42' title="bbox 541 2513 2126 2588">
    <p class='ocr_par' dir='ltr' id='par_1_42' title="bbox 541 2513 2126 2588">
     <span class='ocr_line' id='line_1_42' title="bbox 541 2513 2126 2588; baseline 0.002 -20"><span class='ocrx_word' id='word_1_307' title='bbox 541 2513 942 2582; x_wconf 69' lang='lat' dir='ltr'><strong>temperantim,</strong></span> <span class='ocrx_word' id='word_1_308' title='bbox 984 2513 1164 2568; x_wconf 89' lang='lat' dir='ltr'><strong>laudis</strong></span> <span class='ocrx_word' id='word_1_309' title='bbox 1211 2514 1693 2570; x_wconf 86' lang='lat' dir='ltr'><strong>sanctiﬁcationis.</strong></span> <span class='ocrx_word' id='word_1_310' title='bbox 1747 2515 1964 2588; x_wconf 65' lang='grc'><strong>1244</strong></span> <span class='ocrx_word' id='word_1_311' title='bbox 1996 2517 2126 2571; x_wconf 77' lang='lat' dir='ltr'><strong>llzcc</strong></span> 
     </span>
    </p>
   </div>
   <div class='ocr_carea' id='block_1_43' title="bbox 541 2603 2124 2676">
    <p class='ocr_par' dir='ltr' id='par_1_43' title="bbox 541 2603 2124 2676">
     <span class='ocr_line' id='line_1_43' title="bbox 541 2603 2124 2676; baseline 0.001 -18"><span class='ocrx_word' id='word_1_312' title='bbox 541 2612 599 2659; x_wconf 93' lang='lat' dir='ltr'><strong>et</strong></span> <span class='ocrx_word' id='word_1_313' title='bbox 624 2604 712 2659; x_wconf 92' lang='lat' dir='ltr'><strong>his</strong></span> <span class='ocrx_word' id='word_1_314' title='bbox 743 2603 944 2658; x_wconf 91' lang='lat' dir='ltr'><strong>similia</strong></span> <span class='ocrx_word' id='word_1_315' title='bbox 991 2603 1047 2658; x_wconf 90' lang='lat' dir='ltr'><strong>in</strong></span> <span class='ocrx_word' id='word_1_316' title='bbox 1101 2619 1330 2676; x_wconf 81' lang='lat' dir='ltr'><strong>regnum</strong></span> <span class='ocrx_word' id='word_1_317' title='bbox 1385 2606 1655 2660; x_wconf 66' lang='lat' dir='ltr'><strong>caelorum</strong></span> <span class='ocrx_word' id='word_1_318' title='bbox 1713 2606 2124 2663; x_wconf 88' lang='lat' dir='ltr'><strong>introducunt:</strong></span> 
     </span>
    </p>
   </div>
   <div class='ocr_carea' id='block_1_44' title="bbox 541 2696 2128 2767">
    <p class='ocr_par' dir='ltr' id='par_1_44' title="bbox 541 2696 2128 2767">
     <span class='ocr_line' id='line_1_44' title="bbox 541 2696 2128 2767; baseline 0.002 -16"><span class='ocrx_word' id='word_1_319' title='bbox 541 2712 664 2767; x_wconf 77' lang='lat' dir='ltr'><strong>qua:</strong></span> <span class='ocrx_word' id='word_1_320' title='bbox 687 2712 819 2753; x_wconf 84' lang='lat' dir='ltr'><strong>vero</strong></span> <span class='ocrx_word' id='word_1_321' title='bbox 846 2696 994 2753; x_wconf 87' lang='lat' dir='ltr'><strong>dicta</strong></span> <span class='ocrx_word' id='word_1_322' title='bbox 1018 2707 1145 2752; x_wconf 90' lang='lat' dir='ltr'><strong>ante</strong></span> <span class='ocrx_word' id='word_1_323' title='bbox 1165 2707 1294 2752; x_wconf 92' lang='lat' dir='ltr'><strong>sunt</strong></span> <span class='ocrx_word' id='word_1_324' title='bbox 1325 2699 1512 2753; x_wconf 90' lang='lat' dir='ltr'><strong>omnia</strong></span> <span class='ocrx_word' id='word_1_325' title='bbox 1539 2714 1650 2753; x_wconf 92' lang='lat' dir='ltr'><strong>non</strong></span> <span class='ocrx_word' id='word_1_326' title='bbox 1680 2697 1934 2754; x_wconf 85' lang='lat' dir='ltr'><strong>eﬁiciunt</strong></span> <span class='ocrx_word' id='word_1_327' title='bbox 1953 2709 2012 2753; x_wconf 92' lang='lat' dir='ltr'><strong>ut</strong></span> <span class='ocrx_word' id='word_1_328' title='bbox 2041 2714 2128 2754; x_wconf 89' lang='lat' dir='ltr'><strong>re-</strong></span> 
     </span>
    </p>
   </div>
   <div class='ocr_carea' id='block_1_45' title="bbox 543 2790 2127 2862">
    <p class='ocr_par' dir='ltr' id='par_1_45' title="bbox 543 2790 2127 2862">
     <span class='ocr_line' id='line_1_45' title="bbox 543 2790 2127 2862; baseline 0.002 -17"><span class='ocrx_word' id='word_1_329' title='bbox 543 2790 1365 2862; x_wconf 69' lang='lat' dir='ltr'><strong>gnocmlorumpropinquiores</strong></span> <span class='ocrx_word' id='word_1_330' title='bbox 1396 2793 1590 2848; x_wconf 89' lang='lat' dir='ltr'><strong>simus.</strong></span> <span class='ocrx_word' id='word_1_331' title='bbox 1608 2793 1812 2849; x_wconf 78' lang='lat' dir='ltr'><strong>Verum</strong></span> <span class='ocrx_word' id='word_1_332' title='bbox 1839 2793 2127 2848; x_wconf 81' lang='lat' dir='ltr'><strong>enimvero</strong></span> 
     </span>
    </p>
   </div>
   <div class='ocr_carea' id='block_1_46' title="bbox 545 2882 2129 2955">
    <p class='ocr_par' dir='ltr' id='par_1_46' title="bbox 545 2882 2129 2955">
     <span class='ocr_line' id='line_1_46' title="bbox 545 2882 2129 2955; baseline 0.002 -19"><span class='ocrx_word' id='word_1_333' title='bbox 545 2882 866 2954; x_wconf 90' lang='lat' dir='ltr'><strong>priusquam</strong></span> <span class='ocrx_word' id='word_1_334' title='bbox 899 2882 968 2937; x_wconf 91' lang='lat' dir='ltr'><strong>ad</strong></span> <span class='ocrx_word' id='word_1_335' title='bbox 1009 2883 1172 2938; x_wconf 90' lang='lat' dir='ltr'><strong>ﬁnem</strong></span> <span class='ocrx_word' id='word_1_336' title='bbox 1209 2883 1502 2949; x_wconf 78' lang='lat' dir='ltr'><strong>sermonis,</strong></span> <span class='ocrx_word' id='word_1_337' title='bbox 1528 2884 1622 2954; x_wconf 91' lang='lat' dir='ltr'><strong>qui</strong></span> <span class='ocrx_word' id='word_1_338' title='bbox 1658 2884 1726 2940; x_wconf 92' lang='lat' dir='ltr'><strong>dc</strong></span> <span class='ocrx_word' id='word_1_339' title='bbox 1760 2886 2129 2955; x_wconf 76' lang='lat' dir='ltr'><strong>regno-ecclo-</strong></span> 
     </span>
    </p>
   </div>
   <div class='ocr_carea' id='block_1_47' title="bbox 549 2976 2128 3047">
    <p class='ocr_par' dir='ltr' id='par_1_47' title="bbox 549 2976 2128 3047">
     <span class='ocr_line' id='line_1_47' title="bbox 549 2976 2128 3047; baseline 0.001 -17"><span class='ocrx_word' id='word_1_340' title='bbox 549 2992 670 3030; x_wconf 89' lang='lat' dir='ltr'><strong>rum</strong></span> <span class='ocrx_word' id='word_1_341' title='bbox 703 2976 992 3032; x_wconf 89' lang='lat' dir='ltr'><strong>institutus</strong></span> <span class='ocrx_word' id='word_1_342' title='bbox 1019 2985 1126 3040; x_wconf 89' lang='lat' dir='ltr'><strong>est,</strong></span> <span class='ocrx_word' id='word_1_343' title='bbox 1148 2977 1458 3040; x_wconf 87' lang='lat' dir='ltr'><strong>veniamus,</strong></span> <span class='ocrx_word' id='word_1_344' title='bbox 1486 2991 1671 3047; x_wconf 64' lang='lat' dir='ltr'><strong>operm,</strong></span> <span class='ocrx_word' id='word_1_345' title='bbox 1687 2977 1926 3047; x_wconf 89' lang='lat' dir='ltr'><strong>pretium</strong></span> <span class='ocrx_word' id='word_1_346' title='bbox 1948 2978 2128 3032; x_wconf 90' lang='lat' dir='ltr'><strong>factu-</strong></span> 
     </span>
    </p>
   </div>
   <div class='ocr_carea' id='block_1_48' title="bbox 546 3065 2132 3138">
    <p class='ocr_par' dir='ltr' id='par_1_48' title="bbox 546 3065 2132 3138">
     <span class='ocr_line' id='line_1_48' title="bbox 546 3065 2132 3138; baseline 0.003 -18"><span class='ocrx_word' id='word_1_347' title='bbox 546 3081 643 3122; x_wconf 88' lang='lat' dir='ltr'><strong>rus</strong></span> <span class='ocrx_word' id='word_1_348' title='bbox 664 3067 798 3120; x_wconf 88' lang='lat' dir='ltr'><strong>mihi</strong></span> <span class='ocrx_word' id='word_1_349' title='bbox 823 3065 1036 3131; x_wconf 86' lang='lat' dir='ltr'><strong>videor,</strong></span> <span class='ocrx_word' id='word_1_350' title='bbox 1057 3066 1101 3121; x_wconf 88' lang='lat' dir='ltr'><strong>si</strong></span> <span class='ocrx_word' id='word_1_351' title='bbox 1120 3067 1511 3138; x_wconf 84' lang='lat' dir='ltr'><strong>cogitationem</strong></span> <span class='ocrx_word' id='word_1_352' title='bbox 1535 3083 1654 3122; x_wconf 90' lang='lat' dir='ltr'><strong>eam</strong></span> <span class='ocrx_word' id='word_1_353' title='bbox 1674 3083 1796 3138; x_wconf 70' lang='lat' dir='ltr'><strong>quae</strong></span> <span class='ocrx_word' id='word_1_354' title='bbox 1819 3068 1952 3122; x_wconf 87' lang='lat' dir='ltr'><strong>mihi</strong></span> <span class='ocrx_word' id='word_1_355' title='bbox 1981 3069 2132 3125; x_wconf 88' lang='lat' dir='ltr'><strong>venit</strong></span> 
     </span>
    </p>
   </div>
   <div class='ocr_carea' id='block_1_49' title="bbox 547 3160 2200 3256">
    <p class='ocr_par' dir='ltr' id='par_1_49' title="bbox 547 3160 2200 3256">
     <span class='ocr_line' id='line_1_49' title="bbox 547 3160 2200 3256; baseline -0.001 -40"><span class='ocrx_word' id='word_1_356' title='bbox 547 3162 606 3216; x_wconf 91' lang='lat' dir='ltr'><strong>in</strong></span> <span class='ocrx_word' id='word_1_357' title='bbox 638 3171 879 3216; x_wconf 87' lang='lat' dir='ltr'><strong>mentem</strong></span> <span class='ocrx_word' id='word_1_358' title='bbox 917 3160 1024 3214; x_wconf 92' lang='lat' dir='ltr'><strong>hoc</strong></span> <span class='ocrx_word' id='word_1_359' title='bbox 1073 3170 1322 3231; x_wconf 89' lang='lat' dir='ltr'><strong>tempore</strong></span> <span class='ocrx_word' id='word_1_360' title='bbox 1348 3160 1695 3232; x_wconf 87' lang='lat' dir='ltr'><strong>patefaciam,</strong></span> <span class='ocrx_word' id='word_1_361' title='bbox 1727 3162 1918 3216; x_wconf 77' lang='lat' dir='ltr'><strong>utilem</strong></span> <span class='ocrx_word' id='word_1_362' title='bbox 1953 3162 2126 3232; x_wconf 87' lang='lat' dir='ltr'><strong>ipsam</strong></span> <span class='ocrx_word' id='word_1_363' title='bbox 2158 3200 2200 3256; x_wconf 75' lang='lat' dir='ltr'><strong>C</strong></span> 
     </span>
    </p>
   </div>
   <div class='ocr_carea' id='block_1_50' title="bbox 548 3245 2132 3324">
    <p class='ocr_par' dir='ltr' id='par_1_50' title="bbox 548 3245 2132 3324">
     <span class='ocr_line' id='line_1_50' title="bbox 548 3245 2132 3324; baseline 0.001 -17"><span class='ocrx_word' id='word_1_364' title='bbox 548 3253 782 3308; x_wconf 80' lang='lat' dir='ltr'><strong>fortasse</strong></span> <span class='ocrx_word' id='word_1_365' title='bbox 811 3260 868 3308; x_wconf 91' lang='lat' dir='ltr'><strong>et</strong></span> <span class='ocrx_word' id='word_1_366' title='bbox 890 3252 1316 3308; x_wconf 87' lang='lat' dir='ltr'><strong>convenientem</strong></span> <span class='ocrx_word' id='word_1_367' title='bbox 1349 3245 1591 3308; x_wconf 80' lang='lat' dir='ltr'><strong>sermoni</strong></span> <span class='ocrx_word' id='word_1_368' title='bbox 1619 3253 1687 3308; x_wconf 88' lang='lat' dir='ltr'><strong>de</strong></span> <span class='ocrx_word' id='word_1_369' title='bbox 1736 3269 1907 3324; x_wconf 86' lang='lat' dir='ltr'><strong>regno</strong></span> <span class='ocrx_word' id='word_1_370' title='bbox 1959 3253 2132 3308; x_wconf 84' lang='lat' dir='ltr'><strong>coelo-</strong></span> 
     </span>
    </p>
   </div>
   <div class='ocr_carea' id='block_1_51' title="bbox 548 3345 2131 3418">
    <p class='ocr_par' dir='ltr' id='par_1_51' title="bbox 548 3345 2131 3418">
     <span class='ocr_line' id='line_1_51' title="bbox 548 3345 2131 3418; baseline 0.002 -19"><span class='ocrx_word' id='word_1_371' title='bbox 548 3360 673 3400; x_wconf 83' lang='lat' dir='ltr'><strong>rum</strong></span> <span class='ocrx_word' id='word_1_372' title='bbox 704 3361 718 3399; x_wconf 91' lang='lat'><strong>:</strong></span> <span class='ocrx_word' id='word_1_373' title='bbox 755 3345 864 3399; x_wconf 87' lang='lat' dir='ltr'><strong>imo</strong></span> <span class='ocrx_word' id='word_1_374' title='bbox 894 3345 1062 3402; x_wconf 88' lang='lat' dir='ltr'><strong>etiam</strong></span> <span class='ocrx_word' id='word_1_375' title='bbox 1093 3362 1206 3417; x_wconf 66' lang='lat' dir='ltr'><strong>pra:</strong></span> <span class='ocrx_word' id='word_1_376' title='bbox 1233 3345 1450 3401; x_wconf 68' lang='lat' dir='ltr'><strong>cazteris</strong></span> <span class='ocrx_word' id='word_1_377' title='bbox 1475 3347 1756 3410; x_wconf 89' lang='lat' dir='ltr'><strong>omnibus,</strong></span> <span class='ocrx_word' id='word_1_378' title='bbox 1787 3358 1846 3401; x_wconf 91' lang='lat' dir='ltr'><strong>ut</strong></span> <span class='ocrx_word' id='word_1_379' title='bbox 1871 3347 2131 3418; x_wconf 90' lang='lat' dir='ltr'><strong>equidem</strong></span> 
     </span>
    </p>
   </div>
   <div class='ocr_carea' id='block_1_52' title="bbox 549 3437 2129 3508">
    <p class='ocr_par' dir='ltr' id='par_1_52' title="bbox 549 3437 2129 3508">
     <span class='ocr_line' id='line_1_52' title="bbox 549 3437 2129 3508; baseline 0 -14"><span class='ocrx_word' id='word_1_380' title='bbox 549 3453 775 3501; x_wconf 87' lang='lat' dir='ltr'><strong>censeo,</strong></span> <span class='ocrx_word' id='word_1_381' title='bbox 837 3438 1186 3494; x_wconf 89' lang='lat' dir='ltr'><strong>commodam</strong></span> <span class='ocrx_word' id='word_1_382' title='bbox 1233 3448 1399 3508; x_wconf 89' lang='lat' dir='ltr'><strong>atque</strong></span> <span class='ocrx_word' id='word_1_383' title='bbox 1456 3437 1817 3494; x_wconf 81' lang='lat' dir='ltr'><strong>fructuosam.</strong></span> <span class='ocrx_word' id='word_1_384' title='bbox 1859 3440 2129 3506; x_wconf 89' lang='lat' dir='ltr'><strong>Quoniam</strong></span> 
     </span>
    </p>
   </div>
   <div class='ocr_carea' id='block_1_53' title="bbox 549 3530 2132 3607">
    <p class='ocr_par' dir='ltr' id='par_1_53' title="bbox 549 3530 2132 3607">
     <span class='ocr_line' id='line_1_53' title="bbox 549 3530 2132 3607; baseline -0.001 -20"><span class='ocrx_word' id='word_1_385' title='bbox 549 3531 930 3604; x_wconf 66' lang='lat' dir='ltr'><strong>multiplicatae</strong></span> <span class='ocrx_word' id='word_1_386' title='bbox 960 3540 1090 3588; x_wconf 90' lang='lat' dir='ltr'><strong>sunt</strong></span> <span class='ocrx_word' id='word_1_387' title='bbox 1110 3530 1436 3601; x_wconf 87' lang='lat' dir='ltr'><strong>iniquitates</strong></span> <span class='ocrx_word' id='word_1_388' title='bbox 1469 3539 1675 3585; x_wconf 69' lang='lat' dir='ltr'><strong>nostrze</strong></span> <span class='ocrx_word' id='word_1_389' title='bbox 1721 3542 1777 3607; x_wconf 83' lang='lat' dir='ltr'><strong>et</strong></span> <span class='ocrx_word' id='word_1_390' title='bbox 1809 3532 1988 3602; x_wconf 89' lang='lat' dir='ltr'><strong>capita</strong></span> <span class='ocrx_word' id='word_1_391' title='bbox 2029 3548 2132 3586; x_wconf 89' lang='lat' dir='ltr'><strong>uo-</strong></span> 
     </span>
    </p>
   </div>
   <div class='ocr_carea' id='block_1_54' title="bbox 550 3622 2132 3696">
    <p class='ocr_par' dir='ltr' id='par_1_54' title="bbox 550 3622 2132 3696">
     <span class='ocr_line' id='line_1_54' title="bbox 550 3622 2132 3696; baseline -0.002 -15"><span class='ocrx_word' id='word_1_392' title='bbox 550 3635 664 3683; x_wconf 87' lang='lat' dir='ltr'><strong>stra</strong></span> <span class='ocrx_word' id='word_1_393' title='bbox 719 3639 1082 3696; x_wconf 75' lang='lat' dir='ltr'><strong>supergressa:</strong></span> <span class='ocrx_word' id='word_1_394' title='bbox 1126 3632 1279 3688; x_wconf 85' lang='lat' dir='ltr'><strong>sunt,</strong></span> <span class='ocrx_word' id='word_1_395' title='bbox 1335 3637 1516 3692; x_wconf 88' lang='lat' dir='ltr'><strong>neque</strong></span> <span class='ocrx_word' id='word_1_396' title='bbox 1573 3622 1870 3679; x_wconf 88' lang='lat' dir='ltr'><strong>Cbaldaico</strong></span> <span class='ocrx_word' id='word_1_397' title='bbox 1917 3623 2132 3695; x_wconf 86' lang='lat' dir='ltr'><strong>ﬂagello</strong></span> 
     </span>
    </p>
   </div>
   <div class='ocr_carea' id='block_1_55' title="bbox 550 3713 2132 3785">
    <p class='ocr_par' dir='ltr' id='par_1_55' title="bbox 550 3713 2132 3785">
     <span class='ocr_line' id='line_1_55' title="bbox 550 3713 2132 3785; baseline -0.001 -13"><span class='ocrx_word' id='word_1_398' title='bbox 550 3717 758 3776; x_wconf 87' lang='lat' dir='ltr'><strong>fuimus</strong></span> <span class='ocrx_word' id='word_1_399' title='bbox 786 3715 1054 3778; x_wconf 78' lang='lat' dir='ltr'><strong>‘eruditi;</strong></span> <span class='ocrx_word' id='word_1_400' title='bbox 1089 3730 1269 3785; x_wconf 87' lang='lat' dir='ltr'><strong>neque</strong></span> <span class='ocrx_word' id='word_1_401' title='bbox 1325 3713 1561 3770; x_wconf 81' lang='lat' dir='ltr'><strong>cervicis</strong></span> <span class='ocrx_word' id='word_1_402' title='bbox 1614 3724 1821 3770; x_wconf 82' lang='lat' dir='ltr'><strong>nostrae</strong></span> <span class='ocrx_word' id='word_1_403' title='bbox 1872 3715 2132 3770; x_wconf 86' lang='lat' dir='ltr'><strong>duritiem</strong></span> 
     </span>
    </p>
   </div>
   <div class='ocr_carea' id='block_1_56' title="bbox 545 3806 2134 3882">
    <p class='ocr_par' dir='ltr' id='par_1_56' title="bbox 545 3806 2134 3882">
     <span class='ocr_line' id='line_1_56' title="bbox 545 3806 2134 3882; baseline 0 -18"><span class='ocrx_word' id='word_1_404' title='bbox 545 3811 738 3882; x_wconf 87' lang='lat' dir='ltr'><strong>jugum</strong></span> <span class='ocrx_word' id='word_1_405' title='bbox 768 3809 991 3863; x_wconf 91' lang='lat' dir='ltr'><strong>illorum</strong></span> <span class='ocrx_word' id='word_1_406' title='bbox 1031 3807 1306 3871; x_wconf 86' lang='lat' dir='ltr'><strong>edomuit,</strong></span> <span class='ocrx_word' id='word_1_407' title='bbox 1332 3806 1427 3862; x_wconf 87' lang='lat' dir='ltr'><strong>sed</strong></span> <span class='ocrx_word' id='word_1_408' title='bbox 1459 3807 1644 3863; x_wconf 86' lang='lat' dir='ltr'><strong>adhuc</strong></span> <span class='ocrx_word' id='word_1_409' title='bbox 1664 3809 1718 3864; x_wconf 93' lang='lat' dir='ltr'><strong>in</strong></span> <span class='ocrx_word' id='word_1_410' title='bbox 1762 3810 1922 3865; x_wconf 76' lang='lat' dir='ltr'><strong>malis</strong></span> <span class='ocrx_word' id='word_1_411' title='bbox 1961 3809 2134 3865; x_wconf 87' lang='lat' dir='ltr'><strong>obﬁr-</strong></span> 
     </span>
    </p>
   </div>
   <div class='ocr_carea' id='block_1_57' title="bbox 552 3900 2134 3972">
    <p class='ocr_par' dir='ltr' id='par_1_57' title="bbox 552 3900 2134 3972">
     <span class='ocr_line' id='line_1_57' title="bbox 552 3900 2134 3972; baseline 0.001 -16"><span class='ocrx_word' id='word_1_412' title='bbox 552 3917 810 3957; x_wconf 89' lang='lat' dir='ltr'><strong>mamur:</strong></span> <span class='ocrx_word' id='word_1_413' title='bbox 841 3900 1050 3957; x_wconf 86' lang='lat' dir='ltr'><strong>idcirco</strong></span> <span class='ocrx_word' id='word_1_414' title='bbox 1074 3900 1172 3956; x_wconf 92' lang='lat' dir='ltr'><strong>Dei</strong></span> <span class='ocrx_word' id='word_1_415' title='bbox 1197 3901 1474 3971; x_wconf 90' lang='lat' dir='ltr'><strong>permissu</strong></span> <span class='ocrx_word' id='word_1_416' title='bbox 1505 3901 1716 3972; x_wconf 84' lang='lat' dir='ltr'><strong>plagam</strong></span> <span class='ocrx_word' id='word_1_417' title='bbox 1743 3902 1908 3957; x_wconf 91' lang='lat' dir='ltr'><strong>nobis</strong></span> <span class='ocrx_word' id='word_1_418' title='bbox 1933 3903 2134 3957; x_wconf 81' lang='lat' dir='ltr'><strong>inflixit</strong></span> 
     </span>
    </p>
   </div>
   <div class='ocr_carea' id='block_1_58' title="bbox 554 3984 2132 4066">
    <p class='ocr_par' dir='ltr' id='par_1_58' title="bbox 554 3984 2132 4066">
     <span class='ocr_line' id='line_1_58' title="bbox 554 3984 2132 4066; baseline 0 -16"><span class='ocrx_word' id='word_1_419' title='bbox 554 3984 809 4060; x_wconf 80' lang='lat' dir='ltr'><strong>Satanas,</strong></span> <span class='ocrx_word' id='word_1_420' title='bbox 843 4010 965 4065; x_wconf 66' lang='lat' dir='ltr'><strong>quae</strong></span> <span class='ocrx_word' id='word_1_421' title='bbox 1003 4003 1194 4066; x_wconf 90' lang='lat' dir='ltr'><strong>posset</strong></span> <span class='ocrx_word' id='word_1_422' title='bbox 1253 3993 1466 4050; x_wconf 85' lang='lat' dir='ltr'><strong>viscera</strong></span> <span class='ocrx_word' id='word_1_423' title='bbox 1511 4001 1569 4048; x_wconf 91' lang='lat' dir='ltr'><strong>et</strong></span> <span class='ocrx_word' id='word_1_424' title='bbox 1595 3993 1866 4049; x_wconf 89' lang='lat' dir='ltr'><strong>medullas</strong></span> <span class='ocrx_word' id='word_1_425' title='bbox 1906 4003 1964 4049; x_wconf 90' lang='lat' dir='ltr'><strong>ct</strong></span> <span class='ocrx_word' id='word_1_426' title='bbox 2010 4011 2132 4050; x_wconf 83' lang='lat' dir='ltr'><strong>ossa</strong></span> 
     </span>
    </p>
   </div>
   <div class='ocr_carea' id='block_1_59' title="bbox 553 4085 2136 4159">
    <p class='ocr_par' dir='ltr' id='par_1_59' title="bbox 553 4085 2136 4159">
     <span class='ocr_line' id='line_1_59' title="bbox 553 4085 2136 4159; baseline 0.001 -17"><span class='ocrx_word' id='word_1_427' title='bbox 553 4088 890 4159; x_wconf 74' lang='lat' dir='ltr'><strong>pertingere.</strong></span> <span class='ocrx_word' id='word_1_428' title='bbox 927 4087 1256 4146; x_wconf 86' lang='lat' dir='ltr'><strong>Audivimus</strong></span> <span class='ocrx_word' id='word_1_429' title='bbox 1294 4085 1591 4156; x_wconf 87' lang='lat' dir='ltr'><strong>quemdam</strong></span> <span class='ocrx_word' id='word_1_430' title='bbox 1643 4102 1711 4142; x_wconf 83' lang='lat' dir='ltr'><strong>ex</strong></span> <span class='ocrx_word' id='word_1_431' title='bbox 1749 4086 1968 4142; x_wconf 88' lang='lat' dir='ltr'><strong>Oriente</strong></span> <span class='ocrx_word' id='word_1_432' title='bbox 1996 4104 2136 4158; x_wconf 69' lang='lat' dir='ltr'><strong>pra:-</strong></span> 
     </span>
    </p>
   </div>
   <div class='ocr_carea' id='block_1_60' title="bbox 553 4176 2132 4248">
    <p class='ocr_par' dir='ltr' id='par_1_60' title="bbox 553 4176 2132 4248">
     <span class='ocr_line' id='line_1_60' title="bbox 553 4176 2132 4248; baseline 0 -13"><span class='ocrx_word' id='word_1_433' title='bbox 553 4194 837 4235; x_wconf 86' lang='lat' dir='ltr'><strong>cursorem</strong></span> <span class='ocrx_word' id='word_1_434' title='bbox 890 4177 1215 4234; x_wconf 81' lang='lat' dir='ltr'><strong>Antichristi</strong></span> <span class='ocrx_word' id='word_1_435' title='bbox 1268 4176 1511 4241; x_wconf 90' lang='lat' dir='ltr'><strong>venisse,</strong></span> <span class='ocrx_word' id='word_1_436' title='bbox 1545 4178 1642 4248; x_wconf 90' lang='lat' dir='ltr'><strong>qui</strong></span> <span class='ocrx_word' id='word_1_437' title='bbox 1701 4179 1880 4233; x_wconf 90' lang='lat' dir='ltr'><strong>voluit</strong></span> <span class='ocrx_word' id='word_1_438' title='bbox 1943 4179 2132 4235; x_wconf 87' lang='lat' dir='ltr'><strong>sedem</strong></span> 
     </span>
    </p>
   </div>
   <div class='ocr_carea' id='block_1_61' title="bbox 553 4267 2134 4350">
    <p class='ocr_par' dir='ltr' id='par_1_61' title="bbox 553 4267 2134 4350">
     <span class='ocr_line' id='line_1_61' title="bbox 553 4267 2134 4350; baseline -0.001 -24"><span class='ocrx_word' id='word_1_439' title='bbox 553 4272 952 4332; x_wconf 79' lang='lat' dir='ltr'><strong>Antiochenam</strong></span> <span class='ocrx_word' id='word_1_440' title='bbox 1005 4285 1300 4350; x_wconf 80' lang='lat' dir='ltr'><strong>occupare,</strong></span> <span class='ocrx_word' id='word_1_441' title='bbox 1337 4267 1701 4324; x_wconf 86' lang='lat' dir='ltr'><strong>Athanasium</strong></span> <span class='ocrx_word' id='word_1_442' title='bbox 1748 4268 1973 4324; x_wconf 90' lang='lat' dir='ltr'><strong>nomine</strong></span> <span class='ocrx_word' id='word_1_443' title='bbox 2007 4269 2134 4334; x_wconf 87' lang='lat' dir='ltr'><strong>;vel</strong></span> 
     </span>
    </p>
   </div>
   <div class='ocr_carea' id='block_1_62' title="bbox 554 4361 2130 4433">
    <p class='ocr_par' dir='ltr' id='par_1_62' title="bbox 554 4361 2130 4433">
     <span class='ocr_line' id='line_1_62' title="bbox 554 4361 2130 4433; baseline -0.003 -15"><span class='ocrx_word' id='word_1_444' title='bbox 554 4364 744 4433; x_wconf 87' lang='lat' dir='ltr'><strong>potius</strong></span> <span class='ocrx_word' id='word_1_445' title='bbox 767 4404 782 4429; x_wconf 93' lang='lat'><strong>,</strong></span> <span class='ocrx_word' id='word_1_446' title='bbox 811 4372 1046 4420; x_wconf 88' lang='lat' dir='ltr'><strong>mortem</strong></span> <span class='ocrx_word' id='word_1_447' title='bbox 1107 4364 1480 4420; x_wconf 82' lang='lat' dir='ltr'><strong>immortalem</strong></span> <span class='ocrx_word' id='word_1_448' title='bbox 1512 4379 1525 4417; x_wconf 91' lang='lat'>:</span> <span class='ocrx_word' id='word_1_449' title='bbox 1568 4362 1663 4432; x_wconf 88' lang='lat' dir='ltr'><strong>qui</strong></span> <span class='ocrx_word' id='word_1_450' title='bbox 1722 4361 2089 4431; x_wconf 87' lang='lat' dir='ltr'><strong>Appollinarii</strong></span> <span class='ocrx_word' id='word_1_451' title='bbox 2117 4403 2130 4427; x_wconf 91' lang='lat'><strong>,</strong></span> 
     </span>
    </p>
   </div>
   <div class='ocr_carea' id='block_1_63' title="bbox 556 4454 2134 4530">
    <p class='ocr_par' dir='ltr' id='par_1_63' title="bbox 556 4454 2134 4530">
     <span class='ocr_line' id='line_1_63' title="bbox 556 4454 2134 4530; baseline -0.004 -14"><span class='ocrx_word' id='word_1_452' title='bbox 556 4457 841 4530; x_wconf 84' lang='lat' dir='ltr'><strong>Eutycbis,</strong></span> <span class='ocrx_word' id='word_1_453' title='bbox 868 4456 1058 4513; x_wconf 82' lang='lat' dir='ltr'><strong>Severi</strong></span> <span class='ocrx_word' id='word_1_454' title='bbox 1089 4465 1145 4513; x_wconf 94' lang='lat' dir='ltr'><strong>et</strong></span> <span class='ocrx_word' id='word_1_455' title='bbox 1175 4456 1365 4512; x_wconf 86' lang='lat' dir='ltr'><strong>Jacobi</strong></span> <span class='ocrx_word' id='word_1_456' title='bbox 1401 4456 1656 4526; x_wconf 83' lang='lat' dir='ltr'><strong>dogmata</strong></span> <span class='ocrx_word' id='word_1_457' title='bbox 1691 4454 1938 4525; x_wconf 81' lang='lat' dir='ltr'><strong>divulgat</strong></span> <span class='ocrx_word' id='word_1_458' title='bbox 1978 4471 1991 4507; x_wconf 88' lang='lat'><strong>:</strong></span> <span class='ocrx_word' id='word_1_459' title='bbox 2023 4470 2134 4524; x_wconf 92' lang='lat' dir='ltr'><strong>quo</strong></span> 
     </span>
    </p>
   </div>
   <div class='ocr_carea' id='block_1_64' title="bbox 2223 1963 3772 2038">
    <p class='ocr_par' dir='ltr' id='par_1_64' title="bbox 2223 1963 3772 2038">
     <span class='ocr_line' id='line_1_64' title="bbox 2223 1963 3772 2038; baseline -0.007 -13"><span class='ocrx_word' id='word_1_460' title='bbox 2223 1972 2513 2037; x_wconf 79' lang='grc' dir='ltr'>Εὐστὰοιε,</span> <span class='ocrx_word' id='word_1_461' title='bbox 2546 1971 2605 2024; x_wconf 80' lang='grc' dir='ltr'>τὸ</span> <span class='ocrx_word' id='word_1_462' title='bbox 2627 1967 2946 2023; x_wconf 78' lang='grc' dir='ltr'>ὐπεισελθόν</span> <span class='ocrx_word' id='word_1_463' title='bbox 2966 1984 3056 2038; x_wconf 88' lang='grc' dir='ltr'><strong>μοι</strong></span> <span class='ocrx_word' id='word_1_464' title='bbox 3075 1966 3166 2019; x_wconf 73' lang='grc' dir='ltr'><strong>ἐπὶ</strong></span> <span class='ocrx_word' id='word_1_465' title='bbox 3192 1965 3282 2018; x_wconf 85' lang='grc' dir='ltr'><strong>τοῦ</strong></span> <span class='ocrx_word' id='word_1_466' title='bbox 3305 1964 3574 2035; x_wconf 78' lang='grc' dir='ltr'>παρόντος</span> <span class='ocrx_word' id='word_1_467' title='bbox 3599 1963 3772 2032; x_wconf 76' lang='grc' dir='ltr'>νόημα,</span> 
     </span>
    </p>
   </div>
   <div class='ocr_carea' id='block_1_65' title="bbox 2221 2055 3777 2136">
    <p class='ocr_par' dir='ltr' id='par_1_65' title="bbox 2221 2055 3777 2136">
     <span class='ocr_line' id='line_1_65' title="bbox 2221 2055 3777 2136; baseline -0.009 -16"><span class='ocrx_word' id='word_1_468' title='bbox 2221 2066 2364 2136; x_wconf 82' lang='grc' dir='ltr'>τάχα</span> <span class='ocrx_word' id='word_1_469' title='bbox 2392 2065 2487 2119; x_wconf 72' lang='grc' dir='ltr'>καὶ</span> <span class='ocrx_word' id='word_1_470' title='bbox 2521 2063 2654 2118; x_wconf 80' lang='grc' dir='ltr'>αὐτὸ</span> <span class='ocrx_word' id='word_1_471' title='bbox 2684 2063 2980 2133; x_wconf 85' lang='grc' dir='ltr'>χρήσιμον,</span> <span class='ocrx_word' id='word_1_472' title='bbox 2999 2059 3074 2124; x_wconf 82' lang='grc' dir='ltr'>ὡς</span> <span class='ocrx_word' id='word_1_473' title='bbox 3108 2059 3274 2124; x_wconf 75' lang='grc' dir='ltr'>εἰκὸς,</span> <span class='ocrx_word' id='word_1_474' title='bbox 3315 2057 3394 2128; x_wconf 82' lang='grc' dir='ltr'><strong>τῷ</strong></span> <span class='ocrx_word' id='word_1_475' title='bbox 3424 2056 3554 2127; x_wconf 70' lang='grc' dir='ltr'>περὶ</span> <span class='ocrx_word' id='word_1_476' title='bbox 3581 2055 3674 2124; x_wconf 71' lang='grc' dir='ltr'>τῆς</span> <span class='ocrx_word' id='word_1_477' title='bbox 3695 2055 3777 2124; x_wconf 80' lang='grc' dir='ltr'><strong>βα-</strong></span> 
     </span>
    </p>
   </div>
   <div class='ocr_carea' id='block_1_66' title="bbox 2226 2148 3778 2227">
    <p class='ocr_par' dir='ltr' id='par_1_66' title="bbox 2226 2148 3778 2227">
     <span class='ocr_line' id='line_1_66' title="bbox 2226 2148 3778 2227; baseline -0.008 -15"><span class='ocrx_word' id='word_1_478' title='bbox 2226 2159 2430 2222; x_wconf 82' lang='grc' dir='ltr'>σιλείας</span> <span class='ocrx_word' id='word_1_479' title='bbox 2464 2158 2640 2227; x_wconf 78' lang='grc' dir='ltr'>λόγῳο</span> <span class='ocrx_word' id='word_1_480' title='bbox 2682 2154 2883 2222; x_wconf 80' lang='grc' dir='ltr'>μᾶλλον</span> <span class='ocrx_word' id='word_1_481' title='bbox 2932 2155 2989 2207; x_wconf 79' lang='grc' dir='ltr'>δὲ</span> <span class='ocrx_word' id='word_1_482' title='bbox 3024 2153 3120 2205; x_wconf 70' lang='grc' dir='ltr'>καὶ</span> <span class='ocrx_word' id='word_1_483' title='bbox 3151 2151 3293 2220; x_wconf 78' lang='grc' dir='ltr'>ὑπὲρ</span> <span class='ocrx_word' id='word_1_484' title='bbox 3328 2150 3512 2203; x_wconf 80' lang='grc' dir='ltr'>πάντα</span> <span class='ocrx_word' id='word_1_485' title='bbox 3540 2148 3686 2209; x_wconf 78' lang='grc' dir='ltr'>ἄλλα,</span> <span class='ocrx_word' id='word_1_486' title='bbox 3716 2148 3778 2211; x_wconf 87' lang='grc' dir='ltr'><strong>ὡς</strong></span> 
     </span>
    </p>
   </div>
   <div class='ocr_carea' id='block_1_67' title="bbox 2225 2239 3777 2321">
    <p class='ocr_par' dir='ltr' id='par_1_67' title="bbox 2225 2239 3777 2321">
     <span class='ocr_line' id='line_1_67' title="bbox 2225 2239 3777 2321; baseline -0.007 -18"><span class='ocrx_word' id='word_1_487' title='bbox 2225 2249 2415 2321; x_wconf 78' lang='grc' dir='ltr'>ἔμοιγε</span> <span class='ocrx_word' id='word_1_488' title='bbox 2462 2249 2628 2314; x_wconf 76' lang='grc' dir='ltr'>δοκεῖ,</span> <span class='ocrx_word' id='word_1_489' title='bbox 2665 2246 2944 2315; x_wconf 71' lang='grc' dir='ltr'>ὠφέλιμον</span> <span class='ocrx_word' id='word_1_490' title='bbox 2994 2244 3088 2298; x_wconf 69' lang='grc' dir='ltr'><strong>καὶ</strong></span> <span class='ocrx_word' id='word_1_491' title='bbox 3140 2241 3446 2305; x_wconf 85' lang='grc' dir='ltr'>λυσιτελές.</span> <span class='ocrx_word' id='word_1_492' title='bbox 3486 2239 3696 2310; x_wconf 74' lang='grc' dir='ltr'>Ἐπειδὴ</span> <span class='ocrx_word' id='word_1_493' title='bbox 3732 2240 3777 2292; x_wconf 79' lang='lat' dir='ltr'><strong>ai</strong></span> 
     </span>
    </p>
   </div>
   <div class='ocr_carea' id='block_1_68' title="bbox 2225 2332 3780 2412">
    <p class='ocr_par' dir='ltr' id='par_1_68' title="bbox 2225 2332 3780 2412">
     <span class='ocr_line' id='line_1_68' title="bbox 2225 2332 3780 2412; baseline -0.01 -14"><span class='ocrx_word' id='word_1_494' title='bbox 2225 2343 2447 2412; x_wconf 84' lang='grc' dir='ltr'>ἀνομίαι</span> <span class='ocrx_word' id='word_1_495' title='bbox 2475 2339 2630 2411; x_wconf 83' lang='grc' dir='ltr'>ἡμῶν</span> <span class='ocrx_word' id='word_1_496' title='bbox 2649 2338 2979 2409; x_wconf 77' lang='grc' dir='ltr'>ἐπλήθυναν,</span> <span class='ocrx_word' id='word_1_497' title='bbox 3005 2336 3102 2390; x_wconf 76' lang='grc' dir='ltr'>καὶ</span> <span class='ocrx_word' id='word_1_498' title='bbox 3129 2335 3414 2407; x_wconf 78' lang='grc' dir='ltr'>ὐπερῆραν</span> <span class='ocrx_word' id='word_1_499' title='bbox 3439 2334 3542 2397; x_wconf 73' lang='grc' dir='ltr'><strong>τὰς</strong></span> <span class='ocrx_word' id='word_1_500' title='bbox 3571 2332 3780 2402; x_wconf 74' lang='grc' dir='ltr'>κεφαλὰς</span> 
     </span>
    </p>
   </div>
   <div class='ocr_carea' id='block_1_69' title="bbox 2225 2425 3776 2506">
    <p class='ocr_par' dir='ltr' id='par_1_69' title="bbox 2225 2425 3776 2506">
     <span class='ocr_line' id='line_1_69' title="bbox 2225 2425 3776 2506; baseline -0.008 -20"><span class='ocrx_word' id='word_1_501' title='bbox 2225 2433 2404 2506; x_wconf 81' lang='grc' dir='ltr'>ήμῶν,</span> <span class='ocrx_word' id='word_1_502' title='bbox 2441 2433 2534 2486; x_wconf 73' lang='grc' dir='ltr'>καὶ</span> <span class='ocrx_word' id='word_1_503' title='bbox 2556 2432 2656 2485; x_wconf 86' lang='grc' dir='ltr'><strong>οὐκ</strong></span> <span class='ocrx_word' id='word_1_504' title='bbox 2680 2428 3084 2500; x_wconf 81' lang='grc' dir='ltr'>ἐπαιδεύθημεν</span> <span class='ocrx_word' id='word_1_505' title='bbox 3110 2431 3176 2498; x_wconf 87' lang='grc' dir='ltr'><strong>τῇ</strong></span> <span class='ocrx_word' id='word_1_506' title='bbox 3211 2427 3498 2497; x_wconf 77' lang='grc' dir='ltr'>Χαλδαῖκῇ</span> <span class='ocrx_word' id='word_1_507' title='bbox 3563 2425 3776 2495; x_wconf 80' lang='grc' dir='ltr'>μάστιγι,</span> 
     </span>
    </p>
   </div>
   <div class='ocr_carea' id='block_1_70' title="bbox 2227 2515 3779 2594">
    <p class='ocr_par' dir='ltr' id='par_1_70' title="bbox 2227 2515 3779 2594">
     <span class='ocr_line' id='line_1_70' title="bbox 2227 2515 3779 2594; baseline -0.008 -16"><span class='ocrx_word' id='word_1_508' title='bbox 2227 2525 2350 2578; x_wconf 88' lang='grc' dir='ltr'><strong>οὐδέ</strong></span> <span class='ocrx_word' id='word_1_509' title='bbox 2384 2523 2655 2593; x_wconf 80' lang='grc' dir='ltr'>ἐδάμασεν</span> <span class='ocrx_word' id='word_1_510' title='bbox 2672 2518 3241 2594; x_wconf 54' lang='grc' dir='ltr'>ττσκληροτράχηλον</span> <span class='ocrx_word' id='word_1_511' title='bbox 3270 2517 3431 2588; x_wconf 79' lang='grc' dir='ltr'>ἡμῶν</span> <span class='ocrx_word' id='word_1_512' title='bbox 3465 2517 3494 2568; x_wconf 80' lang='grc' dir='ltr'><strong>ό</strong></span> <span class='ocrx_word' id='word_1_513' title='bbox 3525 2515 3678 2584; x_wconf 73' lang='grc' dir='ltr'>ζυγὸς</span> <span class='ocrx_word' id='word_1_514' title='bbox 3700 2515 3779 2566; x_wconf 76' lang='grc' dir='ltr'><strong>αὖ·</strong></span> 
     </span>
    </p>
   </div>
   <div class='ocr_carea' id='block_1_71' title="bbox 2227 2608 3778 2684">
    <p class='ocr_par' dir='ltr' id='par_1_71' title="bbox 2227 2608 3778 2684">
     <span class='ocr_line' id='line_1_71' title="bbox 2227 2608 3778 2684; baseline -0.007 -14"><span class='ocrx_word' id='word_1_515' title='bbox 2227 2617 2357 2682; x_wconf 89' lang='grc' dir='ltr'>τῶν,</span> <span class='ocrx_word' id='word_1_516' title='bbox 2393 2615 2508 2669; x_wconf 78' lang='grc' dir='ltr'>ἀλλ’</span> <span class='ocrx_word' id='word_1_517' title='bbox 2539 2613 2618 2667; x_wconf 75' lang='grc' dir='ltr'>ἔτι</span> <span class='ocrx_word' id='word_1_518' title='bbox 2657 2613 2857 2684; x_wconf 77' lang='grc' dir='ltr'>μᾶλλον</span> <span class='ocrx_word' id='word_1_519' title='bbox 2891 2612 2980 2666; x_wconf 74' lang='grc' dir='ltr'>ἐπὶ</span> <span class='ocrx_word' id='word_1_520' title='bbox 3013 2615 3124 2674; x_wconf 89' lang='grc' dir='ltr'>τοῖς</span> <span class='ocrx_word' id='word_1_521' title='bbox 3163 2613 3355 2675; x_wconf 83' lang='grc' dir='ltr'>κακοῖς</span> <span class='ocrx_word' id='word_1_522' title='bbox 3400 2608 3778 2680; x_wconf 77' lang='grc' dir='ltr'>ἁνδριούμεθα·</span> 
     </span>
    </p>
   </div>
   <div class='ocr_carea' id='block_1_72' title="bbox 2227 2703 3781 2779">
    <p class='ocr_par' dir='ltr' id='par_1_72' title="bbox 2227 2703 3781 2779">
     <span class='ocr_line' id='line_1_72' title="bbox 2227 2703 3781 2779; baseline -0.007 -16"><span class='ocrx_word' id='word_1_523' title='bbox 2227 2709 2421 2763; x_wconf 88' lang='grc' dir='ltr'>τούτου</span> <span class='ocrx_word' id='word_1_524' title='bbox 2471 2709 2630 2779; x_wconf 86' lang='grc' dir='ltr'>χάριν</span> <span class='ocrx_word' id='word_1_525' title='bbox 2684 2709 2749 2760; x_wconf 73' lang='grc' dir='ltr'><strong>ἐκ</strong></span> <span class='ocrx_word' id='word_1_526' title='bbox 2785 2706 3195 2776; x_wconf 85' lang='grc' dir='ltr'>συγχωρήσεως</span> <span class='ocrx_word' id='word_1_527' title='bbox 3257 2703 3436 2769; x_wconf 81' lang='grc' dir='ltr'>Θεοῦ,</span> <span class='ocrx_word' id='word_1_528' title='bbox 3508 2704 3781 2772; x_wconf 75' lang='grc' dir='ltr'>ἐπήνεγκεν</span> 
     </span>
    </p>
   </div>
   <div class='ocr_carea' id='block_1_73' title="bbox 2229 2793 3780 2874">
    <p class='ocr_par' dir='ltr' id='par_1_73' title="bbox 2229 2793 3780 2874">
     <span class='ocr_line' id='line_1_73' title="bbox 2229 2793 3780 2874; baseline -0.008 -20"><span class='ocrx_word' id='word_1_529' title='bbox 2229 2803 2361 2874; x_wconf 79' lang='grc' dir='ltr'>ἡμῖν</span> <span class='ocrx_word' id='word_1_530' title='bbox 2388 2804 2416 2854; x_wconf 84' lang='grc' dir='ltr'>ὁ</span> <span class='ocrx_word' id='word_1_531' title='bbox 2445 2799 2688 2862; x_wconf 79' lang='grc' dir='ltr'>Σατανᾶς</span> <span class='ocrx_word' id='word_1_532' title='bbox 2707 2798 2939 2869; x_wconf 78' lang='grc' dir='ltr'>πληγὴν,</span> <span class='ocrx_word' id='word_1_533' title='bbox 2970 2797 3278 2867; x_wconf 81' lang='grc' dir='ltr'>δυναμένην</span> <span class='ocrx_word' id='word_1_534' title='bbox 3334 2795 3433 2848; x_wconf 69' lang='grc' dir='ltr'>καὶ</span> <span class='ocrx_word' id='word_1_535' title='bbox 3467 2793 3780 2862; x_wconf 71' lang='grc' dir='ltr'>σπλάγχνων,</span> 
     </span>
    </p>
   </div>
   <div class='ocr_carea' id='block_1_74' title="bbox 2230 2888 3778 2965">
    <p class='ocr_par' dir='ltr' id='par_1_74' title="bbox 2230 2888 3778 2965">
     <span class='ocr_line' id='line_1_74' title="bbox 2230 2888 3778 2965; baseline -0.007 -16"><span class='ocrx_word' id='word_1_536' title='bbox 2230 2896 2325 2949; x_wconf 70' lang='grc' dir='ltr'>καὶ</span> <span class='ocrx_word' id='word_1_537' title='bbox 2368 2894 2599 2965; x_wconf 80' lang='grc' dir='ltr'>μυελῶν,</span> <span class='ocrx_word' id='word_1_538' title='bbox 2631 2893 2726 2946; x_wconf 72' lang='grc' dir='ltr'>καὶ</span> <span class='ocrx_word' id='word_1_539' title='bbox 2757 2892 2960 2946; x_wconf 82' lang='grc' dir='ltr'>ὀστέων</span> <span class='ocrx_word' id='word_1_540' title='bbox 2984 2891 3248 2960; x_wconf 67' lang='grc' dir='ltr'>ἅψασθαι.</span> <span class='ocrx_word' id='word_1_541' title='bbox 3281 2888 3632 2958; x_wconf 87' lang='grc' dir='ltr'>Ἦκούσαμέν</span> <span class='ocrx_word' id='word_1_542' title='bbox 3679 2904 3778 2940; x_wconf 85' lang='grc' dir='ltr'>τινα</span> 
     </span>
    </p>
   </div>
   <div class='ocr_carea' id='block_1_75' title="bbox 2231 2979 3780 3058">
    <p class='ocr_par' dir='ltr' id='par_1_75' title="bbox 2231 2979 3780 3058">
     <span class='ocr_line' id='line_1_75' title="bbox 2231 2979 3780 3058; baseline -0.007 -18"><span class='ocrx_word' id='word_1_543' title='bbox 2231 2987 2552 3058; x_wconf 72' lang='grc' dir='ltr'>ἐληλυθέναι</span> <span class='ocrx_word' id='word_1_544' title='bbox 2573 2988 2638 3056; x_wconf 84' lang='grc' dir='ltr'>τῇ</span> <span class='ocrx_word' id='word_1_545' title='bbox 2659 2985 2890 3054; x_wconf 79' lang='grc' dir='ltr'>ἀνατολῇ</span> <span class='ocrx_word' id='word_1_546' title='bbox 2927 2983 3237 3055; x_wconf 77' lang='grc' dir='ltr'>πρόδρομον</span> <span class='ocrx_word' id='word_1_547' title='bbox 3269 2982 3365 3034; x_wconf 76' lang='grc' dir='ltr'><strong>τοῦ</strong></span> <span class='ocrx_word' id='word_1_548' title='bbox 3405 2979 3780 3050; x_wconf 79' lang='grc' dir='ltr'>Ἀντιχρίστου,</span> 
     </span>
    </p>
   </div>
   <div class='ocr_carea' id='block_1_76' title="bbox 2233 3066 3783 3152">
    <p class='ocr_par' dir='ltr' id='par_1_76' title="bbox 2233 3066 3783 3152">
     <span class='ocr_line' id='line_1_76' title="bbox 2233 3066 3783 3152; baseline -0.011 -16"><span class='ocrx_word' id='word_1_549' title='bbox 2233 3081 2455 3136; x_wconf 84' lang='grc' dir='ltr'>θέλοντα</span> <span class='ocrx_word' id='word_1_550' title='bbox 2479 3080 2570 3134; x_wconf 80' lang='grc' dir='ltr'><strong>τὸν</strong></span> <span class='ocrx_word' id='word_1_551' title='bbox 2595 3079 2784 3152; x_wconf 79' lang='grc' dir='ltr'>θρόνον</span> <span class='ocrx_word' id='word_1_552' title='bbox 2807 3077 2906 3147; x_wconf 77' lang='grc' dir='ltr'><strong>τῆς</strong></span> <span class='ocrx_word' id='word_1_553' title='bbox 2946 3074 3265 3146; x_wconf 77' lang='grc' dir='ltr'>’Δντιοχέων</span> <span class='ocrx_word' id='word_1_554' title='bbox 3288 3073 3606 3143; x_wconf 83' lang='grc' dir='ltr'>κατασχεῖν,</span> <span class='ocrx_word' id='word_1_555' title='bbox 3643 3066 3783 3122; x_wconf 75' lang='grc' dir='ltr'><strong>Ἀθα-</strong></span> 
     </span>
    </p>
   </div>
   <div class='ocr_carea' id='block_1_77' title="bbox 2233 3160 3783 3240">
    <p class='ocr_par' dir='ltr' id='par_1_77' title="bbox 2233 3160 3783 3240">
     <span class='ocr_line' id='line_1_77' title="bbox 2233 3160 3783 3240; baseline -0.011 -16"><span class='ocrx_word' id='word_1_556' title='bbox 2233 3173 2419 3226; x_wconf 84' lang='grc' dir='ltr'>νὰσιον</span> <span class='ocrx_word' id='word_1_557' title='bbox 2462 3169 2560 3240; x_wconf 80' lang='grc' dir='ltr'>μὲν</span> <span class='ocrx_word' id='word_1_558' title='bbox 2603 3166 3178 3240; x_wconf 79' lang='grc' dir='ltr'>προσαγορευόμενον·</span> <span class='ocrx_word' id='word_1_559' title='bbox 3209 3163 3411 3236; x_wconf 74' lang='grc' dir='ltr'>μᾶλλον</span> <span class='ocrx_word' id='word_1_560' title='bbox 3450 3163 3530 3225; x_wconf 83' lang='grc' dir='ltr'>δὲ,</span> <span class='ocrx_word' id='word_1_561' title='bbox 3585 3160 3783 3213; x_wconf 75' lang='grc' dir='ltr'>Θάνατον</span> 
     </span>
    </p>
   </div>
   <div class='ocr_carea' id='block_1_78' title="bbox 2232 3246 3784 3329">
    <p class='ocr_par' dir='ltr' id='par_1_78' title="bbox 2232 3246 3784 3329">
     <span class='ocr_line' id='line_1_78' title="bbox 2232 3246 3784 3329; baseline -0.01 -13"><span class='ocrx_word' id='word_1_562' title='bbox 2232 3263 2525 3329; x_wconf 77' lang='grc' dir='ltr'>ἀθάνατον,</span> <span class='ocrx_word' id='word_1_563' title='bbox 2558 3260 2627 3316; x_wconf 81' lang='grc' dir='ltr'><strong>τὰ</strong></span> <span class='ocrx_word' id='word_1_564' title='bbox 2673 3260 2729 3315; x_wconf 86' lang='grc' dir='ltr'><strong>δέ</strong></span> <span class='ocrx_word' id='word_1_565' title='bbox 2768 3258 3204 3329; x_wconf 83' lang='grc' dir='ltr'>Ἀπολλιναρίου,</span> <span class='ocrx_word' id='word_1_566' title='bbox 3239 3257 3337 3311; x_wconf 66' lang='grc' dir='ltr'>καὶ</span> <span class='ocrx_word' id='word_1_567' title='bbox 3374 3251 3667 3324; x_wconf 81' lang='grc' dir='ltr'>Εὐτυχοῦς,</span> <span class='ocrx_word' id='word_1_568' title='bbox 3707 3246 3784 3303; x_wconf 76' lang='grc' dir='ltr'>καὶ</span> 
     </span>
    </p>
   </div>
   <div class='ocr_carea' id='block_1_79' title="bbox 2234 3340 3781 3426">
    <p class='ocr_par' dir='ltr' id='par_1_79' title="bbox 2234 3340 3781 3426">
     <span class='ocr_line' id='line_1_79' title="bbox 2234 3340 3781 3426; baseline -0.011 -16"><span class='ocrx_word' id='word_1_569' title='bbox 2234 3356 2498 3426; x_wconf 78' lang='grc' dir='ltr'>Σεϐήρου,</span> <span class='ocrx_word' id='word_1_570' title='bbox 2529 3354 2624 3409; x_wconf 80' lang='grc' dir='ltr'>καὶ</span> <span class='ocrx_word' id='word_1_571' title='bbox 2654 3351 2940 3417; x_wconf 72' lang='grc' dir='ltr'>Ἰακώϐου,</span> <span class='ocrx_word' id='word_1_572' title='bbox 2975 3351 3223 3420; x_wconf 81' lang='grc' dir='ltr'>δόγματα</span> <span class='ocrx_word' id='word_1_573' title='bbox 3257 3347 3625 3418; x_wconf 80' lang='grc' dir='ltr'>κηρύττοντα.</span> <span class='ocrx_word' id='word_1_574' title='bbox 3655 3340 3781 3412; x_wconf 72' lang='grc' dir='ltr'><strong>Αὕτη</strong></span> 
     </span>
    </p>
   </div>
   <div class='ocr_carea' id='block_1_80' title="bbox 2233 3434 3786 3518">
    <p class='ocr_par' dir='ltr' id='par_1_80' title="bbox 2233 3434 3786 3518">
     <span class='ocr_line' id='line_1_80' title="bbox 2233 3434 3786 3518; baseline -0.01 -17"><span class='ocrx_word' id='word_1_575' title='bbox 2233 3449 2267 3518; x_wconf 80' lang='grc' dir='ltr'>ἡ</span> <span class='ocrx_word' id='word_1_576' title='bbox 2296 3448 2433 3517; x_wconf 80' lang='grc' dir='ltr'>ἀκοὴ</span> <span class='ocrx_word' id='word_1_577' title='bbox 2463 3445 2524 3498; x_wconf 91' lang='grc' dir='ltr'><strong>οὐ</strong></span> <span class='ocrx_word' id='word_1_578' title='bbox 2593 3443 2831 3515; x_wconf 79' lang='grc' dir='ltr'>μετρίως</span> <span class='ocrx_word' id='word_1_579' title='bbox 2862 3441 3095 3512; x_wconf 71' lang='grc' dir='ltr'>ἐτάραξε</span> <span class='ocrx_word' id='word_1_580' title='bbox 3124 3441 3250 3503; x_wconf 85' lang='grc' dir='ltr'><strong>τούς</strong></span> <span class='ocrx_word' id='word_1_581' title='bbox 3278 3439 3378 3508; x_wconf 80' lang='grc' dir='ltr'>τῆς</span> <span class='ocrx_word' id='word_1_582' title='bbox 3418 3437 3584 3506; x_wconf 82' lang='grc' dir='ltr'>ἁγίας</span> <span class='ocrx_word' id='word_1_583' title='bbox 3610 3434 3786 3495; x_wconf 80' lang='grc' dir='ltr'>πόλεως</span> 
     </span>
    </p>
   </div>
   <div class='ocr_carea' id='block_1_81' title="bbox 2233 3527 3784 3610">
    <p class='ocr_par' dir='ltr' id='par_1_81' title="bbox 2233 3527 3784 3610">
     <span class='ocr_line' id='line_1_81' title="bbox 2233 3527 3784 3610; baseline -0.008 -20"><span class='ocrx_word' id='word_1_584' title='bbox 2233 3537 2546 3610; x_wconf 81' lang='grc' dir='ltr'>όροοδὸξους</span> <span class='ocrx_word' id='word_1_585' title='bbox 2562 3536 2883 3606; x_wconf 75' lang='grc' dir='ltr'>οἰκήτορας,</span> <span class='ocrx_word' id='word_1_586' title='bbox 2905 3535 2998 3586; x_wconf 81' lang='grc' dir='ltr'>καὶ</span> <span class='ocrx_word' id='word_1_587' title='bbox 3018 3533 3087 3586; x_wconf 83' lang='grc' dir='ltr'><strong>τὰ</strong></span> <span class='ocrx_word' id='word_1_588' title='bbox 3101 3549 3164 3585; x_wconf 84' lang='grc' dir='ltr'><strong>πε</strong></span> <span class='ocrx_word' id='word_1_589' title='bbox 3175 3531 3228 3603; x_wconf 67' lang='lat' dir='ltr'><strong>pl.</strong></span> <span class='ocrx_word' id='word_1_590' title='bbox 3248 3530 3422 3602; x_wconf 85' lang='grc' dir='ltr'>αὐτὴν</span> <span class='ocrx_word' id='word_1_591' title='bbox 3452 3527 3784 3599; x_wconf 69' lang='grc' dir='ltr'>μοναστήρια.</span> 
     </span>
    </p>
   </div>
   <div class='ocr_carea' id='block_1_82' title="bbox 2246 3617 3786 3700">
    <p class='ocr_par' dir='ltr' id='par_1_82' title="bbox 2246 3617 3786 3700">
     <span class='ocr_line' id='line_1_82' title="bbox 2246 3617 3786 3700; baseline -0.01 -18"><span class='ocrx_word' id='word_1_592' title='bbox 2246 3629 2465 3700; x_wconf 77' lang='grc' dir='ltr'>Ἐπειδὴ</span> <span class='ocrx_word' id='word_1_593' title='bbox 2490 3627 2605 3692; x_wconf 79' lang='grc' dir='ltr'>οῦν,</span> <span class='ocrx_word' id='word_1_594' title='bbox 2630 3627 2704 3691; x_wconf 89' lang='grc' dir='ltr'>ὡς</span> <span class='ocrx_word' id='word_1_595' title='bbox 2731 3623 3044 3696; x_wconf 80' lang='grc' dir='ltr'>γέγραπταί</span> <span class='ocrx_word' id='word_1_596' title='bbox 3076 3642 3186 3695; x_wconf 86' lang='grc' dir='ltr'>μοι,</span> <span class='ocrx_word' id='word_1_597' title='bbox 3232 3620 3438 3684; x_wconf 80' lang='grc' dir='ltr'>πολλὰς</span> <span class='ocrx_word' id='word_1_598' title='bbox 3474 3618 3678 3691; x_wconf 77' lang='grc' dir='ltr'>χώρας,</span> <span class='ocrx_word' id='word_1_599' title='bbox 3712 3617 3786 3669; x_wconf 72' lang='grc' dir='ltr'>καὶ</span> 
     </span>
    </p>
   </div>
   <div class='ocr_carea' id='block_1_83' title="bbox 2233 3711 3788 3792">
    <p class='ocr_par' dir='ltr' id='par_1_83' title="bbox 2233 3711 3788 3792">
     <span class='ocr_line' id='line_1_83' title="bbox 2233 3711 3788 3792; baseline -0.01 -16"><span class='ocrx_word' id='word_1_600' title='bbox 2233 3723 2452 3785; x_wconf 82' lang='grc' dir='ltr'>τόπους,</span> <span class='ocrx_word' id='word_1_601' title='bbox 2473 3721 2569 3774; x_wconf 74' lang='grc' dir='ltr'>καὶ</span> <span class='ocrx_word' id='word_1_602' title='bbox 2595 3721 2796 3792; x_wconf 81' lang='grc' dir='ltr'>νήσους</span> <span class='ocrx_word' id='word_1_603' title='bbox 2824 3718 2882 3785; x_wconf 75' lang='grc' dir='ltr'>ἐξ</span> <span class='ocrx_word' id='word_1_604' title='bbox 2923 3719 3168 3786; x_wconf 73' lang='grc' dir='ltr'>ἀνάγκης</span> <span class='ocrx_word' id='word_1_605' title='bbox 3202 3713 3500 3784; x_wconf 76' lang='grc' dir='ltr'>ἀμείϐεται</span> <span class='ocrx_word' id='word_1_606' title='bbox 3519 3727 3533 3743; x_wconf 77' lang='grc'><strong>⁸</strong></span> <span class='ocrx_word' id='word_1_607' title='bbox 3559 3711 3648 3764; x_wconf 70' lang='grc' dir='ltr'><strong>καὶ</strong></span> <span class='ocrx_word' id='word_1_608' title='bbox 3675 3727 3788 3776; x_wconf 77' lang='grc' dir='ltr'>συμ-</span> 
     </span>
    </p>
   </div>
   <div class='ocr_carea' id='block_1_84' title="bbox 2236 3795 3785 3882">
    <p class='ocr_par' dir='ltr' id='par_1_84' title="bbox 2236 3795 3785 3882">
     <span class='ocr_line' id='line_1_84' title="bbox 2236 3795 3785 3882; baseline -0.009 -16"><span class='ocrx_word' id='word_1_609' title='bbox 2236 3814 2412 3868; x_wconf 75' lang='grc' dir='ltr'>ϐαίνει</span> <span class='ocrx_word' id='word_1_610' title='bbox 2447 3812 2648 3875; x_wconf 76' lang='grc' dir='ltr'>πολλὰς</span> <span class='ocrx_word' id='word_1_611' title='bbox 2683 3811 2924 3882; x_wconf 78' lang='grc' dir='ltr'>αἱρέσεις</span> <span class='ocrx_word' id='word_1_612' title='bbox 2947 3811 3027 3872; x_wconf 83' lang='grc' dir='ltr'><strong>εἰς</strong></span> <span class='ocrx_word' id='word_1_613' title='bbox 3076 3807 3368 3877; x_wconf 70' lang='grc' dir='ltr'>διαφόρους</span> <span class='ocrx_word' id='word_1_614' title='bbox 3394 3805 3599 3866; x_wconf 81' lang='grc' dir='ltr'>τόπους</span> <span class='ocrx_word' id='word_1_615' title='bbox 3643 3795 3785 3855; x_wconf 78' lang='grc' dir='ltr'>εἶναι·</span> 
     </span>
    </p>
   </div>
   <div class='ocr_carea' id='block_1_85' title="bbox 2236 3895 3784 3974">
    <p class='ocr_par' dir='ltr' id='par_1_85' title="bbox 2236 3895 3784 3974">
     <span class='ocr_line' id='line_1_85' title="bbox 2236 3895 3784 3974; baseline -0.008 -17"><span class='ocrx_word' id='word_1_616' title='bbox 2236 3903 2324 3957; x_wconf 83' lang='grc' dir='ltr'>ἵνα</span> <span class='ocrx_word' id='word_1_617' title='bbox 2363 3904 2559 3974; x_wconf 83' lang='grc' dir='ltr'>μήπως</span> <span class='ocrx_word' id='word_1_618' title='bbox 2587 3903 2644 3968; x_wconf 79' lang='grc' dir='ltr'>ἐξ</span> <span class='ocrx_word' id='word_1_619' title='bbox 2683 3901 2907 3970; x_wconf 86' lang='grc' dir='ltr'>ἀγνοίας</span> <span class='ocrx_word' id='word_1_620' title='bbox 2931 3899 3037 3952; x_wconf 75' lang='grc' dir='ltr'>τινὶ</span> <span class='ocrx_word' id='word_1_621' title='bbox 3068 3897 3243 3951; x_wconf 87' lang='grc' dir='ltr'>αὐτῶν</span> <span class='ocrx_word' id='word_1_622' title='bbox 3279 3899 3642 3967; x_wconf 77' lang='grc' dir='ltr'>περιπέσητε,</span> <span class='ocrx_word' id='word_1_623' title='bbox 3676 3895 3784 3961; x_wconf 71' lang='grc' dir='ltr'><strong>ἐςήο</strong></span> 
     </span>
    </p>
   </div>
   <div class='ocr_carea' id='block_1_86' title="bbox 2203 3986 3790 4066">
    <p class='ocr_par' dir='ltr' id='par_1_86' title="bbox 2203 3986 3790 4066">
     <span class='ocr_line' id='line_1_86' title="bbox 2203 3986 3790 4066; baseline -0.009 -17"><span class='ocrx_word' id='word_1_624' title='bbox 2203 4063 2206 4066; x_wconf 21' lang='lat'>.</span> <span class='ocrx_word' id='word_1_625' title='bbox 2239 4013 2382 4066; x_wconf 83' lang='grc' dir='ltr'>μανα</span> <span class='ocrx_word' id='word_1_626' title='bbox 2420 3995 2547 4064; x_wconf 86' lang='grc' dir='ltr'>ὑμῖν</span> <span class='ocrx_word' id='word_1_627' title='bbox 2580 3993 2758 4056; x_wconf 87' lang='grc' dir='ltr'>πάσας</span> <span class='ocrx_word' id='word_1_628' title='bbox 2789 3991 2888 4054; x_wconf 81' lang='grc' dir='ltr'>τὰς</span> <span class='ocrx_word' id='word_1_629' title='bbox 2914 3990 3177 4061; x_wconf 83' lang='grc' dir='ltr'>αἱρέσει-ς,</span> <span class='ocrx_word' id='word_1_630' title='bbox 3211 3988 3311 4051; x_wconf 71' lang='grc' dir='ltr'><strong>τὰς</strong></span> <span class='ocrx_word' id='word_1_631' title='bbox 3342 3986 3455 4040; x_wconf 73' lang='grc' dir='ltr'><strong>ἀπὸ</strong></span> <span class='ocrx_word' id='word_1_632' title='bbox 3487 3987 3588 4056; x_wconf 76' lang='grc' dir='ltr'>τῆς</span> <span class='ocrx_word' id='word_1_633' title='bbox 3615 3999 3790 4053; x_wconf 63' lang='lat' dir='ltr'><strong>mpm:-</strong></span> 
     </span>
    </p>
   </div>
   <div class='ocr_carea' id='block_1_87' title="bbox 2237 4074 3790 4158">
    <p class='ocr_par' dir='ltr' id='par_1_87' title="bbox 2237 4074 3790 4158">
     <span class='ocr_line' id='line_1_87' title="bbox 2237 4074 3790 4158; baseline -0.01 -17"><span class='ocrx_word' id='word_1_634' title='bbox 2237 4088 2358 4152; x_wconf 83' lang='grc' dir='ltr'>σίας</span> <span class='ocrx_word' id='word_1_635' title='bbox 2386 4085 2480 4140; x_wconf 89' lang='grc' dir='ltr'><strong>τοῦ</strong></span> <span class='ocrx_word' id='word_1_636' title='bbox 2504 4084 2741 4158; x_wconf 87' lang='grc' dir='ltr'>Χριστοῦ</span> <span class='ocrx_word' id='word_1_637' title='bbox 2776 4084 2881 4148; x_wconf 76' lang='grc' dir='ltr'>ἕως</span> <span class='ocrx_word' id='word_1_638' title='bbox 2909 4081 3001 4136; x_wconf 86' lang='grc' dir='ltr'><strong>τοῦ</strong></span> <span class='ocrx_word' id='word_1_639' title='bbox 3027 4081 3140 4145; x_wconf 83' lang='grc' dir='ltr'>νῦν,</span> <span class='ocrx_word' id='word_1_640' title='bbox 3160 4081 3248 4134; x_wconf 81' lang='grc' dir='ltr'>ἵνα</span> <span class='ocrx_word' id='word_1_641' title='bbox 3270 4079 3364 4132; x_wconf 68' lang='grc' dir='ltr'>καὶ</span> <span class='ocrx_word' id='word_1_642' title='bbox 3393 4080 3580 4147; x_wconf 87' lang='grc' dir='ltr'>ὐμεῖς,</span> <span class='ocrx_word' id='word_1_643' title='bbox 3613 4076 3682 4138; x_wconf 82' lang='grc' dir='ltr'>ὡς</span> <span class='ocrx_word' id='word_1_644' title='bbox 3705 4074 3790 4127; x_wconf 66' lang='lat' dir='ltr'><strong>{uti</strong></span> 
     </span>
    </p>
   </div>
   <div class='ocr_carea' id='block_1_88' title="bbox 2233 4168 3789 4250">
    <p class='ocr_par' dir='ltr' id='par_1_88' title="bbox 2233 4168 3789 4250">
     <span class='ocr_line' id='line_1_88' title="bbox 2233 4168 3789 4250; baseline -0.01 -17"><span class='ocrx_word' id='word_1_645' title='bbox 2233 4181 2410 4250; x_wconf 72' lang='grc' dir='ltr'>ὄφεων</span> <span class='ocrx_word' id='word_1_646' title='bbox 2440 4177 2710 4248; x_wconf 79' lang='grc' dir='ltr'>φυλὰξητε</span> <span class='ocrx_word' id='word_1_647' title='bbox 2736 4175 2964 4238; x_wconf 79' lang='grc' dir='ltr'>ἐαυτούς</span> <span class='ocrx_word' id='word_1_648' title='bbox 2995 4175 3091 4227; x_wconf 76' lang='grc' dir='ltr'><strong>ἀπ’</strong></span> <span class='ocrx_word' id='word_1_649' title='bbox 3123 4173 3327 4234; x_wconf 83' lang='grc' dir='ltr'>αὐτῶν,</span> <span class='ocrx_word' id='word_1_650' title='bbox 3359 4171 3461 4224; x_wconf 69' lang='grc' dir='ltr'>καὶ</span> <span class='ocrx_word' id='word_1_651' title='bbox 3479 4173 3527 4223; x_wconf 81' lang='grc' dir='ltr'>οἱ</span> <span class='ocrx_word' id='word_1_652' title='bbox 3557 4168 3789 4237; x_wconf 70' lang='grc' dir='ltr'>σῦνύμίν.</span> 
     </span>
    </p>
   </div>
   <div class='ocr_carea' id='block_1_89' title="bbox 2247 4259 3788 4340">
    <p class='ocr_par' dir='ltr' id='par_1_89' title="bbox 2247 4259 3788 4340">
     <span class='ocr_line' id='line_1_89' title="bbox 2247 4259 3788 4340; baseline -0.011 -12"><span class='ocrx_word' id='word_1_653' title='bbox 2247 4274 2411 4328; x_wconf 83' lang='grc' dir='ltr'>Ἀλλὰ</span> <span class='ocrx_word' id='word_1_654' title='bbox 2438 4272 2518 4338; x_wconf 81' lang='grc' dir='ltr'><strong>τὸ,</strong></span> <span class='ocrx_word' id='word_1_655' title='bbox 2554 4271 2672 4332; x_wconf 89' lang='grc' dir='ltr'><strong>πῶς</strong></span> <span class='ocrx_word' id='word_1_656' title='bbox 2706 4269 2806 4340; x_wconf 80' lang='grc' dir='ltr'>μὲν</span> <span class='ocrx_word' id='word_1_657' title='bbox 2845 4271 3035 4338; x_wconf 73' lang='grc' dir='ltr'>φρονεῖ</span> <span class='ocrx_word' id='word_1_658' title='bbox 3061 4267 3265 4337; x_wconf 73' lang='grc' dir='ltr'>ἑκάστη</span> <span class='ocrx_word' id='word_1_659' title='bbox 3314 4264 3559 4336; x_wconf 80' lang='grc' dir='ltr'>αἵρεσις,</span> <span class='ocrx_word' id='word_1_660' title='bbox 3601 4263 3658 4316; x_wconf 81' lang='grc' dir='ltr'><strong>οὐ</strong></span> <span class='ocrx_word' id='word_1_661' title='bbox 3712 4259 3788 4314; x_wconf 76' lang='grc' dir='ltr'><strong>τού</strong></span> 
     </span>
    </p>
   </div>
   <div class='ocr_carea' id='block_1_90' title="bbox 2237 4356 3788 4438">
    <p class='ocr_par' dir='ltr' id='par_1_90' title="bbox 2237 4356 3788 4438">
     <span class='ocr_line' id='line_1_90' title="bbox 2237 4356 3788 4438; baseline -0.011 -18"><span class='ocrx_word' id='word_1_662' title='bbox 2237 4365 2503 4438; x_wconf 82' lang='grc' dir='ltr'>παρόντος</span> <span class='ocrx_word' id='word_1_663' title='bbox 2532 4362 2727 4434; x_wconf 84' lang='grc' dir='ltr'>καιροῦ</span> <span class='ocrx_word' id='word_1_664' title='bbox 2757 4360 2961 4430; x_wconf 87' lang='grc' dir='ltr'>λέγειν.</span> <span class='ocrx_word' id='word_1_665' title='bbox 2988 4359 3160 4413; x_wconf 83' lang='grc' dir='ltr'>Τοῦτο</span> <span class='ocrx_word' id='word_1_666' title='bbox 3191 4358 3248 4411; x_wconf 88' lang='grc' dir='ltr'><strong>δέ</strong></span> <span class='ocrx_word' id='word_1_667' title='bbox 3281 4375 3363 4410; x_wconf 91' lang='grc' dir='ltr'><strong>σοι</strong></span> <span class='ocrx_word' id='word_1_668' title='bbox 3397 4356 3546 4410; x_wconf 76' lang='grc' dir='ltr'>ἔστω</span> <span class='ocrx_word' id='word_1_669' title='bbox 3599 4356 3788 4424; x_wconf 76' lang='grc' dir='ltr'>σημεῖον</span> 
     </span>
    </p>
   </div>
   <div class='ocr_carea' id='block_1_91' title="bbox 2237 4441 3792 4529">
    <p class='ocr_par' dir='ltr' id='par_1_91' title="bbox 2237 4441 3792 4529">
     <span class='ocr_line' id='line_1_91' title="bbox 2237 4441 3792 4529; baseline -0.012 -19"><span class='ocrx_word' id='word_1_670' title='bbox 2237 4457 2373 4529; x_wconf 74' lang='grc' dir='ltr'>πρὸς</span> <span class='ocrx_word' id='word_1_671' title='bbox 2400 4453 2697 4524; x_wconf 84' lang='grc' dir='ltr'>ἀσφάλειαν</span> <span class='ocrx_word' id='word_1_672' title='bbox 2735 4453 3003 4522; x_wconf 85' lang='grc' dir='ltr'>σύντομον</span> <span class='ocrx_word' id='word_1_673' title='bbox 3033 4450 3126 4502; x_wconf 74' lang='grc' dir='ltr'>καὶ</span> <span class='ocrx_word' id='word_1_674' title='bbox 3159 4449 3378 4520; x_wconf 79' lang='grc' dir='ltr'>βέϐαιον</span> <span class='ocrx_word' id='word_1_675' title='bbox 3403 4464 3419 4478; x_wconf 75' lang='grc' dir='ltr'><strong><em>ο</em></strong></span> <span class='ocrx_word' id='word_1_676' title='bbox 3473 4447 3650 4501; x_wconf 74' lang='grc' dir='ltr'>Πᾶσαι</span> <span class='ocrx_word' id='word_1_677' title='bbox 3677 4441 3792 4512; x_wconf 74' lang='grc' dir='ltr'>αἱρέ-</span> 
     </span>
    </p>
   </div>
   <div class='ocr_carea' id='block_1_92' title="bbox 559 4533 2128 4616">
    <p class='ocr_par' dir='ltr' id='par_1_92' title="bbox 559 4547 2128 4609">
     <span class='ocr_line' id='line_1_92' title="bbox 559 4547 2128 4609; baseline -0.001 -5"><span class='ocrx_word' id='word_1_678' title='bbox 559 4567 779 4608; x_wconf 85' lang='lat' dir='ltr'><strong>rumore</strong></span> <span class='ocrx_word' id='word_1_679' title='bbox 813 4561 1016 4607; x_wconf 58' lang='lat' dir='ltr'><strong>sanctas</strong></span> <span class='ocrx_word' id='word_1_680' title='bbox 1037 4551 1200 4609; x_wconf 91' lang='lat' dir='ltr'><strong>Urbis</strong></span> <span class='ocrx_word' id='word_1_681' title='bbox 1226 4550 1519 4606; x_wconf 80' lang='lat' dir='ltr'><strong>orthodoxi</strong></span> <span class='ocrx_word' id='word_1_682' title='bbox 1552 4550 1746 4604; x_wconf 68' lang='lat' dir='ltr'><strong>incolae</strong></span> <span class='ocrx_word' id='word_1_683' title='bbox 1780 4564 1891 4602; x_wconf 91' lang='lat' dir='ltr'><strong>non</strong></span> <span class='ocrx_word' id='word_1_684' title='bbox 1920 4547 2128 4602; x_wconf 85' lang='lat' dir='ltr'><strong>medio-</strong></span> 
     </span>
    </p>
   </div>
   <div class='ocr_carea' id='block_1_93' title="bbox 2230 4533 3794 4616">
    <p class='ocr_par' dir='ltr' id='par_1_93' title="bbox 2238 4533 3794 4616">
     <span class='ocr_line' id='line_1_93' title="bbox 2238 4533 3794 4616; baseline -0.012 -14"><span class='ocrx_word' id='word_1_685' title='bbox 2238 4565 2350 4612; x_wconf 88' lang='grc' dir='ltr'>σεις</span> <span class='ocrx_word' id='word_1_686' title='bbox 2371 4545 2683 4616; x_wconf 80' lang='grc' dir='ltr'>ἐπ’ὀνόματι</span> <span class='ocrx_word' id='word_1_687' title='bbox 2701 4543 2991 4614; x_wconf 83' lang='grc' dir='ltr'>ἀνθρώπου</span> <span class='ocrx_word' id='word_1_688' title='bbox 3019 4540 3444 4610; x_wconf 77' lang='grc' dir='ltr'>ὀνομαζόμεναι,</span> <span class='ocrx_word' id='word_1_689' title='bbox 3465 4533 3600 4600; x_wconf 73' lang='grc' dir='ltr'>οἷον,</span> <span class='ocrx_word' id='word_1_690' title='bbox 3619 4537 3794 4603; x_wconf 84' lang='grc' dir='ltr'>Ἀρεια·</span> 
     </span>
    </p>
   </div>
   <div class='ocr_carea' id='block_1_94' title="bbox 557 4643 2134 4715">
    <p class='ocr_par' dir='ltr' id='par_1_94' title="bbox 557 4643 2134 4715">
     <span class='ocr_line' id='line_1_94' title="bbox 557 4643 2134 4715; baseline -0.003 -16"><span class='ocrx_word' id='word_1_691' title='bbox 557 4646 728 4704; x_wconf 82' lang='lat' dir='ltr'><strong>eritcr</strong></span> <span class='ocrx_word' id='word_1_692' title='bbox 758 4661 883 4700; x_wconf 91' lang='lat' dir='ltr'><strong>cum</strong></span> <span class='ocrx_word' id='word_1_693' title='bbox 918 4646 1290 4710; x_wconf 88' lang='lat' dir='ltr'><strong>monasteriis,</strong></span> <span class='ocrx_word' id='word_1_694' title='bbox 1315 4661 1438 4715; x_wconf 74' lang='lat' dir='ltr'><strong>qua:</strong></span> <span class='ocrx_word' id='word_1_695' title='bbox 1455 4645 1600 4699; x_wconf 86' lang='lat' dir='ltr'><strong>circa</strong></span> <span class='ocrx_word' id='word_1_696' title='bbox 1634 4643 1804 4706; x_wconf 88' lang='lat' dir='ltr'><strong>illam,</strong></span> <span class='ocrx_word' id='word_1_697' title='bbox 1847 4648 1976 4696; x_wconf 90' lang='lat' dir='ltr'><strong>sunt</strong></span> <span class='ocrx_word' id='word_1_698' title='bbox 2003 4657 2134 4711; x_wconf 91' lang='lat' dir='ltr'><strong>pcr-</strong></span> 
     </span>
    </p>
   </div>
   <div class='ocr_carea' id='block_1_95' title="bbox 559 4733 2135 4806">
    <p class='ocr_par' dir='ltr' id='par_1_95' title="bbox 559 4733 2135 4806">
     <span class='ocr_line' id='line_1_95' title="bbox 559 4733 2135 4806; baseline -0.003 -15"><span class='ocrx_word' id='word_1_699' title='bbox 559 4736 788 4796; x_wconf 82' lang='lat' dir='ltr'><strong>turbati.</strong></span> <span class='ocrx_word' id='word_1_700' title='bbox 821 4735 1053 4803; x_wconf 85' lang='lat' dir='ltr'><strong>Quando</strong></span> <span class='ocrx_word' id='word_1_701' title='bbox 1108 4735 1299 4806; x_wconf 79' lang='lat' dir='ltr'><strong>igitur,</strong></span> <span class='ocrx_word' id='word_1_702' title='bbox 1339 4747 1403 4792; x_wconf 89' lang='lat' dir='ltr'><strong>ut</strong></span> <span class='ocrx_word' id='word_1_703' title='bbox 1449 4735 1518 4789; x_wconf 89' lang='lat' dir='ltr'><strong>ad</strong></span> <span class='ocrx_word' id='word_1_704' title='bbox 1568 4751 1656 4791; x_wconf 91' lang='lat' dir='ltr'><strong>me</strong></span> <span class='ocrx_word' id='word_1_705' title='bbox 1708 4733 1978 4803; x_wconf 86' lang='lat' dir='ltr'><strong>scriptum</strong></span> <span class='ocrx_word' id='word_1_706' title='bbox 2028 4740 2135 4796; x_wconf 91' lang='lat' dir='ltr'><strong>est,</strong></span> 
     </span>
    </p>
   </div>
   <div class='ocr_carea' id='block_1_96' title="bbox 560 4824 2139 4898">
    <p class='ocr_par' dir='ltr' id='par_1_96' title="bbox 560 4824 2139 4898">
     <span class='ocr_line' id='line_1_96' title="bbox 560 4824 2139 4898; baseline -0.003 -16"><span class='ocrx_word' id='word_1_707' title='bbox 560 4829 765 4885; x_wconf 86' lang='lat' dir='ltr'><strong>multos</strong></span> <span class='ocrx_word' id='word_1_708' title='bbox 789 4843 957 4898; x_wconf 84' lang='lat' dir='ltr'><strong>pagos</strong></span> <span class='ocrx_word' id='word_1_709' title='bbox 985 4836 1042 4883; x_wconf 89' lang='lat' dir='ltr'><strong>et</strong></span> <span class='ocrx_word' id='word_1_710' title='bbox 1070 4828 1189 4884; x_wconf 89' lang='lat' dir='ltr'><strong>loca</strong></span> <span class='ocrx_word' id='word_1_711' title='bbox 1215 4837 1272 4882; x_wconf 89' lang='lat' dir='ltr'><strong>et</strong></span> <span class='ocrx_word' id='word_1_712' title='bbox 1301 4828 1513 4884; x_wconf 87' lang='lat' dir='ltr'><strong>insulas</strong></span> <span class='ocrx_word' id='word_1_713' title='bbox 1543 4835 1822 4897; x_wconf 87' lang='lat' dir='ltr'><strong>pererrat,</strong></span> <span class='ocrx_word' id='word_1_714' title='bbox 1844 4833 1903 4880; x_wconf 90' lang='lat' dir='ltr'><strong>et</strong></span> <span class='ocrx_word' id='word_1_715' title='bbox 1932 4824 2139 4880; x_wconf 90' lang='lat' dir='ltr'><strong>accidit</strong></span> 
     </span>
    </p>
   </div>
   <div class='ocr_carea' id='block_1_97' title="bbox 560 4920 2140 4990">
    <p class='ocr_par' dir='ltr' id='par_1_97' title="bbox 560 4920 2140 4990">
     <span class='ocr_line' id='line_1_97' title="bbox 560 4920 2140 4990; baseline -0.001 -17"><span class='ocrx_word' id='word_1_716' title='bbox 560 4930 622 4976; x_wconf 85' lang='lat' dir='ltr'><strong>ut</strong></span> <span class='ocrx_word' id='word_1_717' title='bbox 645 4920 881 4976; x_wconf 87' lang='lat' dir='ltr'><strong>diversis</strong></span> <span class='ocrx_word' id='word_1_718' title='bbox 914 4920 970 4976; x_wconf 93' lang='lat' dir='ltr'><strong>in</strong></span> <span class='ocrx_word' id='word_1_719' title='bbox 1004 4920 1143 4976; x_wconf 84' lang='lat' dir='ltr'><strong>locis</strong></span> <span class='ocrx_word' id='word_1_720' title='bbox 1167 4921 1408 4978; x_wconf 73' lang='lat' dir='ltr'><strong>hzereses</strong></span> <span class='ocrx_word' id='word_1_721' title='bbox 1441 4920 1630 4975; x_wconf 76' lang='lat' dir='ltr'><strong>multae</strong></span> <span class='ocrx_word' id='word_1_722' title='bbox 1677 4925 2034 4990; x_wconf 89' lang='lat' dir='ltr'><strong>sparguntur,</strong></span> <span class='ocrx_word' id='word_1_723' title='bbox 2071 4932 2140 4971; x_wconf 89' lang='lat' dir='ltr'><strong>ne</strong></span> 
     </span>
    </p>
   </div>
   <div class='ocr_carea' id='block_1_98' title="bbox 561 5011 2141 5084">
    <p class='ocr_par' dir='ltr' id='par_1_98' title="bbox 561 5011 2141 5084">
     <span class='ocr_line' id='line_1_98' title="bbox 561 5011 2141 5084; baseline -0.003 -16"><span class='ocrx_word' id='word_1_724' title='bbox 561 5013 700 5068; x_wconf 82' lang='lat' dir='ltr'><strong>forte</strong></span> <span class='ocrx_word' id='word_1_725' title='bbox 738 5021 966 5083; x_wconf 90' lang='lat' dir='ltr'><strong>propter</strong></span> <span class='ocrx_word' id='word_1_726' title='bbox 1016 5014 1385 5084; x_wconf 77' lang='lat' dir='ltr'><strong>ignorantiam</strong></span> <span class='ocrx_word' id='word_1_727' title='bbox 1421 5014 1663 5084; x_wconf 90' lang='lat' dir='ltr'><strong>aliquem</strong></span> <span class='ocrx_word' id='word_1_728' title='bbox 1718 5011 1940 5068; x_wconf 90' lang='lat' dir='ltr'><strong>illorum</strong></span> <span class='ocrx_word' id='word_1_729' title='bbox 1987 5011 2141 5065; x_wconf 86' lang='lat' dir='ltr'><strong>inva—</strong></span> 
     </span>
    </p>
   </div>
   <div class='ocr_carea' id='block_1_99' title="bbox 559 5101 2140 5176">
    <p class='ocr_par' dir='ltr' id='par_1_99' title="bbox 559 5101 2140 5176">
     <span class='ocr_line' id='line_1_99' title="bbox 559 5101 2140 5176; baseline -0.001 -18"><span class='ocrx_word' id='word_1_730' title='bbox 559 5106 672 5169; x_wconf 88' lang='lat' dir='ltr'><strong>dat,</strong></span> <span class='ocrx_word' id='word_1_731' title='bbox 708 5119 901 5161; x_wconf 91' lang='lat' dir='ltr'><strong>omnes</strong></span> <span class='ocrx_word' id='word_1_732' title='bbox 945 5105 1106 5162; x_wconf 87' lang='lat' dir='ltr'><strong>vobis</strong></span> <span class='ocrx_word' id='word_1_733' title='bbox 1153 5106 1392 5164; x_wconf 63' lang='lat' dir='ltr'><strong>hmreses</strong></span> <span class='ocrx_word' id='word_1_734' title='bbox 1423 5121 1546 5176; x_wconf 70' lang='lat' dir='ltr'><strong>quae</strong></span> <span class='ocrx_word' id='word_1_735' title='bbox 1584 5105 1653 5160; x_wconf 89' lang='lat' dir='ltr'><strong>ab</strong></span> <span class='ocrx_word' id='word_1_736' title='bbox 1690 5104 1932 5163; x_wconf 85' lang='lat' dir='ltr'><strong>adventu</strong></span> <span class='ocrx_word' id='word_1_737' title='bbox 1973 5101 2140 5159; x_wconf 91' lang='lat' dir='ltr'><strong>Chri-</strong></span> 
     </span>
    </p>
   </div>
   <div class='ocr_carea' id='block_1_100' title="bbox 560 5193 2143 5267">
    <p class='ocr_par' dir='ltr' id='par_1_100' title="bbox 560 5193 2143 5267">
     <span class='ocr_line' id='line_1_100' title="bbox 560 5193 2143 5267; baseline -0.001 -18"><span class='ocrx_word' id='word_1_738' title='bbox 560 5194 634 5249; x_wconf 85' lang='lat' dir='ltr'><strong>sti</strong></span> <span class='ocrx_word' id='word_1_739' title='bbox 659 5193 726 5248; x_wconf 90' lang='lat' dir='ltr'><strong>ad</strong></span> <span class='ocrx_word' id='word_1_740' title='bbox 757 5193 863 5251; x_wconf 91' lang='lat' dir='ltr'><strong>hoc</strong></span> <span class='ocrx_word' id='word_1_741' title='bbox 882 5210 1057 5266; x_wconf 90' lang='lat' dir='ltr'><strong>usque</strong></span> <span class='ocrx_word' id='word_1_742' title='bbox 1093 5204 1313 5267; x_wconf 86' lang='lat' dir='ltr'><strong>tempus</strong></span> <span class='ocrx_word' id='word_1_743' title='bbox 1341 5204 1475 5254; x_wconf 83' lang='lat' dir='ltr'><strong>ortae</strong></span> <span class='ocrx_word' id='word_1_744' title='bbox 1503 5204 1633 5251; x_wconf 91' lang='lat' dir='ltr'><strong>sunt</strong></span> <span class='ocrx_word' id='word_1_745' title='bbox 1653 5237 1667 5258; x_wconf 91' lang='lat'><strong>,</strong></span> <span class='ocrx_word' id='word_1_746' title='bbox 1711 5194 2044 5258; x_wconf 89' lang='lat' dir='ltr'><strong>indicamus,</strong></span> <span class='ocrx_word' id='word_1_747' title='bbox 2082 5203 2143 5248; x_wconf 88' lang='lat' dir='ltr'><strong>ut</strong></span> 
     </span>
    </p>
   </div>
   <div class='ocr_carea' id='block_1_101' title="bbox 563 5285 2146 5358">
    <p class='ocr_par' dir='ltr' id='par_1_101' title="bbox 563 5285 2146 5358">
     <span class='ocr_line' id='line_1_101' title="bbox 563 5285 2146 5358; baseline 0.001 -20"><span class='ocrx_word' id='word_1_748' title='bbox 563 5301 661 5342; x_wconf 85' lang='lat' dir='ltr'><strong>vos</strong></span> <span class='ocrx_word' id='word_1_749' title='bbox 688 5303 910 5358; x_wconf 88' lang='lat' dir='ltr'><strong>quoque</strong></span> <span class='ocrx_word' id='word_1_750' title='bbox 939 5297 1200 5358; x_wconf 88' lang='lat' dir='ltr'><strong>tanquam</strong></span> <span class='ocrx_word' id='word_1_751' title='bbox 1231 5304 1262 5342; x_wconf 90' lang='lat' dir='ltr'><strong>a</strong></span> <span class='ocrx_word' id='word_1_752' title='bbox 1316 5288 1671 5357; x_wconf 87' lang='lat' dir='ltr'><strong>serpentibus</strong></span> <span class='ocrx_word' id='word_1_753' title='bbox 1716 5286 1877 5340; x_wconf 90' lang='lat' dir='ltr'><strong>vobis</strong></span> <span class='ocrx_word' id='word_1_754' title='bbox 1931 5285 2000 5340; x_wconf 88' lang='lat' dir='ltr'><strong>ab</strong></span> <span class='ocrx_word' id='word_1_755' title='bbox 2033 5285 2146 5340; x_wconf 88' lang='lat' dir='ltr'><strong>illis</strong></span> 
     </span>
    </p>
   </div>
   <div class='ocr_carea' id='block_1_102' title="bbox 563 5375 2142 5449">
    <p class='ocr_par' dir='ltr' id='par_1_102' title="bbox 563 5375 2142 5449">
     <span class='ocr_line' id='line_1_102' title="bbox 563 5375 2142 5449; baseline -0.003 -15"><span class='ocrx_word' id='word_1_756' title='bbox 563 5378 826 5444; x_wconf 88' lang='lat' dir='ltr'><strong>caveatis,</strong></span> <span class='ocrx_word' id='word_1_757' title='bbox 859 5385 918 5447; x_wconf 90' lang='lat' dir='ltr'><strong>et</strong></span> <span class='ocrx_word' id='word_1_758' title='bbox 954 5379 1020 5434; x_wconf 88' lang='lat' dir='ltr'><strong>iis</strong></span> <span class='ocrx_word' id='word_1_759' title='bbox 1046 5379 1141 5449; x_wconf 89' lang='lat' dir='ltr'><strong>qui</strong></span> <span class='ocrx_word' id='word_1_760' title='bbox 1168 5378 1458 5435; x_wconf 83' lang='lat' dir='ltr'><strong>vobiscum</strong></span> <span class='ocrx_word' id='word_1_761' title='bbox 1498 5386 1650 5434; x_wconf 85' lang='lat' dir='ltr'><strong>sunt.</strong></span> <span class='ocrx_word' id='word_1_762' title='bbox 1680 5377 1787 5432; x_wconf 90' lang='lat' dir='ltr'><strong>Sed</strong></span> <span class='ocrx_word' id='word_1_763' title='bbox 1832 5375 1966 5447; x_wconf 91' lang='lat' dir='ltr'><strong>quid</strong></span> <span class='ocrx_word' id='word_1_764' title='bbox 2002 5393 2142 5430; x_wconf 72' lang='lat' dir='ltr'><strong>una—</strong></span> 
     </span>
    </p>
   </div>
   <div class='ocr_carea' id='block_1_103' title="bbox 2243 4628 3794 4707">
    <p class='ocr_par' dir='ltr' id='par_1_103' title="bbox 2243 4628 3794 4707">
     <span class='ocr_line' id='line_1_103' title="bbox 2243 4628 3794 4707; baseline -0.01 -14"><span class='ocrx_word' id='word_1_765' title='bbox 2243 4640 2343 4706; x_wconf 70' lang='lat' dir='ltr'><strong>vo‘t,</strong></span> <span class='ocrx_word' id='word_1_766' title='bbox 2394 4637 2782 4707; x_wconf 69' lang='grc' dir='ltr'>Νεστοριανοὶ,</span> <span class='ocrx_word' id='word_1_767' title='bbox 2833 4635 3184 4704; x_wconf 73' lang='grc' dir='ltr'>Σεόηριανοὶ,</span> <span class='ocrx_word' id='word_1_768' title='bbox 3236 4633 3329 4684; x_wconf 66' lang='grc' dir='ltr'><strong>καὶ</strong></span> <span class='ocrx_word' id='word_1_769' title='bbox 3375 4631 3540 4684; x_wconf 80' lang='grc' dir='ltr'>ἄλλαι</span> <span class='ocrx_word' id='word_1_770' title='bbox 3594 4628 3794 4698; x_wconf 79' lang='grc' dir='ltr'>ὁμοίως,</span> 
     </span>
    </p>
   </div>
   <div class='ocr_carea' id='block_1_104' title="bbox 2242 4717 3797 4795">
    <p class='ocr_par' dir='ltr' id='par_1_104' title="bbox 2242 4717 3797 4795">
     <span class='ocr_line' id='line_1_104' title="bbox 2242 4717 3797 4795; baseline -0.012 -13"><span class='ocrx_word' id='word_1_771' title='bbox 2242 4730 2336 4782; x_wconf 88' lang='grc' dir='ltr'><strong>τοῦ</strong></span> <span class='ocrx_word' id='word_1_772' title='bbox 2366 4727 2616 4782; x_wconf 81' lang='grc' dir='ltr'>διαϐόλου</span> <span class='ocrx_word' id='word_1_773' title='bbox 2651 4725 2790 4778; x_wconf 75' lang='grc' dir='ltr'>είσὶν</span> <span class='ocrx_word' id='word_1_774' title='bbox 2819 4725 3085 4795; x_wconf 77' lang='grc' dir='ltr'>αἱρέσεις.</span> <span class='ocrx_word' id='word_1_775' title='bbox 3139 4723 3204 4775; x_wconf 87' lang='lat' dir='ltr'><strong>&#39;H</strong></span> <span class='ocrx_word' id='word_1_776' title='bbox 3260 4722 3369 4791; x_wconf 77' lang='grc' dir='ltr'>γὰρ</span> <span class='ocrx_word' id='word_1_777' title='bbox 3420 4717 3797 4788; x_wconf 78' lang='grc' dir='ltr'>καθολικὴἙκ-</span> 
     </span>
    </p>
   </div>
   <div class='ocr_carea' id='block_1_105' title="bbox 2244 4806 3798 4891">
    <p class='ocr_par' dir='ltr' id='par_1_105' title="bbox 2244 4806 3798 4891">
     <span class='ocr_line' id='line_1_105' title="bbox 2244 4806 3798 4891; baseline -0.01 -16"><span class='ocrx_word' id='word_1_778' title='bbox 2244 4821 2444 4891; x_wconf 85' lang='grc' dir='ltr'>κλησία</span> <span class='ocrx_word' id='word_1_779' title='bbox 2500 4819 2599 4873; x_wconf 89' lang='grc' dir='ltr'><strong>οὐκ</strong></span> <span class='ocrx_word' id='word_1_780' title='bbox 2652 4817 2732 4871; x_wconf 79' lang='grc' dir='ltr'>ἔτι</span> <span class='ocrx_word' id='word_1_781' title='bbox 2792 4817 3056 4886; x_wconf 84' lang='grc' dir='ltr'>κέκληται</span> <span class='ocrx_word' id='word_1_782' title='bbox 3095 4815 3264 4883; x_wconf 80' lang='grc' dir='ltr'>ὄνομα</span> <span class='ocrx_word' id='word_1_783' title='bbox 3318 4811 3633 4883; x_wconf 80' lang='grc' dir='ltr'>ἀνθρώπου,</span> <span class='ocrx_word' id='word_1_784' title='bbox 3689 4806 3798 4861; x_wconf 67' lang='grc' dir='ltr'>ἀλλὰ</span> 
     </span>
    </p>
   </div>
   <div class='ocr_carea' id='block_1_106' title="bbox 2248 4898 3796 4981">
    <p class='ocr_par' dir='ltr' id='par_1_106' title="bbox 2248 4898 3796 4981">
     <span class='ocr_line' id='line_1_106' title="bbox 2248 4898 3796 4981; baseline -0.006 -15"><span class='ocrx_word' id='word_1_785' title='bbox 2248 4915 2450 4974; x_wconf 81' lang='grc' dir='ltr'>πάντες</span> <span class='ocrx_word' id='word_1_786' title='bbox 2479 4913 2534 4965; x_wconf 83' lang='grc' dir='ltr'><strong>ἐν</strong></span> <span class='ocrx_word' id='word_1_787' title='bbox 2550 4910 2777 4981; x_wconf 84' lang='grc' dir='ltr'>ὀνόματι</span> <span class='ocrx_word' id='word_1_788' title='bbox 2808 4908 2902 4962; x_wconf 87' lang='grc' dir='ltr'><strong>τοῦ</strong></span> <span class='ocrx_word' id='word_1_789' title='bbox 2945 4907 3150 4978; x_wconf 83' lang='grc' dir='ltr'>Κυρίου</span> <span class='ocrx_word' id='word_1_790' title='bbox 3173 4907 3204 4976; x_wconf 83' lang='grc' dir='ltr'>ἡ</span> <span class='ocrx_word' id='word_1_791' title='bbox 3216 4905 3330 4976; x_wconf 89' lang='grc' dir='ltr'><strong>μῶν</strong></span> <span class='ocrx_word' id='word_1_792' title='bbox 3371 4903 3556 4974; x_wconf 79' lang='grc' dir='ltr'>Ἰησοῦ</span> <span class='ocrx_word' id='word_1_793' title='bbox 3570 4898 3796 4972; x_wconf 76' lang='grc' dir='ltr'>Χριστοῦ.</span> 
     </span>
    </p>
   </div>
   <div class='ocr_carea' id='block_1_107' title="bbox 2247 4994 3799 5078">
    <p class='ocr_par' dir='ltr' id='par_1_107' title="bbox 2247 4994 3799 5078">
     <span class='ocr_line' id='line_1_107' title="bbox 2247 4994 3799 5078; baseline -0.014 -17"><span class='ocrx_word' id='word_1_794' title='bbox 2247 5004 2568 5078; x_wconf 68' lang='grc' dir='ltr'>Χριστιανοὶ</span> <span class='ocrx_word' id='word_1_795' title='bbox 2621 4999 3021 5073; x_wconf 80' lang='grc' dir='ltr'>ὸνομαζόμεθα.</span> <span class='ocrx_word' id='word_1_796' title='bbox 3084 4999 3218 5055; x_wconf 83' lang='grc' dir='ltr'><strong>Οὐδέ</strong></span> <span class='ocrx_word' id='word_1_797' title='bbox 3284 4998 3393 5067; x_wconf 78' lang='grc' dir='ltr'>γάρ</span> <span class='ocrx_word' id='word_1_798' title='bbox 3447 4998 3602 5049; x_wconf 86' lang='grc' dir='ltr'>ἐστιν</span> <span class='ocrx_word' id='word_1_799' title='bbox 3644 4994 3799 5061; x_wconf 73' lang='grc' dir='ltr'>ἕτερον</span> 
     </span>
    </p>
   </div>
   <div class='ocr_carea' id='block_1_108' title="bbox 2247 5085 3797 5167">
    <p class='ocr_par' dir='ltr' id='par_1_108' title="bbox 2247 5085 3797 5167">
     <span class='ocr_line' id='line_1_108' title="bbox 2247 5085 3797 5167; baseline -0.008 -13"><span class='ocrx_word' id='word_1_800' title='bbox 2247 5100 2419 5167; x_wconf 82' lang='grc' dir='ltr'>ὄνομα</span> <span class='ocrx_word' id='word_1_801' title='bbox 2447 5097 2552 5150; x_wconf 80' lang='grc' dir='ltr'>ὐπὸ</span> <span class='ocrx_word' id='word_1_802' title='bbox 2578 5095 2668 5148; x_wconf 81' lang='grc' dir='ltr'>τὸν</span> <span class='ocrx_word' id='word_1_803' title='bbox 2693 5093 2921 5166; x_wconf 83' lang='grc' dir='ltr'>οὐρανὸν</span> <span class='ocrx_word' id='word_1_804' title='bbox 2951 5093 3013 5145; x_wconf 85' lang='grc' dir='ltr'>τὸ</span> <span class='ocrx_word' id='word_1_805' title='bbox 3043 5090 3328 5161; x_wconf 89' lang='grc' dir='ltr'>δεδομένον</span> <span class='ocrx_word' id='word_1_806' title='bbox 3381 5091 3442 5141; x_wconf 89' lang='grc' dir='ltr'><strong>ἐν</strong></span> <span class='ocrx_word' id='word_1_807' title='bbox 3495 5085 3797 5157; x_wconf 76' lang='grc' dir='ltr'>ἀνθρώποις.</span> 
     </span>
    </p>
   </div>
   <div class='ocr_carea' id='block_1_109' title="bbox 2250 5171 3797 5259">
    <p class='ocr_par' dir='ltr' id='par_1_109' title="bbox 2250 5171 3797 5259">
     <span class='ocr_line' id='line_1_109' title="bbox 2250 5171 3797 5259; baseline -0.006 -15"><span class='ocrx_word' id='word_1_808' title='bbox 2250 5194 2306 5244; x_wconf 87' lang='grc' dir='ltr'><strong>ἐν</strong></span> <span class='ocrx_word' id='word_1_809' title='bbox 2416 5191 2496 5243; x_wconf 91' lang='grc' dir='ltr'><strong>δεῖ</strong></span> <span class='ocrx_word' id='word_1_810' title='bbox 2523 5187 2761 5256; x_wconf 83' lang='grc' dir='ltr'>σωοῆναι</span> <span class='ocrx_word' id='word_1_811' title='bbox 2814 5186 2982 5257; x_wconf 76' lang='grc' dir='ltr'>ἡμᾶς,</span> <span class='ocrx_word' id='word_1_812' title='bbox 3015 5185 3064 5236; x_wconf 81' lang='grc' dir='ltr'><strong>εί</strong></span> <span class='ocrx_word' id='word_1_813' title='bbox 3083 5184 3158 5254; x_wconf 78' lang='grc' dir='ltr'>μὴ</span> <span class='ocrx_word' id='word_1_814' title='bbox 3190 5183 3349 5253; x_wconf 85' lang='grc' dir='ltr'>μόνος</span> <span class='ocrx_word' id='word_1_815' title='bbox 3369 5179 3576 5250; x_wconf 87' lang='grc' dir='ltr'>Κύριος</span> <span class='ocrx_word' id='word_1_816' title='bbox 3615 5171 3797 5244; x_wconf 66' lang='grc' dir='ltr'>Ἰησοῦς</span> 
     </span>
    </p>
   </div>
   <div class='ocr_carea' id='block_1_110' title="bbox 2250 5266 3797 5354">
    <p class='ocr_par' dir='ltr' id='par_1_110' title="bbox 2250 5266 3797 5354">
     <span class='ocr_line' id='line_1_110' title="bbox 2250 5266 3797 5354; baseline -0.014 -18"><span class='ocrx_word' id='word_1_817' title='bbox 2250 5282 2506 5354; x_wconf 81' lang='grc' dir='ltr'>Χριστὸς,</span> <span class='ocrx_word' id='word_1_818' title='bbox 2537 5280 2616 5344; x_wconf 82' lang='grc' dir='ltr'><strong>είς</strong></span> <span class='ocrx_word' id='word_1_819' title='bbox 2635 5279 2792 5344; x_wconf 81' lang='grc' dir='ltr'>δόξαν</span> <span class='ocrx_word' id='word_1_820' title='bbox 2812 5275 2947 5330; x_wconf 87' lang='grc' dir='ltr'>Θεοῦ</span> <span class='ocrx_word' id='word_1_821' title='bbox 2978 5277 3210 5344; x_wconf 84' lang='grc' dir='ltr'>Πατρδς,</span> <span class='ocrx_word' id='word_1_822' title='bbox 3240 5275 3337 5326; x_wconf 76' lang='grc' dir='ltr'>σὺν</span> <span class='ocrx_word' id='word_1_823' title='bbox 3361 5272 3502 5342; x_wconf 79' lang='grc' dir='ltr'>ἁγίῳ</span> <span class='ocrx_word' id='word_1_824' title='bbox 3529 5266 3797 5335; x_wconf 77' lang='grc' dir='ltr'>Πνεύματι,</span> 
     </span>
    </p>
   </div>
   <div class='ocr_carea' id='block_1_111' title="bbox 2250 5369 2980 5439">
    <p class='ocr_par' dir='ltr' id='par_1_111' title="bbox 2250 5369 2980 5439">
     <span class='ocr_line' id='line_1_111' title="bbox 2250 5369 2980 5439; baseline -0.005 -13"><span class='ocrx_word' id='word_1_825' title='bbox 2250 5379 2327 5436; x_wconf 79' lang='grc' dir='ltr'><strong>εις</strong></span> <span class='ocrx_word' id='word_1_826' title='bbox 2361 5373 2486 5436; x_wconf 80' lang='grc' dir='ltr'>τοὺς</span> <span class='ocrx_word' id='word_1_827' title='bbox 2524 5372 2749 5434; x_wconf 85' lang='grc' dir='ltr'>αἰῶνας.</span> <span class='ocrx_word' id='word_1_828' title='bbox 2787 5369 2980 5439; x_wconf 80' lang='grc' dir='ltr'>Ἀμήν.</span> 
     </span>
    </p>
   </div>
   <div class='ocr_carea' id='block_1_112' title="bbox 565 5453 3797 5549">
    <p class='ocr_par' dir='ltr' id='par_1_112' title="bbox 565 5453 3797 5549">
     <span class='ocr_line' id='line_1_112' title="bbox 565 5453 3797 5549; baseline -0.007 -25"><span class='ocrx_word' id='word_1_829' title='bbox 565 5487 798 5542; x_wconf 63' lang='lat' dir='ltr'><strong>quaeque</strong></span> <span class='ocrx_word' id='word_1_830' title='bbox 855 5472 1057 5528; x_wconf 87' lang='lat' dir='ltr'><strong>sentiat</strong></span> <span class='ocrx_word' id='word_1_831' title='bbox 1086 5471 1333 5534; x_wconf 69' lang='lat' dir='ltr'><strong>hzeresis,</strong></span> <span class='ocrx_word' id='word_1_832' title='bbox 1364 5471 1552 5528; x_wconf 88' lang='lat' dir='ltr'><strong>dicere</strong></span> <span class='ocrx_word' id='word_1_833' title='bbox 1612 5487 1722 5526; x_wconf 92' lang='lat' dir='ltr'><strong>non</strong></span> <span class='ocrx_word' id='word_1_834' title='bbox 1772 5479 1856 5526; x_wconf 91' lang='lat' dir='ltr'><strong>est</strong></span> <span class='ocrx_word' id='word_1_835' title='bbox 1887 5470 2052 5540; x_wconf 85' lang='lat' dir='ltr'><strong>hujus</strong></span> <span class='ocrx_word' id='word_1_836' title='bbox 2098 5469 2364 5540; x_wconf 83' lang='lat' dir='ltr'><strong>temporis</strong></span> <span class='ocrx_word' id='word_1_837' title='bbox 2397 5486 2410 5521; x_wconf 90' lang='lat'>:</span> <span class='ocrx_word' id='word_1_838' title='bbox 2440 5467 2548 5522; x_wconf 92' lang='lat' dir='ltr'><strong>hoc</strong></span> <span class='ocrx_word' id='word_1_839' title='bbox 2601 5473 2788 5520; x_wconf 89' lang='lat' dir='ltr'><strong>autem</strong></span> <span class='ocrx_word' id='word_1_840' title='bbox 2821 5461 2889 5516; x_wconf 87' lang='lat' dir='ltr'><strong>ad</strong></span> <span class='ocrx_word' id='word_1_841' title='bbox 2939 5460 3300 5516; x_wconf 88' lang='lat' dir='ltr'><strong>securitatem</strong></span> <span class='ocrx_word' id='word_1_842' title='bbox 3360 5453 3797 5549; x_wconf 82' lang='lat' dir='ltr'><strong>compendiosum</strong></span> 
     </span>
    </p>
   </div>
   <div class='ocr_carea' id='block_1_113' title="bbox 569 5548 3800 5630">
    <p class='ocr_par' dir='ltr' id='par_1_113' title="bbox 569 5548 3800 5630">
     <span class='ocr_line' id='line_1_113' title="bbox 569 5548 3800 5630; baseline -0.008 -10"><span class='ocrx_word' id='word_1_843' title='bbox 569 5563 669 5620; x_wconf 91' lang='lat' dir='ltr'><strong>tibi</strong></span> <span class='ocrx_word' id='word_1_844' title='bbox 704 5564 776 5620; x_wconf 89' lang='lat' dir='ltr'><strong>sit</strong></span> <span class='ocrx_word' id='word_1_845' title='bbox 821 5563 1087 5620; x_wconf 90' lang='lat' dir='ltr'><strong>indicium</strong></span> <span class='ocrx_word' id='word_1_846' title='bbox 1115 5573 1173 5618; x_wconf 90' lang='lat' dir='ltr'><strong>et</strong></span> <span class='ocrx_word' id='word_1_847' title='bbox 1233 5571 1462 5617; x_wconf 92' lang='lat' dir='ltr'><strong>tutum:</strong></span> <span class='ocrx_word' id='word_1_848' title='bbox 1503 5577 1697 5618; x_wconf 89' lang='lat' dir='ltr'><strong>omnes</strong></span> <span class='ocrx_word' id='word_1_849' title='bbox 1749 5568 1943 5624; x_wconf 81' lang='lat' dir='ltr'><strong>sectae,</strong></span> <span class='ocrx_word' id='word_1_850' title='bbox 2014 5576 2135 5630; x_wconf 60' lang='lat' dir='ltr'><strong>qum</strong></span> <span class='ocrx_word' id='word_1_851' title='bbox 2185 5576 2215 5614; x_wconf 92' lang='lat' dir='ltr'><strong>a</strong></span> <span class='ocrx_word' id='word_1_852' title='bbox 2255 5557 2481 5613; x_wconf 87' lang='lat' dir='ltr'><strong>nomine</strong></span> <span class='ocrx_word' id='word_1_853' title='bbox 2547 5555 2779 5624; x_wconf 86' lang='lat' dir='ltr'><strong>alicujus</strong></span> <span class='ocrx_word' id='word_1_854' title='bbox 2831 5550 3075 5606; x_wconf 87' lang='lat' dir='ltr'><strong>hominis</strong></span> <span class='ocrx_word' id='word_1_855' title='bbox 3137 5548 3571 5620; x_wconf 88' lang='lat' dir='ltr'><strong>appellationem</strong></span> <span class='ocrx_word' id='word_1_856' title='bbox 3615 5548 3800 5599; x_wconf 63' lang='lat' dir='ltr'><strong>sortita</strong></span> 
     </span>
    </p>
   </div>
   <div class='ocr_carea' id='block_1_114' title="bbox 569 5634 3798 5720">
    <p class='ocr_par' dir='ltr' id='par_1_114' title="bbox 569 5634 3798 5720">
     <span class='ocr_line' id='line_1_114' title="bbox 569 5634 3798 5720; baseline -0.009 -4"><span class='ocrx_word' id='word_1_857' title='bbox 569 5664 722 5719; x_wconf 66' lang='lat' dir='ltr'><strong>sunt,</strong></span> <span class='ocrx_word' id='word_1_858' title='bbox 757 5666 818 5712; x_wconf 92' lang='lat' dir='ltr'><strong>ut</strong></span> <span class='ocrx_word' id='word_1_859' title='bbox 861 5657 1071 5720; x_wconf 79' lang='lat' dir='ltr'><strong>Ariani,</strong></span> <span class='ocrx_word' id='word_1_860' title='bbox 1099 5664 1158 5712; x_wconf 89' lang='lat' dir='ltr'><strong>et</strong></span> <span class='ocrx_word' id='word_1_861' title='bbox 1209 5655 1545 5718; x_wconf 83' lang='lat' dir='ltr'><strong>Nestoriani,</strong></span> <span class='ocrx_word' id='word_1_862' title='bbox 1573 5654 1880 5715; x_wconf 85' lang='lat' dir='ltr'><strong>Severiani.</strong></span> <span class='ocrx_word' id='word_1_863' title='bbox 1907 5662 1968 5708; x_wconf 88' lang='lat' dir='ltr'><strong>et</strong></span> <span class='ocrx_word' id='word_1_864' title='bbox 1994 5654 2112 5710; x_wconf 72' lang='lat' dir='ltr'><strong>alia:</strong></span> <span class='ocrx_word' id='word_1_865' title='bbox 2140 5653 2432 5718; x_wconf 82' lang='lat' dir='ltr'><strong>similiter,</strong></span> <span class='ocrx_word' id='word_1_866' title='bbox 2472 5649 2678 5705; x_wconf 89' lang='lat' dir='ltr'><strong>diaboli</strong></span> <span class='ocrx_word' id='word_1_867' title='bbox 2706 5654 2870 5702; x_wconf 73' lang='lat' dir='ltr'><strong>secta:</strong></span> <span class='ocrx_word' id='word_1_868' title='bbox 2908 5653 3038 5699; x_wconf 88' lang='lat' dir='ltr'><strong>sunt</strong></span> <span class='ocrx_word' id='word_1_869' title='bbox 3069 5660 3083 5697; x_wconf 90' lang='lat'>:</span> <span class='ocrx_word' id='word_1_870' title='bbox 3115 5659 3240 5698; x_wconf 89' lang='lat' dir='ltr'><strong>nam</strong></span> <span class='ocrx_word' id='word_1_871' title='bbox 3274 5641 3524 5698; x_wconf 78' lang='lat' dir='ltr'><strong>Ecclesia</strong></span> <span class='ocrx_word' id='word_1_872' title='bbox 3547 5634 3798 5695; x_wconf 78' lang='lat' dir='ltr'><strong>catholica</strong></span> 
     </span>
    </p>
   </div>
   <div class='ocr_carea' id='block_1_115' title="bbox 643 5820 3095 5899">
    <p class='ocr_par' dir='ltr' id='par_1_115' title="bbox 643 5820 3095 5899">
     <span class='ocr_line' id='line_1_115' title="bbox 643 5820 3095 5899; baseline -0.006 -10"><span class='ocrx_word' id='word_1_873' title='bbox 643 5831 862 5888; x_wconf 68' lang='lat' dir='ltr'><strong>“Jaan.</strong></span> <span class='ocrx_word' id='word_1_874' title='bbox 892 5849 972 5899; x_wconf 88' lang='grc' dir='ltr'>ιιι,</span> <span class='ocrx_word' id='word_1_875' title='bbox 1006 5832 1057 5889; x_wconf 73' lang='grc'><strong>4.</strong></span> <span class='ocrx_word' id='word_1_876' title='bbox 1133 5833 1176 5863; x_wconf 82' lang='grc'><strong><em>⁶⁶</em></strong></span> <span class='ocrx_word' id='word_1_877' title='bbox 1209 5830 1341 5886; x_wconf 79' lang='lat' dir='ltr'><strong>ibil.</strong></span> <span class='ocrx_word' id='word_1_878' title='bbox 1365 5831 1451 5886; x_wconf 77' lang='lat' dir='ltr'><strong>3i.</strong></span> <span class='ocrx_word' id='word_1_879' title='bbox 1531 5830 1573 5861; x_wconf 71' lang='lat'><strong>&quot;7</strong></span> <span class='ocrx_word' id='word_1_880' title='bbox 1609 5830 1767 5886; x_wconf 60' lang='grc' dir='ltr'>Πολι.</span> <span class='ocrx_word' id='word_1_881' title='bbox 1796 5845 1887 5885; x_wconf 81' lang='grc' dir='ltr'>ι·ιιι</span> <span class='ocrx_word' id='word_1_882' title='bbox 1909 5827 2056 5894; x_wconf 84' lang='grc'>,6-8.</span> <span class='ocrx_word' id='word_1_883' title='bbox 2135 5826 2179 5858; x_wconf 73' lang='grc'><strong>⁸³</strong></span> <span class='ocrx_word' id='word_1_884' title='bbox 2207 5825 2344 5882; x_wconf 88' lang='lat' dir='ltr'><strong>Gen.</strong></span> <span class='ocrx_word' id='word_1_885' title='bbox 2379 5841 2427 5878; x_wconf 78' lang='lat' dir='ltr'><strong>vi</strong></span> <span class='ocrx_word' id='word_1_886' title='bbox 2456 5825 2543 5889; x_wconf 79' lang='lat'><strong>,3.</strong></span> <span class='ocrx_word' id='word_1_887' title='bbox 2622 5823 2666 5855; x_wconf 70' lang='grc'>⁸⁸</span> <span class='ocrx_word' id='word_1_888' title='bbox 2695 5822 2856 5878; x_wconf 81' lang='lat' dir='ltr'><strong>Rom.</strong></span> <span class='ocrx_word' id='word_1_889' title='bbox 2885 5835 3004 5883; x_wconf 78' lang='lat' dir='ltr'><strong>vm,</strong></span> <span class='ocrx_word' id='word_1_890' title='bbox 3040 5820 3095 5874; x_wconf 90' lang='lat'><strong>9.</strong></span> 
     </span>
    </p>
   </div>
  </div>
