4040 6520
314 346 451 410 1815

1149 339 1484 402 HOMILIA
1522 337 1749 399 CXXX.
1772 359 1842 372 --
1880 332 1977 394 DE
2007 329 2266 391 REGNO
2296 328 2698 390 C(ELORUM.

3435 320 3570 384 1816

315 476 424 515 non
450 461 563 531 jam
589 455 832 512 hominis
860 453 1083 509 nomine
1110 453 1443 523 appellatur,
1472 448 1569 503 scd
1596 461 1791 501 omnes
1810 442 2035 498 nomine
2052 441 2266 495 Domini
2292 442 2465 495 nostri
2492 439 2621 495 Jesu
2639 436 2845 493 Christi
2872 434 3170 493 Christiani
3199 436 3567 490 nominamur.

322 571 340 601 ι
374 524 564 620 Neque
582 549 732 604 enim
767 555 854 601 est
886 545 1036 600 aliud
1075 559 1276 599 nomen
1306 542 1408 597 sub
1430 540 1571 594 cmlo
1599 537 1787 591 datum
1811 532 2133 588 hominibus
2151 572 2165 592 ,
2190 531 2245 584 in
2271 546 2381 600 quo
2404 536 2659 600 oporteat
2685 542 2786 582 nos
2810 527 2991 581 salvos
3011 525 3126 580 ﬁeri
3151 525 3249 591 7°,»
3284 524 3388 578 nisi
3423 524 3573 582 solus

318 645 582 700 Dominus
601 644 762 698 Jesus
790 640 1065 702 Christus,
1099 639 1154 692 in
1178 638 1414 709 gloriam
1439 635 1533 689 Dei
1566 633 1759 702 patris,
1793 646 1900 683 una
1924 644 2050 681 cum
2087 635 2281 680 sancto
2310 624 2521 694 Spiritu
2564 624 2619 677 in
2650 621 2869 676 saecula.
2896 621 3093 675 Amen.

387 732 523 801 Περὶ
564 731 661 801 μὲν
690 725 783 783 οὖν
818 729 1077 793 πίστεως,
1114 727 1283 796 ἤγουν
1309 725 1747 794 ὁμοουσιότητος,
1776 721 1890 771 Πα-
1922 753 1934 777 λ

2066 718 2143 771 Ac
2195 716 2264 771 de
2316 715 2421 770 ﬁde
2457 714 2682 785 quidem
2733 712 2850 767 sive
2900 712 2967 765 de
2999 710 3575 766 consubstantialitate

319 826 465 893 τρδς,
488 823 583 875 καὶ
609 820 741 874 Υίοῦ
767 821 862 874 καὶ
888 819 1042 886 ἁγίου
1074 817 1415 887 Ιῐνεύματος,
1441 818 1498 867 ὲν
1530 816 1670 884 ἀρχῇ
1702 810 1792 864 τοῦ
1816 809 1896 880 βι-

1999 809 2178 864 Patris
2204 818 2261 861 et
2292 807 2435 867 Filii.
2463 814 2519 859 et
2549 806 2792 875 Spiritus
2813 803 3011 865 sancti,
3038 802 3379 857 suﬁicienter
3410 818 3439 855 a
3470 817 3576 856 no-

320 915 471 967 6λίου
488 910 800 983 ἀρκούντως
823 910 1118 979 ὲξεθέμεθα
1137 925 1149 938 ⁸
1178 908 1271 960 νῦν
1286 909 1341 961 δὲ
1358 907 1446 961 διὰ
1469 908 1566 975 τὴν
1582 905 1897 975 κινηθεῖσαν

2021 901 2085 955 )is
2115 901 2274 954 initio
2313 899 2439 952 libri
2466 898 2677 952 dictum
2703 906 2788 952 est
2822 915 2833 950 :
2863 899 2975 967 jam
3023 912 3156 949 vero
3194 904 3419 965 propter
3465 903 3579 948 hae—

322 1012 553 1081 αἰρεσιν,
589 1007 727 1075 μετά
757 1004 1072 1077 παρρησίας
1098 1001 1469 1073 ὁμολογοῦμεν
1503 1002 1595 1053 καὶ
1630 999 1897 1069 κηρύττο-

325 1117 423 1170 μεν
460 1098 551 1151 τὸν
581 1096 785 1166 Κύριον
812 1098 844 1163 ἡ
856 1095 970 1163 μῶν
1002 1097 1219 1165 Ἰησοῦν
1237 1096 1472 1165 Χριστὸν
1499 1093 1592 1146 τὸν
1630 1088 1898 1161 μονογενῆ

322 1189 449 1242 Υἱδν
470 1186 563 1239 καὶ
577 1185 748 1251 Λόγον
770 1184 862 1237 τοῦ
882 1184 1114 1253 Πατρδς,
1133 1183 1249 1252 φῶς
1268 1186 1331 1235 ὲκ
1349 1182 1546 1252 φωτὸς,
1561 1183 1693 1233 Θεὸν
1716 1179 1901 1250 ἀληθι-

2000 993 2188 1057 resim,
2216 1008 2340 1061 qua:
2385 999 2577 1043 exorta
2617 999 2723 1056 est,
2754 1005 2878 1043 cum
2925 989 3124 1041 ﬁducia
3161 988 3491 1042 conﬁtemur
3526 997 3579 1042 et

2003 1084 2368 1154 praedicamus
2409 1081 2702 1135 Dominum
2760 1090 3009 1133 nostrum
3066 1080 3253 1134 Jesum
3298 1076 3580 1131 Christum

2004 1175 2353 1245 unigenitum
2412 1173 2614 1236 Filium
2651 1179 2707 1225 et
2764 1170 3007 1225 Verbum
3064 1168 3265 1230 Patris,
3299 1169 3484 1221 lumen
3513 1168 3581 1221 de

322 1280 410 1334 νὺν
424 1282 487 1331 ἐκ
497 1275 631 1330 Θεοῦ
648 1274 924 1343 ἀληθινοῦ,
944 1274 1290 1345 σαρκωθῆναί
1303 1291 1362 1327 τε
1376 1275 1467 1327 καὶ
1484 1274 1725 1343 ἐνανθρω
1735 1274 1901 1341 πῆσαι

2028 1268 2237 1331 nmine,
2270 1268 2437 1320 Deum
2474 1264 2683 1334 1245
2731 1279 2919 1317 verum
2957 1262 3024 1315 de
3052 1262 3161 1314 Deo
3201 1276 3354 1323 vero,
3400 1261 3585 1314 incar-

324 1374 387 1424 ἐκ
423 1370 559 1424 Πνεύ
569 1385 737 1439 ματος
755 1368 937 1434 ἁγίου,
963 1368 1057 1421 καὶ
1082 1370 1145 1420 ὲκ
1170 1367 1268 1437 τῆς
1288 1366 1450 1435 ἁγίας
1472 1365 1686 1431 ἐνδόξου
1713 1363 1905 1417 Θεοτό-

326 1480 443 1527 κου,
481 1464 575 1514 καὶ
608 1461 995 1531 Ἀειπαρθένου
1031 1460 1269 1531 Μαρίας,
1297 1460 1429 1514 Θεὸν
1453 1460 1657 1513 τέλειον
1682 1458 1773 1511 τὸν
1806 1456 1905 1512 αύ-

327 1556 438 1617 τ“ιν,
465 1552 559 1607 καὶ
606 1553 891 1623 ἄνθρωπον
912 1551 1136 1618 τέλειον,
1168 1552 1263 1605 ἕνα
1302 1551 1395 1605 καὶ
1430 1552 1591 1622 μόνον
1621 1551 1745 1604 Υἰὸν
1766 1567 1779 1580 ο
1809 1551 1906 1605 καὶ

329 1645 436 1714 πρὸ
462 1643 560 1712 τῆς
594 1641 948 1712 σαρκώσεως,
985 1642 1080 1695 καὶ
1106 1642 1241 1713 μετά
1270 1642 1373 1713 τὴν
1407 1641 1683 1714 σάρκωσιν
1707 1657 1735 1693 ’.
1770 1644 1905 1712 ὀμο-

329 1736 506 1788 ούσιον
555 1733 632 1805 τῷ
684 1734 859 1804 Πατρὶ
906 1734 1047 1787 κατά
1068 1733 1169 1805 τὴν
1219 1734 1589 1803 θεότητα,κα“ι
1621 1734 1906 1805 ὁμοούσιον

330 1829 460 1897 ἡμῖν
486 1826 627 1879 κατὰ
682 1826 779 1895 τὴν
813 1823 1240 1895 ἀνθρωπότηταο
1294 1825 1436 1878 κατὰ
1486 1825 1665 1877 πάντα
1724 1825 1906 1894 ὅμοιον

331 1917 484 1985 ἡμῖν,
540 1916 708 1985 χωρὶς
753 1914 1046 1983 ἁμαρτίας,
1097 1914 1391 1984 γενόμενον
1435 1914 1755 1985 ἄνθρωπον·
1801 1914 1908 1984 πρὸ

331 2004 544 2058 οἱώνων
574 2003 675 2071 μὲν
728 2004 792 2055 ὲκ
848 2001 940 2054 τοῦ
992 2001 1212 2072 ιῐατρδς
1252 2001 1580 2072 γεννηθέντα
1628 2002 1768 2054 κατά
1811 2002 1908 2072 τὴν

2004 1369 2195 1416 natum
2221 1374 2341 1413 esse
2367 1367 2532 1427 atque
2563 1354 2842 1409 hominem
2877 1353 3082 1408 factum
3121 1370 3185 1407 ex
3213 1354 3425 1423 Spiritu
3459 1370 3589 1408 san-

2007 1460 2097 1508 cto
2132 1460 2187 1505 ct
2229 1458 2421 1504 sancta
2468 1455 2524 1502 et
2573 1446 2812 1517 gloriosa
2848 1446 2943 1499 Dei
2976 1445 3252 1500 Cenitrice
3276 1460 3339 1498 ac
3370 1460 3587 1513 semper

2008 1545 2231 1616 Virgine
2282 1542 2449 1597 Maria
2484 1559 2497 1595 :
2531 1540 2626 1610 qui
2682 1541 2799 1610 ipse
2854 1538 3135 1608 perfectus
3182 1539 3289 1592 l‘uit
3342 1539 3489 1592 Deus
3531 1545 3589 1591 et

2008 1637 2288 1709 perfectus
2343 1635 2529 1699 homo,
2568 1648 2713 1686 unus
2755 1641 2811 1687 et
2860 1631 3012 1685 solus
3048 1630 3221 1683 Filius
3252 1638 3306 1682 et
3333 1637 3460 1682 ante
3499 1627 3588 1680 in-

2010 1728 2409 1789 carnationem,
2440 1736 2497 1779 et
2553 1733 2675 1794 post
2730 1722 3196 1785 incarnationem,
3227 1720 3592 1775 consubstan-

2014 1820 2158 1875 tialis
2189 1819 2335 1874 Patri
2367 1817 2673 1874 secundum
2703 1816 3052 1870 divinitatem
3081 1855 3095 1878 ,
3125 1822 3181 1868 et
3222 1812 3592 1867 consubstan-

2014 1914 2159 1971 tialis
2188 1912 2349 1967 nobis
2385 1910 2690 1966 secundum
2722 1908 3125 1962 humanitatem
3159 1926 3170 1960 :
3205 1905 3403 1960 similis
3431 1904 3593 1959 nobis

2013 2021 2112 2075 per
2140 2005 2325 2058 omnia
2349 2004 2529 2058 factus
2557 2004 2743 2064 homo,
2780 2008 3008 2066 excepto
3037 2006 3261 2068 peccato
3291 2016 3303 2051 :
3336 1996 3430 2068 qui
3465 2008 3591 2052 ante

335 2094 563 2164 θεότητα
586 2110 601 2125 ·
641 2094 727 2145 ἐπ’
753 2094 997 2164 ἐσχάτων
1026 2093 1083 2148 δὲ
1130 2095 1238 2148 τῶν
1281 2095 1507 2167 ἡμερῶν
1541 2095 1630 2147 τὸν
1658 2095 1818 2147 αὐτὸν
1843 2094 1912 2147 δι’

2019 2097 2213 2150 ςωουιει
2236 2096 2461 2164 quidem
2485 2110 2554 2148 ex
2590 2094 2749 2147 Patre
2786 2102 2948 2146 natus
2973 2099 3059 2144 est
3104 2089 3412 2143 secundum
3445 2088 3594 2143 divi-

333 2186 507 2255 ἡμᾶς,
532 2183 626 2239 καὶ
654 2184 741 2236 διὰ
762 2183 861 2255 τὴν
894 2186 1172 2256 ἡμετέραν
1199 2185 1492 2256 σωτηρίαν,
1521 2187 1736 2255 καὶτῆς
1754 2186 1912 2253 ἁγίας

332 2276 596 2328 θεοτόκου
614 2276 709 2329 καὶ
724 2275 1109 2346 Ἀειπαρθένου
1125 2277 1311 2344 Μαρία
1324 2298 1335 2338 ς
1348 2317 1362 2342 ,
1377 2277 1474 2330 ἕνα
1488 2277 1577 2329 καὶ
1594 2278 1749 2347 μόνον
1764 2279 1910 2340 Υἱὺν,

336 2372 394 2420 εν
444 2366 537 2420 δύο
582 2366 830 2437 φύσεσιν,
863 2367 1206 2439 ἀσυγχύτως,
1250 2369 1554 2440 ἀτρέπτως,
1594 2369 1915 2439 ἀδιαιρέτως

336 2460 756 2531 γνωριζόμενον.
775 2460 879 2514 Δύο
895 2461 1004 2532 γὰρ
1023 2461 1211 2530 φύσεις
1233 2461 1494 2532 συνῆλθον
1515 2462 1771 2531 ἀλλήλαις
1793 2464 1914 2514 καθ’

336 2552 529 2605 ἕνωσιν
542 2552 926 2615 ἀδιάσπαστον,
944 2552 1266 2623 ἀχώριστον,
1282 2546 1608 2622 ἀσύγχυτον,
1622 2553 1911 2628 ἄτρεῖττον.

350 2644 411 2695 'H
432 2644 539 2716 γὰρ
561 2643 719 2714 σὰρξ,
743 2644 880 2715 σάρξ
901 2646 1068 2709 ἐστιν,
1087 2645 1183 2697 καὶ
1206 2645 1266 2698 ού
1289 2644 1501 2716 θεότης,
1516 2646 1563 2697 εἰ
1585 2646 1676 2697 καὶ
1694 2645 1916 2715 γέγονεν

340 2735 475 2787 Θεοῦ
509 2734 645 2803 σάρξ
668 2750 683 2763 ’
721 2736 923 2803 ὁμοίως
964 2736 1056 2789 καὶ
1084 2738 1111 2789 ὁ
1145 2736 1337 2804 Λόγος,
1372 2736 1504 2799 Θεός
1548 2739 1684 2801 ἐστι,
1726 2739 1819 2791 καὶ
1856 2737 1915 2791 ού

342 2826 500 2897 σὰρξ,
532 2829 580 2880 εί
603 2828 696 2879 καὶ
719 2826 853 2880 ἰδίαν
884 2828 1179 2899 ἐποιήσατο
1200 2827 1296 2898 τὴν
1326 2828 1507 2898 σάρκα
1537 2829 1915 2899 οἰκονομικῶς.

342 2919 445 2971 Δύο
484 2918 663 2972 τοίνυν
694 2918 791 2983 τὰς
814 2919 1004 2989 φύσεις
1036 2922 1215 2991 φαμὲν
1247 2917 1414 2975 εἶναι’
1450 2923 1547 2975 ἕνα
1576 2922 1633 2975 δὲ
1659 2922 1917 2989 Χριστὸν,

343 3013 438 3064 καὶ
473 3013 621 3078 Υἱὸν,
648 3015 743 3066 καὶ
766 3013 1099 3083 Κύριον,τὸν
1119 3014 1214 3068 τοῦ
1247 3014 1383 3067 Θεοῦ
1424 3016 1619 3083 Λόγον,
1651 3014 1921 3084 ὲνανθρω-

346 3106 596 3173 πήσαντα
630 3106 723 3158 καὶ
761 3107 1204 3177 σεσαρκωμένον.
1268 3107 1489 3177 Ἐπειδὴ
1521 3107 1771 3178 διάφοροι
1818 3106 1919 3176 μὲν

345 3196 401 3247 αἱ
444 3196 579 3265 πρὸς
626 3198 725 3265 τὴν
777 3197 1034 3270 ἀληθινὴν
1050 3200 1278 3270 ἑνότητα
1308 3200 1658 3269 συναχθεῖσαι
1695 3198 1917 3268 φύσεις*

345 3281 425 3349 εἷς
450 3288 505 3341 δὲ
541 3288 601 3353 ἐξ
627 3290 830 3359 ἀμφοῖν
854 3293 1088 3361 Χριστὸς
1120 3295 1213 3345 καὶ
1248 3292 1373 3354 Υἱός
1397 3308 1411 3323 ·
1435 3292 1533 3362 οὐχ
1575 3291 1649 3355 ὡς
1682 3291 1785 3362 τῆς
1811 3291 1921 3345 τῶν

348 3378 564 3447 φύσεων
583 3382 843 3452 διαφορᾶς
865 3385 1217 3455 ἀνῃρημένης
1244 3385 1330 3437 διὰ
1360 3385 1459 3455 τὴν
1480 3384 1697 3447 ἕνωσιν,
1721 3386 1921 3437 ἀποτε-

348 3471 591 3524 λεσασών
622 3472 679 3525 δὲ
712 3474 910 3544 μᾶλλον
948 3478 1103 3546 ἡμῖν,
1142 3478 1234 3529 τὸν
1271 3475 1494 3546 Κύριον,
1529 3477 1621 3528 καὶ
1658 3476 1913 3545 Χριστὸν,

348 3562 443 3612 καὶ
511 3562 679 3628 Υἱὸν,
741 3563 996 3635 θεότητός
1060 3583 1121 3619 τε
1191 3565 1286 3620 καὶ
1350 3565 1770 3636 ἀνθρωπότητος
1830 3565 1921 3619 διὰ

347 3654 449 3723 τῆς
477 3656 755 3725 ἀφράστου
793 3659 888 3711 καὶ
930 3659 1292 3731 ἀπερινοήτου
1342 3659 1477 3729 πρὸς
1524 3659 1753 3729 ἑνότητα
1791 3674 1921 3711 συν-

349 3746 573 3817 δρομῆς.

2017 2186 2614 2251 nitatem,novissimis
2664 2194 2850 2240 autem
2909 2183 3107 2237 diebus
3166 2182 3311 2237 idem
3367 2190 3597 2252 propter

2014 2296 2116 2334 nos
2146 2290 2201 2334 et
2235 2288 2464 2350 propter
2494 2287 2737 2333 nostram
2764 2278 2997 2332 salutem
3038 2293 3106 2331 ex
3143 2286 3337 2330 sancta
3363 2276 3452 2330 dei
3483 2274 3595 2330 Ge-

2016 2373 2218 2426 nitrice
2274 2386 2602 2440 semperque
2655 2370 2875 2440 Virgine
2933 2352 3097 2423 Maria
3128 2368 3337 2438 prodiit
3365 2384 3510 2423 unus
3538 2376 3597 2423 et

2017 2464 2168 2517 solus
2203 2462 2393 2527 Filius,
2424 2461 2519 2532 qui
2550 2462 2602 2516 iu
2634 2460 2850 2516 duabus
2897 2460 3112 2515 naturis
3159 2459 3469 2524 inconfuse,
3507 2459 3598 2512 in-

2020 2555 2383 2620 variabiliter,
2421 2555 2657 2609 indivise
2681 2552 2941 2608 inctaruit
2968 2564 3134 2622 atque
3180 2552 3420 2607 innotuit
3448 2550 3596 2607 orbi.

2020 2648 2150 2703 Duae
2202 2648 2349 2702 enim
2407 2658 2637 2711 naturae,
2677 2646 2889 2700 unitate
2934 2659 3163 2714 prorsus
3199 2643 3594 2704 indissolubili,

2020 2740 2167 2795 inter
2200 2755 2320 2794 sese
2353 2746 2772 2794 convenerunt:
2808 2736 3020 2791 unitate
3045 2776 3058 2799 ,
3088 2736 3311 2805 inquam
3333 2776 3346 2798 ,
3375 2734 3597 2807 irisepaf-

2022 2833 2206 2895 rabili,
2229 2832 2538 2894 inconfusa,
2566 2828 2920 2884 immutabili.
2939 2827 3079 2883 Caro
3105 2828 3252 2882 enim
3277 2842 3406 2881 caro
3431 2835 3516 2880 est
3539 2834 3598 2879 et

2021 2941 2130 2980 non
2166 2926 2389 2979 Deitas:
2424 2924 2640 2978 tametsi
2694 2923 2838 2978 facta
2887 2930 2972 2975 est
3029 2922 3123 2975 Dei
3190 2936 3342 2983 caro,
3380 2918 3596 2972 etiamsi

2022 3017 2429 3087 dispensatorie
2489 3016 2767 3087 prepriam
2824 3015 2931 3069 sibi
2992 3014 3127 3068 fecit
3186 3029 3308 3068 eam
3351 3027 3595 3066 carnem.

2022 3108 2168 3162 Duas
2197 3108 2380 3175 itaque
2408 3106 2735 3176 proﬁtemur
2765 3120 2887 3159 esse
2922 3113 3186 3168 naturas;
3220 3117 3389 3157 unum
3413 3111 3596 3155 autem

2023 3201 2325 3255 astruimus
2361 3214 2483 3254 esse
2537 3197 2843 3260 Christum,
2883 3196 3086 3250 Filium
3144 3205 3201 3250 et
3254 3195 3549 3249 Dominum
3581 3231 3597 3253 .

2023 3290 2417 3355 Dei'Verbum,
2447 3298 2503 3345 et
2543 3290 2636 3359 qui
2690 3289 2855 3342 homo
2905 3290 3082 3341 factus
3139 3296 3244 3351 est,
3276 3295 3333 3341 et
3372 3300 3595 3339 carnem

2025 3384 2341 3454 assumpsit.
2370 3385 2490 3438 Jam
2545 3382 2765 3452 quando
2793 3380 3117 3435 differentes
3144 3378 3368 3448 quidem
3395 3376 3477 3430 ha:
3503 3392 3598 3430 ve-

2026 3478 2247 3532 rissima
2292 3476 2496 3530 unione
2533 3475 2770 3529 counitae
2801 3481 2931 3528 sunt
2965 3482 3197 3535 natura),
3230 3485 3374 3525 unus
3413 3477 3598 3523 autem

2026 3584 2090 3622 ex
2125 3577 2358 3637 utraque
2390 3576 2583 3621 natura
2614 3563 2867 3619 Christus
2893 3571 2949 3618 et
2978 3563 3120 3617 idem
3155 3562 3347 3625 Filius,
3380 3576 3489 3614 non
3519 3560 3603 3616 sic

2028 3660 2231 3729 alioqui
2263 3666 2470 3713 asserta
2507 3665 2828 3712 naturarum
2854 3654 3167 3709 diﬁ‘ercntia
3189 3662 3415 3723 propter
3445 3652 3601 3706 unioc

2030 3767 2181 3815 nem,
2214 3750 2388 3821 magis
2441 3757 2648 3814 autem,
2677 3746 2807 3818 quia
2851 3748 2943 3801 Dei
2986 3745 3340 3815 hominisque
3388 3752 3601 3798 natura:

350 3853 451 3908 per
501 3840 636 3894 nulli
690 3842 1075 3911 explicandum
1152 3855 1210 3899 et
1270 3844 1681 3914 incogitabilem
1734 3858 1963 3916 prorsus
2037 3857 2370 3897 concursum
2428 3841 2497 3895 ad
2554 3840 2703 3895 illam
2770 3839 3033 3895 unionem
3089 3839 3251 3894 nobis
3306 3836 3606 3908 perﬁciunt

353 3951 522 3989 unum
552 3936 844 3992 Dominum
879 3949 936 3993 et
970 3938 1249 3993 Christum
1271 3948 1328 3995 et
1357 3941 1576 3995 Filium.

423 4025 609 4089 υῦτως
648 4028 742 4079 καὶ
770 4030 950 4098 ἡμεῖς,
979 4031 1096 4101 ἦτοι
1126 4033 1158 4101 ἡ
1196 4031 1459 4103 καθολικὴ
1476 4031 1792 4103 Ἐκκλησία,
1827 4047 1922 4084 πι-

356 4119 638 4187 στεύομεν,
668 4119 740 4181 ὡς
758 4122 853 4172 καὶ
868 4123 919 4174 οἱ
946 4122 1169 4191 μεγάλοι
1193 4126 1481 4193 φωστῆρες
1497 4125 1592 4175 καὶ
1617 4121 1926 4176 διδάσκαλοι

354 4207 450 4274 τῆς
496 4209 775 4281 ἀληθείας,
844 4211 1162 4275 Ἀθανάσιος
1190 4254 1203 4277 ,
1235 4213 1541 4278 Βασίλειος,
1604 4213 1923 4283 Γρηγόριος,

354 4299 626 4371 Ἰωάννης,
644 4305 738 4355 καί
771 4302 1058 4372 Κύριλλος,
1086 4306 1113 4357 ὁ
1140 4304 1241 4373 τῆς
1266 4303 1661 4376 Ἀλεξανδρέων
1695 4304 1928 4373 μεγαλο-

355 4393 591 4456 πόλεως’
622 4393 865 4456 καὶτοὺς
894 4396 967 4465 μὴ
1001 4394 1173 4458 οὕτως
1217 4396 1547 4465 φρονοῦντας
1587 4394 1931 4465 ἀποστρεφό-

2100 4023 2194 4081 Sic
2224 4039 2327 4079 nos
2354 4021 2469 4077 sive
2496 4021 2764 4076 catholica
2795 4021 3042 4076 Ecclesia
3072 4019 3372 4085 credimus,
3404 4035 3603 4089 quem-

2028 4114 2325 4170 admodum
2360 4120 2417 4167 et
2446 4126 2640 4182 magna
2670 4111 2766 4165 illa
2790 4112 3051 4165 Ecclesiae
3070 4109 3361 4165 luminaria
3387 4126 3452 4165 ac
3471 4111 3604 4166 doc-

2032 4216 2181 4262 tores
2237 4203 2509 4269 veritatis,
2545 4202 2901 4267 Athanasius,
2956 4202 3216 4267 Dasilius,
3257 4201 3557 4272 Gregorius
3584 4243 3601 4269 ,

2030 4298 2292 4361 Joannes,
2311 4295 2549 4367 Cyrillus
2587 4309 2798 4364 magna:
2827 4294 3331 4348 Alexandrinorum
3363 4294 3607 4351 civitatis

2032 4390 2347 4459 episcopus.
2378 4387 2558 4454 Quare
2581 4388 2706 4441 illos
2745 4386 2839 4456 qui
2883 4396 3082 4456 praeter
3112 4387 3311 4441 horum
3350 4388 3605 4452 dogmata

358 4482 497 4552 μεθα
519 4484 613 4538 καὶ
631 4484 1119 4555 ἀναθεματῐζομεν,
1139 4486 1276 4555 μετά
1291 4486 1398 4539 τῶν
1416 4487 1925 4558 ὑπογεγραμμένων

2027 4489 2343 4546 senserunt,
2363 4496 2706 4543 aversantur,
2740 4479 3098 4549 repudiamus
3120 4490 3175 4534 et
3228 4495 3601 4544 exsecramur,

356 4574 620 4644 ςὶρέσεων
652 4573 761 4627 τῶν
788 4577 927 4644 μετὰ
959 4576 1055 4646 τὴν
1085 4577 1391 4647 παρουσίαν
1417 4577 1510 4631 τοῦ
1536 4578 1761 4648 Κυρίου,
1790 4577 1930 4631 κατά

2027 4592 2154 4631 cum
2195 4576 2524 4645 subscriptis
2567 4573 2874 4629 haeresibus
2901 4588 3023 4642 qua:
3057 4572 3416 4627 succedaneis
3465 4583 3603 4628 tem-

290 4702 295 4705 ι
354 4664 639 4734 ἰιαφόρους
656 4665 881 4735 καιροὺς
899 4683 972 4718 πα
982 4667 1315 4735 ραφυέντων·
1333 4660 1407 4720 ὧν
1429 4667 1498 4720 τὰ
1518 4666 1759 4737 ὀνόματά
1778 4668 1928 4719 ἐστιν

2025 4667 2260 4734 poribus
2282 4667 2497 4721 adnata:
2527 4674 2656 4720 sunt
2686 4673 2809 4734 post
2835 4664 3053 4718 Domini
3086 4663 3403 4717 adventum.
3438 4663 3601 4734 Ejus-

355 4756 553 4809 ταῦτα·
582 4757 927 4828 Σιμωνιανοὶ,
942 4760 1353 4830 Μενανδριανοὶ,
1373 4760 1743 4829 Σατορνιανοὶ,
1764 4759 1929 4811 Βασι-

2029 4759 2178 4812 modi
2225 4745 2611 4812 haereticorum
2642 4756 2866 4809 nomina
2896 4765 3027 4809 sunt
3074 4756 3191 4810 lucc
3220 4775 3230 4805 :
3261 4756 3311 4817 1,
3340 4754 3606 4810 Simouia-

356 4848 583 4900 ὶιδιανοὶ
605 4888 620 4913 ,
650 4850 969 4903 Νικολαῗται
995 4891 1009 4916 ,
1044 4851 1081 4902 Γ
1085 4851 1364 4916 νωστικοὶ,
1423 4850 1922 4921 Καρποκρατιανοὶ,

2031 4849 2115 4902 ni.
2145 4850 2200 4912 2,
2226 4847 2627 4902 Mcnandriani.
2662 4847 2715 4913 5,
2762 4846 3099 4902 Satorniani.
3155 4847 3210 4911 4,
3266 4846 3604 4905 Basilidiani.

359 4942 442 5008 Kr,
453 4938 566 5010 ρινθ
577 4942 732 5006 ιανοὶ,
750 4942 1593 5013 Ναζωραῖοι,’Δ6ιωναίοι,Οὐαλε
1602 4943 1823 5006 ντιανοὶ,
1838 4942 1927 4993 Σε-

2031 4941 2085 5005 5,
2126 4940 2428 4995 Nicolaitae.
2461 4940 2515 5005 6,
2557 4938 2825 4994 Gnostici.
2860 4941 2911 5003 7,
2944 4937 3385 5008 Carpocratiani.
3418 4944 3471 5005 8,
3497 4941 3605 5001 Na-

356 5032 682 5095 κουνδιανοὶ,
696 5034 827 5087 Πολε
836 5038 1003 5105 μαῖοι,
1018 5036 1358 5104 Μαρκώσιοι,
1376 5035 1752 5106 Κολορϐάτιοι,
1770 5034 1931 5104 Ἦρα-

2032 5031 2280 5095 zaraei.9,
2317 5030 2621 5087 Hebiontei.
2650 5032 2736 5097 10,
2764 5031 3091 5088 Valentiani.
3125 5031 3209 5098 ll,
3247 5032 3603 5087 Secundiani.

356 5122 662 5190 κλεωνῖται,
690 5126 919 5194 Ὀφῖται,
960 5128 1213 5193 Καῖανοὶ,
1250 5126 1521 5198 Σηθιανοὶ,
1566 5125 1924 5197 Ἀρχοντικοὶ,

2035 5128 2121 5190 l2,
2150 5124 2422 5180 Polemaai.
2456 5123 2541 5186 15,
2561 5123 2835 5187 Marcosii,
2857 5123 2943 5185 11,
2971 5122 3289 5177 Colorbatii.
3327 5123 3411 5188 15,
3439 5124 3610 5178 Hera-

357 5213 743 5284 Κερδωνιανοὶ,
776 5217 1211 5288 Μαρκιωνισταὶ,
1241 5220 1645 5283 Λουκιανισταὶ,
1674 5218 1927 5271 Ἀπελιαα

357 5304 457 5368 vol,
479 5305 814 5376 Σευηριανοὶ,
829 5309 1102 5377 Τατιανοὶ,
1122 5312 1507 5381 Ἐγκρατισταὶ
1525 5312 1688 5375 ,κατά
1703 5312 1925 5381 Φρύγα-

358 5396 520 5460 στῶν,
540 5398 635 5451 καὶ
663 5399 1046 5454 Μοντανιστῶν
1078 5405 1174 5456 καὶ⁹
1198 5402 1677 5471 Ἀσκοδρουγιτῶν,
1712 5405 1927 5456 Hamu-

358 5485 599 5560 ζιανοὶ,ἢ
618 5490 1096 5562 11ρισκιλλιανοὶ,οί
1109 5495 1531 5558 Κεκεντιλιανοὶ,
1543 5487 1623 5556 οἷς
1638 5492 1928 5548 συνάπτον·

356 5594 448 5630 ται
491 5579 864 5653 Ἀρτοτυρίται
886 5624 901 5651 ,
938 5586 1628 5658 Τεσσαρεσκαιδεκατῖται,
1666 5585 1882 5656 Ἀλογοι
1909 5628 1923 5652 ,

426 5739 474 5770 ⁷⁸
497 5741 615 5791 Act.
637 5755 711 5805 tv,
742 5742 824 5795 l2.

2033 5217 2303 5273 cleonitas.
2340 5215 2680 5285 -l6,0phitae.
2723 5216 2807 5279 17,
2841 5215 3054 5269 Caiani.
3092 5214 3178 5278 18,
3218 5214 3489 5268 Sithiani.
3521 5216 3604 5279 19,

2035 5306 2376 5363 Archontici.
2429 5306 2519 5371 20,
2541 5305 2901 5360 Cerdoniani.
2950 5304 3057 5366 21,
3084 5305 3467 5360 Marcionistae.
3513 5304 3605 5368 22,

2035 5398 2380 5455 Lucianista'.
2413 5397 2502 5461 25,
2541 5397 2838 5467 Apelliani.
2886 5396 2977 5461 24,
3022 5397 3324 5452 Severiani.
3366 5396 3456 5459 25,
3501 5396 3607 5449 'l‘a-

2031 5491 2186 5547 tiani.
2245 5489 2335 5554 26,
2372 5490 2690 5545 Encratitze.
2732 5491 2800 5544 27
2823 5530 2837 5554 ,
2865 5490 3133 5545 adversus
3189 5490 3519 5559 Phrygastas
3550 5499 3608 5542 ct

2030 5582 2407 5646 Montanistas,
2468 5581 2932 5652 Ascodrougetas.
2982 5581 3088 5646 28,
3145 5578 3457 5649 l‘epusiaui.
3517 5576 3607 5650 29,
