4040 6536
468 322 602 392 1841

1743 317 2104 386 ANTIOCHI
2149 317 2489 387 MUNACI—ll

3613 324 3758 389 1848

460 440 818 509 Priscilllani,
839 438 1228 510 Cecemiliaui,
1251 458 1392 514 quos
1427 440 1847 512 consequuntur
1885 444 2046 495 Arto-

2153 439 2491 510 ’Δδαμιανοὶ,
2508 442 2582 494 Σα
2592 438 2805 512 μψαῖοι,
2823 442 2873 495 οἱ
2897 442 2991 496 καὶ
3006 435 3332 508 Ἑλκεσαῐοι,
3350 446 3450 499 καὶ
3463 445 3759 500 Θεοδοτια-

462 538 601 594 ritm.
659 539 751 605 50,
813 537 1508 594 Tessares-Kai-decatitaa.
1569 537 1660 603 5i,
1711 533 1889 605 Alogi.
1955 534 2045 598 52,

458 626 769 686 Adamiani.
812 624 901 697 55,
946 630 1228 701 δοῐηρεεεί,
1254 630 1349 701 qui
1375 640 1431 685 et
1449 628 1665 684 Celsaei.
1716 622 1808 694 55,
1858 625 2045 681 Theo-

458 722 691 779 dotiani.
743 722 835 787 55,
898 721 1396 777 Melchisedeciani.
1435 720 1540 784 56,
1575 718 1905 774 Bardisiani.
1953 719 2043 783 57,

459 812 735 867 Noetiani.
777 812 867 876 58,
915 811 1139 866 Valesii.
1179 810 1395 882 125.6
1415 810 1506 873 59,
1561 810 1826 875 Katbari,
1858 809 1954 879 qui
1990 818 2049 865 et

459 900 705 957 Anabiti.
731 900 821 966 40,
843 900 1111 971 Angelici.
1138 901 1197 954 6|
1214 941 1229 963 ,
1249 898 1552 969 Apostolici
1576 900 1671 969 qui
1720 907 1777 953 et
1806 898 2044 969 Apotac‘

461 992 631 1047 tiotaa.
661 991 750 1056 42,
801 990 1122 1045 Sabelliani.
1161 992 1251 1055 45,
1284 989 1638 1061 Origenarii:
1676 991 1772 1061 qui
1828 1000 1885 1045 et
1939 992 2043 1045 Esu

462 1079 733 1150 chropmi.
768 1080 858 1144 44,
887 1078 1204 1150 Origeniani
1233 1078 1328 1133 alii
1359 1079 1453 1149 qui
1487 1088 1544 1134 et
1572 1077 1908 1135 Adamantii.
1950 1081 2042 1146 45,

460 1170 662 1230 Paulus
717 1173 1141 1230 Samosatensis.
1190 1172 1260 1228 46
1285 1211 1300 1237 ,
1352 1173 1657 1228 Manicbzei.
1692 1174 1783 1238 47,
1819 1174 2044 1229 ilict-ar-

460 1266 605 1321 citze.
636 1264 725 1328 48,
758 1265 1153 1329 Μειίῐίιιηί.49,
1179 1264 1391 1329 Ariani,
1426 1265 1520 1335 qui
1569 1273 1625 1321 et
1659 1265 2038 1322 Ariomanitaa.

461 1358 549 1422 50,
580 1357 842 1412 Andiani.
903 1358 993 1422 5|,
1031 1357 1374 1412 Photiniani.
1430 1358 1517 1421 52,
1559 1358 1917 1413 Marcelliani.
1949 1360 2040 1425 55,

463 1451 748 1505 llemiarii.
799 1451 889 1513 54,
936 1450 1450 1505 Pneumatomachi.
1502 1449 1592 1516 55,
1642 1450 1892 1506 Aeriani.
1948 1452 2041 1517 56,

464 1544 671 1610 Etiani,
698 1545 791 1615 qui
816 1552 873 1599 et
890 1543 1135 1609 Anomii,
1164 1551 1219 1598 et
1246 1539 1601 1608 Eunomiani,
1624 1551 1681 1597 et
1706 1538 2040 1598 Eudoxiani.

462 1632 554 1701 57,
585 1636 906 1699 ῡὶωαιτὶῑαξ,
935 1634 1029 1705 qui
1055 1643 1113 1689 et
1155 1633 1597 1704 Apollinaridmi.
1636 1634 1724 1700 58,
1750 1635 2038 1690 Antidico-

464 1727 813 1783 marianitze:
848 1727 939 1783 isti
966 1727 1180 1783 faciunt
1216 1727 1283 1781 ad
1307 1726 1571 1782 invidiam
1593 1728 1858 1794 nominis,
1893 1727 2043 1783 inter

2155 531 2259 596 voi,
2292 532 2796 603 Μελχισεδεκιανοὶ,
2823 532 3210 603 θαρδισιανοὶ,
3240 535 3558 606 Νοητιανοὶ,
3608 539 3757 591 Οὐα-

2152 621 2354 692 λήσιοι,
2388 625 2635 696 Καθαροί
2664 626 2717 679 οί
2748 626 2845 679 καὶ
2880 624 3175 691 Ἀναϐιτοὶ,
3221 627 3559 695 ’Δγγελικώη
3586 630 3758 683 Ἀπο-

2155 715 2412 779 στολικοὶ,
2453 718 2504 770 οί
2544 718 2641 770 καὶ
2674 718 3084 779 Ἀποτακτικοὶ,
3118 718 3497 786 Σαϐελλιανοὶ,
3538 722 3753 790 Ὦριγε-

2152 808 2345 871 νιανοὶ,
2371 809 2420 861 oi
2457 808 2555 861 καὶ
2584 810 2960 879 Δίσχροποιοὶ,
2978 810 3339 880 Ὠριγενιανοὶ
3366 812 3518 866 ἄλλοι
3556 831 3614 866 τε
3656 816 3755 866 καὶ

2168 899 2605 971 Ἀδαμαντιανοὶ,
2627 899 2839 964 Παῦλος
2861 902 3729 974 Σαμοσατέως,Μανιχαῖοι,ἐρα

2151 996 2353 1058 κεῖται,
2404 994 2744 1058 Μελιτιανοὶ,
2767 995 3064 1066 Ἀρειανοὶ,
3098 998 3146 1049 oi
3181 998 3277 1050 xui.
3311 1000 3751 1070 ’Δρειομανίται,

2165 1076 2454 1149 ⁶Ανδιανοὶ,
2509 1084 2849 1149 Φωτινιανοὶ,
2914 1082 3364 1156 Μαρκελλιανοὶ,
3402 1089 3752 1157 Ἠμιάρξιοι,

2150 1175 2636 1246 Πνευματομάχοι,
2653 1177 2941 1248 Ἀεριανοὶ,
2960 1178 3249 1244 Ἀετιανοὶ,
3291 1181 3341 1233 οί
3368 1180 3464 1233 καὶ
3486 1184 3747 1251 ’Δνομοι,

2150 1268 2502 1339 Εὐνομιανοὶ,
2534 1267 2870 1336 Εύδοξιανοὶ,
2904 1273 3235 1342 Διμοιρῖται,
3265 1274 3315 1326 oi
3340 1274 3750 1328 καὶἈπολιναο

2151 1361 2317 1430 ρῖται,
2357 1359 2947 1430 ’Δντιδικομαριανῖται
2968 1401 2983 1424 ,
3014 1363 3066 1415 οί
3098 1363 3182 1425 είς
3218 1364 3390 1434 ὄνομα
3418 1364 3519 1433 τῆς
3569 1368 3750 1433 αὐτῆς

2146 1450 2371 1521 Μαρίας
2419 1452 2751 1524 κολλυρίδας
2790 1453 3107 1518 ποιοῦντες·
3152 1455 3512 1521 Μεσαλιανοὶ,
3544 1458 3595 1510 οί
3646 1456 3751 1513 καὶ

2148 1542 2550 1614 Εύχϊται.Ἕως
2586 1544 2695 1597 τῶν
2737 1538 2838 1598 ὧδε
2869 1547 2897 1599 6
2937 1544 3092 1614 δγιος
3135 1545 3457 1616 Ἐπιφάνιος
3500 1549 3745 1614 ἐξέθετο.

2146 1635 2304 1690 Μετὰ
2333 1634 2391 1688 δὲ
2411 1635 2635 1699 τούτους
2657 1636 2968 1704 γεγόνασιν,
2989 1637 3276 1708 Εύάγριος,
3302 1640 3396 1691 καὶ
3415 1639 3649 1709 Δίδυμος
3668 1640 3749 1691 τὰ

2160 1725 2470 1795 Ὠριγένους
2505 1727 2828 1798 φρονοῦντες
2867 1727 3005 1799 πρὸς
3043 1728 3276 1800 ὓπαρξιν
3318 1732 3414 1783 καὶ
3452 1732 3745 1785 ἀποκατάο

462 1820 809 1891 placentulas
880 1835 1020 1890 quas
1074 1830 1294 1885 vocant,
1351 1818 1644 1891 collyridas
1695 1819 1899 1875 Mariae.
1951 1821 2040 1886 59,

2153 1833 2363 1882 στασιν,
2388 1817 2663 1889 Θεόδωρος
2690 1818 2717 1870 6
2743 1818 3141 1888 Μοψουεστίας,
3160 1822 3255 1874 καὶ⁵
3279 1822 3567 1893 Διόδωρος,
3588 1825 3683 1876 καὶ
3714 1825 3748 1876 6

463 1906 768 1968 Mesaliani.
801 1911 892 1977 60,
926 1908 1193 1966 Euchitm.
1224 1903 1522 1982 Ilucusque
1555 1922 1780 1969 sanctus
1808 1912 2044 1983 Epipha-

462 2004 591 2061 nius
616 2005 890 2075 exposuit.
924 2005 1172 2059 Posthac
1198 2005 1487 2060 luereseon
1531 2015 1788 2075 portenta
1817 2007 2047 2063 fuerunt.

464 2093 523 2150 hi
556 2112 569 2148 :
600 2095 868 2165 Evagrius
893 2105 949 2150 et
977 2095 1259 2167 Didymus,
1295 2096 1391 2167 qui
1420 2097 1729 2151 secundum
1780 2097 2037 2169 dogmata

464 2186 740 2258 Origenis,
765 2195 897 2259 puta
929 2189 1419 2259 praeexsistentiam
1445 2206 1631 2245 rerum
1658 2198 1824 2261 atque
1846 2207 2042 2246 earum

466 2276 879 2335 restitutionem
925 2288 1246 2335 senserunt.
1285 2279 1615 2336 Theodorus
1649 2279 2041 2353 Mopsuestius,

465 2362 743 2427 Diodorus
767 2380 822 2425 et
845 2370 1137 2426 Nestorius
1157 2372 1252 2441 qui
1282 2386 1383 2427 suo
1427 2387 1591 2427 sensu
1634 2375 1747 2427 duo
1784 2382 2045 2428 astruunt

466 2476 590 2518 esse
639 2462 800 2518 ﬁlios.
844 2462 940 2517 His
980 2463 1228 2518 concinit
1274 2464 1451 2519 Mares
1483 2464 1568 2519 vir
1605 2464 1790 2530 Persa,
1824 2472 1881 2520 et
1912 2465 2044 2535 Epi-

466 2556 611 2612 stola
665 2571 789 2626 qua:
822 2555 1049 2622 dicitur,
1074 2556 1188 2611 Iba.
1229 2556 1549 2612 Secundum
1589 2557 1692 2613 hos
1743 2557 2041 2630 Eutyches,

469 2649 941 2721 imaginationem,
991 2649 1312 2721 opinionem
1370 2658 1426 2707 et
1468 2648 1854 2706 confusionem
1914 2666 2044 2705 seu-

471 2741 655 2796 tiens:
690 2757 856 2812 quem
894 2742 1120 2813 quidem
1163 2752 1478 2813 sequuntur
1512 2744 1827 2809 Dioscorus,
1865 2737 2047 2798 Theo—

467 2833 683 2901 dosius,
712 2834 967 2901 Gaianus,
992 2834 1318 2891 Timotheus
1350 2835 1445 2906 qui
1467 2844 1525 2891 et
1552 2836 1827 2898 Hzelurus,
1846 2837 2047 2890 Petrus

467 2926 566 2997 qui
611 2933 668 2981 et
715 2925 850 2981 illud
897 2935 1251 2982 commentus
1283 2936 1371 2982 est
1402 2943 1416 2981 :
1445 2942 1667 2997 nempe,
1698 2935 1761 2981 ut
1795 2925 2047 2995 Trisagio

468 3012 673 3091 hymno
701 3019 997 3074 accederet
1028 3027 1263 3089 quartus
1296 3018 1654 3091 σταυρωθεὶς,
1673 3017 1727 3072 id
1759 3024 1845 3072 est
1862 3016 2047 3071 cruci-

2150 1909 2449 1980 Νεστόριος
2475 1906 2556 1963 ἑνὶ
2589 1911 2901 1983 φρονήματι
2934 1912 3029 1966 δύο
3049 1914 3199 1977 υἱοὺς
3225 1913 3744 1981 λέγοντες.Τούτοις

2154 2005 2439 2072 συμφωνεῖ
2457 2002 2640 2074 Μάρις
2656 2003 2683 2056 6
2703 2003 2942 2075 Πέρσηςο
2967 2007 3062 2058 καὶ
3082 2006 3115 2075 ή
3132 2003 3404 2077 λεγομένη
3435 2006 3578 2060 Ἥϐἀ
3595 2007 3747 2059 Ἐπι-

2152 2093 2313 2165 στολὴ
2334 2111 2352 2127 ο
2390 2096 2531 2166 μετὰ
2556 2095 2785 2160 τούτους
2807 2097 3082 2167 Εὐτυχὴς,
3107 2099 3437 2167 φαντασίαν,
3460 2101 3553 2152 καὶ
3577 2099 3744 2170 δόκη-

2153 2203 2258 2253 σιν,
2289 2186 2384 2240 καὶ
2405 2186 2672 2257 σύγχυσιν
2700 2187 2913 2257 φρονῶν
2936 2205 2953 2220 ·
2999 2183 3152 2256 ᾧτινι
3181 2191 3374 2243 ἕπεται
3414 2191 3737 2261 Διόσκορος,

2150 2276 2448 2343 Θεοδόσιος,
2467 2277 2715 2341 Γαῖανὸς,
2736 2277 2999 2348 Τιμόθεος
3014 2279 3043 2331 6
3064 2279 3337 2350 Αἷλουρος,
3364 2282 3590 2353 Πέτρος,
3611 2284 3640 2334 6
3660 2281 3741 2347 τὸ,

2151 2370 2185 2425 ὁ
2215 2372 2601 2439 σταυρωθεὶς,
2632 2371 2713 2435 είς
2746 2369 2811 2424 τὸ
2839 2370 3133 2442 Τρισάγιον
3176 2374 3492 2444 ἐπινοήσας,
3532 2375 3742 2443 Πέτρος

2151 2463 2181 2516 6
2231 2462 2509 2531 Μουγγὸς,
2562 2464 2803 2535 Σευῆρος
2837 2465 2866 2518 6
2909 2465 3230 2534 Ἀκέφαλος,
3283 2467 3621 2537 Σωτήριχος,
3678 2471 3742 2519 ὲκ

2151 2550 2442 2624 Σαμαρίας
2491 2554 2918 2619 Καππαδοκίας,
2960 2554 3241 2619 Φιλόξενος
3297 2556 3472 2625 Ἰερᾶς
3503 2556 3738 2620 πόλεως,

2164 2643 2518 2715 Ἀμφιλόχιος
2554 2648 2582 2699 6
2608 2647 2857 2718 Πισίδης,
2891 2646 3150 2712 Ἰάκωϐος
3172 2649 3202 2702 6
3235 2648 3431 2719 Σῦρος,
3463 2650 3564 2703 καὶ
3606 2650 3741 2702 Ἰουο

2151 2734 2333 2800 λιανός
2353 2752 2367 2766 ⁸
2401 2738 2496 2790 καὶ
2530 2738 2584 2791 εῐ
2607 2755 2696 2801 τις
2728 2738 2854 2793 κατ’
2884 2739 3085 2802 αὐτοὺς
3130 2740 3395 2803 τοιοῦτος.
3438 2740 3632 2795 Ταῦτά
3660 2759 3741 2796 σοι

2152 2825 2470 2892 ἀπέστειλα,
2502 2828 2657 2898 τίμιε
2690 2829 2871 2901 Πάτερ
2902 2830 3192 2895 Εύστὰθιε,
3223 2830 3458 2898 δεικνὺς,
3494 2833 3579 2885 ὃτι
3608 2835 3742 2886 ἑκά-

2154 2937 2254 2990 στη
2292 2920 2524 2992 αἵρεσις,
2551 2921 2639 2974 ἐπ’
2674 2922 2902 2991 θνόματί
2929 2940 3076 2989 τινος
3125 2924 3421 2997 ἀνθρώπου
3474 2927 3742 2996 ὀνομαζοο

2157 3012 2672 3083 μένη,ἀποστασίαν
2695 3015 2804 3067 ἀπὸ
2832 3015 3068 3085 Χριστοῦ
3088 3016 3352 3073 διδάσκει.
3402 3019 3475 3071 Οὐ
3505 3018 3618 3089 γὰρ
3647 3022 3745 3071 ἀν-

470 3114 631 3168 ﬁxus.
670 3115 867 3169 Petrus
910 3114 1163 3185 Mungus,
1190 3115 1430 3169 Severus
1450 3114 1541 3169 ille
1572 3113 1901 3183 Acephalus,
1940 3111 2045 3165 So-

2156 3105 2370 3172 ἐχονται
2401 3106 2726 3176 Χριστιανοὶ
2753 3107 3058 3173 καλεῖσθαι,
3080 3108 3217 3161 ἀλλὰ
3232 3110 3613 3182 Νεστοριανοὶ,
3643 3112 3740 3162 καὶ

470 3206 719 3262 teriehus
750 3222 818 3262 ex
843 3163 1094 3262 CmsareJa
1131 3163 1513 3277 éappadocize,
1548 3163 1887 3260 Philgxenus
1914 3204 2046 3259 llic-

2153 3163 2499 3267 έευηριανοὶ,
2533 3201 2628 3252 καὶ
2655 3198 2991 3266 Ἰακωϐἶται,
3013 3163 3166 3271 ῆοιαὶ
3203 3201 3348 3272 ἄλλῳ
3367 3163 3613 3272 ὀνόματι,
3628 3203 3739 3255 τῶν

471 3298 839 3368 ηροιὶιιιηιιε,
873 3298 1297 3368 Amphilochius
1345 3292 1591 3361 Pisidiae,
1645 3292 1884 3352 Iacobus
1942 3294 2044 3367 Sy-

473 3395 610 3451 rus,
670 3396 727 3443 et
781 3388 1037 3445 Julianus
1094 3406 1108 3443 :
1167 3396 1224 3444 et
1289 3388 1337 3444 si
1407 3388 1533 3458 quis
1588 3387 1896 3443 secundum
1946 3387 2048 3442 hos

473 3482 602 3538 talis
657 3480 848 3537 fuerit.
904 3479 1031 3536 Haec
1087 3481 1334 3551 quidem,
1368 3481 1424 3535 in
1486 3479 1566 3535 tui
1617 3479 1851 3550 gratiam
1914 3494 2049 3534 con-

472 3574 637 3641 traxi,
694 3574 1035 3630 venerabilis
1097 3575 1261 3630 Pater
1310 3571 1567 3629 Eustathi
1600 3590 1614 3626 :
1651 3582 1715 3627 ut
1766 3572 2045 3627 declarem

471 3667 621 3740 quod
664 3682 1012 3738 unaquaeque
1063 3666 1261 3721 harum
1301 3666 1583 3720 hmreseon
1621 3664 1691 3719 ab
1720 3678 1830 3717 uno
1860 3663 2049 3731 aliquo

474 3760 697 3815 homine
720 3758 1209 3814 momenclaturam
1233 3757 1618 3828 cognominem
1642 3753 1860 3820 sortita,
1887 3752 2051 3807 docet

470 3852 747 3926 ejusmodi
779 3851 961 3906 virum
998 3850 1343 3906 desertorem
1372 3864 1496 3904 esse
1525 3863 1591 3903 ac
1619 3847 1865 3918 refugam
1888 3845 2050 3901 Chri-

472 3947 567 4004 sti.
602 3947 792 4018 Neque
822 3946 970 4001 enim
1013 3943 1103 3998 isti
1135 3944 1377 3998 tolerant
1414 3941 1525 3996 dici
1553 3955 1610 3995 se
1647 3938 1994 3995 Christianos
2031 3957 2044 3994 :

472 4040 649 4111 magis
709 4051 897 4094 autem
955 4045 1321 4092 assectatores
1374 4042 1540 4090 sectae
1571 4033 1660 4088 vel
1687 4029 2046 4096 Nestorianze,

473 4131 823 4195 Severiauae,
885 4127 1241 4190 Jacobiticm,
1296 4135 1393 4181 aut
1458 4125 1791 4196 cognomine
1847 4123 2048 4195 quovis

472 4223 948 4295 praescriptoruin.
980 4219 1147 4291 Atqui
1191 4219 1583 4289 tempestivum
1628 4214 1739 4289 jam
1765 4224 1870 4283 est,
1902 4224 1963 4271 ut
1983 4231 2052 4272 ex

474 4313 685 4385 ingenti
739 4320 1069 4382 tempestate
1103 4310 1207 4365 hac
1234 4311 1405 4367 nimis
1439 4322 1610 4379 quam
1658 4309 1963 4380 procellosa
1995 4315 2052 4385 et

473 4406 814 4467 turbulenta,
847 4403 1112 4472 deinceps
1148 4401 1509 4472 enavigemus
1540 4417 1553 4454 :
1589 4400 1658 4455 ab
1682 4400 1915 4470 impuris
1940 4400 2054 4470 spi-

2150 3292 2689 3363 προγεγραμμένων.
2710 3293 2873 3346 Ἀλλὰ
2900 3296 3265 3366 ἀνανήψωμεν
3295 3295 3483 3348 λοιπὸν
3529 3297 3594 3349 ἐκ
3639 3297 3738 3365 τῆς

2149 3380 2458 3445 ζαλοειδοῦς
2480 3384 2799 3454 τρικυμίας,
2817 3386 3035 3440 καὶτῶν
3057 3386 3388 3458 ἀκαθάρτων
3411 3389 3740 3457 πνευμάτων

2148 3473 2243 3527 τοῦ
2262 3473 2426 3543 βυθοῦ
2439 3476 2549 3529 τῶν
2568 3477 2838 3548 αἱρέσεων
2852 3480 2943 3531 ἐπὶ
2960 3478 3235 3533 τδνεῦδιον
3252 3479 3449 3550 λιμένα
3468 3481 3568 3549 τῆς
3583 3480 3743 3549 βασιι⁵

2148 3564 2297 3626 λείας
2313 3566 2424 3620 τῶν
2442 3567 2692 3638 οὐρανῶν
2717 3581 2732 3599 ⁸
2768 3571 2864 3623 καὶ
2910 3570 3268 3642 ἀναλάϐωμεν
3299 3572 3391 3625 τὸν
3431 3571 3591 3641 λόγον
3618 3576 3742 3635 ταῖς

2149 3658 2349 3729 αὔραις
2362 3659 2457 3713 τοῦ
2480 3662 2641 3731 ἁγίου
2657 3659 2995 3733 Πνεύματος,
3013 3665 3143 3720 ὃθεν
3159 3664 3324 3719 αὑτὸν
3343 3666 3736 3737 κατελίπομεν.

2150 3747 2416 3820 Λέγωμεν
2443 3752 2626 3807 τοίνυν
2654 3754 2737 3808 ὅτι
2768 3754 2965 3809 πολλοῦ
2994 3756 3203 3825 ἀγῶνος
3228 3758 3323 3811 καὶ
3349 3759 3519 3811 κόπου
3549 3760 3733 3829 χρεία,

2151 3840 2237 3895 ἵνα
2252 3842 2393 3917 τύχῃ
2408 3860 2493 3908 τις
2505 3845 2606 3915 τῆς
2621 3845 2898 3916 βασιλείας
2914 3848 3290 3927 τῶνεοῦρανῶν
3304 3866 3318 3880 ο
3338 3851 3459 3903 οὐδὲ
3480 3853 3592 3923 γὰρ
3609 3856 3740 3923 περὶ

2149 3936 2624 4007 προσκαίρου,καὶ
2654 3938 3057 4012 μεθισταμένης
3082 3941 3298 4013 ἡμέρας
3325 3943 3356 3994 6
3385 3943 3565 4011 λόγος,
3599 3945 3738 3998 ἀλλὰ

2151 4025 2283 4095 περὶ
2306 4025 2476 4080 ἀϊδίου
2497 4026 2644 4097 ζωῆς
2674 4031 2702 4081 6
2728 4028 2879 4098 ἁγὼν
2908 4031 3003 4083 καὶ
3036 4030 3313 4101 βασιλείας
3337 4033 3611 4103 διαδόχου.
3627 4037 3741 4104 Φη-

2152 4117 2238 4170 σὶν
2262 4118 2372 4189 γὰρ
2394 4120 2423 4172 6
2450 4120 2649 4191 Δανιήλ
2667 4136 2683 4153 ο
2705 4139 2724 4171 ι
2760 4120 3087 4194 Ἐθεώρουν,
3121 4123 3213 4176 καὶ
3246 4124 3310 4176 τὸ
3362 4125 3532 4194 κέρας
3559 4129 3740 4178 ἐκεῖνο

2151 4207 2327 4261 ἐποίει
2353 4210 2590 4280 πόλεμον
2615 4211 2756 4282 μετὰ
2778 4213 2888 4265 τῶν
2906 4213 3212 4281 ἁγίωνηια)⁸
3238 4214 3458 4284 ἴσχυσεν
3474 4216 3618 4285 πρὸς
3644 4218 3741 4268 αύο

2150 4299 2299 4365 τοὺς,
2314 4299 2421 4364 ἓως
2438 4296 2500 4355 οὗ
2516 4297 2682 4373 ἦλθεν
2696 4304 2725 4355 6
2743 4302 2973 4367 παλαιὸς
2989 4304 3101 4356 τῶν
3118 4306 3149 4374 η
3160 4305 3363 4376 μερῶν,
3376 4306 3469 4358 καὶ
3496 4307 3547 4359 :6
3560 4309 3739 4376 κρῖμα

2153 4389 2354 4444 ἔδωκεν
2381 4393 2561 4461 ἁγίοις
2601 4393 2862 4463 Ὑψίστου
2882 4408 2899 4425 ο
2935 4395 3033 4448 καὶ
3062 4396 3090 4447 6
3128 4395 3322 4467 καιρὸς
3345 4396 3605 4463 ἔφθασεν,
3643 4400 3739 4451 καὶ

474 4499 679 4554 ritibus
706 4495 992 4567 profunda!
1030 4493 1311 4564 voraginis
1342 4493 1630 4547 haereseon
1672 4508 1774 4547 nos
1811 4492 2046 4561 recipia-

2154 4486 2254 4555 τὴν
2286 4485 2567 4556 βασιλείαν
2608 4486 2875 4557 κατέσχον
2912 4488 2967 4540 οἱ
3011 4487 3192 4555 ἅγιον
3242 4489 3334 4541 καὶ
3369 4491 3403 4559 ή
3460 4489 3735 4558 βασιλεία,

471 4603 601 4646 mus
636 4588 703 4644 ad
735 4586 1089 4657 tranquillum
1119 4593 1344 4654 portum
1366 4582 1614 4638 cwlestis
1634 4581 1791 4652 regni
1824 4598 1837 4634 :
1881 4590 2050 4649 utque

472 4684 677 4740 leniter
718 4679 998 4751 aspirante
1030 4692 1165 4733 aura
1209 4675 1451 4747 Spiritus
1503 4674 1700 4740 sancti,
1737 4688 2049 4729 sermonem

474 4780 630 4835 ill-inc
671 4775 1063 4833 redordiamur
1104 4771 1255 4826 unde
1279 4783 1503 4824 eramus
1532 4767 1790 4839 digressi.
1820 4767 2052 4821 Diceba-

474 4889 600 4928 mus
625 4886 758 4928 sane
787 4884 911 4925 esse
938 4882 1080 4939 opus
1107 4881 1218 4921 non
1254 4863 1519 4919 mediocri
1561 4877 1735 4933 agone
1762 4871 1819 4915 et
1859 4860 2053 4930 fatiga-

474 4967 652 5029 tione,
682 4973 744 5019 ut
776 4961 1132 5033 perfruamur
1175 4956 1387 5013 cmlesti
1430 4970 1623 5026 regno.
1658 4954 1849 5024 Neque
1900 4953 2051 5007 enim

475 5057 547 5112 de
596 5052 987 5110 consecutioue
1042 5047 1365 5119 temporarii
1419 5045 1731 5117 cuiuspiam
1780 5043 1957 5115 regni,
1997 5052 2056 5098 et

474 5145 625 5220 quod
659 5162 689 5200 a
724 5152 884 5216 gente
932 5142 988 5197 in
1031 5150 1249 5213 gentem
1280 5138 1633 5198 transfertur,
1664 5136 1825 5191 nobis
1870 5148 2053 5191 sermo

475 5243 584 5299 est,
609 5233 705 5288 sed
729 5244 833 5301 pro
850 5230 964 5284 vita
994 5229 1147 5283 nullo
1174 5229 1281 5283 line
1306 5225 1731 5296 intercipienda,
1756 5238 1859 5296 pro
1882 5242 2051 5297 regno

474 5325 691 5381 nullum
715 5320 1027 5376 admissuro
1043 5317 1453 5374 succedaneum
1468 5315 1769 5381 haeredem,
1788 5316 1889 5370 iste
1913 5330 2050 5381 agon

476 5414 810 5488 proponitur
852 5409 1197 5467 subeundus.
1244 5408 1337 5465 Ait
1373 5409 1524 5464 enim
1562 5407 1756 5463 Daniel
1792 5426 1805 5461 :
1836 5426 1857 5458 ι
1888 5407 2047 5477 Aspi-

477 5508 713 5571 ciebam,
737 5512 795 5561 et
847 5517 1021 5559 cornu
1079 5499 1215 5556 illud
1260 5499 1497 5555 faciebat
1527 5499 1733 5555 bellum
1764 5514 1889 5553 cum
1931 5515 2055 5555 san-

480 5609 604 5667 ctis,
645 5595 1064 5671 etpraavalebat
1090 5592 1360 5648 adversus
1380 5608 1479 5648 eos
1498 5592 1675 5647 donec
1702 5592 1854 5648 venit
1896 5592 2053 5646 Anti-

479 5705 624 5764 quus
649 5692 888 5756 dierum,
914 5699 972 5746 et
997 5688 1269 5761 judicium
1300 5685 1455 5742 dedit
1503 5686 1709 5742 sanctis
1736 5685 2003 5742 Altissiiui
2031 5701 2050 5739 :

481 5794 772 5859 ettempus
797 5784 1073 5858 pervenit,
1104 5792 1161 5840 et
1190 5795 1421 5854 regnum
1456 5780 1818 5837 obtinuerunt
1839 5780 2049 5835 sancti:

2156 4577 2253 4629 καὶ
2281 4579 2312 4646 ὴ
2347 4578 2590 4644 ἐξουσία,
2626 4580 2720 4633 καὶ
2748 4581 2781 4647 ἡ
2813 4579 3168 4650 μεγαλωσύνη
3200 4580 3309 4632 τῶν
3337 4580 3606 4650 βασιλέων
3629 4585 3737 4636 ὑπὸ

2154 4670 2305 4723 κάτω
2336 4672 2541 4735 παντὸς
2556 4671 2652 4725 τοῦ
2682 4672 2936 4741 οὐρανοῦ,
2968 4673 3125 4743 ἐδόθη
3167 4674 3344 4740 ἁγίοις
3388 4674 3669 4744 Ὑψίστου.
3712 4696 3730 4728 ι

2155 4763 2266 4816 Καὶ
2296 4764 2325 4816 6
2361 4763 2615 4834 Ἰωάννης
2637 4778 2652 4795 ·
2677 4782 2696 4816 ι
2732 4764 2883 4834 Αὕτη
2902 4766 3047 4818 ἐστὶν
3075 4766 3106 4836 ἠ
3132 4766 3437 4833 ἐπαγγελία
3471 4770 3538 4837 ἣν
3556 4771 3736 4838 ἐπηγ-

2154 4855 2375 4921 γείλατο
2398 4858 2527 4926 ἡμῖν
2554 4855 2761 4921 δοῦναι,
2783 4855 2883 4928 τὴν
2917 4856 3063 4926 ζωὴν
3094 4857 3193 4926 τὴν
3220 4857 3459 4913 αἰώνιον.
3497 4877 3515 4908 ι
3552 4860 3663 4910 Καὶ
3710 4862 3737 4912 ὁ

2156 4946 2389 5009 Παῦλος.
2416 4966 2434 4998 ι
2481 4948 2671 5018 Ἠμῶν
2697 4948 2759 5001 τὸ
2785 4948 3091 5018 πολίτευμα
3121 4949 3179 5001 ὲν
3198 4951 3452 5018 οὐρανοῖς
3473 4950 3733 5020 ὑπάρχει,

2155 5041 2215 5107 ἐξ
2238 5037 2299 5096 οὗ
2329 5043 2423 5096 καὶ
2451 5044 2681 5114 Σωτῆρα
2708 5044 3128 5114 ἀπεκδεχόμεθα
3179 5045 3271 5097 τὸν
3302 5043 3508 5115 Κύριον
3570 5045 3734 5114 ἡμῶν

2168 5134 2377 5206 Ἰησοῦν
2416 5136 2672 5204 Χριστὸν,
2712 5136 2771 5201 ὃς
2805 5136 3281 5207 μετασχηματίσει
3317 5137 3376 5190 τὸ
3427 5136 3583 5207 σῶμα
3634 5138 3733 5205 τῆς

2154 5228 2537 5292 ταπεινώσεως
2570 5230 2726 5299 ἡμῶν
2753 5231 3079 5301 σύμμορφον
3097 5230 3176 5301 τῷ
3208 5228 3420 5300 σώματι
3446 5230 3547 5298 τῆς
3573 5230 3733 5299 δόξης

2154 5319 2345 5374 αὐτοῦ.
2397 5338 2418 5372 ι
2460 5322 2571 5375 Καὶ
2610 5322 2816 5374 πάλιν*
2854 5340 2874 5373 ι
2912 5323 3009 5386 Ὃς
3060 5320 3330 5392 ἐρρύσατο
3358 5324 3501 5391 ἡμᾶς
3532 5323 3595 5373 ὲκ
3634 5323 3733 5392 τῆς

2155 5411 2404 5476 ἔξουσίας
2433 5413 2525 5465 τοῦ
2563 5413 2808 5480 σκότους,
2841 5414 2935 5467 καὶ
2962 5414 3297 5484 μετέστησεν
3331 5415 3411 5475 είς
3447 5414 3548 5483 τὴν
3585 5413 3737 5483 βασι-

2154 5503 2307 5558 λείαν
2328 5505 2423 5558 τοῦ
2442 5504 2571 5559 Υίοῦ
2594 5506 2695 5575 τῆς
2717 5508 3043 5578 ἀγαπήσεως
3066 5506 3253 5561 αὑτοῦ.
3289 5526 3307 5558 ι
3334 5506 3423 5559 Διδ
3457 5506 3737 5576 βασιλείαν

2156 5595 2454 5650 ἀσάλευτον
2507 5598 3025 5667 παραλαμϐάνοντες
3078 5598 3279 5668 ἔχομεν
3324 5602 3508 5669 χάριν,
3543 5598 3614 5653 δι’
3664 5595 3732 5670 ἦς

2154 5684 2488 5757 λατρεύομεν
2507 5687 2820 5758 εὐαρέστως
2846 5687 2925 5759 τῷ
2942 5687 3081 5757 Θεῷ.
3115 5688 3351 5757 Οἴδαμεν
3372 5688 3481 5756 γὰρ
3527 5689 3611 5740 ὅτι
3640 5688 3739 5741 ἐὰν

2155 5780 2189 5851 ἠ
2228 5780 2471 5849 ἐπίγειος
2497 5780 2653 5852 ἡμῶν
2685 5780 2862 5834 οἰκεία
2903 5779 2998 5835 τοῦ
3036 5783 3268 5853 σκήνους
3290 5780 3594 5854 καταλυθῇ,
3653 5785 3737 5836 οἱ·
