3960 6534
206 348 338 420 1349

1538 347 2043 417 EXOMOLOGES
2055 348 2120 414 [3
2129 401 2142 416 .

3312 348 3449 416 1850

202 473 437 545 κοδομὴν
489 472 555 528 έκ
604 471 742 527 Θεοῦ
776 464 995 543 ἔχομεν,
1032 466 1213 527 οίκίαν
1259 466 1677 543 ἀχειροποίητον
1712 470 1770 523 έν

1874 478 1931 524 et
1987 481 2217 539 regnum
2269 472 2325 522 et
2376 474 2644 538 patestas,
2676 472 2734 522 et
2789 464 3053 538 majestas
3101 480 3291 536 regum
3351 466 3449 536 qui

200 565 310 628 τοῖς
330 564 603 636 οὐρανοῖς.
650 582 670 617 ι
712 565 824 618 Καὶ
850 566 880 618 6
908 564 1139 635 Πέτρος,
1186 582 1206 617 ι
1239 562 1427 628 Οὕτως
1455 563 1565 635 γάρ
1610 568 1774 616 πλου-

204 656 332 719 σίως
380 657 919 728 ἐπιχορηγηθήσεται
947 658 1079 727 ἡμῖν
1109 658 1143 728 ἡ
1165 656 1366 720 εἴσοδος
1406 656 1483 720 είς
1519 655 1616 727 τὴν
1645 654 1772 709 αἰὼο

201 766 308 801 νιον
351 746 627 817 βασιλείαν
664 747 756 800 τοῦ
792 747 996 816 Κυρίου
1029 746 1187 817 ήμῶν
1228 746 1402 813 Ἰησοῦ
1451 744 1711 818 Χριστοῦ.
1749 764 1769 797 ι

213 839 268 894 '0
283 840 335 892 δὲ
363 840 566 910 Κύριος
591 839 747 909 ἡμῶν
773 841 867 892 καὶ
885 838 1097 910 Σωτὴρ.
1128 857 1147 890 ι
1189 839 1256 892 Ἡ
1286 838 1553 909 βασιλεία,
1586 838 1773 908 φησὶν,

200 932 304 986 τῶν
332 932 577 1001 οὐρανῶν
607 930 875 1001 βιάζεται,
902 932 998 984 καὶ
1052 932 1272 1001 βιασταὶ
1308 930 1652 1003 ἁρπάζουσιν
1681 932 1778 984 αὑ-

200 1026 316 1093 τήν.
341 1041 361 1075 ι
387 1024 532 1077 Καί·
577 1041 596 1075 ι
641 1022 705 1076 Ἠ
738 1022 985 1093 βασιλεία
1007 1023 1116 1076 τῶν
1168 1024 1414 1095 οὐρανῶν
1448 1024 1597 1086 ἐντὸς
1621 1022 1776 1092 ὑμῶν

201 1115 367 1169 ἔστιν.
407 1134 426 1168 ι
458 1116 567 1169 Καὶ
592 1115 774 1180 πάλιν,
817 1133 835 1166 ι
872 1115 1154 1186 Μακάριοι
1187 1116 1237 1170 οἱ
1267 1116 1474 1187 πτωχοὶ
1507 1116 1586 1187 τῷ
1612 1114 1775 1170 πνεύ-

205 1222 384 1275 ματι.»
407 1207 538 1271 Καὶ,
567 1225 585 1257 ι
606 1207 884 1278 Μακάριοι
904 1210 952 1261 οί
980 1208 1339 1278 δεδιωγμένοι
1353 1209 1539 1262 ἕνεκεν
1567 1208 1775 1263 δικαιο-

204 1299 386 1369 σύνης,
400 1300 483 1352 ὃτι
510 1299 687 1352 αὐτῶν
706 1301 856 1353 ἔστιν
879 1301 911 1369 ή
930 1300 1177 1371 βασιλεία
1197 1300 1308 1353 τῶν
1325 1300 1591 1373 οὐρανῶν.
1605 1319 1624 1352 ι
1644 1303 1774 1366 Καὶ,

210 1412 230 1444 ι
257 1392 421 1446 Δεῦτε
475 1392 531 1444 οἵ
566 1390 925 1463 εὐλογημένοι
979 1392 1076 1446 τοῦ
1108 1392 1321 1463 Πατρός
1355 1410 1481 1462 μου,
1519 1392 1779 1462 κληρονο-

205 1487 412 1554 μήσατε
441 1486 540 1555 τὴν
562 1485 975 1554 ἡτοιμασμένην
1015 1485 1144 1556 ὑμῖν
1173 1484 1473 1555 βασιλείαν.
1518 1484 1777 1536 Ἀποστε-

201 1574 282 1627 λεῖ
306 1576 416 1647 γάρ
437 1576 465 1629 6
505 1576 629 1639 Υἱὸς
652 1576 743 1628 τοῦ
776 1576 1091 1646 ἀνθρώπου,
1118 1577 1245 1637 τοὺς
1291 1574 1558 1643 ἀγγέλους
1588 1572 1774 1637 αὑτοῦ,

202 1670 295 1721 καὶ
326 1670 545 1735 συνάξει
569 1670 633 1720 ἐκ
658 1668 757 1737 τῆς
788 1667 1064 1738 βασιλείας
1102 1665 1267 1720 αὑτοῦ
1299 1668 1478 1721 πάντα
1506 1667 1576 1719 τά
1614 1666 1779 1720 σκάν-

200 1759 352 1828 δαλα,
394 1766 486 1816 καὶ
514 1760 641 1826 τοὺς
658 1762 954 1826 ποιοῦντας
987 1761 1088 1832 τὴν
1143 1760 1396 1829 ἀνομίαν,
1429 1760 1523 1813 καὶ
1551 1758 1776 1829 βάλλουα

1876 559 2069 616 suhter
2091 573 2254 615 omne
2284 560 2508 625 caelum,
2527 559 2652 614 data
2671 567 2801 614 sunt
2822 561 3029 615 sanctis
3050 560 3316 617 Altissimi
3331 561 3398 616 '“.
3426 582 3444 613 ι

1876 660 1933 707 et
1959 652 2248 707 Joannes:
2293 669 2311 702 ι
2353 650 2480 707 llaec
2537 660 2625 708 est
2673 653 2966 722 promissio
2989 669 3153 724 quam
3196 654 3454 724 promisit

1875 747 2060 813 nobis,
2080 747 2195 802 vita
2211 758 2417 802 aeterna
2439 748 2485 778 τ’
2511 766 2530 798 ι
2553 746 2762 818 1257
2782 748 3020 803 Paulus:
3045 768 3061 798 ι
3088 749 3286 804 Nostra
3310 764 3451 803 con-

1876 841 2120 897 versatio
2168 841 2225 895 in
2254 840 2411 895 caelis
2438 850 2544 906 est,
2586 842 2732 896 unde
2762 842 2928 896 etiam
2968 842 3311 897 Salvatorem
3352 854 3447 897 er

1876 922 2197 1003 spectamus
2219 932 2510 987 Dominum
2539 943 2793 987 nostrum
2819 932 3005 987 Jesum
3026 933 3335 999 Christum,
3354 934 3450 1002 qui

1879 1026 2205 1081 reformabit
2227 1041 2430 1095 corpus
2458 1025 2788 1081 humilitatis
2814 1036 3017 1080 nostrae
3046 1025 3447 1096 conﬁguratum

1876 1118 2096 1189 corpori
2138 1117 2411 1172 claritatis
2443 1116 2663 1171 θυῖεν.»
2689 1118 2965 1172 Ιιθτιιιηει
2985 1116 3089 1184 Qui
3115 1117 3321 1187 eripuit
3349 1133 3451 1172 nos

1877 1209 1946 1264 de
1995 1216 2266 1279 potestate
2312 1208 2663 1263 tenebrarum
2716 1218 2774 1264 et
2814 1210 3096 1263 transtulit
3130 1209 3185 1263 in
3218 1222 3450 1279 regnum

1880 1302 2003 1356 Filii
2035 1301 2355 1356 dilectionis
2383 1315 2497 1355 suae
2522 1300 2590 1355 7".
2627 1318 2749 1351 i—c
2787 1300 3019 1371 Propter
3037 1301 3185 1370 quod
3219 1316 3450 1372 regnum

1877 1393 2074 1449 stabile
2103 1405 2159 1447 et
2195 1393 2582 1448 inconcussum
2613 1391 2981 1462 accipientes,
3021 1392 3290 1447 habemus
3323 1409 3451 1464 gra-

1880 1485 2043 1551 tiam,
2072 1500 2171 1554 per
2204 1499 2369 1554 quam
2408 1483 2521 1538 Deo
2548 1483 2761 1553 placide
2794 1483 3154 1553 obsequimur
3181 1482 3451 1538 ".-—Sci.

1878 1593 2002 1630 mus
2028 1576 2177 1630 enim
2205 1575 2331 1646 quia
2349 1575 2396 1630 si
2427 1577 2711 1631 terrestris
2725 1577 2925 1631 domus
2950 1586 3137 1632 nostra
3169 1576 3334 1646 hujus
3364 1581 3454 1629 ha-

1877 1668 2167 1723 bitationis
2210 1667 2572 1734 dissolvatur,
2604 1668 2751 1738 quod
2779 1669 3202 1723 aediﬁcationem
3234 1683 3302 1722 ex
3340 1668 3453 1722 Deo

1879 1760 2169 1825 habemus,
2208 1760 2434 1814 domum
2479 1775 2588 1814 non
2644 1760 3037 1821 manufactam,
3080 1768 3347 1815 mternam
3397 1759 3451 1813 in

204 1870 286 1907 σιν
306 1856 501 1918 αὐτοὺς
551 1856 631 1918 είς
657 1854 756 1924 τὴν
798 1854 1032 1924 κάμινον
1072 1850 1167 1904 τοῦ
1200 1851 1395 1921 πυρός.
1434 1850 1568 1903 Τότε
1618 1850 1668 1902 οἱ
1696 1849 1770 1901 δί-

1881 1852 2036 1907 caelis
2062 1853 2129 1904 ⁷⁸.
2153 1871 2170 1902 ι
2210 1853 2409 1906 Petrus
2438 1852 2600 1907 item:
2631 1870 2649 1903 ι
2694 1852 2785 1907 Sic
2815 1852 2964 1907 enim
2983 1852 3330 1907 abundanter
3352 1850 3454 1906 ad-

200 1964 344 2000 καιοι
390 1947 765 2017 ἐκλάμψουσιν
809 1946 884 2010 ὡς
912 1948 940 2000 6
971 1946 1123 2016 ἥλιος
1174 1946 1233 1997 ὲν
1277 1946 1345 2014 τῇ
1394 1941 1647 2013 βασιλείᾳ
1678 1942 1770 1995 τοῦ

1882 1943 2291 1999 ministrabitur
2316 1944 2475 1998 vobis
2503 1944 2761 1998 introitus
2810 1943 2869 1998 in
2904 1954 3170 1999 aeternum
3220 1936 3452 2014 reg‘num

200 2034 411 2109 Πατρὺς
456 2038 659 2093 αὐτῶν.
698 2058 718 2089 ι
754 2039 878 2091 ’Ότι
912 2036 1078 2091 αὑτοῦ
1111 2038 1256 2089 ἐστιν
1290 2037 1324 2105 ή
1375 2033 1649 2105 βασιλεία,
1680 2034 1770 2087 καὶ

1872 2033 2087 2091 Domini
2141 2036 2315 2091 nostri
2357 2035 2486 2091 Jesu
2515 2035 2721 2091 Christi
2751 2033 2817 2090 ⁷⁷.
2866 2055 2886 2088 ι
2931 2036 3198 2090 Dominus
3229 2049 3453 2105 quoque

199 2132 233 2201 ή
267 2130 514 2200 δύναμις,
533 2131 628 2184 καὶ
653 2131 687 2200 ή
719 2130 845 2195 δόξα
880 2128 973 2183 τοῦ
1004 2129 1239 2200 (ἰατρὸς,
1261 2126 1470 2183 καὶτοῦ
1492 2126 1647 2191 Υίοῡ,
1680 2124 1770 2178 καὶ

1872 2138 2082 2194 noster,
2108 2137 2165 2183 et
2224 2135 2427 2183 nostra:
2486 2128 2735 2182 omnium
2781 2129 2980 2183 salutis
3040 2128 3262 2192 vindex,
3326 2128 3447 2181 ait:

197 2226 291 2279 τοῦ
310 2228 464 2295 άγίου
483 2227 801 2297 Πνεῦματος
819 2270 832 2288 ,
854 2227 1088 2281 πάντοτε
1114 2226 1210 2279 νῦν
1259 2225 1354 2278 καὶ
1391 2224 1477 2277 ἀεὶ
1499 2265 1513 2289 ,
1562 2224 1657 2275 καὶ
1693 2223 1770 2284 είς

1877 2240 1895 2271 ι
1935 2220 2181 2289 Regnum
2208 2220 2476 2274 cmlorum
2499 2219 2606 2272 vim
2632 2220 2863 2289 patitur,
2886 2228 2943 2274 et
2973 2218 3202 2273 violenti
3229 2218 3453 2289 rapiunt

198 2320 322 2382 τοὺς
345 2319 549 2382 αἰῶνας
580 2320 690 2371 τῶν
722 2317 953 2372 αἰώνων.
1003 2319 1198 2388 Ἀμήν.
1236 2330 1241 2333 ⁷

1872 2310 2006 2366 illud
2038 2311 2104 2363 ⁷⁸.
2148 2329 2167 2363 ι
2207 2311 2275 2365 Et
2302 2327 2314 2363 :
2343 2330 2360 2361 ι
2382 2311 2630 2381 Regnum
2654 2311 2917 2367 cmlorum
2944 2310 3090 2365 intra
3121 2326 3218 2365 vos
3235 2320 3319 2365 est
3344 2310 3443 2363 τ’.»

199 2406 456 2461 lterum:
510 2426 528 2458 ι
580 2407 733 2462 Beati
798 2422 1072 2476 pauperes
1129 2402 1331 2476 spiritu
1361 2404 1428 2468 '°,
1465 2423 1482 2455 ι
1526 2412 1582 2457 et
1613 2421 1632 2454 ι
1677 2400 1779 2468 Qui
1815 2400 2255 2471 persecutionem
2309 2401 2596 2470 patiuntur
2645 2410 2873 2471 propter
2943 2402 3253 2471 justitiam,
3313 2416 3454 2470 quor

198 2498 344 2552 niam
405 2498 648 2570 ipsorum
700 2506 785 2553 est
844 2513 1079 2568 regnum
1139 2498 1408 2552 caelorum
1434 2494 1503 2547 ⁸³.
1546 2513 1563 2545 ι
1597 2494 1664 2548 Et
1692 2510 1706 2547 :
1738 2512 1756 2545 ι
1789 2492 2000 2556 Venite,
2028 2491 2300 2547 benedicti
2332 2492 2512 2547 Patris
2542 2493 2671 2559 mei,
2703 2493 2979 2563 possidete
3010 2504 3261 2564 paratum
3290 2492 3452 2548 vobis

201 2609 428 2663 regnum
469 2609 499 2648 a
536 2593 930 2648 constitutione
956 2592 1147 2646 mundi
1170 2593 1237 2646 ⁸³.
1270 2611 1377 2644 ι-
1426 2609 1445 2642 ι
1475 2590 1655 2644 Mittct
1698 2589 1845 2643 enim
1874 2587 2046 2643 Filius
2068 2587 2309 2642 hominis
2325 2588 2550 2658 angelos
2569 2604 2721 2654 suos,
2745 2589 3173 2660 etcongregabit
3192 2588 3259 2643 de
3279 2602 3451 2659 regno

199 2706 299 2745 suo
333 2690 519 2745 omnia
546 2690 823 2754 scandala,
864 2698 920 2745 et
952 2689 1046 2759 qui
1073 2688 1285 2744 faciunt
1322 2686 1673 2757 iniquitatem
1704 2702 1718 2739 :
1750 2693 1807 2740 et
1851 2683 2075 2739 mittent
2105 2698 2200 2739 eos
2231 2685 2288 2740 in
2314 2684 2591 2738 caminum
2614 2686 2777 2755 ignis.
2804 2685 2959 2740 Tunc
2990 2684 3122 2756 justi
3164 2683 3452 2754 fulgebunt

201 2784 342 2838 sicut
362 2784 442 2838 sol
478 2784 531 2838 in
555 2799 725 2855 regno
753 2784 934 2838 Patris
952 2798 1147 2838 eorum
1173 2782 1242 2836 ³³.
1281 2800 1299 2832 ι
1356 2781 1464 2851 ipsi
1501 2780 1650 2835 enim
1692 2787 1779 2832 est
1814 2792 2046 2847 regnum
2075 2786 2132 2831 et
2160 2777 2405 2847 potentia
2440 2785 2497 2831 et
2526 2778 2697 2848 gloria
2728 2777 2926 2841 Patris,
2953 2788 3010 2831 et
3038 2771 3197 2841 Filii,
3229 2783 3286 2830 et
3322 2772 3449 2844 Spi-

200 2874 341 2928 ritus
366 2874 579 2940 sancti;
639 2874 817 2929 ubivis
864 2875 1110 2929 locorum
1149 2882 1205 2929 et
1237 2889 1408 2939 nunc,
1435 2880 1491 2927 et
1512 2887 1749 2942 semper,
1778 2879 1833 2925 et
1865 2870 1919 2924 in
1942 2870 2141 2925 saecula
2170 2870 2462 2926 intermina
2482 2871 2830 2927 saeculorum.
2852 2871 3048 2925 Amen.

271 3016 310 3046 "
346 3014 479 3069 Dan.
508 3030 606 3080 vn,
626 3016 716 3081 21,
736 3015 826 3079 22,
850 3015 939 3070 27.
1048 3017 1093 3047 "
1121 3014 1322 3071 ann.
1348 3031 1404 3076 n,
1428 3013 1518 3067 25.
1626 3012 1672 3044 ’³
1705 3011 1770 3065 Ph

1880 3027 1974 3075 ιιι,
2005 3011 2096 3075 21,
2131 3010 2222 3065 22.
2333 3010 2377 3042 ’⁸
2413 3010 2628 3067 Coloss.
2661 3010 2812 3074 ῑ,15.
2900 3012 2957 3081 ί’⁸
2982 3010 3149 3067 Hebr.
3190 3027 3262 3064 xu
3286 3052 3299 3075 ,
3356 3008 3446 3081 98.

198 3085 247 3116 ⁷⁸
272 3084 316 3139 ll
354 3084 481 3140 Cor.
516 3102 569 3150 v,
601 3089 651 3139 1.
706 3080 769 3117 ⁷⁷⁷
798 3086 842 3139 ll
867 3088 1010 3140 Petr.
1049 3103 1085 3149 ι,
1115 3088 1203 3139 11.
1314 3086 1359 3116 ⁷⁸
1386 3084 1574 3139 Matth.
1605 3099 1680 3147 ιι,
1708 3082 1770 3135 12

1903 3082 1949 3113 ⁷³
1984 3082 2123 3137 Luc.
2154 3082 2392 3148 xvuﬂl.
2494 3083 2540 3114 ⁸⁸
2567 3081 2757 3137 Matth.
2793 3098 2826 3138 v
2851 3123 2866 3149 ,
2897 3080 2951 3136 5.
3055 3083 3097 3114 ⁸⁸
3163 3081 3298 3136 ibid.
3360 3080 3449 3133 10.

197 3154 243 3187 ⁸¹
268 3154 458 3210 Matth.
484 3172 611 3223 xxv,
644 3156 735 3212 54.
810 3156 858 3189 ⁸³
878 3157 1069 3213 Matth.
1100 3173 1219 3224 xm,
1248 3156 1442 3212 61-43.

630 3446 891 3534 ΠΕΡΙ
964 3443 1663 3538 ΠΡΟΣΕΥΧΗΣ,
1736 3442 1931 3525 ΚΑΙ
2002 3430 3014 3551 ΕΞΟΜΟΛΟΓΗΣΕΩΣ.

809 3715 1755 3810 EXOMOLOGESIS
1839 3719 1935 3807 S.
2019 3719 2123 3815 Ρ.
2199 3713 2833 3806 ANTIOCHI.

262 4020 439 4092 Κύριε
460 4059 474 4081 ,
521 4019 550 4071 6
579 4017 712 4082 Θεὸς
743 4018 771 4070 6
797 4018 1216 4091 παντοκράτωρ,
1253 4021 1281 4074 6
1314 4020 1487 4091 μέγας
1515 4023 1611 4075 καί⁵
1637 4023 1770 4078 θαυο

1943 4024 2199 4090 Dnmine,
2236 4022 2386 4079 Deus
2415 4031 2791 4094 omnipotens,
2819 4041 3050 4099 magnus
3088 4036 3145 4083 tu
3182 4038 3238 4084 et
3269 4030 3449 4086 admi-

193 4115 425 4186 μαστὸς,
462 4114 489 4165 6
522 4112 811 4181 φυλάσσων
840 4110 940 4181 τὴν
966 4112 1233 4183 διαθήκην
1264 4130 1379 4175 σου,
1412 4115 1507 4167 καὶ
1535 4116 1596 4168 τὸ
1622 4117 1769 4182 ἔλεός

1872 4117 2087 4183 rabilis,
2120 4116 2215 4187 qui
2247 4115 2500 4171 custodis
2540 4125 2932 4173 testamentum
2962 4127 3119 4174 tunm
3143 4129 3201 4175 et
3224 4123 3444 4178 miseri-

189 4220 292 4261 σου
347 4208 461 4267 τοῖς
507 4202 764 4272 άγαπῶσί
812 4220 873 4256 σε
922 4204 1016 4256 καὶ
1053 4207 1166 4268 τοῖς
1197 4204 1528 4271 φυλάσσουσι
1557 4208 1656 4271 τὰς
1685 4209 1769 4261 έν-

1872 4211 2116 4266 cordiam
2174 4217 2322 4264 tuam
2364 4208 2452 4264 his
2495 4208 2589 4279 qui
2623 4217 2677 4264 te
2728 4210 2968 4280 diligunt
3025 4219 3083 4267 et
3124 4216 3446 4270 custodiunt

185 4298 355 4358 τολάς
402 4313 494 4349 σου
514 4335 528 4358 ,
583 4295 849 4366 μνήσθητι
870 4294 976 4347 τῶν
999 4294 1298 4366 οἰκτιρμῶν
1322 4312 1416 4349 σου
1446 4297 1626 4351 καὶτὰ
1645 4298 1766 4369 ὲλέη

1872 4301 2128 4357 mandata
2168 4302 2294 4356 tua!
2350 4301 2557 4356 Memor
2600 4308 2720 4355 esto
2769 4302 3183 4357 miserationum
3221 4313 3441 4360 tuarum

188 4404 313 4453 σου,
344 4388 426 4441 ὅτι
456 4387 561 4441 ἀπὸ
589 4385 682 4438 τοῦ
710 4385 905 4448 αίῶνος
933 4387 1103 4439 είσίνο
1156 4388 1251 4440 καὶ
1299 4387 1373 4458 μὴ
1404 4388 1638 4461 ὲπιλάθῃ
1670 4393 1770 4459 τῆς

184 4480 465 4550 διαθήκης
515 4476 609 4530 σοῦ
656 4476 864 4545 λέγων·
924 4494 941 4528 ι
981 4477 1107 4530 Ἐάν
1151 4477 1252 4540 τὰς
1295 4477 1513 4542 ἐντολάς
1548 4496 1648 4549 μου
1691 4480 1766 4553 μὴ

182 4573 490 4643 φυλάξητε,
523 4569 897 4640 ἐπισκέψομαι
927 4570 984 4622 ὲν
1006 4570 1188 4640 ῥάϐδῳ
1213 4570 1312 4633 τάς
1333 4571 1565 4640 ἀνομίας
1587 4573 1616 4625 ὑ
1626 4573 1764 4643 μῶν,

181 4666 292 4721 καὶ
337 4667 396 4718 ὲν
437 4663 656 4735 μάστιξι
701 4665 799 4726 τὰς
829 4662 1039 4724 ἀδικίας
1068 4662 1222 4733 ὑμῶν
1242 4679 1257 4693 ο
1313 4663 1373 4716 τὸ
1401 4663 1458 4717 δὲ
1488 4664 1634 4728 ἔλεός
1663 4684 1765 4735 μου

179 4757 251 4810 οὐ
307 4756 387 4827 μὴ
431 4755 771 4808 διασκεδάσω
801 4753 894 4821 ἀφ’
925 4751 1100 4821 ὑμῶν,
1139 4752 1234 4805 καὶ
1262 4740 1332 4805 τά
1358 4755 1767 4825 ἐκπορευόμενα

177 4846 280 4903 διὰ
331 4846 439 4901 τῶν
486 4845 710 4917 χειλέων
758 4862 861 4916 μου
910 4845 970 4897 οὐ
1024 4842 1099 4914 μὴ
1134 4844 1443 4916 ἀθετήσω.»
1482 4847 1756 4919 Πιστωθή-

174 4956 374 4992 τωσαν
421 4938 472 4991 oi
520 4937 670 5006 λόγοι
713 4952 837 4999 σου,
870 4934 1116 4987 Δέσποτα
1146 4936 1349 5003 ἀγαθὲ,
1386 4936 1478 4989 καὶ
1506 4932 1638 5009 ἆρον
1667 4942 1767 5001 τάς

178 5028 472 5102 ἁμαρτίας
501 5028 683 5098 ήμῶν,
717 5029 745 5079 6
774 5026 1077 5097 οἰκτίρμων
1119 5027 1212 5079 καὶ
1245 5027 1635 5098 μακρόθυμος·
1682 5028 1766 5083 ὄτι

175 5122 311 5186 σοὶ,
357 5120 547 5192 Κυρίῳ
590 5118 668 5189 τῷ
708 5118 826 5189 Θεῷ
855 5118 1012 5189 ἡμῶν
1033 5158 1048 5182 ,
1084 5120 1116 5189 ή
1150 5118 1486 5191 δικαιοσύνη.
1527 5121 1686 5192 Ἡμῖν
1710 5121 1766 5176 δὲ

173 5216 213 5286 ή
248 5214 484 5284 αἰσχύνη
515 5213 624 5266 τῶν
651 5211 959 5283 προσώπων
983 5211 1273 5282 ἐκάλυψεν,
1296 5212 1371 5275 ὡς
1393 5213 1577 5284 ἡμέρα
1602 5213 1765 5287 αὕτη,

173 5307 271 5360 ὅτι
320 5306 643 5377 ἡμάρτομεν
692 5304 936 5358 ἐναντίον
973 5322 1090 5369 σου,
1121 5304 1316 5376 Κύριε,
1352 5304 1447 5359 καὶ
1494 5307 1594 5359 οὐκ
1649 5307 1761 5360 εἰσ-

1867 4401 1924 4447 et
1948 4392 2193 4462 copiosae
2225 4389 2631 4446 misericordiae
2662 4398 2790 4456 tuae,
2825 4406 2947 4460 qua:
2973 4407 3003 4445 a
3049 4392 3255 4446 saeculo
3289 4402 3418 4447 sunt

1866 4482 1945 4541 Ne
1976 4482 2325 4539 obliviscaris
2368 4482 2686 4539 testamenti
2716 4483 2796 4537 tu-i
2838 4522 2853 4545 .
2887 4483 2978 4553 qui
3026 4483 3213 4538 divisti
3246 4478 3275 4538 ἐ
3315 4505 3332 4536 ι
3381 4486 3438 4540 Si

1868 4575 2125 4630 mandata
2165 4590 2287 4630 mea
2318 4590 2429 4630 non
2463 4574 2860 4638 custodieritis,
2905 4574 3144 4629 visitabo
3183 4575 3239 4629 in
3287 4576 3438 4646 virga

1868 4669 2190 4740 iniquitates
2216 4676 2451 4735 vestras,
2489 4676 2548 4723 et
2576 4667 2633 4721 in
2661 4667 2990 4723 verberibus
3020 4668 3318 4739 injustitias
3350 4687 3443 4725 ve.

1866 4771 2010 4816 stras
2039 4778 2052 4815 :
2084 4760 2529 4815 misericordiam
2559 4768 2742 4813 autem
2772 4775 2946 4814 meam
2983 4776 3094 4815 non
3126 4762 3437 4833 dispergam

1868 4870 1898 4910 a
1934 4853 2091 4909 vobis
2122 4871 2135 4906 :
2173 4863 2230 4908 et
2262 4869 2383 4923 qua:
2416 4850 2726 4922 procedunt
2754 4867 2851 4921 per
2874 4852 3022 4907 labia
3054 4868 3197 4917 mea,
3229 4870 3335 4907 non
3367 4856 3441 4908 fa-

1867 4946 2009 5001 ciam
2047 4945 2204 4999 irrita
2246 4945 2312 4999 ⁸⁸.
2356 4963 2374 4995 ι
2419 4942 2830 4999 Conﬁrmentur
2871 4959 3161 5000 sermones
3206 4945 3292 5000 isti
3336 4949 3439 5009 tui,

1866 5034 2013 5091 Ilere
2030 5034 2460 5104 benignissime:
2488 5040 2544 5087 et
2565 5031 2718 5086 aufer
2750 5041 2975 5102 peccata
2992 5042 3202 5093 nostra.
3234 5036 3439 5104 quippe

1866 5126 1962 5198 qui
2014 5126 2309 5181 miserator
2343 5141 2404 5180 es
2450 5124 2801 5195 longanimis.
2834 5123 2958 5179 Tibi
3003 5126 3152 5179 enim
3207 5127 3439 5181 Dominn

1867 5222 1979 5275 Deo
2008 5229 2219 5285 nostro,
2250 5218 2504 5291 justitia;
2559 5218 2721 5273 nobis
2753 5230 2939 5273 autem
2989 5220 3240 5275 confusio
3274 5212 3453 5276 facies

1867 5318 2090 5366 nostras
2127 5310 2440 5380 adoperuit,
2476 5318 2538 5364 ut
2577 5309 2695 5364 haac
2742 5309 2863 5364 dies
2909 5312 3147 5380 probat:
3185 5314 3277 5382 qui
3315 5329 3441 5382 per--

171 5399 507 5473 ηκούσαμεν
553 5399 655 5469 τῆς
684 5398 870 5469 φωνῆς
906 5416 998 5453 σου
1017 5440 1033 5465 ,
1063 5398 1158 5452 τοῦ
1211 5400 1542 5471 πορεύεσθαι
1573 5403 1629 5455 έν
1651 5404 1763 5467 τοῖς

1872 5404 2115 5459 cavimus
2147 5418 2334 5459 coram
2362 5412 2436 5461 te.
2455 5400 2902 5473 Domine,neque
2929 5405 3314 5459 exandivimus
3346 5422 3441 5459 vo-

173 5490 580 5564 προστάγμασι
608 5508 726 5552 σου.
750 5485 833 5554 οἷς
862 5490 1071 5555 ἔδωκας
1097 5490 1240 5545 κατὰ
1267 5492 1560 5564 πρόσωπον
1582 5493 1758 5563 ἡμῶν.

1872 5509 1988 5549 cem
2028 5502 2202 5559 tuam,
2232 5501 2292 5547 ut
2339 5492 2751 5548 ambularemus
2781 5492 2836 5547 in
2868 5495 3143 5550 mandatis
3186 5495 3297 5550 tuis
3319 5512 3441 5565 quae

187 5585 345 5640 Ἀλλ’
390 5582 741 5655 ήθετήσαμέν
791 5599 883 5647 σε,
936 5582 1142 5654 Κύριε,
1191 5584 1221 5637 6
1264 5584 1399 5649 Θεὸς
1443 5586 1631 5658 ἡμῶν,
1667 5587 1762 5640 καὶ

1872 5585 2072 5640 dedisti
2098 5586 2153 5640 in
2181 5593 2482 5655 conspectu
2515 5593 2739 5638 nostro:
2769 5584 2867 5640 sed
2896 5585 3334 5655 contempsimus
3363 5597 3438 5651 te,

170 5675 454 5747 ἐκολλήθη
497 5675 578 5739 είς
609 5675 754 5745 ἡμᾶς
794 5673 864 5727 τά
893 5673 1038 5728 κακά
1070 5672 1140 5728 τὰ
1168 5674 1383 5746 μεγάλα
1409 5675 1601 5731 ταῦτα.
1653 5676 1765 5732 Καὶ

1872 5675 2101 5732 Domine
2136 5676 2282 5734 Deus
2322 5685 2532 5743 noster,
2575 5692 2754 5750 eoque
2780 5676 3130 5734 cohaeserunt
3162 5679 3325 5735 nobis
3359 5680 3447 5734 ir.—

248 5816 297 5849 “
329 5817 471 5875 Psal.
501 5830 753 5881 Lxxxvtlt,
776 5812 957 5869 32-35.
