4040 6508
558 369 696 437 1851

1805 361 2173 424 ANTIOCHI
2214 354 2558 422 MONACHI

3674 345 3785 408 133?.

555 483 744 556 gentia
793 479 933 534 mala
976 479 1113 534 lucc.
1150 478 1230 534 Ne
1272 477 1353 533 sic
1389 477 1612 547 quidem
1645 475 1902 530 conversi
1946 490 2137 528 sumus

2261 469 2354 523 ὧδ’
2386 466 2564 529 οὕτως
2595 465 2691 516 ἐπε
2704 461 3018 533 στρέψαμεν
3047 456 3283 528 φυλάξαι
3323 455 3391 512 τὰ
3418 456 3787 528 προστάγματᾶ

557 579 627 634 ad
686 576 994 632 custodiam
1045 573 1432 627 mandatorum
1482 579 1738 632 tuorum,
1788 565 2003 637 1248
2039 565 2137 620 sed

558 665 1233 735 abivinmsumisquisque
1263 663 1314 717 in
1344 678 1507 717 sensu
1542 659 1694 730 pravi
1722 659 1906 713 cordis
1936 658 2135 722 nostri,

559 771 621 815 ut
679 762 985 816 faceremus
1037 774 1160 827 qua:
1204 755 1345 810 mala
1393 760 1522 808 sunt
1555 768 1744 807 coram
1793 752 1971 806 oculis
2005 751 2136 814 tuis,

563 854 817 910 Domine.

634 945 773 997 Ecce
818 937 1133 997 sanctuaria
1183 946 1371 992 nostra
1418 936 1536 990 lucc
1569 934 1789 989 deserta
1823 952 1836 988 :
1869 933 2141 988 Divinitas

566 1034 676 1104 igni
705 1046 970 1086 succensa
1003 1038 1110 1093 est,
1151 1028 1390 1098 populus
1427 1027 1480 1080 in
1521 1026 1899 1095 captivitatem
1931 1025 2141 1080 abduc-

567 1135 676 1190 tus,
711 1123 837 1178 facti
867 1138 1057 1176 sumus
1099 1121 1154 1173 in
1179 1119 1539 1189 opprobrium
1569 1119 1651 1172 his
1683 1118 1776 1187 qui
1811 1118 1864 1172 in
1898 1117 2140 1172 circuitu

567 1228 761 1272 nostro
786 1226 935 1271 sunt.
967 1215 1319 1269 Factisumus
1343 1214 1539 1266 subtus
1567 1222 1622 1266 et
1640 1229 1750 1265 non
1775 1227 1938 1280 supra
1965 1229 1977 1264 :
2011 1211 2141 1280 quia

569 1310 919 1380 peccavimus
952 1308 1051 1362 tibi
1093 1306 1326 1360 Domino
1359 1305 1469 1358 Deo
1509 1311 1721 1366 nostro,
1751 1318 1818 1356 eo
1851 1302 2000 1371 quod
2032 1319 2143 1356 non

567 1401 879 1456 audivimus
919 1415 1108 1453 vocem
1158 1407 1330 1453 tuam.
1375 1394 1458 1450 0b
1496 1396 1600 1449 hoc
1624 1395 1885 1464 expulisti
1928 1410 2051 1453 nos.
2089 1404 2145 1449 et

570 1494 919 1548 commovisti
954 1503 1158 1547 terram
1209 1498 1267 1544 et
1310 1488 1655 1544 conturbasti
1696 1503 1839 1541 eam:
1869 1486 2143 1541 Caatcrum

570 1595 628 1641 tu
654 1586 984 1657 longanimis
1011 1601 1136 1640 cum
1155 1585 1232 1639 sis
1250 1592 1304 1639 et
1331 1583 1568 1652 copiosa:
1593 1581 1986 1634 misericordia:
2016 1596 2143 1634 sana

571 1679 938 1734 contritiones
975 1678 1116 1748 ejus,
1149 1676 1279 1745 quia
1311 1683 1583 1729 commota
1629 1683 1717 1728 est
1763 1674 2145 1728 vehementer.

571 1773 815 1842 Populus
856 1772 1005 1826 enim
1052 1780 1182 1825 tuus
1218 1777 1483 1839 expertus
1521 1778 1606 1822 est
1643 1754 1804 1830 dura,
1835 1783 2003 1836 super
2035 1783 2145 1836 quo

570 1863 777 1918 frustra
809 1864 1126 1918 invocatum
1173 1871 1258 1916 est
1290 1876 1494 1914 nomen
1536 1870 1712 1915 tuum.
1749 1860 1966 1930 lmpleti
2018 1868 2146 1913 sunt

572 1971 862 2010 sermones
914 1955 1313 2025 prophetarum
1379 1959 1603 2006 tuorum
1661 1967 1830 2022 super
1875 1967 1992 2016 nos,
2019 1952 2148 2020 quia

579 2069 596 2099 ε
639 2049 924 2104 Venerunt
952 2057 1144 2118 gentes
1181 2048 1235 2101 in
1266 2035 1672 2101 haereditatem~
1708 2056 1879 2109 tuam,
1925 2054 1979 2100 et
2024 2046 2148 2114 pol-

573 2142 797 2196 luerunt
846 2141 1110 2210 templum
1149 2149 1303 2194 tuum
1351 2137 1420 2203 '5,
1466 2156 1484 2188 ι
1547 2136 1603 2190 in
1655 2152 1766 2207 quo
1824 2135 2148 2207 mysterium

577 2229 878 2300 perfectum
903 2237 987 2284 est
1023 2228 1454 2298 dispensationis
1489 2226 1770 2298 Unigeniti
1796 2227 1897 2289 tui,
1927 2235 1983 2281 et
2019 2243 2148 2281 san-

576 2322 848 2376 ctuarium
879 2332 1034 2377 tuum
1072 2322 1182 2393 igni
1233 2321 1684 2386 succenderunt;
1722 2321 1854 2390 quin
1889 2331 1968 2383 et,
2003 2339 2020 2370 ι
2060 2319 2152 2375 Je-

579 2414 813 2468 rusalem
861 2422 1169 2483 posuerunt
1226 2413 1283 2468 in
1332 2429 1622 2484 pomorum
1673 2413 1978 2468 custodiam
2022 2414 2089 2468 ⁸⁸.
2127 2433 2145 2465 ι

578 2505 865 2559 Morticina
903 2520 1191 2560 servorum
1239 2515 1460 2560 tuorum
1494 2506 1549 2559 in
1581 2505 1766 2560 medio
1802 2506 1959 2576 juxta
1996 2522 2061 2560 ac
2094 2505 2150 2560 in

578 2594 814 2648 circuitu
842 2595 1146 2650 Jerusalem
1173 2595 1374 2664 passim
1407 2595 1637 2664 disiecta
1673 2604 1824 2660 sunt,
1851 2614 1869 2646 ‹
1890 2595 2004 2650 Nec
2035 2602 2153 2649 erat

580 2687 673 2756 qui
698 2687 959 2756 sepeliret
986 2685 1033 2718 ⁸⁷
1066 2705 1084 2739 ι
1118 2684 1524 2740 Fortitudinem
1547 2694 1816 2752 nostram,
1855 2701 2153 2741 ornamen-

583 2786 698 2833 tum
731 2793 797 2832 ac
817 2777 987 2833 decus
1008 2796 1021 2840 ;
1045 2778 1238 2833 salutis
1264 2779 1486 2848 inquam
1522 2789 1725 2833 nostra:
1755 2793 1930 2848 spem,
1955 2793 2153 2848 nempe

583 2883 802 2923 crucem
866 2869 1110 2934 Christi,
1147 2869 1422 2925 tradidisti
1476 2869 1603 2924 ﬁdei
1657 2869 1996 2925 adversariis
2049 2871 2151 2942 (l).

585 2960 734 3035 Facti
769 2976 962 3017 sumus
1023 2963 1384 3032 opprobrium
1438 2972 1548 3017 tam
1601 2963 1800 3017 vicinis
1845 2978 2010 3032 quam
2059 2961 2154 3032 qui

585 3051 904 3121 longissime
935 3051 1115 3107 dissiti
1156 3063 1305 3119 sunt,
1330 3054 1690 3109 subsannatio
1718 3063 1772 3109 et
1810 3053 2012 3108 derisio
2041 3070 2158 3108 om-

589 3143 754 3197 nibus
784 3144 1063 3214 gentibus.
1105 3147 1364 3200 Avcrtisti
1392 3146 1542 3200 enim
1579 3162 1678 3200 nos
1708 3153 2007 3200 retrorsum
2037 3153 2159 3215 post
2188 3183 2232 3238 c

590 3234 844 3290 inimicos
878 3244 1119 3301 nostros,
1158 3243 1231 3290 -et
1259 3237 1352 3306 qui
1383 3236 1622 3291 oderunt
1663 3253 1762 3291 nos
1782 3278 1796 3301 ,
1827 3237 2164 3306 diripiebant

590 3325 947 3381 sibi.Dedisti
983 3341 1084 3380 nos
1121 3335 1378 3396 tanquam
1411 3343 1540 3380 oves
1571 3327 1636 3379 ad
1658 3342 1839 3381 escam
1869 3328 2164 3397 expositas,

591 3427 647 3472 ct
673 3419 815 3473 inter
849 3426 1040 3488 gentes
1065 3418 1376 3488 dispersisti
1404 3434 1526 3472 nos.
1557 3417 1866 3473 Vendidisti
1903 3420 2165 3489 populum

597 3521 750 3565 tuum
786 3511 906 3565 sine
942 3509 1140 3580 pretio,
1173 3519 1230 3564 et
1276 3526 1384 3564 non
1417 3519 1536 3565 erat
1583 3511 1880 3565 multitudo
1920 3511 1974 3566 in
2015 3527 2170 3565 com-

596 3603 997 3658 mutationibus
1035 3603 1254 3658 nostris.
1290 3602 1588 3656 Tradidisti
1621 3618 1720 3656 nos
1752 3602 1805 3655 in
1837 3619 2028 3657 manus
2061 3603 2170 3657 ini-

597 3695 868 3749 micorum
901 3695 1175 3765 exlegum,
1206 3711 1270 3749 ac
1301 3695 1410 3763 regi
1441 3694 1654 3764 iniquo,
1688 3695 2047 3765 omniumque
2071 3695 2167 3765 qui

601 3803 700 3856 per
730 3787 1046 3840 universam
1081 3794 1281 3839 terram
1328 3784 1658 3855 gradiuntur
1691 3785 1852 3855 longe
1886 3785 2169 3856 malignis-

599 3879 739 3932 simo
767 3876 1023 3931 addixisti
1074 3891 1194 3929 nos.
1255 3875 1334 3930 Ne
1385 3875 1464 3930 sic
1497 3875 1720 3945 quidem
1761 3876 2036 3932 universis
2069 3875 2168 3931 ila-

598 3969 754 4040 genis
791 3969 902 4023 tuis
941 3967 1118 4022 attriti
1159 3966 1497 4021 indoluimus
1545 3984 1558 4020 :
1601 3967 1739 4022 adeo
1777 3983 1969 4023 sensus
1993 3967 2168 4023 nostri

598 4058 767 4112 nimia
793 4056 1142 4113 contentione
1173 4071 1237 4110 ac
1263 4055 1446 4110 studio
1480 4055 1536 4109 in
1578 4057 1783 4110 malum
1814 4055 2170 4127 propendent

598 4149 844 4218 abusque
875 4147 1133 4218 pueritia.
1165 4145 1271 4201 Sed
1302 4153 1359 4200 et
1388 4145 1455 4200 ad
1486 4161 1661 4201 annos
1685 4147 1933 4216 provecti
1957 4146 2168 4211 viriles,

600 4242 658 4295 in
701 4239 1016 4310 hujusmodi
1061 4239 1210 4294 vitiis
1253 4239 1416 4294 solito
1452 4238 1690 4307 amplius
1726 4238 2167 4294 occallescimus.

2243 580 2338 616 σου
2358 578 2372 592 °
2429 561 2544 614 ἀλλ’
2576 558 2855 630 ἐρχόμεθα
2887 557 3121 618 ἕκαστος
3168 556 3232 607 ἐκ
3264 552 3502 614 διανοίας
3533 552 3681 621 ἡμῶν
3708 555 3788 624 τῆς

2241 654 2487 724 πονηρᾶς
2533 653 2758 721 ποιῆσαι
2807 648 2879 702 τά
2921 646 3139 718 πονηρὰ
3192 646 3316 700 κατ’
3359 645 3652 715 ὀφθαλμῶν
3692 663 3786 711 σου,

2241 747 2440 820 Κύριε.

2313 929 2424 983 Kal.
2458 928 2570 982 ἰδοὺ
2601 925 2670 979 τὰ
2698 925 2827 993 ἆγια
2857 921 3017 993 ἡμῶν
3045 921 3250 992 ἔρημα,
3287 919 3385 971 καὶ
3415 919 3449 987 ἡ
3479 915 3633 978 πόλις
3660 920 3792 986 πυρι-

2243 1039 2516 1084 καυστος,
2572 1021 2668 1073 καὶ
2716 1019 2744 1070 ὁ
2789 1015 2918 1078 λαὸς
2963 1013 3342 1082 αἰχμάλωτος.
3389 1011 3482 1062 καὶ
3520 1008 3792 1076 ἐγενόμεθα

2245 1115 2324 1176 εἰς
2373 1109 2711 1178 ὀνειδισμὸν,
2771 1105 2869 1160 καὶ
2917 1105 2996 1166 εἰς
3021 1104 3234 1178 ,ἄὸατον
3267 1103 3380 1164 τοῖς
3413 1099 3600 1168 κύκλῳ
3629 1099 3791 1167 ἡμῶν·

2243 1208 2338 1259 καὶ
2365 1203 2700 1273 ἐγενήθημεν
2724 1200 2827 1253 ύπδ
2854 1200 3029 1258 κάτω,
3068 1197 3158 1250 καὶ
3185 1197 3287 1249 οὐκ
3311 1194 3520 1256 ἐπάνω,
3546 1192 3624 1244 ὅτι
3646 1194 3793 1260 ἡμάρ-

2244 1298 2411 1366 τομέν
2443 1313 2545 1354 σοι.
2580 1295 2772 1365 Κυρίῳ
2800 1293 2876 1363 τῷ
2904 1292 3024 1362 Θεῷ
3049 1291 3230 1362 ἡμῶν,
3258 1287 3398 1359 πρὸς
3421 1286 3483 1338 τὸ
3513 1284 3587 1354 μὴ
3604 1283 3792 1337 ἀκούειν

2241 1389 2344 1458 τῆς
2391 1387 2575 1456 φωνῆς
2613 1404 2728 1440 σου.
2778 1385 2874 1438 Διά
2905 1385 3060 1437 τοῦτο
3090 1381 3297 1438 ἀπώσω
3325 1381 3493 1450 ἡμᾶς,
3527 1378 3617 1429 καὶ
3642 1378 3792 1429 καθεῖ-

2244 1481 2335 1544 λες
2364 1482 2530 1550 ἡμᾶς,
2566 1479 2662 1532 καί
2695 1479 3010 1540 συνέσεισας
3038 1477 3135 1544 τὴν
3157 1476 3291 1545 γῆν,
3334 1471 3434 1526 καὶ
3462 1470 3794 1539 συνετάραξας

2247 1575 2440 1646 αὐτήν.
2486 1571 2627 1627 Ἀλλ’
2673 1571 2749 1635 ὡς
2803 1570 3154 1642 μακρόθυμος
3202 1567 3298 1621 καὶ
3329 1564 3639 1626 πολυὲλεος,
3672 1565 3795 1615 ἴασαι

2247 1669 2316 1722 τὰ
2343 1667 2733 1740 συντρίμματα
2755 1665 2948 1734 αὐτῆς,
2981 1664 3063 1716 ὃτι
3093 1659 3360 1729 ἐσαλεύθη
3392 1655 3689 1726 σφόδρα.’0
3713 1656 3799 1725 γὰρ

2249 1761 2381 1824 λαός
2429 1777 2521 1813 σου
2570 1758 2682 1812 ῐδεν
2718 1757 2933 1826 σκληρά
2953 1797 2967 1822 ,
3019 1747 3080 1808 οὗ
3129 1754 3191 1807 τὸ
3222 1752 3398 1821 ὄνομά
3431 1768 3529 1803 σου
3562 1747 3619 1802 τὸ
3647 1749 3800 1800 καινδν

2181 1821 2221 1876 Β
2253 1821 2616 1921 ἐπικέκληται
2651 1849 2739 1901 ἐπ’
2766 1821 2960 1903 αὐτόνξ
3009 1844 3449 1918 Ἐπληρὼθησαν
3476 1842 3584 1911 γάρ
3609 1842 3652 1892 οἱ
3676 1840 3800 1905 λόγοι

2252 1943 2363 1996 τῶν
2414 1939 2712 2011 προφητῶν
2758 1955 2853 1992 σου
2903 1935 2989 2005 ἐφ’
3019 1937 3204 2007 ἡμᾶς,
3241 1935 3326 1988 ὅτι
3365 1931 3670 1984 «Ἢλθοσαν
3697 1929 3798 1998 ἔθνη

2254 2036 2333 2098 εἰς
2362 2033 2458 2104 τὴν
2489 2031 2856 2103 κληρονομίαν
2884 2048 2977 2084 σου
2999 2068 3013 2092 ,
3063 2029 3158 2082 καὶ
3186 2027 3424 2099 ἐμίαναν
3456 2024 3547 2077 τὸν
3575 2023 3695 2075 ναὸν
3723 2021 3797 2074 τον

2256 2125 2409 2195 ἅγιόν
2445 2143 2563 2186 σου,
2598 2144 2616 2177 ι
2655 2126 2713 2177 ἐν
2815 2123 2876 2175 τδ
2905 2123 3004 2191 τῆς
3033 2119 3349 2189 οἰκονομίας
3380 2115 3480 2169 τοῦ
3519 2113 3800 2185 μονογενοῦς

2257 2233 2351 2270 σου
2391 2214 2515 2268 Υἱοῦ
2550 2213 3004 2283 ἐτελεσιουργήθη
3040 2213 3361 2284 μυστήριον,
3398 2210 3500 2261 καὶ
3533 2209 3802 2275 ἐνέπρησαν

2257 2313 2391 2385 πυρὶ
2419 2312 2480 2366 τὸ
2509 2310 2869 2380 ἀγιαστήριόν
2895 2325 2988 2362 σου
3014 2347 3030 2371 ,
3068 2327 3087 2359 ‹
3123 2307 3237 2360 Καὶ
3266 2306 3458 2359 ἔθεντο
3487 2301 3801 2371 Ἰερουσαλὴμ

2260 2406 2336 2465 ὡς
2365 2403 2838 2474 ὁπωροφυλάκιον,
2870 2419 2888 2451 ι
2948 2400 3043 2453 καὶ
3074 2398 3143 2452 τά
3173 2398 3482 2467 θνησιμαῖα
3511 2395 3617 2447 τῶν
3637 2392 3802 2445 δούλων

2259 2519 2352 2555 σου
2372 2542 2389 2568 ,
2421 2502 2478 2553 ἐν
2513 2500 2663 2570 μέσῳ
2692 2498 2786 2551 καὶ
2811 2494 2998 2565 κύκλῳ
3030 2490 3387 2561 Ἰερουσαλήμ
3410 2503 3426 2517 ·
3494 2505 3512 2536 ε
3541 2483 3648 2537 Kai.
3674 2483 3700 2532 ό
3724 2482 3801 2534 θα-

2260 2609 2411 2645 πτων
2442 2592 2544 2644 οὐκ
2570 2586 2661 2660 ἦν.
2689 2608 2708 2641 ι
2749 2587 2860 2642 Καὶ
2892 2586 2992 2656 τὴν
3025 2585 3178 2654 ἰσχὺν
3209 2579 3396 2651 ἡμῶν.
3433 2578 3532 2630 καὶ
3559 2572 3803 2643 καλλονὴν,

2259 2684 2354 2738 καὶ
2383 2682 2446 2735 τὸ
2476 2682 2748 2751 σωτήριον
2775 2676 2937 2748 ἡμῶν
2966 2675 3058 2729 τὸν
3087 2672 3324 2741 σταυρὸν
3350 2668 3454 2722 τοῦ
3484 2664 3708 2738 Χριστοῦ
3734 2681 3804 2717 σου

2260 2775 2589 2846 παρέδωκας
2619 2774 2734 2834 τοῖς
2763 2766 3126 2829 ὑπεναντίοις,
3153 2765 3250 2818 καὶ
3274 2760 3620 2831 ἐγενήθημεν
3641 2757 3806 2846 ὄνειδος

2261 2845 2373 2928 τοῖς
2407 2863 2645 2932 γείτοσιν
2678 2857 2837 2931 ἡμῶν
2860 2898 2875 2920 ,
2928 2857 3023 2912 καὶ
3069 2857 3180 2918 τοῖς
3213 2852 3436 2923 μακρὰν
3468 2845 3804 2920 μυκτηρισμδς

2261 2959 2358 3011 καὶ
2407 2954 2717 3026 χλευασμὸς
2771 2951 2910 3004 πᾶσι
2956 2951 3068 3010 τοῖς
3112 2947 3327 3007 ἔθνεσι,
3382 2943 3465 2994 ὅτι
3500 2938 3804 3006 ἀπέστρεψας

2262 3051 2410 3120 ἡμᾶς
2459 3048 2541 3110 είς
2581 3046 2648 3100 τὰ
2680 3043 2862 3097 ὀπίσω
2898 3040 3049 3111 παρὰ
3081 3039 3205 3100 τοὺς
3234 3033 3472 3105 ἐχθροὺς
3499 3032 3670 3101 ἡμῶν.
3721 3029 3804 3081 Kal

2262 3119 2312 3192 οί
2351 3137 2633 3208 μισοῦντες
2665 3135 2814 3205 ἡμᾶς
2845 3129 3141 3201 διήρπαζον
3171 3127 3410 3186 ἑαυτοῖς.
3468 3123 3702 3182 Ἐδωκας
3723 3119 3805 3184 γὰρ

2274 3232 2424 3302 ἡμᾶς
2480 3227 2556 3292 ὠς
2611 3225 2860 3297 πρόϐατα
2914 3221 3189 3293 βρώσεως,
3213 3216 3321 3288 *καὶ
3378 3216 3437 3267 ἐν
3484 3215 3597 3275 τοῖς
3640 3210 3805 3263 ἔθνεσιν

2269 3324 2586 3391 διέσπειρας
2610 3319 2780 3389 ἡμᾶς,
2800 3317 2893 3370 καὶ
2916 3315 3114 3370 ἀπέδου
3138 3313 3229 3365 τὸν
3250 3309 3383 3363 λαόν
3403 3325 3498 3361 σου
3517 3307 3640 3360 ἄνευ
3656 3303 3806 3371 τιμῆς,

2269 3415 2364 3469 καὶ
2391 3415 2489 3468 οὐκ
2512 3409 2580 3484 ἦν
2613 3410 2821 3482 πλῆθος
2850 3409 2910 3462 ἐν
2937 3410 3050 3472 τοῖς
3079 3404 3471 3472 ἀλαλάγμασιν
3497 3397 3669 3469 ήμῶν.
3694 3396 3808 3461 Παρ-

2238 3501 2242 3505 ’
2272 3509 2479 3570 έδωκας
2525 3505 2635 3576 γὰρ
2685 3504 2834 3574 ἡμᾶς
2889 3503 2969 3564 εἱς
3009 3501 3203 3570 χεῖρας
3238 3493 3450 3565 ἐχθρῶν
3483 3489 3708 3558 ἀνόμων,
3737 3486 3808 3537 καὶ

2277 3598 2487 3672 βασιλεῖ
2511 3596 2680 3667 ἀδίκῳ
2710 3597 2806 3649 καὶ
2833 3591 3192 3664 πονηροτάτῳ,
3216 3586 3369 3656 παρά
3399 3586 3585 3638 πᾶσαν
3603 3581 3694 3647 τὴν
3712 3577 3807 3672 γῆν·

2274 3693 2370 3748 καὶ
2419 3692 2476 3743 ἐν
2524 3666 2725 3750 πάσαις
2773 3688 2894 3749 ταῖς
2939 3681 3187 3755 μάστιξιν
3230 3679 3462 3740 ταύταις
3524 3674 3619 3727 οὐκ
3666 3666 3808 3722 ἐπονέ-

2277 3799 2475 3851 σαμεν,
2522 3779 2658 3832 διότι
2711 3773 2986 3846 ἐπιμελῶς
3014 3773 3243 3840 ἐγγυται
3278 3769 3310 3836 ἡ
3337 3767 3553 3819 διάνοια
3579 3758 3719 3830 ἡμῶν

2274 3846 2615 3941 τά-πονηρὰ,
2669 3870 2734 3921 ἐκ
2765 3866 3015 3934 νεότητος
3046 3861 3204 3933 ἡμῶν
3227 3875 3242 3890 ⁶
3307 3858 3409 3912 καὶ
3458 3851 3722 3941 περισσῶς
3744 3846 3812 3898 ἐπὶ

2274 3965 2385 4027 τοῖς
2417 3939 2607 4024 κακοῖς
2651 3956 3035 4030 ἀνδριούμεθα.
3069 3955 3280 4016 Ὄντως
3307 3950 3522 4010 δίκαιος
3545 3939 3623 4008 εἳ,
3654 3939 3809 4009 Κύριε,

2277 4055 2370 4110 ἐπὶ
2417 4054 2587 4107 πᾶσιν
2633 4046 2716 4114 οἷς
2760 4049 3022 4120 ἐποίησας
3064 4047 3216 4117 ἡμῖν.
3281 4041 3524 4111 Οἴδαμεν
3569 4034 3697 4104 γὰρ,
3746 4031 3805 4084 ὁτι

2277 4147 2335 4201 αἱ
2382 4145 2647 4217 ἁμαρτίαι
2687 4141 2842 4214 ἡμῶν
2889 4139 3222 4209 ἀντέστησαν
3260 4136 3429 4204 ἡμῖν,
3467 4132 3553 4184 ὅτι
3584 4121 3811 4180 πολλαὶσὲ

2278 4237 2495 4307 ἀνομίαι
2524 4235 2682 4308 ἡμῶν
2717 4233 2921 4304 σφόδρα
2947 4229 3185 4284 ἐναντίον
3211 4243 3324 4286 σου,
3351 4222 3554 4292 Κύριε.

598 4335 835 4391 Prorsus
865 4332 1116 4395 Domine,
1152 4332 1336 4402 justus
1400 4340 1480 4394 tu,
1509 4330 1563 4383 in
1599 4329 1860 4383 omnibus
1905 4345 2028 4398 qua:
2066 4327 2247 4384 fecisti
2286 4328 2481 4394 nobis;
2517 4339 2668 4380 nunc
2715 4322 2936 4379 demum
2976 4319 3208 4383 scimus,
3247 4314 3374 4386 quia
3412 4320 3636 4384 peccata
3670 4316 3813 4362 nostra

603 4434 718 4504 ipsa
753 4431 1075 4488 restiterunt
1104 4429 1262 4484 nobis
1297 4446 1311 4483 :
1349 4434 1572 4498 peccata
1602 4425 1749 4480 enim
1780 4435 1966 4480 nostra
1992 4424 2155 4480 nimis
2193 4440 2358 4496 quam
2386 4423 2562 4478 multa
2593 4421 2952 4475 increverunt
2977 4416 3033 4470 in
3056 4419 3352 4481 conspectu
3383 4418 3507 4470 tuo,
3538 4402 3763 4504 Domine.

672 4522 781 4579 Sed
804 4523 1180 4578 misericordia
1204 4529 1317 4584 tua,
1335 4518 1588 4585 Domine,
1605 4517 1871 4587 anticipet
1903 4533 2027 4581 nos,
2049 4517 2179 4586 quia

599 4625 658 4671 tu
683 4615 738 4669 in
771 4615 950 4680 nobis,
972 4614 1224 4680 Domine,
1245 4623 1302 4667 et
1327 4628 1529 4667 nomen
1555 4622 1712 4665 tuum
1734 4619 1986 4665 sanctum
2019 4610 2178 4664 invo-

601 4719 784 4765 catum
814 4718 898 4763 est
926 4724 1094 4778 super
1125 4723 1244 4763 nos.
1271 4706 1528 4774 Quiescat
1556 4705 1830 4776 (obsecro)
1853 4702 2166 4758 ira-furoris

605 4801 704 4865 tui,
735 4809 792 4855 et
831 4815 900 4855 ne
933 4799 1244 4854 confundas
1269 4813 1370 4852 nos
1397 4797 1452 4850 in
1483 4795 1670 4861 linem,
1699 4809 1880 4863 neque
1905 4793 2180 4848 memine-

604 4894 681 4948 ris
719 4892 1074 4963 iniquitatum
1122 4901 1436 4946 nostrarum
1485 4889 1859 4957 antiquarum,
1900 4901 1984 4948 ac,
2038 4901 2109 4940 ne
2151 4900 2182 4940 a

2369 4514 2512 4569 Ἀλλ’
2559 4513 2591 4584 ἡ
2641 4507 2982 4583 ἐλεημοσύνη
3030 4522 3152 4567 σου,
3208 4501 3412 4572 Κύριε,
3471 4495 3716 4566 φθασάτω
3754 4489 3817 4554 ἐφ’

2283 4609 2467 4682 ἡμᾶς,
2527 4607 2610 4661 ὅτι
2663 4605 2728 4658 σὺ
2777 4605 2834 4654 ἐν
2873 4602 3028 4670 ἡμῖν,
3063 4595 3272 4667 Κύριε,
3324 4591 3424 4682 καὶ
3470 4589 3536 4643 τὸ
3569 4584 3721 4682 ὄνομα
3747 4597 3816 4682 σου

2377 4699 2531 4767 ἆγιον
2576 4695 2936 4764 ἐπικέκληται
2970 4689 3054 4758 ἐφ’
3086 4687 3257 4757 ἡμᾶς·
3308 4681 3572 4736 Κόπασον
3601 4679 3662 4730 δι’
3687 4672 3816 4767 ἀργὴν

2285 4765 2458 4862 θυμού
2513 4807 2644 4854 σου,
2698 4786 2792 4840 καὶ
2851 4782 2926 4856 μὴ
2975 4777 3346 4847 καταισχύνῃς
3376 4775 3535 4844 ἡμᾶς
3581 4773 3658 4833 εἰς
3682 4765 3817 4862 τέλος.

2289 4857 2425 4956 μηδέ
2456 4882 2701 4954 μνησθῇς
2725 4877 2884 4948 ἡμῶν
2909 4871 3152 4944 ἀνομιῶν
3173 4869 3446 4942 ἀρχαίων,
3467 4863 3606 4937 μηδέ
3628 4857 3822 4956 προσῗὰ-

602 4985 767 5040 nobis
805 4985 1029 5055 quidem
1078 5000 1272 5039 recens
1312 4982 1753 5044 commissarum,
1786 4996 1894 5034 neu
1929 4978 2153 5050 indigno

2285 4946 2415 5041 τῶν,
2446 4946 2583 5046 μηδέ
2609 4946 2865 5038 ἀναξίους
2889 4968 3084 5040 κρίνῃς
3104 4963 3253 5034 ἡμᾶς
3274 4961 3386 5013 τῶν
3410 4958 3524 5011 σῶν
3545 4946 3818 5055 atati-p.116)?

605 5094 708 5133 nos
757 5079 1085 5148 pronunties
1136 5078 1247 5132 tuis
1298 5073 1750 5130 miserationibus
1788 5071 1963 5141 :quin
1995 5070 2179 5140 potius

609 5175 986 5239 reminiscere,
1027 5172 1155 5241 quia
1183 5171 1317 5224 tanti
1348 5184 1448 5222 nos
1471 5165 1765 5221 aestimavit
1795 5174 1886 5219 tua
1920 5163 2176 5235 benigni-

610 5275 714 5331 tas,
752 5281 891 5336 quos
916 5265 1162 5335 pretioso
1191 5271 1284 5316 tuo
1312 5261 1579 5332 sanguine
1621 5259 1947 5314 redimeres.
1975 5259 2180 5313 Pecca-

611 5358 815 5419 vimus,
863 5356 1083 5426 placare
1144 5354 1376 5408 Domine
1431 5370 1444 5407 :

2283 5037 2418 5122 ἀλλά
2446 5037 2768 5137 μνήσθητι,
2832 5037 3048 5130 acres
3077 5054 3241 5126 τιμίῳ
3289 5050 3488 5122 αἵματί
3539 5065 3630 5100 σου
3669 5037 3823 5137 ἐξηγό-

2289 5130 3071 5231 ρασας-ἠμτᾶς.-Ἦμάρτομεν,
3110 5145 3380 5214 ἰλάσθητι,
3414 5141 3618 5211 Κύριε·
3649 5130 3823 5231 impt-

2287 5268 2502 5321 σαμεν,
2561 5245 2954 5319 συγχώρησον,
3007 5241 3294 5296 Δέσποτα⁹
3357 5228 3821 5321 προσεκρούσαμεν.

1494 5351 1680 5421 inique
1739 5352 2009 5420 gessimus
2043 5367 2056 5403 :
2092 5359 2159 5404 tu:

2281 5312 2625 5414 διαλλάγηθι,
2642 5312 2820 5409 iique,-
2837 5337 2930 5391 καὶ
2953 5335 3238 5404 ἐπίφανον,
3258 5327 3458 5421 Κύριε,
3491 5323 3553 5376 τὸ
3578 5312 3824 5421 πρόσωπόν

609 5447 752 5503 llcre
773 5444 1050 5502 condonet
1082 5442 1454 5514 indulgentia;
1486 5441 1841 5505 oil‘endimus,
1870 5440 2189 5495 conciliator

2296 5455 2390 5492 σου
2443 5405 2544 5490 ιιὶτί
2584 5405 2716 5497 τοὺς⁷
2757 5432 2815 5482 ἐν
2861 5427 3133 5494 ἀπαγωγῇ
3179 5420 3401 5481 δούλους
3443 5431 3539 5467 σου
3565 5453 3580 5476 ,
3632 5408 3721 5464 καὶ

611 5537 1056 5614 sancte.lllustra
1088 5533 1280 5590 faciem
1305 5543 1476 5596 tuam,
1509 5532 1760 5597 Domine,
1794 5547 1966 5602 super
1996 5548 2156 5587 servo

2290 5528 2443 5602 παρὰ
2469 5528 2563 5582 σοῦ
2596 5524 2848 5598 βοήθειαν
2877 5516 3278 5586 ἐξαπόστειλον,
3306 5508 3520 5572 δυνατέ,
3571 5501 3661 5559 καὶ
3683 5496 3826 5566 ἐξιλώ

685 5649 733 5682 ⁸⁸
758 5651 903 5708 Psal.
935 5665 1154 5718 Lxxvui,
1183 5649 1237 5704 1.
1310 5647 1358 5680 ⁸⁸
1391 5647 1528 5703 ibid.
1604 5646 1648 5680 ⁸⁷
1679 5646 1818 5702 ibid.

2131 5709 2361 5768 NOTIE.

693 5815 770 5883 (1)
799 5813 1133 5872 Antiochum
1170 5810 1370 5869 vixisse
1398 5810 1500 5868 sub
1536 5809 1788 5865 Heraclio
1811 5816 1865 5864 et
1896 5806 2163 5870 Cosdroa,
2193 5804 2278 5860 vel
2317 5803 2448 5857 hinc
2479 5800 2640 5856 liceat
2677 5796 2954 5867 colligere.
