4040 6534
275 400 416 468 1853

1616 407 2222 480 EXOMOLOGESIS.

3398 415 3535 479 1854

269 520 365 572 τὸν
392 516 522 572 λαόν
551 534 646 572 σου
683 519 747 572 ὲκ
779 518 961 593 πάσης
987 522 1398 595 ταλαιπωρίας,
1445 526 1542 580 καὶ
1571 524 1850 596 λύτρωσον
1878 568 1884 581 .

1982 541 2082 582 uos
2127 528 2221 598 qui
2257 531 2541 603 tyrannica
2592 529 2955 603 impressione
2995 538 3327 602 premuntur
3362 529 3539 584 incle-

271 609 385 665 ἀπὸ
424 611 610 682 πάσης
645 615 1018 684 παρανομίας,
1050 616 1144 669 καὶ
1173 617 1238 670 ὲκ
1260 617 1444 688 χειρὸς
1470 616 1851 688 παρανομούν-

271 718 419 770 των,
474 704 570 757 καὶ
613 703 1004 769 διασκέδασον,
1051 707 1330 774 Δέσποτα,
1374 709 1553 764 πάντα
1584 709 1851 772 κίνδυνον,

271 795 364 850 διὰ
391 794 492 866 τὴν
522 796 888 868 εὐσπλαχνίαν
911 783 1011 852 ’σου
1029 839 1044 864 ,
1081 799 1177 854 καὶ
1211 799 1284 872 μὴ
1311 802 1390 863 είς
1411 800 1564 864 τέλος
1594 799 1856 871 παραδῷς

273 889 375 959 τὴν
405 889 774 962 κληρονομίαν
805 908 901 945 σου
935 894 1016 956 είς
1040 893 1340 960 ἀπώλειαν,
1377 893 1466 947 διὰ
1495 893 1596 957 τὰς
1625 892 1858 963 ἀνομίας

275 980 466 1052 ἡμῶν,
515 981 652 1036 ἀλλὰ
696 983 833 1054 ταχὺ
880 985 1446 1055 προκαταλαὸέτωσαν
1492 988 1640 1057 ἡμᾶς
1686 987 1736 1040 oi
1775 987 1858 1039 oi-

277 1072 496 1144 κτιρμοί
543 1090 668 1142 σου,
715 1075 910 1146 Κύριε,
941 1077 969 1128 ὁ
993 1076 1124 1140 Θεὸς
1150 1079 1342 1148 ἡμῶν,
1391 1079 1473 1132 ὅτι
1505 1077 1574 1131 τὰ
1607 1077 1729 1148 ὲλέη
1765 1093 1857 1129 σου

277 1162 373 1215 ἀπ’
407 1161 605 1226 αἰῶνος
657 1165 748 1217 ἐπὶ
794 1166 894 1234 τὴν
942 1164 1122 1219 κτίσιν
1164 1167 1435 1238 eamihi.
1469 1167 1532 1220 σὺ
1565 1166 1858 1236 καταφυγὴ

280 1254 499 1308 πάντων
525 1255 680 1325 ἡμῶν
709 1257 1007 1326 ἐγενήθης,
1063 1259 1158 1311 καὶ
1205 1261 1449 1330 σωτηρία
1477 1259 1586 1312 τῶν
1614 1257 1860 1323 ἐλπιζόν-

281 1370 390 1406 των
424 1353 516 1405 ὲπὶ
545 1353 626 1406 σέ.
677 1350 840 1404 Γενοῦ
873 1353 1025 1422 ἡμῖν,
1057 1352 1262 1422 Κύριε,
1298 1351 1509 1423 πύργος
1542 1350 1724 1420 ἰσχύος
1753 1349 1862 1402 ἀπὸ

286 1443 579 1514 προσώπου
627 1442 736 1496 τῶν
775 1444 984 1514 ἐχθρῶν
1023 1444 1215 1514 ἡμῶν,
1267 1444 1363 1497 καὶ⁹
1396 1442 1469 1512 μὴ
1497 1445 1862 1512 συγχωρήσῃς

285 1536 582 1590 ἀπολέσθαι
613 1537 693 1599 είς
725 1540 911 1606 χεῖρας
944 1537 1052 1588 τῶν
1085 1538 1158 1606 μὴ
1187 1537 1407 1590 είδότων
1433 1553 1516 1600 σε,
1544 1535 1721 1604 ψυχὰς
1777 1533 1864 1600 ἐξ·

285 1629 738 1699 ομολογουμένων
772 1645 873 1681 σοι.
901 1629 990 1698 Μὴ
1021 1627 1308 1700 καταδέξῃ,
1333 1627 1527 1697 Κύριε,
1561 1624 1864 1696 ἀτιμασθῆ-

286 1739 375 1774 ναι
419 1721 518 1789 τὴν
560 1718 926 1790 κληρονομίαν
951 1737 1048 1772 σου
1083 1721 1172 1772 ὑπ’
1201 1720 1386 1782 ἔθνους
1413 1717 1688 1781 ἀναιδοῦς,
1727 1714 1865 1769 ἀλλά

288 1814 490 1876 κλῖνον,
517 1812 710 1882 Κύριε.
745 1812 806 1864 τὸ
835 1807 928 1874 οὖς
957 1829 1074 1876 σου,
1106 1811 1202 1864 καὶ
1229 1811 1560 1871 ἐπάκουσον,
1595 1809 1687 1862 καὶ
1713 1809 1863 1861 ἔπιδε

290 1909 348 1974 ἐξ
382 1907 614 1978 ούρανοῦ
647 1907 804 1976 ἁγίου
835 1924 929 1960 σου
965 1908 1056 1960 ἐπὶ
1083 1907 1177 1960 τὸν
1201 1906 1512 1975 ἀφανισμὸν
1540 1906 1729 1976 ἡμῶν,
1771 1907 1868 1959 καὶ

289 2002 389 2072 τῆς
437 2001 646 2064 πόλεώς
689 2017 784 2053 σου
817 1999 1206 2070 Ἰερουσαλὴμ,
1265 1999 1350 2066 ἐφ’
1393 1994 1460 2067 ἦς
1507 1997 1870 2067 ἐπικέκληται

291 2096 354 2150 τὸ
378 2095 550 2166 δνομά
578 2112 672 2148 σου
701 2094 788 2148 ἐπ’
816 2093 1010 2164 αὐτῆς,
1038 2095 1132 2147 καὶ
1154 2092 1248 2146 ἐπὶ
1269 2091 1368 2163 τὴν
1397 2091 1726 2161 Ἐκκλησίαν
1751 2106 1867 2152 σου,

293 2189 361 2260 ἢν
402 2187 759 2259 ᾠκοδόμησας
811 2186 903 2240 ἐπὶ
946 2185 1044 2256 τὴν
1085 2184 1293 2256 πέτραν
1317 2224 1332 2245 ,
1385 2181 1590 2250 λέγων·
1647 2200 1666 2232 ι
1696 2181 1870 2234 Πύλαι

293 2280 421 2353 ᾅδου
457 2283 518 2334 ού
553 2279 973 2350 κατισχύσουσιν
998 2278 1191 2347 αὐτῆς.
1221 2297 1240 2329 ι
1281 2275 1636 2338 Εἰσάκουσον,
1672 2273 1868 2343 Κύριε,

294 2378 397 2446 τῆς
444 2375 756 2445 προσευχῆς
803 2373 912 2426 τῶν
957 2371 1158 2424 δούλων
1191 2388 1286 2423 σου
1309 2411 1324 2435 ,
1381 2371 1472 2423 καὶ
1505 2369 1605 2437 τῆς
1635 2367 1874 2438 δεήσεως

297 2466 456 2538 ἡμῶν
483 2465 738 2519 ὲνώτισαι
763 2505 778 2530 ,
831 2464 925 2518 καὶ¹
953 2463 1216 2531 ὲπίφανον
1244 2463 1304 2516 τὸ
1331 2461 1627 2531 πρόσωπόν
1655 2477 1749 2512 σου
1780 2458 1874 2512 ἐπὶ

297 2559 357 2610 τὸ
383 2555 634 2627 ἀγίασμά
663 2573 778 2619 σου,
816 2555 899 2607 ὃτι
934 2553 1034 2606 οὐκ
1061 2553 1153 2605 ἐπὶ
1177 2552 1295 2614 ταῖς
1319 2549 1694 2609 δικαιοσύναις
1713 2544 1874 2616 ἡμῶν

299 2646 634 2722 θαρροῦντες
677 2645 1066 2717 προσφέρομέν
1100 2661 1184 2697 σοι
1216 2643 1314 2713 τὴν
1344 2641 1556 2696 ἱκεσίαν
1607 2638 1736 2710 (ἀεὶ
1765 2637 1874 2706 γὰρ

300 2737 678 2812 παροξύνομέν
711 2740 822 2800 σε),
856 2736 970 2789 ἀλλ’
1006 2734 1099 2788 ἐπὶ
1127 2735 1251 2797 τοὺς
1275 2731 1592 2802 οίκτιρμούς
1619 2746 1734 2790 σου.
1764 2726 1876 2781 K6-

304 2850 421 2902 ριε,
471 2834 597 2894 τοὺς
648 2828 900 2892 πολλούς.
958 2827 1314 2890 Εξσάκουσον,
1353 2824 1556 2895 Κύριε,
1605 2821 1873 2890 ίλάσθητι,

303 2921 509 2991 Κύριε,
559 2920 828 2991 πρόσχες,
879 2921 1066 2986 φεῖσαι
1116 2916 1212 2970 τοῦ
1259 2915 1389 2968 λαοῦ
1421 2932 1552 2974 σου,
1605 2913 1874 2975 Δέσποτα,

309 3032 328 3065 ι
359 3015 470 3068 Καὶ
509 3013 583 3082 μὴ
614 3011 720 3081 δῷς
765 3013 863 3079 τὴν
896 3009 1263 3079 κληρονομίαν
1297 3024 1389 3060 σου
1423 3007 1503 3068 εἰς
1529 3004 1751 3066 ὄνειδος,
1783 3001 1877 3054 τοῦ

304 3109 612 3178 καταρᾶται
641 3105 812 3174 αὐτὴν
839 3103 990 3171 ἔθνη.
1022 3105 1171 3164 ὅπως
1205 3102 1278 3172 μὴ
1302 3100 1554 3158 εἴπωσιν.
1587 3097 1698 3150 Ποῦ
1727 3098 1878 3149 ἐστιν

1951 631 2200 688 menter;
2248 624 2464 696 1249
2493 640 2634 694 eque
2663 623 2801 680 solio
2833 622 3059 678 sublimi
3108 632 3204 678 tuo
3241 622 3429 677 emitte
3454 621 3538 676 eis

1952 722 2008 768 et
2050 730 2283 786 suggere
2317 717 2606 781 auxilium,
2639 733 2672 772 ο
2714 724 2931 786 potens,
2965 716 3227 785 pupulum
3266 722 3426 768 tuum
3465 712 3536 769 ab

1953 807 2102 861 omni
2136 808 2470 874 calamitate,
2526 809 2614 865 cui
2645 811 2847 866 misere
2900 808 3232 871 succumbit,
3269 807 3446 877 eripe,
3480 815 3539 862 et

1955 898 2025 952 ab
2059 899 2208 953 omni
2258 899 2394 968 legis
2428 909 2535 953 tum
2564 899 3022 970 praevaricatione
3062 895 3344 962 redimite,
3393 906 3450 951 et
3502 911 3535 952 e

1957 1007 2123 1045 manu
2153 991 2640 1061 prmvaricatorum
2674 991 2889 1046 subduc
2919 991 3062 1044 illos.
3090 991 3196 1044 Per
3226 997 3333 1043 tuae
3355 987 3539 1044 visce-

1959 1097 2020 1136 ra
2068 1082 2293 1152 pietatis
2342 1093 2540 1137 excute
2593 1099 2622 1138 a
2672 1083 2854 1148 nobis,
2887 1081 3144 1145 Domine,
3175 1096 3239 1135 ac
3284 1080 3541 1150 disperge

1959 1173 2286 1242 impendens
2316 1188 2481 1227 omne
2525 1173 2654 1227 vitae
2701 1173 3037 1234 discrimen;
3076 1187 3256 1241 neque
3288 1170 3342 1224 in
3374 1170 3541 1223 finem

1960 1274 2109 1320 tuam
2151 1255 2295 1320 lianc
2326 1265 2705 1320 haereditatem
2753 1265 3049 1319 tradideris
3097 1264 3152 1318 in
3211 1261 3544 1317 internecio-

1961 1374 2111 1423 nem,
2143 1357 2360 1412 tametsi
2413 1365 2614 1411 nostrze
2655 1356 2976 1426 iniquitates
3010 1355 3062 1409 id
3095 1361 3540 1425 promereantur.

1961 1449 2106 1515 Quin
2140 1450 2344 1518 potius,
2372 1459 2478 1504 tua:
2527 1465 2628 1503 nos
2666 1449 2972 1518 anticipent
2996 1447 3401 1509 miserationes,
3431 1445 3542 1498 Do-

1963 1543 2134 1608 mine,
2174 1543 2321 1596 Deus
2352 1550 2538 1596 noster
2572 1557 2586 1594 :
2617 1540 2838 1596 Etenim
2873 1556 2902 1594 a
2952 1541 3152 1594 sreculo
3188 1555 3300 1592 non
3334 1537 3544 1592 desinis

1963 1635 2201 1704 copiosae
2228 1641 2284 1688 et
2310 1633 2671 1688 exuberantis
2699 1631 3096 1688 misericordia:
3134 1640 3241 1685 tum
3281 1630 3422 1685 dona
3461 1628 3546 1683 ef-

1964 1727 2198 1782 fundere
2249 1726 2304 1779 in
2353 1740 2573 1780 omnem
2620 1731 2930 1778 creaturam
2984 1732 3154 1778 tuam.
3193 1721 3272 1774 Tu
3319 1719 3544 1790 quidem

1899 1855 1937 1910 Β
1966 1819 2212 1875 omnium
2237 1826 2491 1872 nostrum
2528 1816 2800 1886 refugium
2836 1814 3014 1870 factus
3039 1830 3131 1879 es;
3155 1821 3212 1867 et
3243 1813 3298 1866 in
3333 1822 3386 1866 te
3417 1825 3545 1879 spe-

1970 1911 2211 1966 rantium
2241 1910 2452 1981 asylum
2480 1909 2738 1963 salutare.
2770 1908 2902 1962 Esto
2930 1908 3113 1972 nobis,
3148 1907 3402 1969 Domine,
3431 1913 3549 1958 tur-

1969 2004 2047 2059 ris
2075 2002 2419 2058 fortitudinis
2450 2017 2478 2055 a
2509 2001 2647 2056 facie
2675 2001 3024 2056 inimicorum
3049 2011 3400 2066 nostrorum;
3437 2016 3548 2054 neu

1971 2097 2122 2152 sinas
2153 2095 2220 2150 ad
2257 2094 2690 2150 internecionem
2727 2103 2784 2149 et
2818 2095 3028 2150 cladem
3071 2103 3374 2150 extremam
3404 2091 3548 2149 tradi

1970 2190 2025 2245 in
2047 2205 2238 2244 eorum
2269 2203 2467 2244 manus
2496 2188 2590 2256 qui
2623 2195 2674 2242 te
2701 2203 2810 2241 non
2845 2195 3141 2251 noverunt,
3178 2186 3388 2241 animas
3417 2200 3552 2240 con-

1972 2280 2246 2335 fitentium
2271 2279 2408 2345 tibi;
2439 2294 2619 2348 neque
2649 2278 2902 2348 patiaris,
2931 2278 3183 2345 Domine,
3205 2287 3316 2332 tam
3348 2275 3550 2344 insigni

1974 2372 2276 2444 ignominia
2331 2371 2546 2441 aspergi
2605 2371 2983 2426 hazreditatem
3017 2378 3163 2424 tuam
3211 2385 3238 2424 a
3280 2378 3440 2438 gente
3470 2368 3553 2424 sic

1972 2461 2167 2517 effreni
2213 2471 2269 2516 et
2311 2460 2646 2531 impudenti.
2693 2459 2860 2530 Magis
2898 2469 2977 2524 tu,
3019 2459 3245 2522 inclina,
3293 2459 3549 2523 Domine,

1974 2569 2165 2609 aurem
2214 2562 2384 2617 tuam,
2414 2562 2469 2607 et
2502 2552 2700 2607 exaudi
2730 2569 2795 2607 ac
2818 2551 3054 2622 ‘respice
3078 2552 3146 2607 de
3187 2552 3328 2607 coelo
3359 2558 3551 2605 sancto

1975 2655 2072 2701 tuo
2099 2647 2165 2700 ad
2195 2647 2339 2700 hanc
2380 2654 2625 2701 nostram
2668 2645 3124 2709 exinanitionem,
3151 2645 3217 2700 ad
3240 2645 3554 2700 demolitio-

1975 2754 2101 2793 nem
2134 2746 2191 2792 et
2216 2737 2494 2792 excidium
2525 2737 2768 2792 civitatis
2798 2747 2904 2792 tum
2933 2737 3239 2793 Jerusalem
3262 2779 3276 2803 ,
3307 2753 3410 2806 pro
3445 2753 3555 2806 qua

1978 2831 2296 2886 invocatum
2323 2838 2410 2885 est
2445 2845 2648 2884 nomen
2688 2837 2868 2894 tuum,
2901 2845 3068 2899 super
3096 2830 3268 2900 ipsam
3301 2839 3556 2884 cunctam

1978 2924 2282 2978 Ecclesiam
2315 2931 2467 2977 tuam
2497 2939 2513 2986 ;
2554 2921 2710 2990 cujus
2731 2921 3199 2976 substructionem
3225 2939 3387 2990 supra
3423 2921 3558 2975 soli-

1979 3016 2103 3071 dam
2144 3025 2354 3083 petram
2391 3012 2697 3077 collocasti,
2723 3012 2916 3068 dicens
2945 3033 2958 3068 :
3001 3031 3018 3064 ι
3049 3015 3228 3068 Portze
3257 3011 3416 3068 inferi
3446 3027 3560 3067 non

1980 3106 2356 3176 praevalebunt
2413 3105 2679 3159 adversus
2725 3120 2844 3158 eam
2879 3105 2945 3159 ⁸⁸.
2989 3124 3007 3156 ι
3042 3105 3275 3169 Exaudi,
3307 3105 3559 3166 Domine,

304 3203 333 3255 ό
357 3201 490 3263 Θεὸς
519 3199 691 3253 αὐτῶν
717 3215 764 3264 ς)
802 3197 953 3267 Μηδὲ
986 3197 1072 3250 διὰ
1099 3197 1196 3258 τὰς
1218 3192 1445 3263 ἀνομίας
1468 3191 1625 3262 ἡμῶν
1651 3189 1881 3258 βλασφη-

1985 3197 2292 3252 orationem
2327 3210 2611 3251 servorum
2669 3204 2929 3260 tuorum;
2985 3211 3260 3265 auresque
3306 3204 3427 3250 tuas
3472 3212 3564 3250 ac-

310 3293 457 3364 μηθῇ
483 3291 544 3344 τὸ
562 3291 732 3360 δνομά
753 3307 848 3342 σου
875 3291 932 3342 ὲν
956 3291 1068 3352 τοῖς
1092 3287 1319 3346 ἔθνεσιν,
1353 3287 1465 3347 τοῖς
1489 3284 1562 3353 μὴ
1582 3281 1778 3335 εἰδόσιν
1800 3296 1877 3332 σε.

306 3385 430 3446 Σοὶ,
485 3382 677 3453 Κυρίῳ
721 3381 797 3450 τῷ
839 3379 956 3450 Θεῷ
997 3379 1174 3450 ἡμῶν,
1209 3379 1243 3446 ἡ
1275 3375 1588 3443 δικαιοσύνη
1613 3414 1628 3437 ,
1669 3373 1801 3441 ἡμῖν
1827 3370 1886 3422 δὲ

309 3480 342 3548 ἡ
372 3475 603 3546 αἰσχύνη
634 3475 742 3528 τῶν
772 3472 1080 3543 προσώπων
1111 3470 1217 3532 ἕως
1245 3469 1341 3521 τοῦ
1369 3467 1490 3520 νῦνο
1527 3467 1609 3518 ὅτι
1635 3464 1740 3527 ἓως
1765 3461 1888 3514 τού-

309 3587 417 3623 των
449 3569 550 3622 οὐκ
581 3566 996 3635 ὲνετράπημεν,
1023 3562 1158 3615 διότι
1196 3557 1660 3631 σχληροτρὰχηλοί
1687 3558 1884 3626 ἐσμεν·

317 3681 336 3714 ι
388 3663 448 3716 Ei
492 3659 712 3726 ἀλλάξει
754 3657 966 3720 Δίθίωψ
1009 3655 1070 3708 τὸ
1114 3653 1290 3723 δέρμα
1331 3649 1560 3711 αὑτοῦ.»
1601 3647 1696 3702 καὶ
1727 3649 1888 3717 ἡμεῖς

314 3757 412 3826 τὴν
459 3753 727 3821 κακίστην
777 3747 1102 3819 προαίρεσιν
1151 3743 1331 3815 ἡμῶν.
1393 3742 1580 3794 Πάντα
1629 3740 1696 3792 τὰ
1742 3738 1891 3791 κακὰ

315 3847 491 3901 ταῦτα
540 3841 703 3914 ἦλθεν
747 3841 831 3912 ἐφ’
863 3840 1045 3910 ἡμᾶς,
1093 3837 1188 3889 καὶ
1231 3835 1332 3887 οὐκ
1376 3832 1760 3903 ὲνετράπημεν
1791 3827 1887 3881 τοῦ

322 3937 692 4006 μετανοῆσαι,
748 3931 884 3984 ἀλλὰ
917 3930 1013 3983 καὶ
1049 3926 1474 3998 προσεθήκαμεν
1501 3922 1776 3991 ἁμαρτίας
1805 3919 1891 3989 ἐφ’

317 4027 590 4098 ἁμαρτίας
618 4024 799 4095 ἡμῶν,
836 4023 957 4075 οὐδὲ
991 4019 1294 4091 ἐδεήθημεν
1326 4015 1421 4068 τοῦ
1448 4013 1740 4086 προσώπου
1773 4029 1891 4076 σου,

322 4123 518 4190 Κύριε,
546 4117 642 4171 τοῦ
673 4115 982 4183 ἀποστῆναι
1011 4113 1120 4166 τῶν
1146 4109 1522 4179 διανοημάτων
1544 4107 1643 4176 τῆς
1666 4104 1894 4175 καρδίας

320 4212 479 4284 ἡμῶν
527 4209 629 4278 τῆς
672 4207 952 4275 πονηρᾶς’
1008 4203 1103 4256 καὶ
1150 4201 1551 4271 ὲγρηγόρησας,
1581 4195 1775 4265 Κύριε,
1801 4195 1895 4248 ἐπὶ

321 4309 434 4368 τοῖς
472 4305 664 4364 κακοῖς
704 4299 892 4368 ἡμῶν,
943 4298 1039 4350 καὶ
1069 4295 1351 4363 ἐπήγαγες
1382 4291 1468 4360 ἐφ’
1496 4291 1642 4360 ἡμᾶς
1673 4289 1770 4358 τὴν
1796 4286 1895 4358 ῥά·

325 4400 449 4452 ϐδον
474 4395 568 4450 τοῦ
594 4393 768 4463 θυμοῦ
799 4408 891 4444 σου
908 4430 924 4456 ,
960 4391 1040 4444 ὅτι
1066 4388 1274 4449 δίκαιος
1297 4381 1368 4451 εἷ,
1394 4383 1591 4454 Κύριε,
1621 4385 1676 4434 ὲν
1705 4383 1895 4444 πᾶσιν,

325 4493 408 4544 ὃτι
461 4488 562 4542 οὐκ
611 4483 931 4553 ἠκούσαμεν
989 4481 1087 4548 τῆς
1139 4478 1324 4546 φωνῆς
1371 4491 1503 4540 σου,
1569 4470 1898 4542 πορεύεσθαι

328 4585 385 4637 ὲν
409 4585 530 4642 ταῖς
557 4577 800 4639 ἐντολαῖς
827 4591 942 4627 σου.
980 4570 1143 4625 Ἀλλὰ
1168 4569 1284 4631 νῦν,
1308 4568 1501 4637 Κύριε,
1520 4567 1548 4619 ὁ
1569 4565 1699 4628 Θεὸς
1721 4566 1753 4635 ἡ
1763 4564 1898 4634 μῶν,

325 4674 386 4738 ὃς
428 4671 611 4742 ὲρύσω
657 4669 724 4722 ἐκ
766 4666 869 4734 τῆς
911 4663 1124 4732 πλάνης
1156 4661 1266 4714 τῶν
1296 4659 1531 4712 εἰδώλων
1569 4660 1627 4711 ὲν
1657 4656 1905 4727 σημείοις

330 4767 427 4820 καὶ
449 4763 698 4833 τέρασιν,
729 4759 826 4814 καὶ
851 4757 1116 4826 ἐποίησας
1141 4752 1318 4823 ἑαυτῷ
1341 4752 1511 4822 ὄνομα
1538 4749 1644 4813 ἓως
1667 4749 1760 4803 τοῦ
1783 4747 1901 4813 νῦν,

331 4856 604 4916 κόπασοιν,
646 4855 855 4923 Κύριε·
911 4849 996 4903 ὅτι
1042 4845 1469 4916 κατελήφθημεν
1501 4843 1768 4911 ὀλιγοστυὶ
1810 4841 1905 4894 ἐπὶ

331 4947 434 5013 γῆς
454 4985 470 5009 .
521 4942 615 4996 καὶ
660 4938 999 5009 ἐγενήθημεν
1031 4936 1106 5000 ὡς
1135 4934 1437 5005 ἀκάθαρτοι
1490 4933 1688 4995 πάντες
1715 4932 1901 5000 ἡμεῖς.

342 5037 432 5098 Ὠς
469 5036 579 5104 γὰρ
626 5033 790 5102 ῥάκος
818 5029 1244 5098 ἀποκαθημένης
1289 5029 1322 5097 ὴ
1367 5023 1680 5094 δικαιοσύνη
1727 5022 1906 5092 ἡμῶν,

333 5125 428 5178 καὶ
461 5120 804 5193 ὲξερῤύημεν
849 5119 926 5182 ὡς
966 5118 1144 5188 φύλλα
1189 5116 1278 5170 διὰ
1306 5116 1402 5177 τὰς
1425 5113 1702 5184 ἁμαρτίας
1726 5112 1906 5182 ἡμῶν.

336 5219 446 5271 Καὶ
475 5215 593 5280 νῦν,
624 5213 823 5286 Κύριε,
855 5213 1046 5283 Πατὴρ
1067 5210 1224 5282 ἡμῶν
1258 5210 1322 5263 σὺ
1347 5204 1420 5273 εἷ,
1448 5209 1611 5277 ἡμεῖς
1633 5206 1690 5259 δὲ
1711 5204 1907 5275 πηλὸς,

339 5309 474 5378 ἔργα
501 5305 700 5376 χειρῶν
740 5321 832 5357 σου
863 5303 1095 5365 πάντεςο
1149 5302 1225 5372 μὴ
1265 5299 1482 5373 ὀργίζου
1512 5299 1644 5369 ἡμῖν
1680 5297 1908 5367 σφόδρα,

339 5401 431 5454 καὶ
467 5400 540 5470 μὴ
570 5401 628 5452 ὲν
653 5397 834 5470 καιρῷ
868 5396 1114 5468 μνησθῇς
1142 5394 1427 5466 ἁμαρτιῶν
1449 5391 1627 5463 ἡμῶν,
1653 5390 1767 5444 ἀλλ’
1789 5390 1910 5444 ἐπί-

292 5544 297 5549 .
341 5491 556 5561 ϐλεψον,
589 5490 784 5561 Κύριε,
821 5491 903 5543 ὅτι
930 5489 1059 5552 λαός
1084 5505 1177 5540 σου
1208 5488 1409 5549 πάντες
1439 5485 1624 5554 ἡμεῖς.
1662 5482 1727 5535 Ἢ
1757 5482 1912 5546 πόλις

341 5583 434 5638 τοῦ
483 5584 640 5652 ἀγίου
687 5599 781 5635 σου
824 5582 1060 5651 ἐγενηθη
1106 5579 1340 5650 ἔρημος,
1394 5576 1492 5630 καὶ
1535 5577 1569 5645 ἠ
1610 5572 1736 5638 δόξα
1775 5572 1913 5627 Σιὼν

343 5675 578 5748 ἐγενήθη
627 5675 1000 5748 πυρίκαυστος
1020 5714 1035 5741 ,
1089 5672 1184 5727 καί
1203 5689 1210 5693 ’
1229 5671 1406 5726 πάντα
1440 5668 1511 5722 τὰ
1539 5667 1724 5735 ἔνδοξα
1752 5669 1915 5738 ἡμῶν

1983 3290 2274 3345 commoda
2314 3287 2517 3343 nostris
2559 3286 3068 3354 deprecationibus.
3113 3288 3332 3341 lllustra
3366 3286 3564 3341 faciem

1987 3390 2134 3436 tuam
2170 3397 2339 3451 super
2377 3383 2754 3437 sanctuarium
2801 3391 3000 3443 tuum;
3036 3395 3214 3449 neque
3243 3379 3391 3434 enim
3427 3378 3568 3432 fidu-

1986 3476 2070 3531 cia
2122 3476 2343 3530 subnixi
2384 3475 2842 3545 iustificationum
2907 3481 3262 3536 nostrarum,
3321 3481 3566 3526 nostram

1993 3569 2137 3623 hanc
2178 3568 2639 3637 supplicationem
2672 3578 2779 3624 tute
2807 3566 3076 3637 majestati
3109 3565 3395 3620 oderimus
3421 3565 3566 3634 (nam

1988 3679 2095 3732 qua
2126 3662 2305 3716 fronte
2338 3662 2388 3716 id
2428 3663 2634 3725 ausint,
2676 3661 2773 3731 qui
2809 3670 2860 3716 te
2889 3659 3211 3730 quotidiana
3250 3657 3568 3712 accessione

1988 3765 2338 3826 peccatorum
2369 3755 2702 3810 exacerbant
2720 3753 2762 3823 ?)
2810 3753 2987 3822 magis
3019 3767 3154 3806 vero
3185 3750 3288 3805 sub
3315 3749 3569 3804 umbram

1989 3856 2208 3901 tuarum
2264 3847 2617 3918 confugimus
2688 3844 3132 3900 miserationum.
3191 3841 3374 3897 Multae
3421 3839 3570 3895 enim

1991 3949 2138 4003 sunt,
2159 3939 2653 4003 Domine,exaudi;
2681 3947 2822 3999 esto,
2848 3938 3096 3997 Domine.
3123 3934 3431 4006 placabilis,
3464 3933 3571 3987 Do-

1992 4032 2139 4087 mine
2170 4030 2395 4085 attende
2434 4046 2446 4080 :
2482 4045 2647 4099 parce
2679 4027 2841 4091 mihi,
2874 4026 3104 4082 Domine
3127 4065 3142 4091 ,
3185 4024 3395 4095 populo
3433 4031 3527 4077 tuo
3557 4036 3570 4074 :

1999 4143 2017 4174 ι
2053 4123 2122 4178 Et
2164 4138 2235 4177 ne
2274 4121 2372 4176 des
2404 4119 2784 4175 hmreditatem
2819 4127 2964 4172 tuam
2999 4118 3053 4171 in
3099 4115 3483 4185 opprobrium,
3513 4121 3576 4167 ut

1995 4211 2349 4267 dominentur
2390 4210 2440 4264 ei
2491 4218 2700 4280 gentes,
2728 4223 2797 4264 ne
2825 4206 3046 4277 quando
3089 4206 3277 4260 dicant
3307 4221 3321 4257 :
3357 4202 3461 4259 Ubi
3493 4210 3577 4257 est

1995 4305 2142 4360 Deus
2175 4319 2368 4358 eorum
2407 4301 2502 4356 8"2?
2547 4323 2564 4354 ι
2615 4303 2806 4370 Neque
2835 4310 3063 4372 propter
3115 4297 3436 4369 iniquitates
3478 4311 3580 4349 no-

2000 4405 2145 4450 stras
2187 4410 2429 4463 unquam
2477 4392 2804 4464 permiseris
2832 4400 2891 4446 ut
2917 4407 3119 4446 nomen
3147 4399 3300 4444 tuum
3329 4396 3578 4442 sanctum

2003 4483 2416 4552 blasphemetur
2466 4482 2521 4535 in
2551 4481 2830 4552 gentibus,
2875 4495 2997 4549 quae
3039 4486 3092 4534 te
3130 4493 3238 4532 non
3281 4481 3577 4529 noverunt.

2006 4575 2129 4630 Tibi
2163 4574 2394 4629 Domino
2443 4574 2558 4628 Deo
2596 4581 2794 4628 nostro
2848 4571 3066 4642 justitia
3099 4611 3113 4635 ,
3175 4568 3338 4624 nobis
3396 4576 3579 4620 autem

2006 4665 2260 4721 confusio
2281 4665 2492 4727 vultus,
2513 4681 2686 4733 usque
2709 4665 2761 4718 in
2793 4679 3056 4734 praesens.
3081 4663 3199 4718 Huc
3228 4662 3374 4716 enim
3409 4671 3582 4730 usque

2005 4756 2352 4827 negleximus
2379 4755 2446 4810 ad
2483 4764 2535 4810 te
2559 4755 2840 4820 converti;
2876 4755 3093 4810 callosae
3131 4753 3268 4808 adeo
3296 4769 3487 4807 sumus
3521 4766 3584 4806 ac

2004 4846 2274 4917 praedurat
2321 4846 2576 4901 cervicis.
2636 4865 2654 4897 ι
2701 4845 2758 4901 Si
2806 4847 3042 4900 mutabit
3087 4845 3342 4916 ,‘Ethiops
3386 4846 3583 4914 pellem

2008 4952 2166 4991 suam
2193 4937 2280 5002 ’°;
2325 4955 2342 4988 ι
2377 4944 2434 4991 et
2461 4951 2564 4991 nos
2597 4937 2724 4992 vita:
2757 4937 3028 4993 hactenus
3053 4937 3293 5006 pessime
3326 4937 3586 4991 instituta:

2013 5028 2357 5098 propositum
2392 5027 2832 5083 immutabimus.
2868 5029 3034 5084 Plane
3080 5028 3223 5082 mala
3257 5029 3372 5082 haec
3402 5027 3586 5081 omnia

2013 5119 2070 5174 in
2103 5135 2206 5174 nos
2246 5128 2540 5190 propterea
2573 5120 2891 5174 reciderunt
2930 5163 2945 5184 ,
2976 5135 3160 5190 neque
3201 5120 3280 5174 sic
3319 5119 3384 5173 ad
3413 5118 3589 5188 pce-ni-

2015 5211 2200 5266 tentia;
2224 5219 2444 5281 portum
2471 5227 2572 5268 nos
2597 5213 2910 5282 recepimus
2939 5223 3034 5267 aut
3064 5213 3397 5283 resipuimus
3428 5229 3441 5265 :
3477 5227 3590 5265 ma-

2015 5303 2099 5374 gis
2135 5317 2268 5357 vero
2296 5302 2580 5373 prioribus
2607 5304 2851 5374 peccatis
2879 5314 3103 5373 peccata
3139 5304 3470 5373 adjecimus.
3509 5302 3589 5357 Ne

2017 5397 2099 5451 sic
2133 5394 2378 5464 quidem,
2409 5395 2662 5460 Domine,
2710 5396 3027 5466 rogavimus
3079 5396 3276 5451 faciem
3315 5405 3486 5460 tuam,
3531 5401 3592 5448 ut

2017 5488 2105 5543 vel
2148 5503 2272 5541 sero
2321 5503 2581 5542 avocares
2624 5503 2726 5543 nos
2753 5505 2783 5542 a
2814 5489 3243 5560 cogitationibus
3271 5488 3458 5544 cordis
3489 5503 3590 5542 no-

2019 5577 2118 5634 stri
2151 5576 2396 5646 pessimi.
2428 5578 2709 5648 Evigilasti
2738 5579 2978 5642 tandem,
3007 5579 3260 5645 Domine,
3301 5594 3592 5648 cxsperre-

2021 5678 2144 5725 ctus
2177 5684 2346 5740 super
2383 5667 2604 5742 ﬂagitiis
2632 5672 2876 5740 nostris;
2913 5679 2976 5727 et-
3003 5686 3170 5744 super
3197 5686 3299 5726 nos
3329 5669 3594 5726 iuduxisti

425 5856 472 5886 ⁸⁸
503 5853 669 5911 Matth
722 5869 830 5919 rm,
857 5852 940 5908 l8.
1016 5850 1062 5886 ⁸⁹
1091 5851 1228 5910 Joel.
1261 5866 1320 5917 tl,
1351 5853 1432 5908 l7.
1507 5854 1552 5886 ’°
1583 5852 1786 5909 Jcrcm.
1817 5867 1933 5914 xm,
1965 5853 2058 5908 ‘25.
