4040 6508
569 352 709 423 1855

1521 352 1885 418 ANTIOCHI
1924 352 2273 415 MONACHI
2329 348 2942 415 EXOMOLOGESIS.

3671 358 3776 422 133:6

568 477 778 545 virgam
809 469 1017 527 furoris
1047 468 1166 537 tui;
1198 468 1473 540 siquidem
1495 468 1682 540 justus
1707 482 1789 532 es,
1809 466 2060 534 Domine,
2091 468 2147 523 in

2254 466 2592 533 συνέπεσεν,
2642 467 2739 521 καὶ
2784 468 2878 519 ἐπὶ
2909 467 3075 520 πᾶσιν
3100 464 3319 530 τούτοις
3346 466 3587 537 ἀνέσχον,
3618 469 3774 541 Κύριε,

567 565 829 623 omnibus
862 582 876 618 :
903 579 1015 619 non
1044 562 1195 618 enim
1219 559 1612 617 exaudivimus
1646 574 1839 614 vocem
1866 567 2047 625 tuam,
2087 569 2150 616 ut

567 672 670 731 per
711 658 856 712 viam
887 654 1271 710 mandatorum
1310 664 1536 709 tuorum
1573 651 2013 723 ingrederentur.
2041 651 2149 707 Sed

568 760 628 806 et
664 765 832 811 nunc,
870 748 1123 814 Domine,
1143 749 1292 802 Deus
1321 754 1533 810 noster,
1556 742 1772 813 1250
1795 742 2151 815 quandoqui-

569 845 695 901 dem
726 845 782 899 in
809 844 981 914 signis
1011 853 1069 898 et
1102 842 1374 913 portentis
1401 842 1471 897 ab
1499 842 1692 897 insano
1732 854 1928 895 errore
1970 837 2149 892 idolo-

569 937 742 990 latrnae
790 934 1117 989 submovisti
1162 949 1287 999 nos,
1326 933 1620 1002 fecistique
1663 932 1762 986 tibi
1794 931 1897 1002 ipsi
1947 943 2146 984 nomen

570 1045 742 1098 usque
771 1029 829 1082 in
854 1043 1096 1098 przesens
1130 1045 1143 1080 :
1185 1026 1434 1096 quiesce,
1466 1026 1723 1091 obsecro,
1754 1023 2003 1079 Domine.
2043 1022 2151 1077 lm-

552 1120 769 1175 rminuti
802 1120 949 1174 enim
978 1134 1172 1173 sumus
1198 1134 1367 1188 super
1409 1126 1633 1183 terram,
1666 1126 1724 1171 et
1755 1126 2013 1185 tanquam
2048 1114 2151 1168 im-

566 1212 761 1266 mundi
791 1226 983 1266 omnes
1018 1226 1119 1266 nos
1159 1210 1363 1266 affecti.
1393 1208 1561 1276 Quasi
1592 1210 1739 1264 enim
1774 1223 1991 1278 pannus
2021 1222 2146 1261 mu-

566 1304 721 1359 lieris
752 1312 1041 1359 menstruo
1090 1305 1361 1375 sanguine
1391 1303 1614 1358 ﬂuentis
1648 1302 1868 1373 justitia
1915 1310 2144 1356 nostra:

567 1396 731 1467 inque
756 1412 966 1452 morem
995 1396 1454 1451 marcescentium
1487 1395 1746 1450 foliorum
1781 1394 1887 1463 ipsi
1916 1392 2148 1448 deﬂuxi-

566 1505 689 1544 mus
712 1499 938 1559 pr0pter
979 1489 1304 1559 iniquitates
1336 1497 1554 1543 nostras
1584 1508 1596 1542 :
1624 1504 1735 1542 non
1766 1488 1921 1543 enim
1953 1502 2149 1558 super-

565 1590 671 1647 est,
703 1583 797 1651 qui
833 1582 1057 1637 invocet
1096 1597 1301 1636 nomen
1360 1590 1537 1636 tuum.
1594 1580 1736 1636 Sane
1782 1596 1950 1651 quam
1997 1581 2146 1652 juste

565 1675 816 1729 avertisti
864 1691 895 1729 a
936 1674 1099 1729 nobis
1131 1674 1327 1728 faciem
1360 1682 1529 1729 tuam.
1575 1675 1644 1729 Et
1687 1690 1859 1741 nunc,
1888 1675 2145 1740 Domine,

567 1768 728 1822 Pater
773 1776 963 1823 noster
1014 1777 1072 1822 tu
1119 1782 1219 1821 es:
1250 1782 1353 1821 nos
1380 1774 1561 1821 autem
1602 1766 1804 1831 lutum,
1835 1782 2001 1836 opera
2033 1782 2148 1820 ma-

566 1876 737 1914 nuum
770 1869 991 1913 tuarum
1036 1874 1158 1912 nos.
1201 1858 1279 1912 Ne
1309 1857 1566 1911 irascaris
1601 1856 1765 1911 nobis
1792 1858 1973 1922 valde,
2005 1873 2144 1912 neve

568 1953 623 2006 in
678 1963 923 2021 tempore
986 1951 1304 2005 memineris
1368 1958 1721 2020 peccatorum
1774 1959 2144 2005 nostrorum:

566 2042 702 2113 quin
728 2043 911 2111 potius
927 2042 1341 2106 vide,Domine,
1367 2042 1495 2110 quia
1523 2042 1761 2112 populus
1797 2051 1925 2096 tuus
1952 2057 2147 2097 omnes

568 2152 689 2190 nos.
716 2135 926 2190 Civitas
955 2135 1134 2191 sancti
1186 2134 1377 2205 templi
1428 2134 1506 2189 tui
1557 2134 1612 2188 in
1658 2134 2016 2189 solitudinem
2061 2150 2149 2189 re-

567 2227 726 2281 dacta
780 2235 885 2292 est,
921 2234 977 2280 et
1028 2227 1202 2296 gloria
1261 2228 1392 2282 Sion
1445 2226 1705 2282 incendio
1750 2226 2144 2298 conﬂagravit,

567 2316 840 2386 simulque
871 2323 1229 2369 monumenta
1260 2316 1449 2385 gloria:
1489 2326 1692 2370 nostra:
1722 2317 1979 2370 universa
2011 2332 2147 2371 con-

568 2409 846 2465 ciderunt.
880 2407 964 2462 Ad
1009 2408 1127 2462 haec
1166 2407 1334 2461 etiam
1375 2408 1563 2461 omnia
1606 2406 1825 2460 allisisti
1878 2422 2001 2470 nos,
2038 2407 2148 2461 Do-

568 2500 739 2567 mine,
763 2499 961 2561 valide,
980 2509 1037 2554 et
1060 2498 1363 2553 bumiliasti
1391 2497 1767 2552 vehementer.
1782 2498 1973 2568 Neque
1998 2500 2147 2553 enim

568 2594 713 2647 viam
746 2591 1009 2646 inivimus
1032 2591 1155 2645 vitae
1187 2590 1457 2657 melioris,
1496 2590 1664 2661 magis
1696 2599 1880 2644 autem
1911 2606 2009 2661 per
2038 2592 2150 2646 cal-

568 2685 650 2739 les
688 2685 922 2751 devios,
980 2700 1180 2754 nempe
1220 2692 1344 2754 post
1398 2692 1623 2753 peccata
1672 2692 1882 2739 nostra.
1934 2685 2146 2751 Parce,

569 2779 821 2844 Domine,
846 2779 1050 2849 populo
1083 2787 1177 2833 tuo
1209 2790 1264 2833 et
1300 2778 1610 2833 hazreditati
1634 2787 1762 2844 tuae,
1795 2794 2005 2848 proque
2032 2780 2150 2850 glo-

569 2878 650 2931 ria
712 2875 954 2930 nominis
992 2875 1072 2929 tui
1114 2890 1249 2929 erue
1306 2890 1408 2929 nos
1464 2874 1533 2929 de
1582 2890 1746 2928 manu
1798 2873 2147 2928 inimicorum

569 2974 917 3030 nostrorum,
959 2975 1021 3019 ut
1065 2965 1286 3019 noverit
1315 2973 1464 3019 terra
1492 2965 1693 3030 omnis,
1714 2965 1843 3033 quia
1874 2972 1930 3018 tu
1961 2966 2149 3019 Domi-

569 3072 675 3110 nus
705 3055 849 3111 Deus
884 3063 1076 3109 noster
1118 3054 1175 3109 in
1217 3055 1363 3110 bello
1395 3064 1616 3135 potens,
1667 3064 1723 3109 et
1764 3056 2149 3111 miserationes

2252 560 2350 613 καὶ
2376 559 2755 624 ὲταπείνωσας
2780 560 2929 630 ἡμᾶς
2957 559 3188 631 σφόδρα,
3218 560 3303 613 ὅτι
3330 560 3427 613 οὐκ
3448 561 3775 635 ἐπορεύθημεν

2251 652 2311 706 ὲν
2354 651 2459 723 ὀδῷ
2502 652 2726 723 ἀγαθῇ,
2787 651 2906 706 ἀλλ’
2940 651 3118 704 όπίσω
3165 651 3279 705 τῶν
3319 652 3595 724 ἁμαρτιῶν
3621 656 3773 725 ἡμῶν

2249 744 2389 799 ἀλλὰ
2418 747 2625 813 φεῖσαι,
2659 744 2834 815 Κύριε
2854 783 2870 809 ,
2921 743 3018 798 τοῦ
3060 742 3193 797 λαοῦ
3237 760 3354 809 σου,
3385 745 3478 799 καὶ
3505 746 3597 816 τῆς
3621 747 3777 820 nam.

2249 835 2444 906 νομίας
2476 851 2569 889 σου
2590 876 2607 903 ,
2660 836 2754 889 καὶ
2788 834 2975 903 ἐξελοῦ
3002 836 3152 905 ἡμᾶς
3182 837 3248 888 ὲκ
3273 836 3454 906 χειρὸς
3483 836 3585 890 τῶν
3608 838 3778 912 ἐχθρῶν

2249 928 2428 999 ἡμῶν,
2463 928 2651 982 ἕνεκεν
2683 926 2779 981 τοῦ
2809 928 3077 998 ὀνόματός
3106 945 3224 995 σου,
3261 928 3351 981 ῖνα
3379 928 3492 1000 γνῷ
3519 931 3654 984 πᾶσα
3674 935 3701 1003 ὴ
3723 935 3777 1006 γῆ

2248 1021 2333 1076 ὅτι
2381 1022 2479 1085 σὺ,
2522 1020 2731 1093 Κύριε,
2776 1021 2805 1073 ὁ
2848 1019 2982 1084 Θεὸς
3019 1020 3200 1092 ἡμῶν,
3236 1019 3461 1084 δυνατὸς
3493 1022 3551 1075 έν
3577 1023 3775 1094 πολέμῳ,

2249 1114 2347 1168 καὶ
2392 1114 2445 1166 οἰ
2485 1111 2766 1183 οἰκτιρμοί
2809 1129 2903 1165 σου
2946 1114 3028 1175 εἰς
3056 1112 3255 1181 γενεὰν
3280 1111 3373 1165 καί
3399 1111 3586 1181 γενεὰν
3607 1113 3779 1183 λαμϐά-

2249 1225 2433 1264 νουσιν
2479 1210 2567 1273 εἰς
2598 1208 2725 1263 λαὸν
2769 1207 3224 1279 ἀπεγνωσμένον.
3263 1206 3424 1260 Ἀλλὰ
3450 1208 3502 1260 τί
3524 1209 3778 1279 προσευξόο

2251 1305 2394 1378 μεθα
2437 1306 2603 1375 ἡμεῖς
2649 1305 2701 1358 οἰ
2741 1303 3081 1375 ἁμαρτωλοὶ,
3113 1303 3159 1356 ὣ
3182 1302 3430 1356 Δέσποτα
3452 1302 3778 1375 φιλανθρωπε,

2248 1397 2371 1453 καθ’
2398 1396 2427 1450 ὃ
2457 1397 2537 1450 δεῖ
2584 1396 2686 1451 οὐκ
2713 1397 2939 1467 οἴδαμεν
2958 1434 2973 1461 ,
3010 1396 3080 1467 γῆ
3115 1396 3211 1448 καὶ
3243 1395 3437 1457 σποδὸς
3467 1394 3778 1467 ὑπάρχοντες.

2251 1491 2491 1561 Ἐχομεν
2536 1489 2593 1543 δὲ
2647 1489 3010 1560 Παράκ).ητον
3062 1488 3206 1559 ὑπὲρ
3239 1489 3397 1560 ήμῶν
3431 1490 3562 1558 πρὸς
3592 1488 3676 1560 τὴν
3704 1489 3781 1561 σήν

2246 1580 2562 1653 ἁγαθότητα
2591 1580 2684 1635 τὸν
2708 1581 2979 1652 ἀχραντόν
3013 1599 3108 1635 σου
3138 1581 3317 1649 λόγον,
3348 1580 3410 1633 ὃν
3437 1579 3523 1633 διὰ
3545 1580 3781 1651 σπλάγχνα

2247 1673 2434 1738 ἐλέους
2467 1689 2563 1727 σου
2602 1672 2935 1737 ἀπέστειλας
2967 1672 3414 1728 ἀνακαλέσασθαι
3440 1672 3504 1726 τὺ
3534 1672 3652 1726 τδιον
3673 1674 3782 1727 alii.

2248 1779 2385 1832 σμα,
2416 1763 2508 1817 τὸν
2535 1763 2916 1834 σαρκωθέντα,
2941 1765 3038 1818 καὶ
3068 1763 3457 1832 σταυρωθέντα
3485 1762 3618 1834 ὑπὲρ
3636 1765 3780 1834 ἡμῶν.

2246 1855 2418 1919 Αὐτὸς
2447 1854 2736 1925 ἐξαλείψας
2765 1855 2827 1909 τὸ
2854 1856 2977 1909 καθ’
3004 1855 3161 1925 ἡμῶν
3188 1856 3574 1926 χειρόγραφον,
3599 1856 3782 1925 ἱλασμός

2247 1950 2471 2019 γέγονεν
2496 1949 2604 2003 τῶν
2621 1949 2909 2018 ἁμαρτιῶν
2931 1949 3111 2019 ἡμῶν.
3127 1950 3239 2003 Καὶ
3252 1949 3311 2002 τὺ
3325 1949 3549 2019 Πνεῦμα
3568 1950 3622 2003 δέ
3644 1967 3723 2003 σου
3738 1952 3783 2005 τὺ

2247 2042 2405 2111 ἅγιον
2431 2045 2525 2096 καὶ
2566 2044 2699 2097 αὐτὸ
2736 2042 3058 2112 ἐντυγχάνει
3083 2043 3221 2114 ὑπὲρ
3242 2042 3421 2113 ἡμῶν,
3446 2043 3509 2096 οὐ
3544 2043 3781 2106 δουλικῶς,

2248 2136 2387 2189 ἀλλὰ
2421 2136 2746 2207 θεοπρεπῶς
2766 2178 2783 2203 ,
2840 2138 2935 2191 καὶ
2974 2136 3376 2208 φιλανθρώπως
3405 2137 3689 2207 κηδόμενον
3711 2139 3783 2190 τοῦ

2252 2228 2385 2282 ἰδίου
2430 2228 2753 2297 πλάσματός
2797 2243 2916 2281 σου.
2974 2227 3296 2299 Μνήσθητι,
3339 2222 3385 2281 ὦ
3421 2229 3679 2293 Δέσποτα,
3706 2228 3784 2298 τῆς

2247 2321 2520 2392 τοσαύτης
2548 2336 2644 2374 σου
2669 2322 2798 2393 περί
2816 2323 2965 2392 ἡμᾶς
2988 2322 3349 2392 ἁγαθότητος,
3369 2320 3573 2375 καὶτοῦ
3588 2323 3782 2393 σταυροῦ

2248 2414 2344 2470 τοῦ
2399 2414 2725 2487 μονογενοῦς
2771 2433 2869 2469 σου
2910 2415 3082 2481 Υἰοῦ,
3148 2416 3239 2470 καὶ
3287 2415 3643 2487 κατάπεμψον
3681 2418 3785 2486 ἡμῖν

2248 2511 2377 2573 τοὺς
2407 2508 2729 2579 ώκτιρμούς
2756 2524 2852 2562 σου
2884 2499 2981 2563 καὶ
3008 2506 3111 2581 τὴν
3134 2508 3298 2581 χάριν
3319 2550 3334 2575 ,
3370 2511 3469 2563 καὶ
3499 2508 3594 2573 τὴν
3614 2510 3784 2580 δωρεὰν

2248 2602 2344 2656 τοῦ
2380 2603 2538 2671 ἁγίου
2567 2620 2665 2656 σου
2689 2584 3036 2673 Πνεῦματος,
3072 2602 3159 2656 ἵνα
3185 2604 3253 2673 τῇ
3286 2602 3474 2675 ἀγαθῃ
3498 2601 3652 2656 αὐτοῦ
3675 2620 3785 2673 παρ-

2249 2697 2410 2766 ουσία
2433 2695 2681 2766 όόηγήσῃ
2706 2697 2854 2767 ἡμᾶς
2882 2696 2964 2759 εἰς
2986 2694 3050 2748 τὸ
3074 2694 3142 2747 τὰ
3164 2695 3445 2766 εὐάρεστά
3469 2712 3548 2750 σοι
3568 2695 3787 2767 διαπράτ-

2248 2789 2471 2853 τεσθαι,
2525 2787 2624 2841 καὶ
2672 2789 2860 2858 τυχεῖν
2904 2787 3006 2857 τῆς
3046 2785 3271 2841 αἰωνίου
3312 2787 3482 2859 ζωῆς.
3518 2788 3695 2859 Ἡμεῖς,
3716 2786 3785 2843 οὖν

2249 2881 2300 2933 οἰ
2344 2879 2587 2944 ἀνάξιοι,
2631 2879 2910 2942 Δέσποτα,
2960 2879 3294 2952 θαρροῦντες
3328 2879 3590 2952 αἰτοῦμεν
3620 2882 3696 2935 διὰ
3717 2882 3785 2935 τὸν

2251 2969 2476 3023 εἰπόντα
2521 2969 2751 3039 ἄχρονον
2791 2968 2925 3021 Yle
2974 2970 3071 3022 καὶ
3118 2970 3293 3038 Λόγον
3336 2971 3435 3025 σοῦ
3488 2971 3578 3024 τοῦ
3615 2973 3786 3040 Πατρὺς

2250 3060 2344 3113 τὸν
2380 3059 2590 3130 Κύριον
2629 3059 2788 3131 ἡμῶν
2825 3059 3036 3130 Ἰησοῦν
3074 3061 3345 3133 Χριστόνο
3409 3081 3429 3115 ι
3467 3064 3686 3131 Αἰτεῖτε,
3716 3063 3786 3117 ul

570 3160 678 3204 tua:
707 3149 761 3203 in
796 3151 1212 3219 generationem
1243 3158 1299 3202 et
1335 3148 1750 3219 generationem
1786 3158 2146 3217 perseverant

2249 3150 2535 3223 δοθήσεται
2579 3152 2745 3221 ὑμῖν·
2799 3149 3053 3222 ζητεῖτε,
3104 3154 3202 3207 καὶ
3240 3155 3542 3226 εὑρήσετεο
3578 3157 3784 3228 κρούετε,

569 3256 738 3310 super
769 3242 1033 3311 populum
1071 3251 1249 3308 tuum,
1280 3240 1348 3295 de
1388 3257 1449 3295 se
1487 3241 1694 3310 alioqui
1728 3240 1911 3296 minus
1936 3257 2147 3311 praesu-

569 3342 831 3387 mentem.
866 3331 1163 3399 Caeterum,
1198 3347 1232 3386 0
1265 3332 1554 3387 hominum
1586 3340 1800 3386 amator
1832 3332 2148 3386 clementis.

567 3424 728 3488 sime,
763 3424 896 3492 quid
927 3432 979 3478 te
1020 3439 1242 3478 oremus
1281 3434 1620 3494 peccatores,
1650 3432 1746 3478 aut
1782 3438 2147 3493 apprecemur

568 3516 730 3571 nobis
753 3517 1056 3571 secundum
1082 3517 1227 3587 quod
1251 3526 1490 3587 oportet,
1524 3517 1688 3587 plane
1721 3518 2020 3583 nescimus,
2050 3519 2145 3588 qui

568 3626 762 3666 sumus
798 3620 944 3666 terra
989 3622 1045 3667 et
1094 3612 1262 3678 cinis;
1290 3612 1558 3666 habemus
1593 3621 1775 3665 tamen
1815 3612 1960 3681 apud
1995 3623 2145 3667 tuam

568 3702 993 3773 benignitatem,
1048 3704 1141 3772 qui
1183 3718 1284 3773 pro
1321 3702 1482 3757 nobis
1540 3702 1857 3771 interpellet
1898 3719 1911 3755 :
1948 3718 2146 3772 nempe

566 3791 812 3849 Verbum
850 3802 1006 3848 tuum
1037 3795 1187 3848 nulla
1234 3810 1466 3863 prorsus
1485 3793 1775 3864 aspergine
1808 3794 2018 3864 peccati
2048 3794 2147 3849 de-

566 3884 897 3951 coloratum,
932 3901 1093 3956 quem
1120 3903 1219 3957 per
1245 3895 1350 3941 tua:
1377 3890 1591 3941 viscera
1619 3885 2011 3941 misericordiae
2040 3886 2146 3940 mi-

566 3974 709 4039 sisti,
739 3991 901 4031 suum
934 3986 993 4030 ut
1022 3977 1231 4047 plasma
1275 3986 1566 4032 revocaret
1610 3976 1665 4031 in
1692 3978 1860 4032 viam.
1892 3976 2034 4031 Caro
2064 3976 2145 4032 ia-

2247 3244 2343 3295 καὶ
2384 3244 2740 3315 ἀνοιγήσεται
2783 3244 2938 3315 ὑμῖν.
2979 3246 3094 3309 Πᾶς
3129 3247 3240 3316 γὰρ
3271 3248 3301 3300 ό
3330 3247 3507 3301 αἰτῶν
3538 3249 3785 3319 λαμϐάνει,

2247 3336 2343 3390 καὶ
2363 3338 2391 3389 ὀ
2415 3336 2596 3404 ζητῶν
2618 3336 2884 3407 εὑρίσκει,
2909 3340 3005 3390 καὶ
3028 3338 3105 3409 τῷ
3128 3338 3379 3409 κρούοντι
3408 3342 3743 3409 ἀνοιγήσεται.
3768 3358 3781 3390 ι

2248 3428 2357 3481 Καὶ
2387 3426 2553 3481 πάλιν
2576 3440 2597 3458 σ
2652 3445 2673 3479 t
2702 3428 2763 3480 Εἰ
2790 3424 2884 3482 οὖν
2910 3429 3069 3498 ὑμεῖς
3096 3432 3325 3499 πονηροὶ
3366 3432 3522 3496 ὄντες
3550 3433 3706 3486 οἴδατε
3726 3432 3788 3485 δόη

2253 3537 2400 3592 ματα
2430 3518 2616 3587 ἀγαθὰ
2640 3518 2843 3572 διδόναι
2871 3523 2983 3583 τοῖς
3006 3521 3218 3585 τέκνοις
3244 3524 3421 3593 ὑμῶν,
3452 3525 3601 3594 πόσῳ
3626 3525 3787 3594 μᾶλλον

2246 3613 2275 3664 ό
2301 3609 2492 3679 Πατὴρ
2526 3606 2681 3678 ὑμῶν
2726 3609 2756 3660 ό
2786 3609 3039 3679 οὐράνιος
3072 3610 3236 3665 δώσει
3271 3613 3501 3684 Πνεῦμα
3531 3614 3673 3681 ἅγιον
3700 3616 3788 3675 τοῖς

2248 3702 2495 3757 αἰτοῦσιν
2524 3700 2719 3755 αὐτόνί
2747 3719 2766 3753 ι
2806 3702 2932 3753 Ὅτι
2968 3718 3051 3755 σοι
3087 3704 3284 3774 τρέπει
3315 3706 3472 3758 πᾶσα
3498 3704 3637 3771 δόξα,
3664 3705 3786 3775 τιμὴ.

2247 3795 2342 3849 καὶ
2372 3790 2745 3864 προσκύνησις
2772 3791 2849 3862 τῷ
2876 3794 3067 3867 Πατρὶ,
3094 3798 3187 3850 καὶ
3212 3796 3290 3868 τῷ
3316 3799 3454 3870 Υἰῷ,
3481 3801 3571 3853 καὶ
3593 3799 3663 3868 τῷ
3681 3798 3788 3867 ἁγίῳ

2249 3886 2558 3956 Πνεῦματι,
2586 3883 2684 3938 νῦν
2715 3884 2806 3938 καὶ
2831 3885 2939 3952 ἀεὶ,
2969 3887 3066 3941 καὶ
3090 3889 3171 3953 εἰς
3194 3890 3321 3954 τοὺς
3344 3892 3548 3955 αἰῶνας
3572 3893 3670 3945 τῶν
3688 3891 3786 3944 ait?»—

2248 3994 2376 4030 νων.
2417 3976 2476 4028 ’Δ
2483 3976 2614 4047 μήν.

564 4076 691 4121 ctus
728 4069 903 4123 nostri
931 4085 1095 4123 causa
1130 4086 1322 4139 passus
1352 4080 1437 4125 est
1466 4069 1621 4125 cruci
1682 4085 1741 4124 se
1812 4069 1975 4140 alligi.
2033 4070 2084 4125 is
2147 4069 2390 4125 abolevit
2425 4072 2574 4139 quod
2616 4074 2911 4129 adversum
2963 4088 3068 4128 nos
3112 4082 3253 4139 erat,
3297 4074 3710 4146 chirographum
3734 4074 3784 4139 ",

566 4171 917 4230 peccatorum
948 4171 1265 4217 nostrorum
1298 4161 1475 4217 factus
1538 4162 1855 4233 propitiatio
1885 4163 1952 4215 9’.
1985 4160 2093 4217 Sed
2123 4172 2181 4217 et
2218 4161 2483 4232 Spiritum
2548 4175 2801 4220 sanctum
2851 4176 3008 4221 tuum
3058 4166 3227 4220 totius
3272 4167 3583 4221 sanctitatis
3618 4166 3787 4219 infuso-

567 4267 685 4306 τοίη
718 4253 886 4308 misit.
931 4253 999 4306 Et
1042 4253 1132 4307 hic
1161 4269 1260 4323 pro
1292 4253 1455 4308 nobis
1498 4268 1722 4322 quoque
1755 4252 2076 4322 interpellat
2095 4253 2141 4284 "
2180 4267 2293 4307 non
2350 4252 2577 4322 quidem
2643 4258 2839 4311 servili
2880 4272 3055 4319 more,
3084 4257 3179 4311 sed
3219 4268 3387 4327 prout
3425 4267 3626 4313 tantam
3655 4259 3787 4311 adde.

568 4354 663 4401 cet
701 4348 1040 4416 maiestatem
1095 4356 1153 4402 et
1195 4354 1458 4402 consueta
1511 4347 1570 4402 in
1614 4362 1718 4402 nos
1760 4346 2138 4417 benignitate;
2177 4346 2266 4401 cui
2330 4347 2499 4402 etiam
2559 4364 2707 4403 cura:
2734 4360 2821 4405 est
2851 4360 3008 4405 tuum
3036 4351 3142 4404 hoc
3167 4352 3395 4420 plasma.
3428 4352 3568 4407 Here
3587 4354 3673 4417 mi,
3700 4368 3784 4407 tne-

565 4453 688 4492 mor
722 4446 840 4491 esto
870 4446 1032 4492 tanta:
1062 4438 1210 4493 illius
1238 4447 1345 4492 tua:
1367 4454 1495 4509 erga
1560 4454 1662 4493 nos
1731 4438 2058 4493 clementia.
2118 4438 2316 4493 Crucis
2357 4439 2663 4495 etiamnum
2702 4443 3063 4497 reminiscere
3104 4440 3382 4514 Unigeniti
3433 4444 3535 4511 tui,
3561 4455 3611 4500 et
3641 4461 3668 4499 a
3696 4462 3787 4499 ma-

562 4529 857 4601 gnitudine
916 4529 1104 4598 gloria:
1152 4538 1258 4584 tua:
1314 4529 1481 4584 nobis
1526 4530 1714 4584 emitte
1759 4528 2145 4584 miserationes
2182 4537 2326 4595 tuas,
2380 4545 2564 4600 neque
2597 4548 2708 4587 non
2747 4534 2977 4602 gratiam
3014 4548 3079 4588 ac
3137 4532 3343 4588 donum
3373 4537 3554 4590 sancti
3590 4537 3661 4590 tui
3693 4534 3788 4605 8μὶ-

565 4622 705 4677 ritus
734 4638 747 4675 :
774 4619 867 4689 qui
892 4634 993 4674 suo
1019 4619 1087 4674 ad
1117 4636 1218 4674 nos
1239 4621 1478 4691 gratioso
1510 4621 1772 4687 adventu,
1815 4630 1966 4677 recta
1999 4621 2269 4691 provehat
2325 4621 2395 4676 ad
2457 4637 2523 4677 ea
2577 4626 2831 4695 exempla
2866 4643 2991 4696 qua:
3056 4628 3158 4682 tibi
3190 4643 3316 4682 cum
3348 4630 3548 4696 primis
3568 4630 3783 4699 placent:

561 4729 627 4766 ac
661 4711 883 4765 demum
912 4711 1080 4765 vitam
1116 4712 1265 4766 illam
1327 4712 1545 4783 assequi
1583 4728 2000 4783 promereamur
2058 4723 2341 4768 aeternam.
2391 4714 2504 4769 Nos
2552 4715 2719 4785 igitur
2780 4717 2991 4789 indigni
3053 4719 3205 4784 licet,
3246 4735 3280 4773 o
3325 4720 3582 4787 Domine,
3622 4722 3785 4776 ﬁducia

563 4815 747 4858 tamen
777 4802 1000 4857 subnixi
1040 4810 1147 4857 tua:
1192 4804 1365 4858 solius
1390 4805 1608 4874 gratiae;
1644 4805 1891 4874 petimus
1912 4816 2139 4875 propter
2180 4806 2591 4861 immaculatum
2631 4808 2832 4863 Filium
2897 4825 2963 4865 ac
3020 4812 3260 4868 Verbum
3298 4814 3498 4881 Patris,
3534 4816 3785 4871 Dominum

558 4896 748 4949 .lesum
802 4893 1084 4949 Christum
1120 4912 1133 4950 :
1165 4897 1260 4966 qui
1293 4897 1429 4951 dixit
1461 4914 1475 4950 :
1505 4920 1522 4948 ι
1564 4898 1769 4964 Petite,
1808 4909 1865 4954 ct
1899 4899 2123 4954 dabitur
2177 4900 2335 4955 vobis
2367 4918 2381 4954 :
2413 4901 2664 4971 quaerite,
2689 4910 2747 4957 et
2781 4904 3078 4963 invenietis
3117 4925 3130 4961 :
3176 4909 3412 4979 pulsate,
3442 4918 3501 4965 et
3547 4912 3787 4980 aperietur

562 4984 741 5039 vobis.
806 4984 997 5042 Omnis
1051 4988 1203 5042 enim
1267 4990 1361 5059 qui
1428 4991 1585 5060 petit,
1628 4992 1830 5062 accipit
1861 5000 1956 5047 :et
1983 4992 2076 5061 qui
2119 4994 2340 5061 quaerit,
2383 4994 2613 5060 invenit,
2660 5002 2717 5050 et
2772 4997 3015 5065 pulsanti
3057 5001 3342 5069 aperietur
3378 5004 3444 5055 νδ.
3485 5023 3505 5055 ι
3560 5004 3784 5058 lterum:

567 5096 586 5127 ι
627 5074 683 5129 Si
729 5074 891 5144 igitur
930 5092 1031 5133 vos
1068 5095 1192 5135 cum
1236 5081 1357 5136 sitis
1397 5083 1548 5149 mali,
1579 5083 1754 5138 nostis
1799 5083 1945 5138 dona
1982 5084 2126 5138 bona
2169 5083 2303 5139 dare
2363 5085 2490 5141 ﬁliis
2521 5088 2721 5143 vestris
2760 5101 3016 5160 :quanto
3044 5094 3216 5163 magis
3279 5095 3440 5148 Pater
3478 5105 3652 5149 vester
3700 5108 3787 5147 co:-

454 5184 459 5190 ν
561 5165 716 5236 restis
762 5166 915 5258 dabit
963 5169 1228 5240 Spiritum
1277 5184 1527 5230 sanctum
1563 5176 1880 5246 petentibus
1911 5192 1970 5232 se
1998 5178 2011 5232 ι
2043 5177 2110 5232 ⁸⁸.
2152 5196 2170 5229 ι
2216 5177 2406 5249 quue
2441 5188 2493 5235 te
2526 5180 2689 5238 decet
2723 5182 2895 5253 gloria
2934 5186 3134 5251 omnis,
3174 5186 3353 5241 honor
3407 5186 3783 5258 suspiciendas.

562 5264 620 5309 et
647 5255 877 5325 supplex
907 5260 1111 5327 cultus,
1134 5278 1166 5315 o
1202 5262 1384 5328 Pater,
1416 5263 1540 5331 Fili,
1566 5272 1627 5319 et
1648 5264 1888 5334 Spiritus
1924 5272 2132 5332 sancte,
2151 5281 2299 5322 nunc
2331 5276 2389 5322 et
2414 5284 2670 5339 semper,
2708 5279 2765 5326 et
2794 5271 2849 5326 in
2874 5275 3069 5329 srecula
3102 5278 3450 5332 saeculorum.
3478 5255 3668 5333 Amen.

630 5414 674 5447 “
697 5413 914 5472 Coloss.
934 5428 993 5483 ιι,
1019 5414 1105 5471 14.
1179 5416 1226 5449 θ’
1250 5415 1403 5476 Joan.
1431 5433 1488 5484 tt,
1516 5416 1570 5472 2.
1647 5417 1694 5452 ⁸³
1720 5417 1890 5474 Hebr.
1911 5435 2007 5487 ut,
2035 5418 2127 5475 25.

2248 5422 2468 5478 'Matth.
2507 5439 2607 5494 vn,
2623 5427 2677 5494 7,
2710 5425 2765 5483 8.
2840 5427 2887 5460 "
2908 5427 3051 5486 Luc.
3078 5446 3152 5499 ιιι,
3196 5432 3283 5487 15.

2140 5686 2214 5705 ρ
