1973 3278
357 332 440 360 orienti
463 332 657 363 dispensatione,
680 336 705 357 ut
726 331 830 356 haben-nt
853 331 883 356 de
905 331 974 364 facili
988 331 1100 357 homines
1117 332 1150 357 ad

359 386 429 403 unum
445 385 574 404 recurram
588 388 596 404 :
608 382 674 403 strui
685 382 745 404 sunt
760 383 815 404 vola
831 379 1059 412 peregrinationum
1072 384 1094 404 el
1106 379 1148 413 je-

355 423 487 456 juniorum
518 428 540 449 el
557 423 664 449 aliorum
686 423 819 457 ejusmodi.
858 422 920 449 l'ola
947 423 1004 450 vero
1032 424 1148 458 majora,

330 487 337 492 ς
358 473 417 501 puni
435 469 594 495 continentia!
617 474 639 495 et
664 473 736 495 terra:
754 476 847 496 saucia:
872 473 1030 495 reservantur
1050 477 1149 494 summa

357 528 363 549 ι
375 514 479 548 ontiﬁci.

392 560 453 586 llaze
472 559 525 586 duo
540 560 639 586 tantum
659 564 719 586 vota
741 559 859 594 pontifici
881 564 1014 586 reservata
1034 560 1149 594 assignat

356 604 385 631 l).
401 605 416 631 'l
425 605 527 635 homas,
539 606 610 640 quia,
627 605 713 639 inquit
726 605 805 632 Solus
818 605 864 632 lib.
884 606 899 632 Τ
913 605 945 632 de
957 605 1037 637 Just.,
1052 611 1146 640 qua'st.

353 650 381 684 4,
395 656 447 677 art.
459 651 488 682 5,
503 650 591 677 forsan
605 651 655 677 alia
674 658 726 677 non
741 655 816 677 erant
828 655 937 686 excepta
956 659 1004 677 suo
1019 656 1145 685 tempore;

354 703 423 722 nunc
439 700 525 723 tamen
543 696 604 730 jure
625 703 703 728 novo,
725 701 751 723 et
771 705 802 723 ex
817 696 1007 723 consuetudine
1030 697 1146 731 recepta.

353 741 412 769 ltarc'
428 742 507 769 etiam
523 742 572 769 tria
587 749 691 769 summo
715 742 831 776 pontifici
854 746 1031 774 reservantur,
1053 743 1148 776 nempe

352 792 443 813 votum
457 787 621 821 ingrediendi
636 787 789 821 religionem
805 786 826 822 (Ι
837 788 854 821 };
872 787 1090 821 peregrinationis
1105 794 1148 814 ro-

353 839 437 858 mame
451 832 485 859 ad
499 833 590 859 limina
603 832 788 866 Aposlolorum
806 833 874 859 l’vll‘i
888 837 914 859 et
931 833 1014 864 l‘auli,
1030 837 1057 859 et
1071 840 1147 867 pere—

352 877 508 910 grinationis
523 876 745 911 Couipostcllanm
764 877 795 904 ad
811 877 838 904 S.
855 877 983 904 Jacobiuu
999 886 1004 904 :
1019 881 1046 904 et
1064 878 1098 904 ita
1114 877 1147 904 de

353 921 420 949 facto
440 926 569 949 servatur.
591 923 691 949 Doeeut
713 927 800 948 tamen
813 926 944 954 auctores,
961 922 1100 956 episcopos
1114 930 1146 948 ex

350 968 420 1001 iusta
446 973 472 994 et
501 967 649 994 rationabili
675 969 752 994 causa
775 975 838 994 suos
849 968 967 994 subditos
993 967 1147 1001 disgieusare

352 1021 429 1047 posse
445 1013 470 1039 in
491 1018 553 1039 voto
570 1013 708 1044 castitatis,
724 1013 830 1047 quando
854 1021 905 1039 non
920 1017 961 1038 est
983 1012 1144 1042 absolutum.

350 1058 396 1085 sed
412 1058 444 1084 ad
458 1059 573 1092 aliquam
590 1058 817 1084 circumstantiam
832 1059 997 1088 restrictum,
1013 1062 1043 1083 ut
1057 1057 1078 1083 si
1093 1065 1145 1082 non

351 1104 428 1131 fuerit
444 1109 611 1138 perpetuum,
626 1104 672 1131 sed
684 1104 715 1130 ad
728 1109 841 1137 tempus,
858 1108 919 1138 puta
933 1103 965 1129 ad
978 1110 1074 1129 annum
1085 1123 1091 1134 ,
1106 1102 1145 1128 \el

349 1150 382 1176 ad
397 1149 617 1184 quinquennium,
633 1154 678 1176 aut
691 1149 863 1180 decennium;
876 1148 937 1183 quia
952 1151 1042 1174 votum
1057 1156 1144 1174 reser-

351 1200 439 1222 vatum
455 1195 581 1230 pontifici,
596 1200 636 1222 est
649 1199 783 1229 perpetua:
797 1193 966 1221 continentia:
979 1200 1024 1220 aut
1038 1193 1146 1220 castita-

351 1241 384 1267 tis
400 1250 406 1267 :
423 1240 513 1267 odiosa
527 1240 601 1271 vero,
618 1245 646 1267 ut
658 1239 833 1267 coliibitiones
846 1243 872 1266 et
886 1239 1070 1273 exceptiones,
1084 1242 1146 1264 sunt

350 1286 534 1321 restringenda
561 1290 639 1323 prout
661 1289 766 1312 sonant.
791 1285 862 1312 Idem
882 1285 1021 1312 dicendum
1039 1285 1144 1319 quando

349 1332 408 1367 quis
429 1333 500 1359 vovit
522 1336 622 1359 certam
645 1331 836 1358 continentiam
859 1338 981 1363 servare,
1008 1335 1070 1365 puta
1090 1337 1144 1357 non

349 1378 515 1405 committere
527 1377 685 1405 adulterium
699 1382 743 1404 aut
756 1377 827 1404 aliud
841 1377 1044 1404 deterniinatuni
1056 1376 1143 1403 libidi-

350 1424 391 1450 nis
412 1431 514 1458 genus:
530 1427 618 1458 potest
641 1423 711 1450 enim
732 1423 871 1457 cpiscopus
890 1423 915 1449 in
931 1429 964 1449 eo
978 1421 1142 1456 dispensare.

349 1470 413 1497 lieni
428 1469 533 1504 quando
547 1474 635 1496 votum
651 1469 823 1497 continentia:
840 1477 892 1496 non
905 1473 946 1496 est
960 1468 1091 1503 przecipué
1105 1468 1144 1495 in-

348 1520 461 1548 tentum,
475 1515 523 1542 sed
538 1515 563 1545 'ui
579 1515 630 1542 alia
646 1523 674 1542 re
690 1515 822 1550 prmeipue
835 1515 935 1542 intenta
950 1515 1081 1542 inclusum
1092 1535 1099 1547 ,
1116 1518 1143 1540 ιιι

348 1561 370 1587 si
380 1561 438 1596 quis
450 1561 552 1588 voverit
569 1569 674 1588 sacrum
688 1561 810 1588 ordinem
829 1561 980 1595 suscipere,
995 1561 1036 1587 cui
1053 1560 1142 1594 utique

347 1606 497 1633 annectitur
511 1606 681 1632 continentia:
695 1609 785 1632 votum
795 1626 803 1638 ,
817 1610 863 1632 aut
881 1606 902 1632 si
919 1605 979 1640 quis
993 1605 1143 1649 promiserit

347 1658 399 1677 non
411 1650 478 1678 mire
491 1650 700 1684 matrimonium,
712 1651 738 1677 in
752 1658 804 1685 quo
817 1655 879 1677 voto
891 1651 999 1676 castitas
1012 1650 1141 1676 omnimo-

348 1696 379 1724 jé
390 1704 442 1723 non
456 1697 621 1728 continetur;
635 1701 722 1730 potest
735 1697 875 1731 episcopus
885 1697 910 1722 in
925 1696 965 1723 his
976 1696 1138 1730 dispensare,

346 1742 406 1776 quia
421 1749 474 1769 non
488 1745 529 1769 est
547 1746 637 1768 votum
658 1742 815 1776 simpliciter
833 1742 977 1774 castitatis;
1000 1741 1072 1768 unde
1092 1749 1141 1768 nec

345 1787 459 1814 violatur
471 1791 562 1814 votum
578 1787 600 1814 si
615 1791 706 1822 postea
731 1788 782 1814 iste
803 1787 948 1814 fornieetur
968 1787 1029 1822 quia
1050 1791 1139 1814 votum

345 1837 385 1859 est
401 1832 486 1859 solum
497 1832 532 1860 de
544 1840 596 1859 non
613 1831 752 1865 nubendo;
768 1836 795 1859 et
808 1832 851 1866 qui
872 1836 950 1859 vovet
963 1839 1054 1859 saeros
1067 1832 1138 1858 ordi-

346 1886 403 1910 nes,
419 1886 471 1905 non
487 1883 565 1906 vovet
577 1879 726 1906 castitatem
741 1883 915 1912 prmsentem,
930 1878 976 1905 sed
992 1878 1091 1904 tantum
1107 1878 1140 1904 ad

345 1931 402 1950 eam
413 1924 545 1959 obligatur
555 1924 693 1959 postquam
704 1923 839 1951 ordinatus
853 1923 941 1950 fuerit.
950 1923 1075 1950 Similiter
1085 1923 1140 1958 epi-

344 1978 442 2005 scopus
461 1970 617 2005 dispensare
634 1974 722 2004 potest
743 1977 804 1997 cum
825 1978 858 1998 eo
878 1970 923 2004 qui
943 1970 1016 1997 vovit
1036 1971 1138 2005 ingredi

344 2017 484 2044 arctioreni
501 2013 665 2052 religionem,
680 2024 707 2043 v.
721 2024 758 2051 3.,
770 2015 1004 2043 Carthusianorum
1015 2037 1021 2048 ,
1044 2020 1073 2042 ut
1092 2023 1138 2043 su-

381 2135 421 2171 (l)
438 2135 465 2162 In
479 2136 573 2163 Galliis
583 2140 672 2163 votum
688 2136 851 2171 ingrediendi
869 2137 1022 2171 religionem
1037 2137 1138 2163 monia-

353 2171 406 2196 iuiii
425 2178 477 2197 non
496 2175 537 2197 est
556 2175 720 2198 reservatum
731 2173 758 2198 S.
772 2172 800 2198 Ι).
815 2177 843 2198 ut
854 2171 997 2198 declaravit
1009 2172 1036 2197 S.
1053 2172 1136 2206 Cong.

344 2205 439 2232 l'oauit.
450 2206 475 2232 in
491 2213 620 2241 responso
632 2206 734 2232 directo
747 2206 779 2232 ad
795 2206 846 2232 DD,
859 2206 972 2233 Bouvier
985 2205 1137 2240 episeopniit

343 2241 582 2272 Ceiiouianensem,
592 2249 662 2267 anno
677 2242 745 2268 1856
757 2250 762 2267 :
779 2241 868 2267 Votuin
880 2242 1000 2272 mulieris,
1013 2243 1048 2268 ait
1059 2243 1085 2268 S.
1095 2242 1135 2272 (2.,

343 2277 415 2312 cujus
430 2276 535 2302 intentio
553 2277 690 2312 respexerit
711 2277 745 2302 ad
760 2277 910 2303 iiionaslerin
929 2283 1002 2310 prout
1022 2285 1087 2303 nunc
1111 2278 1138 2303 in

343 2311 433 2337 Galliis
443 2312 561 2342 existunt,
576 2320 625 2337 non
639 2317 674 2338 est
690 2316 857 2343 reservatum;
871 2312 930 2346 quia
943 2312 1036 2338 scilicet
1050 2320 1138 2338 moun-

343 2347 418 2371 sleiia
432 2347 478 2371 ead
489 2355 517 2372 in
532 2347 547 2372 ὰ
561 2346 628 2373 Sede
640 2347 785 2379 Aposloiicd
798 2347 899 2373 (ruentis
911 2347 1077 2380 peculi/tribus
1088 2347 1138 2372 cir-

343 2381 508 2411 ίιυιιπνιιιηιίἱε,
519 2389 567 2407 non
575 2382 692 2415 tanquam
701 2381 800 2407 ordines
807 2382 861 2407 erré
871 2387 894 2408 el
906 2383 1006 2416 proprié
1016 2382 1135 2416 religiosi,

344 2417 386 2441 sed
396 2417 431 2452 uti
446 2417 615 2452 piissinmriuu
626 2417 730 2449 familia:
745 2417 895 2452 feniiimrum
910 2418 1075 2443 insinuantur.
1085 2417 1136 2443 lbi-

344 2451 404 2477 deiii
417 2451 444 2478 S.
459 2451 543 2486 Cong.
559 2451 677 2478 declarat
692 2459 766 2478 suam
781 2451 943 2478 decisioneni
959 2457 1078 2486 spectare
1095 2460 1138 2478 sn-

345 2470 480 2513 luiiiniodo
494 2470 532 2513 ad3
547 2487 685 2521 muni-ales.
697 2486 911 2514 Cireuaistantize
925 2470 981 2513 illa:I
991 2487 1136 2521 peculiares

344 2521 375 2547 nd
388 2529 454 2554 quas
471 2521 597 2548 alluditur
616 2522 642 2548 in
663 2523 836 2556 responsione
861 2522 1080 2553 [’muitentiarim,
1099 2523 1138 2549 vi-

344 2556 440 2582 dentur
455 2564 514 2583 esse
531 2557 624 2583 modiis
637 2565 690 2591 quo
703 2557 833 2584 moniales
849 2562 945 2584 vovent
956 2563 1136 2591 paupertatem

344 2597 415 2626 pixta
427 2592 599 2633 legesciviles
609 2592 877 2633 apud‘nos-vigentes.
888 2593 1137 2633 attentadisciplina

345 2628 482 2661 pra‘sentis
501 2627 635 2654 Ecclesiai.
650 2627 690 2653 Ad
704 2628 832 2654 rationem
846 2627 948 2654 ordinis
962 2627 1077 2663 religiosi
1094 2636 1137 2655 re-

344 2662 457 2693 quiritur
477 2662 631 2689 soleiiiuitas
655 2663 734 2689 trium
756 2667 893 2695 votwruni,
911 2664 1056 2696 castitatis,
1071 2663 1136 2690 obe-

343 2697 449 2723 dientim
464 2701 490 2723 et
503 2698 675 2732 paupertatis,
687 2698 753 2725 adeo
765 2703 792 2724 ut
804 2706 884 2725 unum
896 2699 929 2729 ab
940 2699 1023 2726 altero
1035 2699 1137 2733 sejuugi

346 2737 474 2768 nequeat;
492 2736 581 2759 votum
597 2738 684 2759 autem
701 2734 880 2768 paupertatis,
899 2738 927 2760 ut
947 2734 981 2760 sit
1000 2734 1135 2766 solemne,

345 2767 423 2794 debet
436 2767 450 2793 ii
465 2768 583 2802 professo
593 2767 734 2795 excludere
744 2769 905 2800 dominium;
921 2770 1000 2803 porri)
1011 2769 1137 2796 moniales

344 2802 413 2837 apud
430 2811 479 2829 nos
492 2803 525 2829 ita
543 2807 723 2838 paupertatem
735 2809 832 2830 vovent
851 2809 878 2830 ut
895 2802 1065 2830 niliiloiniin‘is
1079 2813 1137 2831 scr-

345 2843 406 2864 vent
421 2837 567 2864 dominium
584 2837 731 2870 bonorum;
750 2839 819 2866 unde
836 2839 1015 2870 concluditur,
1034 2839 1137 2866 illarum

345 2873 535 2908 professionem
548 2880 600 2899 non
610 2873 725 2907 gaudere
739 2874 882 2909 privilegiis
893 2883 941 2901 nec
952 2874 1050 2901 habere
1061 2879 1137 2901 natii—

344 2916 400 2934 rani
413 2909 585 2943 professionis
600 2909 736 2937 solemnis.
754 2909 790 2937 De
804 2916 836 2936 eo
855 2915 951 2944 puncto
971 2909 1032 2935 alibi
1056 2909 1138 2936 fusius

345 2944 463 2970 fortassis
476 2944 647 2971 disseremus.
967 2945 1066 2979 Uidit.)

552 275 683 309 ρυιῑετ.
705 275 736 303 ιι.
757 275 835 303 Αιιτ.
859 276 900 302 iv.
924 276 966 302 ni:
987 275 1253 304 ltlSPlZNSATIONli
1276 279 1317 306 ET
1337 280 1604 312 COMMUTATIONE
1625 286 1798 318 voroauu.

1203 333 1296 383 scipiat
1307 335 1436 363 utiliorem
1453 346 1459 364 :
1476 339 1542 366 ratio
1557 345 1597 368 est
1611 342 1670 376 quia
1686 343 1710 370 id
1725 352 1777 372 non
1788 352 1827 373 est
1838 348 1914 383 ilispc

1202 378 1228 404 in
1245 384 1306 426 voto
1319 381 1472 416 religionis;
1491 385 1550 412 cum
1574 387 1622 414 iste
1641 395 1748 424 seraper
1771 378 1891 426 religioni

1202 429 1215 448 s
1231 423 1307 450 entia:
1319 425 1449 460 obligatus
1464 435 1585 462 maneat;
1601 433 1647 459 sed
1663 423 1765 461 tantum
1788 436 1812 463 in
1821 423 1913 463 'mOd’i

1201 469 1360 496 eumstantia
1377 475 1404 498 ct
1424 473 1550 506 qualitate
1578 475 1662 510 illius,
1677 485 1726 505 seu
1750 479 1776 506 in
1798 482 1905 508 aretiori

1201 512 1270 538 culo.
1614 522 1619 525 ·

1236 556 1367 586 Praeterea
1383 565 1469 594 potest
1481 562 1621 598 episcopus
1634 565 1787 601 dispensare
1806 570 1830 596 in
1848 572 1915 598 voti:

1200 602 1413 631 eonditionaliter
1430 605 1506 643 factis
1519 608 1568 635 sub
1579 610 1730 639 conditione
1748 613 1781 640 de
1793 613 1882 642 futuro
1893 637 1900 647 ,

1201 647 1282 695 iiiodo
1297 649 1413 677 conditio
1427 653 1544 680 nonduin
1563 655 1598 681 sit
1610 655 1732 690 impleta;
1744 663 1772 685 ut
1783 660 1806 686 ’si
1818 662 1876 695 quis
1891 670 1915 688 ιι

1201 692 1291 720 limina
1302 694 1490 728 Apostolorum
1506 699 1622 734 visitare,
1636 703 1658 729 si
1670 711 1724 730 rem
1740 692 1861 733 amissam
1876 717 1915 735 rei

1200 739 1306 766 ravei'it.
1323 740 1399 768 Ratio
1409 747 1449 768 est
1461 744 1521 778 quia
1534 750 1594 772 vota
1606 755 1680 781 papa:
1692 755 1824 777 reservata
1839 752 1910 779 decc

1199 782 1317 810 absoluta
1331 790 1355 811 et
1371 786 1486 820 perfecta
1499 788 1530 815 ad
1545 790 1649 818 vitanda
1663 793 1809 822 animarum
1824 797 1911 830 periei

1199 827 1317 862 laqueos,
1331 834 1358 857 et
1369 839 1419 858 non
1434 834 1598 861 extendeiida
1605 835 1637 862 ad
1649 844 1703 863 rem
1714 827 1915 875 odiosani,qnal

1198 874 1352 901 rescrvatio.
1368 875 1522 910 Huiusmodi
1538 884 1625 906 alitem
1639 886 1698 908 vota
1714 884 1829 910 nonduin
1843 886 1913 912 aditi

1198 918 1364 952 conditione,
1381 928 1433 948 lion
1453 927 1514 950 sunt
1531 924 1660 958 perfecta.
1677 927 1736 954 cum
1753 929 1838 957 adhuc
1852 939 1912 958 non

1199 969 1270 998 gent.
1285 965 1355 1000 Ergo
1374 974 1426 993 non
1440 974 1582 996 censentur
1598 977 1741 999 reservata.
1758 974 1828 1001 Idem
1846 976 1913 1003 dice

1197 1009 1231 1036 de
1243 1016 1303 1037 voto
1315 1013 1423 1045 ptenali,
1437 1021 1461 1039 ν.
1477 1022 1503 1048 g.
1520 1024 1527 1041 :
1543 1015 1633 1043 Voveo
1642 1025 1683 1044 me
1698 1026 1749 1045 non
1761 1019 1879 1047 lusuruui
1897 1027 1915 1048 t:

1198 1054 1248 1080 sub
1259 1057 1335 1088 purua
1349 1056 1511 1090 ingrediendi
1523 1060 1686 1100 religionem,
1697 1063 1756 1089 eiim
1770 1064 1915 1098 liujusntod

1197 1103 1258 1125 ante
1275 1099 1405 1127 incursant
1424 1109 1529 1136 pinnam
1547 1112 1599 1131 tton
1619 1099 1733 1140 obligem
1745 1127 1752 1139 ,
1772 1115 1819 1135 nec.
1836 1115 1915 1136 ante;

1198 1148 1256 1170 vota
1269 1146 1413 1179 religionis,
1429 1147 1476 1174 sed
1491 1157 1543 1175 non
1557 1149 1663 1176 ludendi
1680 1152 1790 1185 taxillis,
1802 1161 1883 1188 super
1900 1164 1915 1190 ι]

1197 1189 1336 1224 episcopus
1359 1196 1445 1225 potest
1464 1193 1627 1227 dispensare.
1647 1196 1742 1223 Verum
1761 1198 1783 1224 si
1805 1200 1910 1226 eonditi

1197 1232 1275 1260 fuerit
1290 1235 1440 1270 adimpleta,
1457 1242 1518 1265 tunc
1534 1244 1622 1266 votum
1637 1241 1731 1268 transit
1744 1242 1769 1268 in
1787 1243 1915 1272 absoluto

1197 1286 1244 1313 per
1263 1288 1292 1308 se
1308 1281 1438 1316 loquendo
1458 1285 1529 1312 solus
1548 1285 1664 1320 pontifex
1679 1287 1833 1322 dispensare
1847 1295 1915 1324 pote

1197 1329 1284 1352 tamen
1300 1326 1388 1359 plures
1402 1327 1516 1356 limitant
1530 1330 1555 1356 in
1568 1338 1631 1357 casu
1642 1339 1694 1365 quo
1706 1338 1793 1359 votum
1808 1335 1915 1362 conditi

1196 1379 1249 1397 non
1264 1371 1297 1397 sit
1312 1373 1431 1406 poenale;
1446 1375 1598 1402 existimant
1614 1377 1684 1403 enim
1704 1379 1855 1413 episcopum
1876 1389 1915 1414 pii

1195 1422 1298 1442 cursam
1313 1424 1418 1450 pmnain
1431 1419 1517 1446 adhuc
1529 1427 1606 1454 posse
1619 1421 1644 1447 in
1655 1429 1687 1447 eo
1696 1422 1862 1456 dispensare,
1879 1434 1910 1459 qi

1195 1468 1272 1495 supra
1286 1462 1383 1489 dictum
1399 1467 1440 1490 est
1450 1485 1456 1496 ,
1472 1464 1497 1491 in
1514 1465 1571 1492 istis
1583 1467 1687 1493 casibus
1701 1475 1751 1494 non
1765 1473 1806 1495 est
1821 1475 1915 1496 votuir

1194 1507 1278 1541 gionis
1295 1510 1483 1543 capt-scendo,
1502 1511 1549 1537 sed
1571 1519 1623 1538 non
1637 1512 1742 1539 ludendi
1763 1514 1858 1540 taxillis
1873 1524 1881 1547 ;
1901 1525 1915 1542 l‘

1193 1551 1334 1580 devotione
1347 1554 1482 1589 religionis
1497 1556 1632 1590 procedit,
1649 1557 1695 1584 sed
1710 1559 1853 1592 apponitur
1875 1569 1915 1589 ex

1193 1602 1220 1624 et
1232 1600 1319 1632 pinna,
1331 1604 1357 1626 ut
1371 1600 1408 1627 sic
1421 1601 1470 1628 iste
1480 1601 1644 1628 deterreatur
1656 1603 1670 1630 ii
1684 1603 1754 1630 ludo.
1766 1604 1832 1631 Cum
1848 1606 1915 1640 igit:

1193 1644 1289 1677 positio
1304 1645 1372 1671 illius
1386 1653 1471 1680 pinna:
1487 1647 1521 1673 sit
1534 1647 1626 1674 odiosa
1639 1653 1666 1675 et
1680 1649 1791 1683 pu‘nalis
1802 1671 1808 1682 ,
1823 1656 1867 1677 est
1880 1660 1915 1679 re

1191 1688 1294 1722 gentia;
1308 1689 1351 1718 alii
1366 1696 1452 1717 tamen
1463 1699 1556 1725 graves
1569 1697 1690 1720 auctores
1704 1695 1868 1722 contrarium
1884 1697 1915 1723 ἀι

1193 1733 1302 1768 Insuper
1314 1735 1336 1761 si
1351 1739 1440 1762 votum
1455 1737 1523 1763 circa
1538 1743 1699 1765 reservatam
1719 1741 1872 1774 materiam,
1894 1751 1915 1770 ιι

1193 1778 1353 1813 principale,
1377 1781 1422 1807 sed
1437 1783 1615 1809 acccssorium
1629 1804 1636 1815 ,
1651 1784 1789 1818 episcopus
1804 1785 1912 1820 dispeii

1192 1823 1218 1850 in
1231 1825 1367 1859 principali
1381 1831 1467 1860 potest
1481 1831 1507 1854 et
1520 1828 1546 1854 in
1562 1830 1710 1856 accesserio
1725 1829 1905 1865 dispensare,

1191 1868 1370 1903 dispensando
1387 1871 1412 1897 in
1426 1877 1486 1898 voto
1500 1873 1659 1907 suscipiendi
1674 1881 1764 1901 sacros
1777 1875 1897 1904 ordines
1911 1899 1915 1910 ,

1191 1918 1264 1940 setur
1278 1914 1327 1941 lioc
1342 1915 1398 1950 ipso
1418 1916 1570 1951 dispensare
1588 1917 1613 1944 in
1634 1923 1695 1945 voto
1707 1921 1886 1947 continentia:
1906 1931 1915 1958 ι

1191 1963 1242 1985 tuin
1255 1959 1307 1987 illis
1321 1968 1433 1988 annexu.
1451 1962 1514 1989 item
1535 1963 1555 1990 si
1572 1964 1630 1998 quis
1644 1969 1736 1991 voveat
1750 1973 1801 1991 non
1825 1966 1915 1994 ludcr

1192 2008 1268 2040 ιιαιιιὲι
1281 2007 1443 2042 ingrediendi
1458 2009 1622 2043 religionem,
1633 2010 1770 2045 episcopus
1784 2011 1862 2038 illum
1881 2014 1915 2040 di

1190 2051 1273 2078 sando
1286 2052 1301 2078 ii
1315 2057 1377 2079 voto
1399 2062 1451 2080 non
1470 2054 1586 2086 ludendi,
1608 2055 1769 2090 dispensabit
1790 2057 1877 2084 etiam
1901 2059 1915 2085 ii

1190 2097 1338 2132 religionis;
1352 2099 1411 2133 quia
1433 2100 1537 2126 sublato
1550 2101 1688 2135 principali
1699 2122 1705 2130 .
1721 2101 1843 2129 aufertur
1867 2111 1915 2131 ac,

1190 2143 1268 2169 rium.
1285 2143 1367 2171 Seci‘is
1381 2144 1520 2172 dicendum
1534 2146 1639 2180 quando
1653 2142 1797 2181 principale
1810 2153 1854 2174 est
1867 2157 1915 2177 rc:

1191 2192 1244 2215 lum
1258 2198 1264 2215 :
1278 2197 1302 2215 v.
1316 2197 1350 2224 g.,
1362 2190 1384 2217 si
1394 2191 1454 2225 quis
1465 2196 1557 2218 voveat
1569 2192 1715 2219 castitatem
1728 2197 1915 2229 perpetuam,

1190 2234 1212 2260 si
1231 2234 1320 2268 violet,
1335 2240 1397 2262 voto
1411 2244 1440 2263 se
1450 2237 1547 2271 obligat
1560 2237 1592 2263 ad
1603 2237 1730 2272 jejunium
1744 2238 1768 2264 iii
1781 2245 1855 2272 pane
1873 2247 1913 2268 et

1189 2280 1330 2314 episcopus
1344 2282 1437 2314 poterit
1447 2282 1552 2315 quidem
1565 2282 1718 2316 dispensare
1731 2283 1756 2310 in
1767 2291 1801 2310 eo
1813 2284 1915 2318 jejuni

1190 2332 1241 2351 non
1258 2326 1283 2351 in
1297 2331 1359 2352 voto
1374 2327 1511 2353 castitatis.
1529 2327 1592 2353 lieni
1610 2327 1749 2361 episcopus
1770 2333 1865 2362 potest
1891 2333 1915 2359 ι]

1189 2379 1247 2398 sare
1262 2372 1287 2398 iii
1304 2371 1344 2398 liis
1359 2372 1426 2399 votis
1439 2373 1543 2407 quando
1556 2373 1688 2400 dubitatur
1703 2381 1735 2399 an
1751 2374 1804 2401 sitit
1817 2374 1915 2412 olilig:

1189 2422 1216 2444 et
1228 2425 1261 2443 an
1284 2417 1337 2444 sint
1357 2424 1506 2449 reservata;
1522 2423 1550 2444 ut
1570 2419 1591 2444 si
1611 2418 1718 2445 dubium
1738 2418 1772 2445 sit
1791 2427 1826 2446 ait
1853 2424 1915 2450 sur

1189 2462 1363 2490 intervenerit
1376 2463 1540 2490 deliberatio.
1553 2463 1618 2490 Nam
1631 2471 1706 2490 casus
1716 2465 1846 2491 reservati
1865 2475 1915 2496 ηρ

1189 2507 1261 2534 dubii
1274 2507 1321 2535 sed
1334 2509 1414 2540 certi;
1426 2513 1453 2535 et
1468 2508 1494 2535 in
1508 2508 1594 2534 dubiis
1607 2509 1666 2534 odia
1679 2512 1740 2534 sunt
1753 2509 1915 2546 restringei

1190 2553 1290 2580 fortiori
1304 2554 1326 2580 si
1336 2554 1395 2588 quis
1410 2554 1581 2588 probabiliter
1590 2553 1691 2580 dubitet
1704 2561 1737 2578 aii
1750 2554 1801 2578 tale
1815 2560 1915 2584 votu:

1190 2599 1263 2625 serit.
1280 2597 1354 2625 Tunc
1368 2599 1439 2625 enim
1453 2598 1524 2624 nulla
1541 2598 1631 2624 subest
1647 2597 1771 2631 obligatio
1783 2617 1790 2629 ,
1806 2605 1915 2632 neque

1189 2648 1231 2670 est
1243 2643 1456 2677 dispensatione;
1469 2644 1528 2677 quia
1548 2643 1573 2669 in
1587 2642 1674 2669 dubiis
1692 2641 1786 2668 melior
1806 2647 1852 2669 est
1877 2653 1915 2674 ρ(

1190 2689 1362 2724 possidentis;
1376 2695 1402 2716 et
1421 2697 1499 2716 nemo
1519 2689 1544 2715 in
1560 2696 1589 2715 re
1608 2687 1687 2714 dubia
1708 2687 1857 2722 privandus
1890 2700 1915 2720 ε

1190 2735 1301 2762 naturali
1323 2742 1350 2762 et
1370 2735 1485 2769 ingenita
1506 2734 1635 2760 libertate.
1653 2733 1718 2760 ltem
1738 2737 1828 2766 potest
1843 2738 1910 2769 ep;

1190 2780 1343 2816 dispensare
1358 2780 1383 2806 iu
1399 2779 1467 2806 votis
1482 2779 1636 2807 reservatis.
1657 2778 1679 2804 si
1695 2785 1742 2812 per
1759 2782 1870 2806 metum
1896 2791 1915 2818 ἓ

1190 2826 1286 2852 entissa
1306 2825 1412 2852 fuerint.
1426 2823 1493 2851 Tum
1506 2824 1567 2858 quia
1580 2823 1738 2855 reservatio,
1753 2823 1816 2850 cum
1832 2826 1880 2854 sit
1905 2840 1915 2858 ς

1191 2880 1243 2899 non
1257 2871 1359 2898 videtur
1375 2871 1408 2898 ad
1427 2871 1483 2897 haec
1498 2874 1557 2897 vota
1577 2869 1744 2897 exteiidenda
1759 2879 1765 2896 :
1781 2875 1840 2896 tum
1856 2880 1915 2907 (ιιι

1191 2919 1272 2946 diliile
1284 2917 1454 2952 probabiliter
1467 2921 1505 2943 est
1520 2923 1613 2950 papam
1628 2915 1662 2941 ob
1676 2914 1915 2949 iniperfectione.

1192 2966 1286 2993 sensus
1306 2968 1331 2989 et
1347 2964 1467 2996 iuj:i:'::-.ui
1483 2963 1580 2988 illatam
1601 2969 1631 2987 ea
1653 2970 1704 2988 non
1724 2960 1773 2987 sibi
1789 2968 1909 2992 t‘cscry
