1978 3233
51 217 110 251 729

761 223 1021 265 QUIESTIONES.

1649 222 1702 254 730

57 278 182 314 ἡλιακῆς
201 278 310 314 θέρμης
331 280 519 316 καταθαλφθῇ.
535 281 566 308 οὗ
583 282 664 316 ριζοϊ,
680 282 742 309 οὐδὲ
759 282 858 316 ζωογο-

911 284 1055 319 prodeant,
1073 293 1164 321 neque
1179 284 1312 316 fructum,
1331 290 1420 318 neque
1434 290 1526 310 semen
1544 281 1616 309 ferre
1635 290 1700 318 pos-

59 325 161 351 νείται.
182 325 216 351 Εἰ
229 325 259 351 δὲ
282 327 323 357 εἰς
336 325 395 360 φῶς
413 327 589 362 προέρχεται,
613 328 673 354 οὐδὲ
689 328 770 363 γονὴν
781 328 862 363 ἐργά-

61 371 152 402 ζεται.
174 370 336 398 Κάντεῦθεν
361 372 375 398 6
403 372 508 407 χειμὼν
531 373 576 399 διὰ
600 373 646 400 τοῦ
663 373 768 409 ψυχροῦ
789 382 862 400 στοι-

62 415 151 450 χείου,
169 415 222 449 τὴ)
249 415 389 450 ἀκαρπίαν
408 417 457 451 μὲν
488 418 546 449 τοῖς
563 419 668 451 φυτοῖς,
683 419 734 453 τὴν
749 418 862 452 ἀγονίαν

63 461 92 487 δὲ
121 462 171 486 καὶ
187 461 318 488 ἀτεκνίαν
332 463 388 493 τοῖς
402 462 483 494 ζώοις
497 464 585 489 ποιεῖ·
603 463 632 489 ἐν
647 461 687 494 οἷς
699 464 792 499 τρόπῳ
809 463 862 490 τινὶ

67 508 195 541 μιμεῖται
215 506 265 541 τὴν
282 507 330 533 τοῦ
345 507 461 534 Θανάτου
475 509 637 543 κατήφειαν,
661 509 814 545 Ύποχωρεῖ
825 509 863 545 τῷ

65 552 148 586 ψύχει
169 553 187 587 ἡ
202 552 324 587 τρυγὼν,
338 553 385 579 καὶ
402 553 556 588 κρύπτεται
576 554 593 589 ἡ
621 554 744 589 χελιδὼν,
766 555 830 590 σιγᾷ
845 556 861 590 ἡ

67 597 171 632 ἀηδὼν,
184 598 233 624 καὶ
258 598 295 629 ὡς
315 599 345 624 ὲν
365 600 462 632 τάφοις
482 600 564 632 τισὶν,
583 598 654 626 οὕτω
668 601 724 631 τοῖς
738 601 864 634 ἐνσωμά-

67 651 126 674 τοις
140 643 269 678 ταμείοις
283 644 308 670 οι
323 643 462 679 ἄνθρωποι
473 645 724 680 κατακρύπτονται,
734 645 802 681 πρὸς
814 645 862 679 τὴν

67 689 186 724 θέρμην,
204 689 301 729 ὥσπερ
319 689 387 724 πρὸς
404 690 477 725 ζωὴν
490 691 724 725 καταφεύγοντες
752 692 799 718 καὶ
813 691 863 726 τῆς

66 735 260 770 χωριζομὲνης
284 735 329 762 τοῦ
347 737 480 771 ἡμετέρου
501 738 638 771 σώματος,
661 738 705 764 διά
724 738 774 772 τῆς
796 739 864 764 ἀπο-

67 782 177 815 ψὺξεως
194 783 242 808 καὶ
257 782 457 816 ὑποχωρήσεως
475 783 524 818 τῆς
535 783 582 809 τοῦ
597 784 713 818 αἵματος
729 783 864 819 θερμότη-

66 836 126 859 τος.
145 829 160 854 6
184 828 325 862 χωρισμὸς
341 829 389 863 τῆς
407 829 497 863 ψυχῆς
512 829 627 863 γίνεται.

102 872 206 907 Διόπερ
220 872 268 898 ἐὰν
287 872 438 909 ἁνασχίσῃς
451 873 482 898 τὸ
496 874 635 908 νεκρωθὲν
650 873 752 905 εὐθέως
771 873 862 906 σῶμα,

67 917 152 952 χολὴν
173 917 235 951 μὲν,
251 917 301 943 καὶ
317 917 414 952 χυμὸν,
440 917 488 944 καὶ
511 918 620 953 φλέγμα
638 919 667 944 ἐν
694 918 770 953 αὑτῷ
781 918 863 953 εὑρήο

68 970 142 994 σεις’
158 960 231 997 αἷμα
244 963 272 989 δὲ
285 963 423 998 οὐδαμῶς.
435 964 547 998 Πρῶτον
561 965 616 1000 γὰρ
629 965 660 991 τὸ
673 964 775 1001 θερμὸν
791 973 862 991 στοι-

67 1010 140 1042 χεῖον
153 1008 295 1043 ὑποχωρεῖ
309 1009 342 1035 ἐκ
353 1008 403 1035 τοῦ
421 1009 548 1044 σώματος
561 1018 568 1025 ”
584 1009 712 1046 δεύτερον
725 1010 754 1036 τδ
767 1010 860 1045 ὑγρὸν,

67 1055 115 1080 καὶ
124 1054 219 1089 τρίτον
232 1054 262 1080 τὸ
274 1054 379 1089 ψυχρόν
390 1063 398 1070 ·
419 1054 523 1086 λοιπὸν,
548 1055 599 1081 οὐκ
614 1055 749 1090 ἁπομένει
771 1056 799 1081 ὲν
823 1055 862 1090 τῷ

66 1099 145 1134 τάφῳ
162 1100 212 1126 καὶ
228 1100 257 1125 ὲν
269 1101 303 1134 τῇ
326 1101 373 1134 γῇ,
395 1101 418 1126 εξ
444 1100 481 1135 μὴ
503 1100 535 1126 τὸ
550 1101 642 1136 ξηρὸν,
666 1101 738 1127 τοῦτ’
758 1101 833 1127 ἔστιν
847 1101 862 1127 6

67 1145 141 1180 χοῦς,
157 1145 188 1172 ὃν
208 1145 304 1172 ἑλαὸεν
316 1146 330 1172 6
342 1145 408 1176 Θεὸς
425 1146 479 1172 ἀπὸ
493 1146 544 1180 τῆς
558 1146 621 1180 γῆς.
639 1146 672 1172 Ἢ
688 1146 724 1180 γῆ
737 1147 818 1181 μόνον
831 1148 862 1172 τὸ

68 1192 133 1218 ῐδιον
148 1191 238 1225 αὐτῆς
253 1192 360 1226 κρατεῖ.
377 1191 418 1217 Τὰ
443 1191 472 1217 δὲ
492 1191 561 1218 ἄλλα
581 1191 646 1227 τρία
670 1193 800 1226 στοιχεῖα,
822 1193 861 1223 εις

66 1238 128 1268 τοὺς
145 1237 230 1268 ῑδῐους
245 1237 345 1268 τόπους
357 1237 523 1272 ἀπέρχονται
535 1246 542 1253 ·
557 1238 587 1264 τὺ
603 1237 714 1273 θερμὸν,
731 1239 771 1268 εἰς
785 1237 841 1272 πῦρ
851 1245 860 1254 ⁸

66 1283 96 1308 τὸ
110 1282 228 1317 ψυχρὸν,
258 1283 298 1313 εἰς
314 1283 360 1308 τὸν
375 1282 461 1316 ἀέρα·
482 1282 513 1308 τὺ
539 1282 633 1317 ὑγρὸν,
651 1283 692 1314 εἰς
714 1282 749 1309 τὰ
765 1282 859 1309 ὕδατα.

72 1328 211 1362 ’ῦπηνίκα
228 1327 296 1362 γοῦν
324 1329 341 1363 ὴ
363 1329 514 1361 ἀνάστασις
542 1329 661 1363 γίνεται,
683 1329 860 1364 συντρέχουσι

66 1374 191 1400 κελεύσει
201 1373 271 1400 Θεοῦ
282 1373 317 1400 τὰ
333 1375 453 1409 στοιχεῖα
467 1374 536 1410 πρὸς
548 1374 644 1401 ἑαυτά.
661 1374 747 1400 Πάλιν
759 1373 860 1408 ὁμοίως

67 1421 114 1447 καὶ
129 1421 146 1454 ἡ
177 1418 254 1454 ψυχὴ
276 1419 385 1454 ἔρχεται
411 1420 439 1447 ἐν
454 1419 558 1452 αὐτοῖς,
572 1420 618 1446 καὶ
643 1420 787 1447 ἀνίσταται
802 1419 860 1446 ὀλό-

67 1465 168 1499 κληρος
184 1466 199 1491 ὀ
212 1464 261 1492 ἄνθ
267 1473 370 1500 ρωπος.

101 1511 187 1537 Ὀταν
204 1508 252 1537 οὖν
279 1511 429 1546 δισταγμός
458 1511 499 1542 τίς
525 1519 566 1537 σοι
593 1511 658 1546 περὶ
684 1511 859 1543 ἀναστάσεως

66 1556 186 1590 γίνηται,
199 1555 320 1589 ὁρῶντος
337 1565 384 1582 σου
399 1557 444 1583 τὸν
458 1557 523 1591 χοῦν
538 1557 584 1583 τδν
597 1557 701 1591 ἄψυχον
719 1558 748 1583 ὲν
761 1556 797 1592 τῷ
812 1558 859 1584 τά-
876 1582 878 1584 τ

913 331 1082 367 ευηιηῐίῑιιο
1103 331 1192 359 hiems
1216 339 1264 365 per
1288 329 1417 364 frigidum
1437 329 1605 356 elementum
1630 328 1702 355 infe-
1724 345 1729 362 ρ

913 378 1082 405 cunditatem
1099 377 1212 412 plantis,
1233 381 1260 404 et
1276 375 1443 403 animalibus
1464 375 1638 402 sterilitatem
1653 374 1702 402 ad.

913 424 1118 459 ducit;qnibus
1132 423 1336 458 quadamtenus
1361 422 1459 449 mortis
1476 425 1574 448 tetram
1599 421 1703 448 moesti-

914 470 1037 497 tudinem
1063 475 1090 497 et
1114 469 1313 496 obscuritatem
1341 469 1477 495 imitatur.
1502 467 1583 494 Cedit
1606 465 1702 501 frigori

915 520 1016 547 turtur,
1045 515 1166 542 hirundo
1193 505 1342 547 occulitur,
1364 514 1427 541 silet
1450 514 1582 544 luscinia;
1609 517 1638 540 et
1653 512 1703 539 lto-

914 561 1013 592 mines,
1038 569 1089 588 ceu
1111 561 1138 588 in
1161 561 1305 596 sepulcris.
1328 560 1365 587 ita
1391 560 1448 587 suis
1473 560 1498 586 in
1515 558 1703 586 hibernaculis

914 607 1033 640 latitant,
1055 612 1083 634 et
1098 607 1132 633 ad
1152 607 1272 633 calorem
1286 607 1362 633 velut
1374 605 1407 633 ad
1424 606 1506 632 vitam
1523 604 1701 638 confugiunt;

914 659 1032 686 cumque
1046 652 1101 678 vita
1119 659 1133 678 a
1151 644 1268 686 corpore
1285 656 1379 678 nostro
1395 658 1443 685 per
1465 649 1702 684 refrigerationem

914 702 942 733 οι
967 705 1105 724 recessum
1128 696 1278 724 calidilatis
1303 704 1365 730 qua:
1386 700 1428 722 est
1454 696 1479 722 in
1503 695 1636 729 sanguine
1661 702 1704 722 se-

911 741 1048 776 jungitur,
1067 741 1165 768 animo:
1192 741 1287 768 itidem
1319 741 1457 775 separatio
1479 741 1596 767 exsistit.

949 873 1134 911 Quapropter,
1151 874 1173 901 si
1184 874 1296 908 jamjam
1313 878 1453 900 mortuum
1469 880 1571 907 corpus
1584 871 1702 906 aperias,

915 919 1054 946 choleram
1075 919 1200 954 quidem,
1219 927 1332 947 succum
1348 924 1376 946 et
1392 919 1518 954 phlegma
1535 919 1562 950 in
1584 919 1643 953 ipso
1660 918 1703 944 in-

913 965 1025 998 venies;
1050 965 1097 992 sed
1122 973 1297 999 nequaquam
1319 965 1492 999 sanguinem.
1520 964 1612 991 Primo
1628 964 1702 991 enim

913 1011 1032 1038 calidum
1052 1012 1221 1038 elementum
1247 1019 1279 1038 ex
1303 1018 1421 1045 corpore
1443 1011 1578 1042 abscedit,
1602 1010 1702 1037 deinde

912 1057 1069 1089 humidum,
1092 1057 1175 1084 tertio
1198 1057 1348 1092 frigidum:
1374 1064 1425 1083 nec
1448 1055 1554 1083 tumqu
1575 1060 1602 1082 et
1622 1062 1703 1082 terra:

912 1101 1016 1136 aliquid
1038 1106 1139 1136 praeter
1155 1102 1258 1128 siccum
1276 1101 1454 1135 relinquitur,
1471 1100 1523 1126 hoc
1542 1105 1593 1132 est,
1613 1099 1703 1134 pulvis

912 1155 993 1183 quem
1006 1148 1079 1174 Dens
1097 1156 1130 1175 ex
1145 1154 1218 1174 terra
1230 1148 1346 1182 accepit.
1361 1147 1423 1174 Sola
1443 1151 1515 1173 terra
1532 1146 1604 1181 quod
1622 1153 1702 1173 suum

911 1198 953 1221 est
966 1194 1075 1228 recipit.
1086 1194 1146 1220 Alia
1157 1194 1208 1220 tria
1222 1193 1357 1220 elementa
1374 1193 1407 1220 ad
1421 1192 1533 1228 propria
1546 1193 1605 1219 loca
1621 1191 1703 1228 394

911 1239 1015 1266 abeunt
1035 1248 1042 1266 :
1065 1239 1140 1266 calor
1156 1239 1183 1266 in
1204 1239 1306 1273 ignem,
1330 1238 1459 1274 frigidum
1482 1238 1509 1265 in
1525 1245 1628 1270 aerem,
1652 1237 1703 1264 hu-

911 1285 1017 1313 midum
1038 1285 1066 1312 in
1093 1293 1204 1320 aquam.
1218 1285 1247 1312 In
1273 1284 1481 1312 resurrectione
1499 1283 1582 1318 igitur
1603 1290 1704 1310 conve-

911 1331 988 1359 nient
1014 1331 1151 1359 elementa
1165 1332 1244 1366 jussu
1259 1330 1307 1357 Dei
1328 1330 1356 1357 in
1377 1338 1474 1360 unum,
1489 1334 1518 1357 et
1533 1330 1590 1364 ipsa
1607 1328 1701 1356 itidem

911 1377 1003 1404 anima
1026 1385 1089 1404 cum
1108 1377 1206 1404 iisdem
1223 1375 1412 1411 copulabitur,
1429 1380 1609 1411 resurgetque
1628 1378 1704 1401 totus

910 1424 940 1448 et"
959 1421 1066 1456 integer
1084 1421 1176 1447 homo.

945 1510 1061 1543 Quando
1074 1510 1159 1545 igitur
1175 1509 1313 1537 dubitatio
1330 1509 1472 1537 suboritur
1486 1509 1535 1536 tibi
1556 1509 1701 1543 aspicienti

909 1557 1065 1582 exanimem
1089 1556 1187 1582 limum
1211 1560 1239 1583 et
1263 1559 1363 1582 terram
1388 1555 1416 1582 in
1443 1555 1588 1589 sepulcro,
1611 1554 1701 1581 ambi-

66 1609 117 1635 ᾳῳ.
149 1601 197 1628 καὶ
225 1601 421 1637 διαποροῦντος
437 1611 496 1632 σου,
514 1602 574 1633 πῶς
597 1603 613 1637 ἡ
639 1603 736 1634 σποδὸς
751 1602 820 1638 αὕτη
840 1604 857 1637 ὴ

911 1602 1006 1636 gisque
1030 1601 1170 1635 quomodo
1201 1601 1273 1633 cinis
1297 1601 1342 1628 ille
1364 1600 1532 1628 miserabilis
1555 1599 1700 1631 viviﬁcari,

66 1647 162 1682 οἰκτρὰ
179 1647 295 1676 δύναται
307 1648 435 1682 γενέσθαι
450 1648 583 1684 ἔμψυχος,
594 1648 742 1684 ὁλόκληρος
757 1649 860 1684 ἄνθρω-

66 1702 114 1725 πος
126 1702 134 1709 ⁸
155 1693 259 1724 εὐθέως
283 1694 438 1728 ἀπόϐλεψον
452 1695 492 1726 εις
507 1686 598 1725 αὐτὸν.
615 1695 661 1721 καὶ
677 1695 739 1729 ὕψει
762 1696 791 1721 ὲν
813 1695 858 1722 σοὶ

65 1740 108 1765 τὸν
120 1739 207 1765 τύπον
224 1740 274 1774 τῆς
288 1739 342 1765 τῶν
358 1741 492 1774 σωμάτων
508 1740 685 1772 ἀναστάσεως
774 1749 858 1774 γεγε-

66 1786 191 1820 νημένον.
209 1785 296 1811 Πόθεν
311 1785 376 1819 γὰρ,
393 1786 455 1812 εἰπέ
469 1795 525 1821 μοι,
542 1786 574 1812 σὺ
589 1786 715 1821 ἀνέστης,
736 1787 783 1813 καὶ
799 1787 858 1813 ὀλό-

66 1831 164 1864 κληρος
175 1830 321 1864 ἄνθρωπος
331 1831 447 1865 γέγονας
458 1840 465 1864 ;
484 1831 535 1858 οὐκ
550 1831 605 1858 ἀπὸ
618 1833 722 1866 σπορᾶς
735 1833 858 1867 οἰκτρᾶς,

66 1878 109 1903 καὶ
127 1878 266 1912 ῥυπαρᾶς,
286 1868 333 1904 καὶ
355 1879 468 1913 μικρᾶς,
483 1878 580 1913 ῶσπερ
597 1879 630 1905 ἐκ
650 1879 737 1911 τάφου
750 1880 782 1905 ὲκ
804 1880 859 1913 μή-

65 1929 128 1956 τρσις
143 1922 259 1956 δυνάμει
273 1922 342 1948 Θεοῦ
354 1923 486 1958 ἀνέστης
502 1923 534 1949 El
547 1923 576 1949 δὲ
591 1923 621 1949 τὸ
640 1923 744 1958 ἄψυχόν
759 1932 788 1950 σε
808 1924 858 1959 τῆς

65 1968 134 1998 κόνις
148 1971 161 1986 ³
177 1967 234 1994 τῶν
255 1968 392 2002 σωμάτων
405 1969 445 2000 εἰς
462 1969 592 1996 ἀπιστίαν
611 1970 781 2004 περιϐάλλει,
804 1971 858 2005 (ρά-

66 2013 173 2044 σκοντός
189 2021 251 2046 σου,
268 2013 331 2045 Πῶς
353 2014 384 2040 τὸ
397 2015 502 2050 ἄψυχον
515 2015 698 2049 ἁναγεννᾶται
715 2015 855 2050 ἕμψυχον;

65 2058 132 2102 εχεις
148 2060 216 2094 περὶ
229 2058 330 2085 τούτου
345 2059 393 2086 ἀπ’
413 2061 498 2094 αὐτῆς
512 2061 561 2096 τῆς
577 2061 760 2095 κοσμοποιιας
773 2061 856 2097 μέχρι

65 2105 107 2130 καὶ
126 2103 175 2131 νῦν
202 2104 307 2137 πολλὰς
327 2106 504 2138 ἀναστάσεως
520 2107 664 2142 γεννήσεις
689 2106 719 2139 ἐξ
743 2106 857 2142 ἀψύχων

65 2148 204 2183 ἐμψύχους
221 2148 318 2181 οὔσας.
341 2149 462 2186 Ἀψυχος
481 2151 496 2177 6
521 2151 608 2186 ἥλιος,
626 2150 685 2177 ἀλλ’
705 2151 736 2184 ἐξ
760 2151 855 2184 αὑτοῦ,

64 2194 98 2225 ὡς
109 2194 242 2226 πολλάκις
252 2193 340 2226 εἷπον,
351 2195 517 2231 προέρχεται
532 2197 549 2232 ὴ
565 2196 619 2222 τῶν
635 2197 771 2232 σωμάτων
786 2197 856 2224 πάν-

62 2248 112 2267 των
124 2240 249 2276 ἔμψυχος
266 2241 383 2275 κίνησις.
406 2243 515 2278 ’Ᾱψυχα
533 2242 567 2269 τά
582 2242 676 2274 ὕδατα,
693 2241 752 2269 ἀλλ’
764 2243 794 2274 ἐξ
807 2243 856 2269 αὖ-

910 1647 1039 1680 animari,
1065 1647 1226 1681 integerque
1240 1650 1268 1674 et
1284 1646 1391 1673 solidus
1414 1646 1498 1673 homo
1511 1645 1582 1673 eﬂici
1602 1650 1700 1679 queat,

909 1693 1002 1720 statim
1027 1693 1123 1719 oculos
1136 1692 1170 1719 ad
1187 1692 1306 1727 teipsum
1327 1697 1415 1724 verte.
1438 1691 1604 1726 videbisqne
1628 1691 1655 1718 in
1675 1695 1701 1718 te

909 1738 1069 1773 imaginem'
1083 1738 1231 1772 quamdam
1253 1742 1377 1764 venturze
1401 1744 1549 1771 corporum
1578 1743 1703 1763 resurre-

909 1783 1009 1810 ctionis
1027 1783 1084 1818 jam
1098 1783 1281 1818 prmcessisse.
1293 1782 1370 1810 Unde
1385 1782 1471 1814 enim,
1489 1783 1569 1822 cedo,
1586 1785 1615 1808 tu
1639 1789 1702 1808 sur-

909 1829 1016 1860 rexisti,
1034 1833 1062 1855 et
1088 1829 1195 1863 integer
1222 1829 1304 1855 homo
1329 1828 1446 1856 eﬂ‘eetus
1471 1828 1524 1855 es?
1549 1835 1642 1854 nonne
1667 1835 1700 1854 ex

909 1875 967 1907 vili,
984 1874 1097 1902 sordido
1113 1879 1141 1901 et
1153 1875 1254 1910 exiguo
1268 1875 1373 1901 semine
1396 1873 1541 1905 formatus,
1561 1881 1595 1900 ex
1610 1877 1701 1903 utero,

910 1925 1042 1956 tanquam
1056 1929 1089 1947 ex
1106 1921 1246 1955 sepulcro,
1259 1921 1362 1947 virtute
1381 1920 1440 1951 Dei,
1455 1919 1581 1953 prodiiin
1593 1919 1604 1945 ?
1615 1919 1703 1946 Caete-

909 1974 980 1998 rum,
996 1966 1019 1993 si
1035 1970 1060 1993 te
1073 1974 1088 1993 a
1108 1966 1161 1992 ﬁde
1174 1966 1248 1993 etab
1262 1972 1374 1992 assensu
1391 1964 1504 1991 abducit
1517 1964 1590 1998 quod
1610 1964 1702 1998 pulvis

907 2011 943 2038 sit
960 2011 1106 2042 exanimis,
1123 2011 1289 2044 dictitesque
1305 2019 1311 2036 :
1332 2009 1476 2042 Quomodo
1498 2009 1524 2036 id
1542 2009 1614 2043 quod
1634 2016 1701 2035 exa-

907 2056 981 2083 nime
1005 2060 1047 2084 est
1073 2055 1203 2090 producit
1220 2055 1246 2082 id
1263 2054 1337 2089 quod
1366 2055 1458 2081 anima
1479 2053 1626 2088 praditum
1641 2053 1703 2080 est?

907 2100 930 2128 si
942 2100 1157 2136 circumspicere
1175 2100 1256 2132 velis,
1277 2099 1363 2127 multa
1377 2108 1393 2127 a
1408 2099 1521 2126 condito
1536 2098 1641 2125 mundo
1657 2106 1702 2126 re-

907 2147 1089 2174 surrectionis
1103 2151 1132 2174 et
1145 2145 1364 2181 regenerationis
1389 2145 1573 2172 animatorum
1590 2152 1631 2171 [ex
1653 2144 1697 2171 in-

906 2192 1034 2220 animatis
1053 2192 1178 2226 exempla
1192 2191 1324 2226 reperies.
1345 2188 1390 2218 Sol
1405 2190 1573 2217 inanimatus
1596 2193 1648 2221 est,
1670 2193 1699 2216 et

907 2242 998 2266 tamen
1023 2239 1057 2266 ab
1078 2239 1138 2273 ipso
1162 2238 1296 2273 procedit,
1324 2242 1355 2265 ut
1375 2237 1476 2272 saepius
1500 2237 1617 2267 dictum,
1640 2243 1701 2262 om-

63 2286 114 2312 τῶν
127 2287 175 2313 καὶ
192 2286 303 2321 γέγονε,
319 2288 365 2313 καὶ
380 2288 485 2322 γίνεται
500 2288 553 2320 ἕως
568 2288 616 2314 νῦν
631 2287 761 2323 ἐμψύχων
776 2287 852 2320 ζώων

911 2285 983 2312 nium
1012 2292 1161 2319 corporum
1189 2285 1309 2311 animata
1339 2284 1434 2310 motio.
1469 2282 1608 2310 lnanimes
1635 2286 1699 2309 sunt

62 2332 198 2367 γέννησις,
218 2332 267 2358 καὶ
283 2332 413 2360 πετεινῶν
428 2333 587 2368 ἀνάπτησις
615 2333 662 2360 καὶ
691 2333 852 2365 ἀνάστασις.

65 2376 179 2412 ’Δψυχός
199 2378 275 2403 ἐστιν
288 2378 304 2411 ἡ
320 2377 366 2412 γῆ,
388 2377 445 2404 ἀλλ’
470 2378 500 2410 ἐξ
522 2379 607 2413 αὐτῆς
625 2379 720 2413 γέγονε
743 2379 853 2406 πάντων

63 2421 188 2457 ἐμψύχων
202 2422 312 2456 κτηνῶν
337 2423 383 2449 καὶ
398 2423 548 2459 ὲρπετῶνή
562 2424 721 2456 ἀνάστασις.
733 2424 854 2460 ’Δψυχός

63 2467 116 2494 ἐστι
132 2469 146 2494 6
164 2467 232 2502 ἀὴρ,
247 2467 317 2493 ἀλλὰ
334 2468 415 2503 μέχρι
429 2468 476 2495 νῦν
485 2469 571 2496 τίκτει
585 2469 709 2504 ἔμψυχον
721 2469 852 2504 ζωΰφιον,

62 2512 190 2538 πετεινῶν
203 2512 472 2541 ἀνάστασιν.Λοιπὸν
488 2514 556 2549 πρὸς
571 2514 621 2545 τὰς
635 2513 788 2549 τ[οι]αύτας
805 2515 855 2542 πά-

62 2565 108 2587 σας
121 2558 171 2589 τὰς
187 2558 218 2590 ἐξ
229 2557 343 2592 ἀψύχων
355 2559 494 2594 ἐμψύχους
503 2561 667 2595 ἀναστάσεις
678 2561 852 2592 ἀποϐλέπων,

61 2603 169 2629 πίστευε
185 2603 304 2638 δυνάμει
322 2605 391 2640 μόνῃ
415 2605 494 2637 Θεοῦ,
525 2607 573 2632 καὶ
599 2607 648 2641 τῆς
674 2607 727 2641 γῆς
748 2607 852 2642 ἀψύχου

62 2647 170 2681 κόνεως,
190 2650 239 2675 καὶ
256 2649 356 2683 σαρκὸς
376 2649 497 2685 ἔμψυχον
514 2652 639 2685 γίνεσῦαι
663 2652 713 2686 τὴν
734 2650 853 2679 ἀνάστα-

64 2701 112 2720 σιν.
131 2695 162 2721 ὐ
178 2695 235 2729 γὰρ
262 2694 399 2730 βουλήσει,
418 2697 466 2722 καὶ
495 2697 566 2732 λόγῳ
593 2697 676 2732 μόνῳ,
696 2698 729 2724 ἐκ
748 2697 796 2725 τοῦ
814 2699 851 2734 μὴ

61 2739 134 2771 ὕντος
148 2742 190 2772 εις
207 2740 238 2766 τὸ
251 2738 322 2766 εἶναι
336 2742 540 2776 συστησάμενος
553 2743 602 2774 τὰς
620 2744 782 2778 ἀσωμάτους
796 2744 851 2770 τῶν

60 2785 184 2819 ἀγγέλων
204 2786 348 2821 δυνάμεις,
363 2788 410 2813 καὶ
420 2788 534 2822 οὐρανὸν
550 2789 597 2815 καὶ
611 2788 674 2823 γῆν,
689 2789 738 2815 καὶ
752 2789 850 2816 Θάλατ-

61 2838 118 2864 ταν,
135 2832 184 2858 καὶ
212 2832 306 2858 πᾶσαν
325 2832 375 2868 τὴν
397 2833 497 2869 ὁρατὴν
533 2834 581 2860 καὶ
602 2834 721 2872 ἀόρατον
749 2834 849 2868 κτίσιν,

907 2339 996 2365 aqum,
1020 2335 1049 2357 et
1069 2335 1160 2357 tamen
1174 2338 1209 2357 ex
1226 2331 1281 2358 illis
1292 2334 1321 2357 et
1333 2330 1410 2361 olim,
1424 2333 1452 2356 et
1466 2329 1617 2356 etiamnum
1635 2333 1701 2357 nata

907 2381 972 2404 sunt
993 2380 1021 2403 et
1042 2381 1196 2403 nascuntur
1215 2377 1291 2403 varia
1314 2376 1454 2406 animalia,
1478 2379 1506 2402 et
1522 2375 1650 2402 volucres
1670 2374 1699 2402 in

907 2423 992 2450 altum
1006 2422 1196 2454 subvolantes,
1209 2427 1238 2450 et
1248 2422 1329 2457 quasi
1343 2426 1530 2456 resurgentes.
1545 2421 1699 2448 lnanimata

906 2473 948 2496 est
960 2473 1043 2500 terra,
1057 2473 1085 2496 et
1097 2475 1189 2496 tamen
1203 2477 1236 2496 ex
1250 2468 1295 2495 illa
1306 2468 1397 2495 omnia
1405 2468 1530 2503 jumenta
1546 2471 1574 2494 et
1588 2467 1699 2501 reptilia

906 2519 1096 2542 surrexerunt.
1120 2515 1292 2542 lnanimatus
1312 2518 1355 2541 est
1374 2521 1431 2545 aer,
1455 2513 1637 2540 nihilominus
1663 2512 1699 2543 ad

905 2560 958 2587 hoc
995 2568 1083 2594 usque
1120 2564 1228 2594 tempus
1256 2559 1406 2586 snimatam
1449 2558 1541 2585 avium
1569 2564 1696 2584 resurreq

905 2607 1025 2634 clionem
1052 2607 1132 2634 nobis
1156 2606 1279 2633 exhibet.
1301 2605 1490 2632 Consimiliter
1510 2604 1544 2631 ad
1571 2604 1640 2630 alias
1661 2611 1696 2633 ex

904 2653 1062 2680 inanimatis
1082 2653 1217 2680 animatas
1233 2652 1452 2679 resurrectiones
1465 2651 1560 2678 oculos
1575 2654 1695 2680 vertens,

905 2699 997 2731 crede,
1019 2699 1077 2726 sola
1100 2699 1203 2726 virtute
1224 2698 1284 2730 Dei.
1309 2701 1411 2725 ex'tuo
1435 2697 1518 2724 etiam
1544 2696 1696 2723 inanimato

906 2746 1019 2780 pulvere
1036 2749 1065 2771 et
1081 2753 1164 2772 carne
1186 2744 1334 2772 animatam
1359 2743 1592 2771 resurrectionem
1614 2740 1692 2768 fore:

905 2791 952 2826 qui
963 2790 1036 2818 enim
1055 2791 1112 2818 sola
1126 2791 1268 2818 voluntate
1279 2791 1393 2826 soloque
1408 2789 1493 2817 verbo
1507 2795 1540 2815 ex
1557 2794 1611 2814 non
1633 2791 1695 2813 esse

906 2836 941 2863 ad
961 2844 1023 2864 esse
1046 2844 1144 2864 omnes
1174 2837 1352 2872 incorporeas
1375 2835 1535 2870 angelorum
1564 2831 1694 2865 virtutes,

697 2892 813 2922 VARM'}
835 2893 1037 2923 LECTIONES.

96 2927 107 2942 ³
123 2923 239 2956 κόνεως.
