1989 3184
269 187 323 219 735
876 191 905 220 S.
927 190 1108 222 ANASTASI

270 242 378 276 piosius
395 242 428 269 de
453 242 506 270 hoc
527 242 553 269 io
581 244 692 278 proprio
717 246 918 274 conmentario
941 246 1064 281 disputa—
1079 255 1101 282 Α

272 287 330 315 tum
355 292 407 314 est.

271 332 405 365 γίνεσθαι.
427 333 471 365 Ὠς
487 333 552 367 γοῦν
565 337 705 369 προεῖπον,
723 336 752 361 ὲν
767 336 851 372 ἑτέρῳ
864 337 1029 373 πλατύτερον
1045 339 1106 373 περὶ

429 407 705 459 QU/ESTIO
743 411 906 455 XCVI.

311 489 320 504 ι
339 479 439 507 Omnes
455 480 552 507 merito
574 481 710 509 mirantur
723 487 751 509 et
765 483 963 518 obstupescunt
977 486 1063 512 multa

276 524 435 552 admiranda
460 527 645 560 etstupenda
671 535 731 562 qua:
755 529 835 563 397
860 530 933 557 circa
948 535 1062 557 mortem

277 570 417 596 hominum
439 571 611 605 contingunt.
627 573 799 607 Quapropter
817 575 953 609 cupimus.
968 576 1064 602 saltem

277 616 458 650 aliquatenus,
474 617 579 644 discere
593 618 657 652 quid
674 626 762 646 causa:
773 620 808 646 sit
821 628 869 646 cur
882 621 958 647 multi
975 621 1064 648 Immi-

277 668 353 691 num.
370 662 451 687 etiam
465 662 617 696 principum
632 668 659 689 et
673 671 776 698 regum,
793 665 839 698 qui
856 665 971 699 improbi
989 671 1063 697 sunt,

276 710 304 733 et
320 714 390 739 saepe
405 708 486 734 etiam
503 708 535 734 ad
554 708 766 742 improbitatem,
783 710 948 743 impietatem
964 715 992 737 et
1009 711 1065 738 ha:-

278 758 353 777 reses
364 751 426 778 aliis
440 752 523 779 duces
537 757 563 779 et
577 753 699 786 magistri
718 754 795 785 fiunt,
813 759 840 782 et
858 756 986 782 universo
1002 764 1066 790 pro.

277 796 425 829 pernodutn
439 797 540 823 mundo
552 802 716 825 nocumenta
731 799 862 830 inferunt.
875 805 906 827 ut
919 801 1065 835 plurimum

277 841 312 868 ad
328 842 428 869 multos
439 850 526 869 annos
540 843 621 870 vitam
635 849 792 879 prorogent,
806 853 922 879 quorum
937 846 1066 881 longaevi-

278 892 320 914 tas
336 887 368 913 ad
382 887 562 921 plurimorum
580 889 728 922 perniciem
748 889 899 923 redundat;
914 891 959 917 alii
976 896 1066 918 autem

278 932 398 966 pietatis,
413 933 523 960 virtutis
545 938 572 960 et
598 935 736 968 religionis
757 943 906 969 praecones.
920 936 1067 971 multisque
1084 927 1104 954 Β

279 985 360 1004 causa
385 978 481 1004 salutis
506 978 607 1009 eil‘eeti,
633 979 732 1013 exiguo
763 984 885 1014 tempore
912 981 1015 1013 vivant,
1040 986 1068 1008 et

279 1022 393 1049 ﬂorente
415 1027 493 1050 mtate
518 1024 680 1051 moriantur.
700 1025 804 1051 Rursus
825 1026 871 1052 alii
894 1034 927 1052 ex
950 1027 1068 1054 ethnicis

279 1068 444 1102 baptismum
466 1069 662 1101 desiderantes,
681 1070 818 1097 interdum
841 1079 896 1098 uno
919 1072 960 1098 vel
983 1072 1068 1098 altero

279 1114 324 1140 die
345 1114 422 1148 prius
444 1122 524 1148 quam
546 1115 713 1142 salutaribus
732 1115 814 1142 undis
829 1116 1018 1147 abluerentur,
1041 1120 1069 1143 et

280 1160 394 1188 salutem
409 1164 656 1194 consequerentur,
671 1167 830 1194 supremum
844 1160 916 1188 diem
929 1160 1067 1193 obierunt,

280 1208 308 1231 et
323 1204 362 1231 sie
379 1204 497 1238 peccatis
512 1204 629 1238 propriis
643 1204 735 1231 onusti
757 1205 791 1231 ad
806 1205 909 1231 inferos
932 1205 1067 1232 abierunt.

280 1251 333 1278 Alii
347 1250 543 1284 quinquaginta
565 1249 606 1276 vel
631 1249 767 1284 octoginta
784 1250 863 1277 annis
879 1250 962 1276 vitam
978 1255 1069 1277 sancte

281 1295 468 1326 traducentes,
481 1299 509 1321 et
525 1294 665 1321 miraculis
680 1294 762 1321 etiam
775 1294 952 1325 eollueentes,
971 1294 998 1320 in
1014 1294 1069 1321 hae-

281 1340 355 1366 resin
368 1340 410 1365 vel
426 1339 632 1366 fornicationem
650 1339 818 1370 inciderunt,
834 1339 981 1373 statimque
996 1339 1070 1374 flagi-

281 1386 328 1412 tiis
344 1385 434 1412 adhuc
457 1384 586 1418 implicati
611 1384 675 1411 hinc
697 1388 883 1411 excesserunt.
900 1384 976 1411 Alius
993 1384 1069 1418 prin-

282 1439 346 1466 ceps
363 1430 463 1465 impius
480 1431 508 1457 in
521 1430 647 1457 morbum
660 1429 797 1464 delapsus,
813 1430 858 1457 vel
873 1430 899 1456 in
917 1430 988 1457 bello
1003 1438 1069 1458 con-

282 1478 405 1508 stitutus,
421 1476 513 1503 animo
536 1476 643 1507 statuit,
661 1476 682 1502 si
707 1483 740 1502 ex
755 1475 917 1510 aegritudine
934 1480 1067 1510 resurgat,

281 1522 324 1549 vel
342 1522 452 1548 domum
467 1529 528 1548 cum
543 1521 656 1548 victoria
674 1524 838 1552 revertatur,
855 1528 883 1547 se
898 1520 1069 1548 Christiano-

282 1575 342 1594 rum
355 1567 484 1594 ecclesias
496 1568 663 1597 clausurum,
676 1570 703 1593 et
718 1567 819 1600 templa
839 1566 975 1593 idolorum
990 1574 1068 1600 aper-

283 1617 392 1645 turum;
408 1617 435 1640 et
449 1613 506 1640 Iuno
521 1617 611 1639 mente
626 1619 781 1647 proponens
797 1612 946 1644 convaluit,
958 1616 985 1638 et
998 1611 1068 1638 idola

283 1657 413 1684 restituit.
428 1657 506 1684 Alius
527 1665 592 1684 vero
609 1658 737 1691 princeps
751 1657 920 1684 contrarium
937 1657 1067 1689 decrevit,

284 1702 413 1729 nimirum
437 1710 476 1733 se,
493 1702 515 1729 si
535 1710 550 1728 a
573 1702 670 1728 morbo
693 1702 764 1728 liber
786 1701 894 1733 evadat,
909 1705 1068 1735 aperturum

283 1748 450 1776 Christianas
462 1749 602 1780 ecclesias,
613 1749 786 1775 ocelusurum
797 1748 933 1775 idolorum
944 1748 1068 1781 delubra,

284 1795 470 1829 eleemosynas
493 1794 665 1828 largiturum,
687 1799 714 1820 et
729 1794 851 1828 captivos
872 1794 1067 1826 liberaturum;

284 1844 321 1872 et,
337 1847 392 1874 quo
406 1840 496 1866 omnia
511 1839 630 1866 ﬁrmiora
646 1839 711 1871 sint,
728 1844 918 1866 testamentum
935 1840 1068 1871 condidit,

284 1890 421 1919 testesque
434 1885 560 1911 adhibuit
575 1893 581 1910 :
596 1892 647 1911 nec
667 1889 758 1911 tamen
774 1884 918 1918 pristinam
933 1884 1068 1912 valetudi-

283 1937 345 1956 nem
369 1929 552 1963 recuperavit,
577 1929 624 1955 sed
649 1928 768 1962 peccatis
794 1929 929 1956 obnoxius
951 1929 1068 1956 animam

282 1974 427 2005 exhalavit,
442 1978 470 2001 et
486 1974 553 2000 nihil
566 1981 660 2001 eorum
675 1982 735 2008 qua:
746 1975 815 2002 bene
828 1975 1068 2006 constituerat,-ad

283 2027 339 2046 rem
364 2019 492 2048 collatum
510 2022 561 2046 est.
586 2019 694 2046 Infinita
716 2020 798 2055 hujus
819 2021 927 2055 generis
946 2021 1069 2056 exempla

282 2065 405 2100 quotidie
420 2065 520 2092 intueri
536 2065 609 2092 licet.
625 2065 759 2098 Quocirca
776 2065 857 2092 alieni
874 2073 888 2092 a
913 2065 966 2092 fide
988 2065 1068 2093 haesi-

283 2115 351 2143 tant,
364 2111 495 2138 mundum
508 2111 610 2145 absque
623 2111 798 2138 Providentia
811 2111 876 2138 ferri
889 2115 916 2138 et
929 2111 985 2146 regi
996 2111 1047 2138 rati
1061 2120 1067 2138 :

283 2156 378 2184 fideles
392 2161 484 2184 autem
507 2157 541 2183 de
556 2157 661 2191 iustitia
682 2156 730 2183 Dei
748 2156 948 2183 dubitationem
971 2164 1068 2191 quam-

283 2202 344 2229 dam
371 2203 520 2236 patiuntur,
546 2210 626 2236 quam
651 2202 755 2229 nemini
776 2202 928 2236 patefacere
949 2203 1066 2235 audent;

283 2246 330 2274 sed
349 2247 430 2274 tacito
446 2247 496 2274 sub
511 2251 622 2282 pectore
636 2247 764 2274 scandan
777 2246 852 2281 gravi
868 2246 1036 2274 sanciantur.
1056 2257 1065 2273 ι
1084 2259 1107 2289 D

572 2306 773 2343 RESPOIVSIO.
879 2346 883 2349 γ

318 2362 465 2397 Scriptum
479 2363 522 2390 lex
537 2365 564 2389 et
580 2366 745 2396 prmceptum
761 2365 803 2388 est
823 2370 830 2388 :
847 2371 856 2387 ‹
875 2362 979 2389 Altiora
995 2367 1020 2389 te
1035 2370 1069 2389 ne

282 2408 433 2443 quresieris,
449 2413 477 2435 et
500 2407 614 2434 fortiora
639 2411 665 2433 te
691 2415 724 2434 ne
746 2411 883 2434 scrutatus
904 2407 989 2434 fueris
1004 2408 1037 2434 ".
1056 2399 1066 2432 ί

283 2454 389 2481 Scimus
403 2455 484 2482 etiam
500 2454 643 2488 scriptum,
664 2463 673 2478 ι
689 2453 790 2488 judicia
804 2454 850 2480 Dei
868 2461 926 2481 esse
941 2454 1068 2489 abyssum

284 2500 396 2526 multam
412 2500 444 2526 ".
465 2509 473 2525 ι
490 2499 614 2527 Vicissim
634 2503 724 2525 tamen
745 2506 798 2525 non
820 2499 975 2531 ignoramus
992 2499 1066 2525 illum

282 2546 328 2580 qui
351 2545 428 2577 dicit,
456 2555 464 2571 ι
491 2546 612 2580 justitias
636 2549 664 2572 et
684 2545 787 2579 judicia
813 2553 861 2572 sua
891 2544 1067 2571 manifestare

281 2591 373 2618 Israeli
389 2592 427 2624 “;
445 2601 454 2617 ι
472 2591 574 2621 Israeli,
591 2592 714 2626 inquam,
736 2590 871 2624 spirituali
891 2590 917 2616 in
932 2589 1042 2616 Christo
1059 2599 1065 2616 :

280 2635 362 2663 Israel
376 2644 450 2668 vero,
467 2637 488 2663 si
503 2637 703 2670 interpreteris,
717 2640 758 2663 est
771 2644 842 2662 mens
851 2643 959 2662 cernens
972 2634 1064 2662 Deum.

279 2672 365 2716 Igitur
378 2682 423 2717 qui
441 2682 527 2709 Deum
550 2681 634 2714 videt,
652 2685 751 2716 potest,
774 2680 876 2715 Spiritu
890 2685 984 2707 sancto
1004 2679 1066 2707 illu-

279 2731 391 2758 stratus,
409 2728 540 2755 nonnulla
553 2727 656 2762 judicia
676 2731 704 2754 et
716 2726 845 2761 mysteria
857 2726 959 2753 Christi
977 2727 1066 2761 perci-

279 2779 356 2807 pere.
371 2773 438 2801 Nam
456 2783 465 2798 ι
485 2773 604 2808 Spiritus
625 2772 715 2799 omnia
737 2776 886 2803 scrutatur,
903 2771 984 2798 etiam
1001 2779 1065 2806 pro-

278 2817 363 2849 funda
384 2819 433 2847 Dei
447 2819 480 2847 ".
506 2829 514 2845 ι
532 2819 610 2847 Licet
626 2818 700 2845 enim
719 2817 823 2844 dictum
839 2817 892 2844 sit:
911 2826 920 2842 ‹
937 2816 1003 2850 Quis
1018 2825 1065 2844 co-

313 2894 336 2910 “
352 2893 436 2921 Eccli.
450 2902 488 2928 ut,
503 2894 548 2922 2'2.
585 2895 608 2910 ⁸³
625 2894 695 2921 Psal.
716 2903 795 2926 xxxv,
812 2895 836 2921 7.
875 2895 896 2910 "‘
914 2894 984 2921 Psal.
1002 2901 1099 2925 cuvu,

1114 193 1122 222 I
1144 192 1306 224 SINAITE
1845 197 1916 229 736

1116 248 1192 275 ἅτινα
1208 251 1231 276 οί
1249 250 1303 276 τῶν
1323 249 1460 284 Ἑλλήνων
1477 251 1630 286 μωρολόγοι
1649 252 1810 288 ἀστρολόγοι
1833 255 1920 281 κατά

1115 294 1163 328 τὴν
1180 295 1287 329 ἄστρων
1303 296 1410 330 κίνησιν
1433 296 1640 332 ἐμυθολόγησαν
1664 299 1721 330 τοῖς
1747 299 1919 334 ἀνθρώποις

1121 339 1223 366 τούτων
1240 341 1402 376 εἰρήκαμεν.

1273 411 1538 455 ΕΡΩΤΗΣΙΣ
1566 403 1674 465 ιβ’.

1155 489 1164 505 ι
1181 480 1242 506 Ὀτι
1258 471 1404 514 θαμὸεἵται
1425 481 1500 507 πᾶσα
1526 482 1543 515 ἠ
1566 482 1620 509 τῶν
1645 482 1798 519 ἀνθρώπων
1819 484 1919 518 φύσις

1117 526 1202 553 πολλὰ
1230 526 1334 560 φοὸερὰ
1362 526 1410 553 καὶ
1430 527 1611 562 κατὰπληκτα
1637 529 1683 555 ἐπὶ
1697 531 1753 560 τοῖς
1777 531 1919 561 θανάτοις

1116 572 1170 598 τῶν
1187 572 1339 606 ἀνθρώπιον
1357 573 1497 608 γινόμενα.
1515 574 1561 600 Διὸ
1581 575 1803 610 παρακαλοῦμεν,
1816 577 1916 603 εἰδυ-

1117 617 1205 646 νατὸν,
1223 617 1272 644 κᾶν
1288 618 1319 644 ὲκ
1338 619 1438 653 μέρους
1455 619 1561 653 μαθεῖν,
1580 620 1606 646 τί
1626 620 1726 655 δήποτε
1740 622 1831 648 πολλοὶ
1848 623 1918 648 τῶν

1115 663 1276 698 ἀνθρώπιον,
1294 664 1309 698 ἦ
1332 664 1380 690 καὶ
1402 665 1540 699 ἀρχόντων
1564 666 1609 692 καὶ
1630 666 1770 700 βασιλέων,
1788 669 1916 703 πονηροὶ

1116 708 1201 739 ὅντες,
1218 709 1263 734 καὶ
1279 709 1406 743 πονηρῶν
1425 709 1554 741 πολλάκις
1577 711 1747 745 μαθημάτων
1762 713 1809 738 καὶ
1823 712 1916 748 αἱρέ-

1117 762 1186 780 σεων
1208 754 1254 780 καὶ
1278 754 1410 781 ἀσεϐειῶν
1430 755 1595 787 διδάσκαλοι,
1616 758 1707 783 πᾶσαν
1733 757 1825 792 σχεδὸν
1852 758 1914 793 τὴν

1115 801 1279 835 οἰκουμένην
1301 801 1553 834 καταῦλάπτοντες,
1577 803 1747 838 πολυχρόνιοι
1763 805 1808 831 ἐπὶ
1832 806 1913 832 πολὺ

1115 846 1245 878 γίνονται,
1260 847 1303 872 ἐπ’
1318 847 1440 882 ἀπωλείᾳ
1465 847 1558 882 ψυχῶν
1589 849 1696 876 πολλῶν
1718 851 1764 876 καὶ
1784 851 1859 877 λαῶν
1873 852 1914 878 rb

1119 892 1314 927 μακρογρόνιον
1329 893 1517 927 κομισάμενοι.
1535 894 1644 929 Ἔτεροι
1659 895 1687 921 δὲ
1702 895 1836 928 εὐσεϐεῖς,
1856 900 1916 923 καὶ

1119 938 1207 964 πᾶσαν
1224 938 1323 973 ἀρετὴν
1337 939 1384 964 καὶ
1412 939 1569 966 θεοσέϐειαν
1583 941 1621 975 τῷ
1639 941 1734 976 κόσμῳ
1752 942 1914 977 κηρύττνφ-

1118 993 1174 1016 τες,
1188 985 1234 1010 καὶ
1249 984 1330 1011 αἴτιοι
1347 985 1451 1012 πολλῶν
1465 985 1559 1020 ψυχῶν
1579 987 1618 1018 εἰς
1640 988 1778 1022 σωτηρίαν
1793 989 1913 1021 γινόμεν-

1119 1038 1169 1061 vet,
1187 1029 1364 1064 ὀλιγοχρόνιοι
1385 1030 1483 1065 βιοῦσι,
1498 1031 1544 1057 καὶ
1560 1032 1588 1058 ὲν
1606 1032 1711 1066 νεότητι
1730 1033 1878 1060 τελευτῶσι
1905 1052 1912 1058 .

1122 1076 1212 1102 Ἀλλοι
1228 1076 1309 1102 πάλιν
1323 1076 1351 1108 ἐξ
1372 1077 1507 1111 Ἑλλήνων
1524 1077 1733 1112 βουλευσάμενοι
1751 1079 1913 1114 βαπτισθῆ-

1120 1130 1174 1152 ναι,
1195 1121 1247 1156 πρὸ
1264 1122 1328 1156 μιᾶς
1357 1122 1509 1155 πολλάκις,
1533 1123 1548 1157 ἦ
1573 1123 1703 1158 δευτέρας
1721 1124 1829 1159 ἡμέρας
1856 1125 1912 1151 τοῦ

1121 1165 1301 1201 βαπτισθῆναι
1313 1161 1365 1194 καί
1373 1168 1502 1203 σωθῆναι,
1516 1169 1696 1204 ἐτελεύτησαν
1708 1170 1736 1196 ὲν
1751 1171 1812 1201 ταῖς
1825 1169 1914 1201 ἰδίαις

1120 1213 1268 1247 ἁμαρτίαις
1281 1213 1444 1246 ἀπελθόντες
1455 1215 1484 1240 ὲν
1495 1214 1602 1251 γεέννῃ.
1619 1215 1727 1250 Ἕτερον.
1736 1215 1764 1242 δὲ
1779 1215 1831 1243 ὲπῐ
1841 1225 1914 1245 πεν-

1120 1259 1237 1291 τήκοντα
1248 1259 1264 1292 ἧ
1278 1259 1441 1294 ὀγδοήκοντα
1469 1261 1581 1294 χρόνους
1598 1262 1722 1296 σημείοις
1748 1261 1795 1288 καὶ
1809 1262 1914 1297 τέρασι

1118 1301 1328 1340 διαλάμποντες,
1346 1306 1446 1338 εὐθέως
1475 1307 1609 1334 ἀπέθανον
1634 1309 1663 1334 ὲν
1693 1310 1786 1341 κακοῖς
1812 1309 1916 1344 διαληο

1120 1351 1242 1385 φθέντες.
1268 1352 1322 1378 Καὶ
1339 1353 1353 1377 ό
1371 1351 1420 1386 μὲν
1444 1352 1577 1387 δυνάστης
1598 1353 1732 1389 δυσσεϐὴς
1746 1374 1753 1385 ,
1773 1354 1914 1388 ἀσθενείᾳ

1120 1396 1285 1431 περιπεσὼν,
1302 1397 1317 1431 ἢ
1335 1398 1363 1423 ἐν
1388 1397 1499 1432 πολέμῳ
1514 1397 1643 1428 ἀνελθὼν.
1660 1399 1826 1432 συνετάξατο
1842 1399 1913 1426 καθ’

1121 1440 1226 1471 ἑαυτὸν,
1244 1441 1284 1467 ὃτι
1300 1441 1378 1475 εἴπερ
1395 1441 1442 1467 ἐὰν
1462 1442 1530 1476 μετὰ
1545 1443 1623 1476 νίκης
1642 1442 1810 1479 ὑποστρέψῃ.
1826 1443 1913 1479 ῆτῆς

1123 1486 1218 1520 κλίνης
1238 1486 1369 1521 ἐξαναστῇ
1381 1506 1388 1516 ,
1407 1486 1490 1512 κλείει
1517 1487 1566 1520 μὲν
1589 1487 1638 1518 τὰς
1657 1488 1820 1522 ἐκκλησίας,
1835 1489 1915 1515 ἀνοί-

1121 1539 1165 1565 γει
1183 1531 1209 1557 δὲ
1224 1531 1288 1562 τοὺς
1307 1531 1362 1558 τῶν
1387 1531 1504 1558 είδώλων
1522 1531 1615 1563 ναούς·
1630 1532 1676 1558 καὶ
1697 1534 1711 1559 ό
1733 1532 1818 1560 ταῦτα
1843 1533 1912 1568 βου-

1120 1578 1286 1612 λευσάμενος
1300 1577 1399 1612 ἔζησε,
1424 1578 1470 1604 καὶ
1487 1577 1521 1603 τὰ
1541 1577 1636 1604 εἴδωλα
1660 1578 1775 1612 ἤνοιξεν.
1792 1579 1912 1613 Ἕτερος

1120 1623 1148 1649 δὲ
1163 1623 1294 1657 τύραννος
1309 1622 1465 1649 τούναντίον
1479 1623 1652 1655 συνετάξατο,
1665 1624 1707 1650 ὃτι
1723 1624 1769 1650 ἐὰν
1783 1625 1837 1660 τῆς
1850 1625 1913 1652 κλε-

1119 1679 1168 1705 νης
1192 1670 1240 1696 καὶ
1257 1670 1307 1705 τῆς
1327 1669 1405 1696 νόσου
1420 1670 1574 1705 ἀπαλλαγῇ,
1592 1670 1695 1704 ἀνοίγει
1720 1671 1769 1706 μὲν
1795 1671 1845 1703 τὰς
1861 1672 1913 1699 ὲκ-

1119 1715 1241 1750 κλησίας,
1252 1715 1336 1742 κλείει
1352 1715 1380 1741 δὲ
1394 1715 1428 1741 τὰ
1446 1715 1576 1747 είδωλεῖα;
1589 1716 1636 1742 καὶ
1650 1716 1754 1743 δίδωσιν
1769 1717 1909 1750 εὐποιίας,

1119 1755 1257 1797 ἐλευθεροῖ
1283 1762 1482 1797 αἰχμαλωσίας
1504 1760 1562 1789 εἶτα
1591 1763 1637 1789 καὶ
1664 1763 1713 1797 τὴν
1737 1761 1911 1789 νιατύπωσιν

1119 1809 1226 1835 πάντων
1247 1808 1350 1834 τούτων
1363 1808 1415 1834 τῶν
1431 1808 1540 1845 ᾁγαθῶν
1555 1807 1658 1843 ἔγραψε
1669 1828 1676 1840 ,
1699 1807 1746 1835 καὶ
1761 1807 1910 1845 μάρτυρας

1119 1852 1287 1880 ἀνατέθεικε-
1305 1852 1352 1878 καὶ
1369 1852 1400 1887 δὴ
1424 1852 1473 1878 οὐκ
1486 1853 1595 1887 ἀνέστη,
1621 1852 1678 1879 ἀλλ’
1703 1853 1733 1878 ὲν
1757 1852 1912 1886 ἁμαρτίαις

1119 1895 1168 1927 ὢν,
1184 1896 1355 1931 ἐτελεύτησε,
1370 1896 1416 1922 καὶ
1425 1896 1502 1922 οὐδὲν
1516 1896 1570 1922 τῶν
1582 1895 1717 1922 τοσούτων
1733 1895 1844 1930 ἀγαθῶν
1858 1896 1907 1930 γέ-

1119 1942 1246 1976 γονε·κα)⁵
1262 1942 1343 1978 ἕτερα
1354 1941 1381 1968 δὲ
1395 1941 1479 1977 μυρία
1497 1941 1635 1977 τ[οι]αὖτα
1653 1941 1710 1969 ἔστι
1723 1942 1783 1968 καθ’
1796 1942 1910 1976 ἡμέραν

1119 1987 1236 2015 εἴδεσθαι
1250 1989 1391 2023 γινόμενα.
1409 1987 1453 2024 Arb
1475 1989 1499 2014 οἱ
1517 1988 1565 2023 μὲν
1580 1988 1712 2022 ’Έλληνες
1728 1988 1910 2023 ἀποροῦνται,

1120 2034 1289 2070 ἀπρονόητον
1302 2032 1372 2061 εἶναι
1387 2034 1433 2060 τὸν
1449 2033 1551 2068 κόσμον
1566 2034 1704 2069 ἐνόμισαν,
1721 2034 1752 2060 οι
1770 2033 1798 2059 δὲ
1813 2034 1910 2060 πιστοὶ

1119 2080 1268 2115 δισταγμὸν
1284 2079 1413 2111 πολλάκις
1427 2080 1490 2106 τινὰ
1513 2081 1554 2111 είς
1575 2079 1625 2115 τὴν
1639 2079 1688 2106 τοῦ
1712 2078 1780 2105 Θεοῦ
1800 2079 1909 2105 δικαιο-

1119 2125 1227 2160 κρισίαν
1240 2124 1310 2151 κατὰ
1323 2124 1411 2159 ψυχὴν
1425 2124 1544 2159 ἔχοντες,
1562 2124 1614 2151 τινὶ
1630 2124 1678 2159 μὲν
1694 2124 1774 2150 τοῦτο
1790 2123 1910 2155 ἐξειπεῖν

1118 2171 1149 2197 οὐ
1160 2170 1279 2205 τρλμῶσι
1297 2171 1374 2205 μόνον
1385 2170 1413 2196 δὲ
1426 2171 1467 2196 ὅτι
1481 2170 1582 2196 ἔσωθεν
1596 2170 1650 2196 ἔσω
1665 2169 1909 2204 σκανδαλιζόμενοι

1118 2215 1167 2251 τὴν
1185 2215 1298 2250 καρδίαν
1313 2215 1519 2242 κατακαίονται.
1541 2224 1550 2240 ι

1411 2317 1605 2346 ΑΠΟΚΡΙΣΙΣ.

1139 2394 1141 2396 η
1156 2363 1216 2390 Ὀτι
1241 2363 1290 2398 μὲν
1305 2363 1384 2397 νόμος
1406 2363 1463 2389 ἐστὶ
1478 2363 1628 2398 Γραφικδς,
1641 2363 1656 2389 ὁ
1667 2362 1770 2396 λέγων·
1787 2371 1798 2388 ι
1817 2361 1909 2388 Χαλε-

1122 2409 1233 2443 πώτερά
1246 2417 1292 2435 σου
1318 2408 1355 2444 μὴ
1369 2408 1498 2441 ὲκξήτει,
1527 2408 1573 2435 καὶ
1600 2408 1764 2444 ἰσχυρότερά
1788 2415 1835 2433 σου
1866 2406 1910 2442 μὴ

1122 2453 1241 2486 ἐξέταξε,
1262 2463 1271 2479 ι
1290 2454 1408 2487 οἴδαμεν,
1429 2454 1504 2487 ὅμως
1523 2453 1575 2480 κᾶν
1589 2453 1761 2489 γέγραπται,
1778 2453 1819 2479 ὅτι
1836 2460 1846 2477 ι
1863 2451 1910 2478 Τὰ

1120 2500 1242 2534 κρίματα
1255 2499 1302 2525 τοῦ
1321 2499 1387 2525 Θεοῦ
1404 2498 1522 2531 ἄὸυσσος
1541 2499 1637 2534 πολλή.
1658 2509 1667 2525 ι
1685 2498 1756 2525 Ἀλλ’
1770 2498 1828 2524 ἐστι
1849 2497 1907 2524 πά-

1119 2544 1159 2570 λιν
1174 2545 1186 2570 6
1201 2544 1298 2577 λέγων,
1313 2544 1352 2570 ὅτι
1371 2553 1380 2568 ι
1403 2543 1533 2578 Γνωρὶςει
1552 2545 1566 2570 ὸ
1582 2543 1649 2575 Θεὸς
1672 2542 1842 2577 δικαιώματα
1856 2542 1908 2568 καὶ

1119 2591 1240 2626 κρίματα
1259 2589 1340 2616 αὑτοῦ
1354 2589 1392 2625 τῷ
1413 2589 1531 2625 Ἰσραὴλ,
1549 2599 1557 2615 ι
1576 2589 1648 2623 λέγω
1673 2589 1704 2624 δὴ
1721 2589 1766 2615 τον
1779 2596 1906 2622 πνευμα-

1119 2635 1192 2663 τικὸν
1208 2635 1279 2662 κατὰ
1293 2635 1421 2670 Χριστόν.
1445 2635 1554 2669 Ἰσραὴλ
1579 2635 1607 2661 δὲ
1627 2634 1806 2669 ἑρμηνεύεται
1830 2632 1908 2665 νοῦς

1119 2680 1195 2715 ὀρῶν
1210 2681 1264 2707 τὸν
1282 2680 1365 2707 Θεόν.
1384 2679 1489 2706 οὐκοῦν
1505 2680 1519 2705 ὁ
1532 2679 1577 2705 τὸν
1597 2679 1665 2705 Θεὸν
1687 2679 1771 2714 ὸρῶν,
1791 2678 1906 2704 δύναται

1119 2727 1184 2762 παρ’
1198 2726 1281 2753 αὑτοῦ
1305 2726 1514 2760 ὲλλαμπόμενος
1537 2725 1576 2760 τῷ
1593 2725 1663 2760 ἁγίῳ
1680 2724 1830 2760 Πνεύματι.
1850 2730 1907 2757 μα-

1119 2771 1175 2798 Θεῖν
1193 2779 1255 2798 τινα
1268 2771 1322 2798 τῶν
1338 2771 1481 2807 κριμάτων
1504 2770 1551 2796 καὶ
1581 2771 1740 2806 μυστηρίων
1765 2766 1903 2805 Χριστοῦ·

1123 2827 1131 2842 ι
1144 2816 1180 2843 Τὸ
1196 2816 1251 2852 γὰρ
1268 2816 1390 2852 Πνεῦμα,
1405 2816 1483 2852 φησὶ,
1496 2815 1583 2843 πάντα
1599 2816 1706 2851 ὲρευνᾶ.
1719 2814 1765 2842 καὶ
1782 2813 1815 2840 τὰ
1830 2810 1900 2848 βάθη

1117 2892 1161 2921 I9.
1196 2890 1241 2919 "I
1257 2891 1320 2919 Cor.
1344 2899 1373 2923 ιι,
1391 2891 1434 2919 lo.
