1989 3184
71 204 130 237 737

768 205 1024 244 QUIESTIONES«

1650 211 1704 247 738

70 261 126 288 τοῦ
141 260 220 287 Θεοῦ.
232 268 242 286 ι
254 260 286 287 Ei
301 260 356 297 γὰρ
373 261 421 288 καὶ
431 261 547 296 ειρηται·
563 270 572 287 ι
589 261 637 293 Τις
652 262 722 296 ἔγνω
736 263 797 289 νοῦν
816 265 865 290 Ku-

923 266 1017 299 gnovit
1033 266 1116 302 398
1129 274 1240 294 sensum
1262 267 1372 294 Domini
1386 262 1428 294 διι
1442 277 1451 294 ι
1465 268 1567 296 Paulus
1581 273 1670 298 tamen
1686 275 1716 298 et

75 306 160 342 plou;
180 315 189 331 ι
208 305 266 332 ἀλλ’
287 306 302 331 ὁ
326 306 431 337 Παῦλος
459 307 506 332 καὶ
521 308 545 333 οἱ
567 308 637 334 κατὰ
652 308 759 334 Παῦλον
776 308 871 342 λέγου-

73 360 138 385 σιν,
153 351 203 378 ὅτι.
216 361 225 377 ι
253 351 350 386 Ἡμεῖς
364 351 427 379 νοῦν
448 353 567 387 Χριστοῦ
584 353 693 388 ἔχομεν,
710 363 720 379 ι
738 353 809 380 καθὰ
823 354 871 380 καὶ

76 397 222 432 Ἱερεμίας
236 398 329 432 φησιν.
349 397 390 423 ὅτι
407 397 437 423 ού
457 397 494 432 μὴ
507 399 607 433 ποιήσῃ
623 398 726 433 Κύριος
744 399 870 434 πρᾶγμα,

71 443 149 477 ὅπερ
159 443 210 469 οὐκ
225 441 397 476 ἀποκαλύψει
416 444 472 474 τοῖς
486 443 590 474 δούλοις
607 444 689 470 αὐτοῦ
706 445 870 480 προφήταις.

111 488 145 514 Et
161 487 190 514 δὲ
205 489 261 519 τοῖς
273 489 302 514 ὲν
317 488 392 522 νόμῳ
402 488 508 523 ἐδήλου,
519 488 555 520 ὥς
570 497 654 523 φησιν
669 490 683 515 ὁ
696 490 789 522 Δαὸὶδ,
809 499 818 515 ι
832 490 872 516 Τὰ

72 533 163 569 ἄδηλα
174 533 224 560 καὶ
234 533 268 559 τὰ
279 533 383 568 κρύφια
394 534 442 567 τῆς
455 534 568 569 καρδίας
584 543 631 561 σου
644 534 782 570 ὲδήλωσάς
796 543 851 570 μοι,
859 544 868 560 ι

74 581 171 615 πολλῷ
197 580 279 606 πλέον
303 582 359 611 τοῖς
383 581 412 606 ἐν
429 582 461 615 τῇ
479 581 582 615 χάριτι,
605 581 703 613 οἵτινες
728 581 839 616 ἔμαθον.
854 581 872 608 ἃ

74 627 217 662 ὀφθαλμὸς
229 628 282 653 οὐκ
296 624 360 657 εἶδε.
377 627 424 653 καὶ
437 625 485 658 οὖς
497 627 547 653 οὐκ
562 628 673 662 ἤκουσε,
685 628 732 654 καὶ
745 629 791 654 ἐπὶ
804 632 872 663 καρ-

73 672 136 699 δίαν
154 672 300 708 ἀνθρώπου
320 672 371 698 οὐκ
387 672 482 707 ἀνέδη-
497 673 596 704 οἴτινες
609 673 656 700 καὶ
672 673 807 708 εἰσῆλθον,
826 675 872 700 καὶ

75 717 278 748 ἀνεπαύσαντο,
289 718 328 748 εἰς
339 717 398 744 Θείά
414 726 476 743 τινα
491 719 653 753 πράγματα,
669 727 678 744 ι
691 720 731 750 εἰς
743 718 760 745 ἃ
776 719 871 745 ἐπιθυ-

76 763 177 798 μοῦσιν
185 763 295 797 ἄγγελοι
304 763 477 798 παρακύψαι,
493 772 502 788 ι
518 763 555 794 ὡς
567 765 727 800 μσρτυρεῖὴ
738 764 797 791 θεία
805 765 871 800 Γρα-

75 811 125 845 φή·
155 810 254 841 οἵτινες
276 809 382 844 ἔχοντες
397 809 445 835 σὺν
463 809 501 844 τῷ
522 809 662 844 Πνεύματι
676 811 723 836 καὶ
747 810 792 837 τὸν
807 810 872 837 Υἰὸν

49 854 56 890 ἔ
75 855 184 882 καὶτὸν
209 855 329 890 Πατέρα,
349 854 426 881 κατᾶ
440 855 490 890 τὴν
511 855 659 890 ὑπόσχεσιν
681 855 801 891 Χριστοῦ
823 856 872 891 τὴν

74 901 224 935 λέγουσαν.
246 901 287 927 ὅτι
304 909 314 926 ι
339 900 523 935 Ἑλευσόμεθα
536 900 592 934 ἐγὼ
603 901 651 928 καὶ
666 901 680 928 ὁ
694 901 802 937 Πατὴρ,
823 901 871 928 καὶ

77 947 164 982 μονὴν
181 946 247 982 παρ’
268 945 343 981 αὐτῷ
365 947 548 981 ποιησόμεθα.
570 956 579 972 ι
598 946 652 973 Καὶ
676 943 758 974 πάλιν
776 947 869 982 φησιν,

75 993 117 1019 ὅτι
137 1002 146 1016 ι
167 992 264 1024 οὐδεὶς
283 991 413 1026 γινώσκει
436 992 482 1019 τὸν
508 992 629 1028 Πατέρα,
655 993 679 1018 εἰ
697 993 734 1028 μὴ
757 994 771 1019 ὁ
791 993 865 1024 Υἱὸς,

76 1039 125 1064 καὶ
152 1034 174 1071 ᾧ
198 1039 244 1064 ἐὰν
267 1037 394 1072 βούληται
415 1038 429 1063 ὸ
446 1037 510 1068 Υἱὸς
527 1037 717 1071 ἀποκαλύψαι.
740 1048 749 1064 ι
768 1038 798 1064 Εἰ
824 1036 870 1065 οὖν

76 1081 125 1107 καὶ
144 1081 226 1112 αὐτὸς
243 1081 257 1107 ό
271 1081 338 1112 Θεὸς
353 1081 400 1107 καὶ
421 1082 624 1117 παντοκράτωρ
649 1082 756 1118 Πατὴρ,
777 1084 871 1119 τρόπῳ

76 1128 131 1154 τινὶ
153 1127 335 1162 πνευματικῷ
350 1128 478 1162 ἀρρήτως
503 1128 732 1156 ἀποκαλύπτεται
757 1131 812 1162 τοῖς
829 1130 870 1157 δι-

77 1173 179 1205 καίοις,
198 1173 273 1208 πόσῳ
291 1181 323 1206 γε
347 1172 448 1208 μᾶλλον
471 1174 494 1200 οἰ
521 1173 596 1208 λόγοι
613 1175 661 1201 καὶ
681 1175 715 1201 τὰ
733 1177 870 1211 μυστήρια

77 1217 134 1244 τῶν
150 1218 311 1252 κτισμάτων
338 1217 439 1250 uomit;
470 1218 502 1245 Εί
527 1219 581 1254 γὰρ
606 1220 663 1251 τοῖς
678 1219 790 1254 Ἕλλησι
813 1221 870 1252 τοῖς

77 1263 164 1296 ἀξίοις
177 1264 245 1300 πρὸς
259 1264 428 1300 ἐπιστροφὴν
454 1265 500 1291 καὶ
528 1265 704 1299 θεογνωσίαν,
721 1265 813 1301 σχεδὸν
832 1267 870 1294 ιι-

79 1311 152 1341 πεῖν,
169 1309 217 1335 τοῦ
242 1309 368 1345 οὐρανοῦ,
384 1311 431 1336 καὶ
448 1309 511 1344 γῆς,
525 1310 573 1337 καὶ
588 1311 706 1346 ἄστρων.
722 1312 768 1337 καὶ
781 1311 868 1347 ἡλίου,

78 1356 126 1382 καὶ
151 1355 304 1390 Θαλάσσης,
333 1356 380 1382 καὶ
408 1356 558 1390 στοιχείων,
580 1357 627 1383 καὶ
647 1358 793 1392 σωμάτιον,
821 1358 869 1384 καὶ

80 1401 255 1436 πνευμάτων,
279 1401 310 1427 τὸ
330 1401 478 1436 μυστήριον
495 1401 527 1427 ὲκ
547 1401 648 1437 μέρους
671 1402 803 1437 ἐγνώρισε
821 1405 869 1430 καὶ

80 1446 240 1480 ἀπεκάλυψε
256 1446 326 1473 αὐτὰ
341 1446 355 1471 ὁ
369 1446 446 1478 Θεὸς,
463 1446 539 1481 πόσῳ
555 1455 587 1481 γε
609 1447 711 1482 μᾶλλον
730 1449 785 1479 τοῖς
801 1447 869 1475 ἐνοι-

80 1500 126 1518 κον
139 1491 219 1518 αὑτὸν
234 1491 324 1526 ἔχουσι
337 1500 344 1524 ;

118 1537 219 1564 Πολλαὶ
231 1538 280 1572 μὲν
293 1535 339 1564 οὗν
353 1537 419 1574 περὶ
433 1538 536 1564 τούτων
551 1538 662 1565 καὶτῶν
676 1539 805 1565 τοιούτων
820 1538 869 1574 ζη-

922 311 1072 339 imitatorcs
1087 313 1163 340 Pauli
1181 312 1277 340 dicunt
1293 323 1300 340 :
1321 323 1329 339 ι
1347 313 1402 341 Nos
1417 321 1526 342 sensum
1541 315 1640 343 Chriin
1665 316 1716 344 ha-

922 355 1019 383 bemus
1036 357 1073 389 ";
1093 367 1102 383 ι
1119 358 1351 392 quemadmodum
1375 358 1458 386 ctiam
1479 359 1611 387 Jeremias
1633 365 1717 387 testa-

923 406 967 429 tur
980 403 1064 430 Deum
1090 411 1145 430 non
1168 403 1304 431 facturum
1328 405 1448 439 aliquam
1471 413 1530 432 rem
1554 413 1635 440 quam
1660 414 1714 433 non

922 447 1112 481 patefacturns
1123 448 1159 475 sit
1173 449 1260 475 servis
1273 449 1331 476 suis
1346 450 1487 484 prophetis
1502 450 1535 476 ".

958 494 1043 520 Porro
1063 494 1084 521 si
1108 494 1151 522 bis
1168 495 1215 529 qui
1231 495 1282 522 sub
1304 495 1363 530 lege
1375 501 1453 523 erant
1467 496 1651 524 manifestavit
1665 505 1715 524 oc-

923 539 1007 570 culta,
1022 539 1124 566 Davide
1141 545 1256 567 canente
1273 549 1279 567 :
1299 551 1307 566 ι
1324 540 1429 568 Incerta
1447 546 1475 569 et
1490 542 1607 572 occulta,
1620 543 1714 570 cordis

923 583 962 610 tui
986 584 1164 611 manifestasti
1182 585 1248 611 mihi
1263 586 1304 617 ";
1329 595 1338 611 )
1357 587 1442 614 multo
1464 587 1549 621 magis
1570 588 1715 622 patefaciet

922 635 954 654 ea
973 627 1026 654 illis
1049 628 1095 662 qui
1112 629 1164 655 sub
1175 630 1260 663 gratia
1284 631 1400 664 degunt;
1418 630 1465 665 qui
1483 631 1639 658 didicerunt
1654 640 1714 666 quae

922 675 1019 701 oculus
1032 683 1086 702 non
1105 675 1182 705 vidit.
1197 683 1246 703 nec
1259 676 1334 702 auris
1345 677 1459 708 audivit,
1477 685 1528 704 nec
1543 678 1569 704 in
1593 685 1641 705 cor
1663 679 1715 705 lio-

922 721 1004 748 minis
1022 721 1205 748 ascenderunt
1228 723 1255 753 ‘;
1278 721 1324 756 qui
1341 722 1455 756 ingressi
1481 727 1545 750 sunt
1570 723 1596 749 in
1621 723 1716 751 divina

922 767 1045 802 quzedam
1064 767 1154 802 adyta,
1174 777 1182 791 ι
1200 767 1228 794 in
1248 775 1308 802 quze
1325 768 1414 802 angeli
1429 768 1589 795 desiderant
1604 769 1715 803 prospi-

922 820 996 844 cere,
1018 822 1027 838 ›
1054 817 1083 840 ιιι
1099 814 1137 840 ait
1152 813 1244 840 divina
1269 813 1409 848 Scriptura
1425 815 1435 830 ²
1451 823 1457 840 :
1473 814 1520 849 qui
1535 822 1596 841 cum
1620 820 1716 842 saneto

923 857 1026 892 Spiritu
1042 859 1140 886 Filium
1157 866 1267 894 quoque
1291 863 1319 886 et
1344 859 1452 886 Patrem
1469 860 1622 894 possident,
1636 860 1715 895 juxta

923 904 994 931 hanc
1008 903 1109 932 Christi
1127 905 1337 939 promissionem
1352 913 1360 931 :
1378 915 1386 930 ι
1402 905 1459 939 Ego
1480 909 1508 932 et
1525 905 1604 932 Pater
1621 907 1716 933 venie-

922 957 983 976 mus
997 949 1029 976 ad
1045 957 1119 979 eum.
1134 954 1162 976 et
1176 950 1345 976 mansionem
1357 950 1429 984 apud
1442 958 1504 977 eum
1519 951 1651 978 faciemus
1665 951 1685 978 ³.
1702 961 1711 976 ι

921 987 956 1024 Et
973 1006 979 1024 ;
997 1007 1005 1022 ι
1024 997 1108 1024 Nemo
1126 997 1266 1032 cognoscit
1283 998 1404 1029 Patrem,
1431 998 1482 1024 nisi
1501 998 1597 1029 Filius,
1621 1003 1648 1024 et
1669 998 1714 1025 cui

921 1043 1007 1070 Filius
1022 1043 1140 1070 voluerit
1166 1043 1291 1070 revelare
1306 1043 1326 1069 ⁵.
1346 1053 1354 1067 ι
1385 1043 1411 1070 Si
1430 1043 1513 1078 igitur
1528 1044 1584 1078 ipse.
1600 1044 1672 1071 Deus
1686 1049 1715 1071 ct

921 1089 1095 1124 omnipotens
1109 1090 1190 1116 Pater
1208 1089 1290 1116 modo
1305 1087 1424 1124 quodam
1439 1090 1574 1124 spirituali
1590 1091 1714 1118 ineffabi-

920 1135 984 1162 liter
1006 1135 1089 1169 justis
1115 1135 1270 1166 revelatur,
1291 1139 1394 1170 quanto
1416 1135 1501 1170 magis
1527 1135 1624 1163 iisdem
1650 1144 1712 1170 qum

921 1181 994 1208 circa
1016 1184 1156 1207 creaturas
1179 1180 1265 1214 ipsius
1287 1185 1420 1215 geruntur
1443 1181 1611 1215 patefaciet?
1634 1181 1667 1208 Et
1689 1182 1713 1208 si

921 1225 985 1253 olim
1004 1225 1105 1253 Graecis
1119 1225 1172 1253 hoc
1187 1226 1321 1253 beneﬂcio
1334 1225 1433 1260 dignis,
1451 1225 1485 1252 ad
1499 1226 1710 1253 conversionem

920 1271 1024 1306 Deique
1039 1271 1205 1306 agnitionem
1221 1271 1374 1298 notiﬁcavit
1390 1271 1482 1298 omnia
1503 1278 1536 1298 ex
1560 1276 1637 1305 parte
1652 1279 1713 1306 quas

921 1315 953 1343 ad
973 1316 1083 1346 cmlum,
1103 1319 1214 1346 tcrram,
1231 1321 1316 1347 astra,
1340 1316 1437 1347 solem,
1461 1323 1546 1346 mare,
1563 1316 1710 1348 elementa,

920 1370 1035 1397 corpora
1051 1367 1078 1389 et
1099 1362 1212 1396 spiritus
1228 1366 1363 1397 Spectant.
1378 1365 1482 1396 quanto
1496 1362 1582 1396 magis
1594 1361 1646 1388 hoc
1661 1362 1712 1389 be‘

921 1409 1049 1437 neficium
1071 1409 1213 1444 priestabit
1236 1409 1290 1436 illis
1313 1409 1340 1435 in
1361 1408 1472 1443 quibus,
1496 1416 1547 1435 ceu
1571 1408 1710 1443 indigcna,

921 1454 1045 1482 habitat?
1269 1461 1271 1463 ‘

955 1542 978 1569 Α
993 1542 1105 1570 condito
1120 1542 1224 1569 mundo
1239 1542 1272 1569 de
1287 1542 1331 1570 his
1354 1546 1381 1569 et
1401 1542 1428 1569 id
1449 1550 1535 1577 genus
1549 1541 1611 1569 aliis
1634 1548 1710 1576 qum-

80 1583 212 1618 τημὰτων
227 1582 257 1614 ἐξ
273 1583 377 1610 αἰώνων
390 1583 519 1617 γεγόνασι
534 1583 661 1618 ζητήσεις
670 1592 705 1610 τε·
715 1584 762 1610 καὶ
774 1584 865 1620 διερω-

919 1588 1022 1616 stiones
1046 1592 1074 1615 et
1095 1588 1178 1615 variae
1201 1588 1396 1621 dubitationes,
1423 1587 1662 1621 interrogationes.
1682 1591 1710 1614 et

80 1629 185 1663 τήσειςο
204 1629 251 1655 κα)⁸
275 1629 305 1655 οὐ
331 1629 395 1664 περὶ
413 1629 518 1656 τούτων
537 1629 629 1664 μόνον,
641 1629 709 1656 ἀλλὰ
732 1630 779 1656 καὶ
794 1630 867 1661 τινος

80 1674 160 1708 χάριν
180 1674 250 1710 ἀνὴρ
264 1674 336 1706 ὅσιος
353 1674 513 1709 περιπατῶν
535 1675 565 1700 ὲν
583 1674 645 1710 ὁδῷ,
659 1674 736 1709 ἄφνω
760 1675 867 1701 ἐτελεύ-

79 1727 173 1754 τησεν,
194 1718 287 1753 ἔτερος
302 1719 330 1744 ὲν
354 1718 486 1753 βαλανείῳ
499 1718 599 1752 ὁμοίως
613 1718 663 1753 τὴν
677 1719 766 1753 ψυχὴν
795 1727 868 1753 παρ-

82 1764 193 1796 έδωκεν,
203 1764 246 1790 έτε
251 1772 296 1799 ρος
304 1765 333 1790 ἐν
343 1764 466 1799 τραπέζῃ
475 1763 506 1789 τὸ
514 1764 643 1798 ποτήριον
650 1763 804 1800 δεξάμενος,
819 1765 867 1790 σὺν

79 1807 154 1843 αὐτῷ
171 1809 219 1835 καὶ
231 1808 261 1835 τὸ
273 1809 402 1843 ποτήριον
413 1808 460 1834 τοῦ
476 1807 590 1834 θανάτου
604 1808 680 1835 ἔπιεν
691 1817 697 1823 ·
713 1809 779 1844 ἄλλη
797 1809 865 1844 γυνὴ

78 1854 218 1885 τίκτουσα,
235 1853 301 1889 ἄλλη
319 1854 349 1879 ὲν
372 1853 412 1889 τῷ
436 1853 550 1889 θαλάμῳ
572 1854 640 1888 ἁγνὴ
657 1854 703 1880 καὶ¹
721 1853 864 1890 παρθένος,

79 1902 111 1935 τῇ
125 1900 186 1935 ὥρᾳ
197 1899 246 1926 τοῦ
255 1900 344 1934 γάμου
371 1900 419 1927 καὶ
431 1901 481 1935 τῆς
491 1901 578 1934 χαρᾶς
588 1899 773 1934 ἐτελεύτησεν
788 1899 866 1931 ἄλλος

80 1947 118 1978 tl;
137 1946 286 1982 ἱερωσύνην
302 1945 413 1977 δικαίως
429 1945 641 1981 προχειρισθεὶς,
657 1946 704 1972 καὶ
717 1944 806 1979 ψυχὰς
820 1944 865 1971 δυ-

80 1992 196 2027 νάμενος
213 1991 308 2024 σῶσα-ι,
324 1993 358 2027 τῇ
381 1992 460 2027 τρίτῃ
479 1992 571 2027 ἡμέρᾳ
594 1991 712 2026 νοσήσας
733 1991 864 2018 ἀπέθανε.

79 2037 147 2072 Περὶ
160 2035 197 2063 ὧν
212 2037 350 2069 ἁπάντων,
362 2038 376 2063 ὁ
392 2038 461 2072 μετὰ
473 2037 591 2068 πίστεως
607 2037 715 2072 χωρῶν,
729 2037 863 2072 χωρείτω,

79 2082 127 2108 καὶ
139 2082 187 2116 τὴν
202 2081 280 2108 λύσιν
298 2082 469 2114 ὰδιστάκτως
499 2083 570 2109 κατὰ
586 2082 635 2118 τὴν
648 2083 776 2118 Πατέρων
793 2082 864 2108 διδα-

79 2126 129 2161 χὴν
149 2127 281 2153 ἀκουέτω.

118 2172 163 2198 ἐν
179 2173 251 2206 ἀρχῇ
268 2172 386 2207 ποιήσας
411 2173 425 2198 ὸ
455 2172 522 2204 Θεὸς
537 2173 583 2199 τὸν
607 2172 734 2206 οὐρανὸν,
752 2174 799 2199 καὶ
813 2173 862 2208 τὴν

77 2219 138 2253 γῆν,
154 2218 202 2244 καὶ
216 2218 266 2253 τὴν
285 2218 434 2250 θάλασσαν,
452 2219 499 2245 καὶ
512 2219 604 2245 πᾶσαν
615 2218 719 2254 ταύτην
732 2218 781 2254 τὴν
793 2219 862 2252 ὁρω-

918 1632 1115 1660 controversize
1129 1632 1293 1660 exstiterunt
1309 1641 1315 1659 :
1330 1640 1382 1659 nec
1397 1632 1430 1660 de
1443 1631 1486 1659 his
1502 1632 1602 1662 solum,
1618 1631 1666 1658 sed
1681 1635 1710 1658 et

918 1678 952 1706 de
967 1679 1030 1706 aliis
1045 1687 1053 1705 :
1067 1683 1097 1705 ut
1111 1679 1189 1713 cujus
1201 1679 1287 1714 gratia
1301 1678 1344 1705 vir
1358 1683 1479 1709 sanctus,
1494 1677 1558 1704 dum
1575 1677 1708 1704 deambu-

917 1724 998 1755 laret.
1015 1724 1107 1751 subito
1123 1724 1275 1751 exstinctus
1289 1726 1340 1754 est,
1354 1723 1424 1750 alius
1436 1723 1463 1750 in
1476 1723 1575 1749 balneo
1587 1721 1710 1757 exspira-

917 1770 966 1801 vit,
985 1770 1056 1797 alius
1070 1771 1096 1797 in
1109 1778 1213 1801 mensa,
1227 1770 1327 1805 poculo
1344 1775 1467 1804 accepto,
1486 1770 1566 1796 simul
1582 1777 1643 1797 cum
1660 1769 1710 1797 illo

916 1816 1046 1850 poculum
1061 1816 1158 1842 mortis
1172 1816 1274 1848 ebibit;
1289 1816 1341 1842 alia
1356 1815 1455 1842 mulier
1468 1816 1494 1842 in
1508 1819 1599 1850 partu.
1612 1815 1663 1842 alia
1679 1815 1708 1842 in

917 1860 1037 1887 thalamo
1055 1860 1183 1887 inviolata
1200 1860 1287 1895 virgo,
1304 1860 1362 1894 ipso
1375 1860 1507 1894 nuptialis
1529 1860 1620 1894 gaudii
1636 1864 1707 1886 tem-

916 1914 993 1940 pore,
1008 1907 1126 1933 animam
1141 1906 1255 1938 elllavit;
1278 1906 1348 1933 alius
1362 1905 1515 1933 sacerdotio
1533 1906 1666 1935 initiatus,
1679 1908 1707 1932 et

916 1953 1064 1979 multarum
1089 1952 1241 1979 animarum
1262 1953 1340 1978 lucro
1365 1951 1529 1982 destinatus,
1552 1951 1631 1978 tertia
1649 1951 1704 1982 die,

916 1998 1013 2025 morbo
1027 2002 1180 2028 contracto.
1198 1997 1325 2024 moritur.
1340 1997 1377 2024 De
1390 1997 1490 2031 quibus
1501 1996 1640 2027 omnibus,
1657 1996 1705 2030 qui

915 2048 1004 2078 potest
1022 2050 1083 2069 Clllll
1110 2042 1162 2069 fide
1178 2049 1287 2076 capere,
1309 2042 1408 2076 capiat,
1426 2046 1453 2068 et
1475 2041 1643 2075 singulorum
1662 2049 1706 2068 so-

914 2088 1047 2115 lutionem
1059 2096 1092 2115 ex
1102 2087 1226 2115 doctrina
1239 2092 1394 2114 sanctorum
1405 2086 1516 2114 Patrum
1529 2086 1633 2113 audiat.

948 2176 978 2202 ln
1001 2175 1148 2210 principio,
1176 2174 1286 2209 quando
1319 2174 1389 2201 Deus
1414 2174 1512 2201 cmlnm
1537 2178 1564 2200 et
1591 2178 1702 2205 terram,

915 2229 999 2252 mare.
1017 2227 1045 2248 et
1068 2221 1224 2248 universam
1245 2221 1316 2247 hanc
1331 2220 1525 2254 aspcctabilcm
1547 2220 1702 2246 creaturam

78 2264 162 2299 μένην
177 2265 279 2294 κτίσιν,
298 2265 330 2290 έιι
346 2264 489 2300 τεσσάρων
516 2264 656 2299 στοιχείων
672 2264 757 2298 αὐτὴν
772 2272 861 2299 παρα-

919 2267 1047 2300 :ondidit,
1078 2275 1111 2294 ex
1133 2271 1252 2300 quatuor
1271 2267 1414 2293 elementis
1441 2274 1500 2293 cam
1521 2266 1636 2292 mirifice
1657 2273 1704 2293 co-

75 2309 159 2342 δεξως
171 2309 367 2339 κατεσκεύασε,
383 2308 473 2341 καθὼς
485 2309 532 2335 καὶ
547 2309 598 2344 ἠδη
612 2308 757 2344 προλαεὼν
771 2307 856 2342 εἶπον,

76 2354 108 2381 ὲκ
121 2355 219 2389 πυρὸς,
234 2355 282 2381 καὶ
298 2353 405 2386 ὕδατος,
419 2354 483 2388 γῆς.
499 2354 546 2382 καὶ
560 2354 654 2390 ἀέρος·
669 2354 699 2387 ἐξ
713 2351 750 2385 ὧν
765 2355 813 2382 καὶ
828 2355 859 2382 τὸ

76 2400 155 2434 σῶμα
174 2400 205 2427 τὸ
223 2399 306 2435 ἡμῶν
333 2400 382 2426 καὶ
397 2399 453 2426 τῶν
470 2399 548 2432 ζώων
565 2400 716 2434 σύγκειται.
735 2400 857 2427 Δέδωκεν

73 2445 120 2472 οὖν
133 2447 147 2471 ό
161 2445 227 2476 Θεὸς
252 2444 356 2476 τούτοις
377 2446 433 2476 τοῖς
447 2445 578 2480 τέσσαρσι
594 2445 747 2480 στοιχείοις.
764 2445 859 2482 ὥσπερ

73 2491 129 2517 τισὶ
155 2491 317 2525 στρατηγοῖς
345 2491 394 2516 καὶ
420 2490 554 2525 ἡνιόχοις,
582 2491 674 2523 καθὼς
704 2492 752 2518 καὶ
778 2492 860 2524 αὐτὸς

74 2535 208 2568 ϐούλεται,
225 2536 336 2563 διοικεῖν
348 2536 396 2563 καὶ
406 2536 495 2570 ἄγειν,
510 2537 647 2572 κυόερνᾷν
659 2537 708 2573 τὴν
719 2538 748 2567 ιε
759 2538 858 2572 αὐτῶν,

71 2582 166 2618 ὥσπερ
191 2583 224 2609 ὲκ
239 2583 364 2617 πατέριον
381 2582 462 2609 τινῶν
476 2583 654 2618 γεννηθεῖσαν
680 2584 727 2610 καὶ
751 2584 858 2619 σχεδια-

73 2627 188 2655 σθεῖσαν
203 2628 258 2655 τῶν
274 2629 409 2663 σωμάτων
433 2629 524 2663 φύσιν.
541 2629 623 2656 Ὅθεν
637 2630 685 2657 καὶ
704 2630 777 2656 ἔστιν
791 2630 859 2656 εἴδε-

70 2674 135 2700 σθαι
149 2674 192 2700 ἀεὶ
209 2674 297 2701 πάντα
312 2674 346 2701 τὰ
363 2674 473 2708 ἐπίγεια
494 2674 621 2709 σώματα,
641 2675 689 2701 καὶ
704 2675 792 2709 φυτὰ,
809 2675 856 2702 καὶ

69 2719 139 2752 ζῶα,
157 2720 204 2747 καὶ
220 2720 293 2747 ἅπαν
316 2719 440 2756 ἔμψυχόν
459 2729 489 2747 τε
516 2721 562 2747 καὶ
582 2720 686 2755 ἄψυχον
714 2721 783 2756 πρὸς
804 2722 856 2756 τὴν

67 2763 124 2790 τῶν
143 2765 233 2800 ἀέρων
250 2765 298 2791 καὶ
321 2764 376 2791 τῶν
401 2765 543 2800 στοιχείων
557 2766 657 2799 κρᾶσιν
672 2765 793 2800 ἀγόμενα
808 2766 855 2792 καὶ

68 2809 231 2844 ποιούμενα,
249 2811 296 2837 καὶ
313 2811 543 2846 μεταποιούμενα,
559 2811 606 2837 καὶ
621 2811 820 2846 παλαιούμενα,
837 2812 853 2846 ἢ

911 2312 1086 2348 agmentavit.
1105 2317 1134 2339 ut
1152 2312 1228 2346 prius
1251 2312 1333 2338 etiam
1346 2311 1461 2342 dictum.
1482 2319 1514 2338 ex
1531 2311 1602 2346 igne,
1621 2318 1701 2345 aqua,

913 2362 995 2390 terra,
1020 2365 1093 2385 aere.
1121 2358 1161 2385 Ex
1184 2357 1285 2392 quibus
1309 2357 1391 2384 etiam
1414 2364 1513 2391 corpus
1535 2361 1658 2383 nostrum
1675 2359 1703 2383 et

911 2404 1068 2431 animalium
1090 2408 1207 2431 constat.
1230 2403 1309 2431 Dedit
1334 2403 1416 2437 igitur
1441 2403 1511 2429 Deus
1528 2402 1570 2429 his
1584 2406 1703 2436 quatuor

911 2449 1056 2476 elementis
1077 2448 1154 2475 velut
1169 2447 1287 2474 ducibus
1301 2447 1382 2482 399
1396 2451 1424 2473 ct
1441 2446 1554 2481 aurigis,
1567 2450 1648 2481 prout
1659 2446 1701 2480 ip-

910 2494 969 2522 sius
977 2494 1103 2521 voluntas
1115 2493 1177 2525 fert.
1189 2497 1349 2528 potestatem
1362 2492 1581 2522 administrandi,
1591 2490 1699 2526 agendi.

909 2542 937 2566 et
951 2538 1123 2574 gubernandi
1139 2545 1300 2572 corpoream
1324 2542 1450 2564 naturam
1469 2545 1501 2564 ex
1525 2537 1602 2572 ipsis,
1625 2536 1701 2563 velut

909 2593 942 2612 ex
958 2585 1082 2620 patribus
1098 2584 1264 2619 quibusdam
1278 2584 1448 2619 progenitam
1465 2587 1494 2610 et
1515 2587 1697 2617 compactam.

909 2631 980 2658 Hinc
993 2630 1088 2657 videre
1103 2634 1144 2657 est
1166 2629 1257 2657 omnia
1273 2630 1414 2656 terrestria
1440 2637 1568 2663 corpora,
1591 2628 1699 2663 plautas

908 2676 1051 2707 nimirum,
1067 2680 1095 2702 et
1109 2675 1248 2706 animalia,
1260 2679 1288 2702 et
1299 2674 1391 2701 omnia
1410 2679 1464 2701 tam
1483 2673 1603 2700 animata
1615 2680 1693 2707 quam

905 2721 1065 2752 inanimata,
1090 2721 1125 2748 ad
1146 2721 1218 2748 aeris
1240 2725 1268 2748 et
1289 2721 1488 2748 elementorum
1506 2719 1648 2746 misturam
1669 2721 1695 2744 ct

904 2771 1151 2801 temperamentum
1162 2766 1323 2802 circumagi,
1337 2765 1526 2796 transmutari,
1537 2769 1692 2793 senescere.

904 2813 1081 2847 reviviscere,
1092 2812 1240 2847 corrumpi.
1255 2813 1284 2840 Si
1297 2813 1330 2840 de
1341 2812 1385 2839 his
1397 2811 1517 2842 dubitas.
1530 2809 1609 2839 cedo.
1622 2807 1694 2834 unde

100 2867 126 2883 "
144 2865 306 2902 lCor.",lG;
328 2868 407 2895 Rom.
424 2876 460 2899 XI.
477 2868 521 2895 54.
560 2868 583 2884 ’⁷
602 2867 687 2895 lCor.
706 2876 735 2899 ιι,
751 2867 791 2894 16.
831 2867 853 2884 ³⁸

919 2876 967 2896 ιιιι.
984 2876 1045 2901 xxv,
1060 2869 1087 2901 ι,
1101 2873 1129 2896 et
1139 2868 1204 2896 alibi
1220 2875 1301 2902 saepe.
1340 2867 1363 2883 ”
1378 2866 1448 2894 Psal.
1469 2873 1494 2897 ι.,
1511 2864 1538 2891 8.
1576 2863 1584 2879 ’
1600 2862 1610 2890 ι
1628 2861 1692 2889 Cor.

65 2909 86 2935 1,
100 2902 130 2930 9.
169 2903 179 2918 '
193 2902 204 2930 1
218 2902 293 2930 Petr.
312 2911 330 2934 ι,
350 2903 395 2930 12.
435 2903 444 2918 ³
463 2903 543 2930 Joan.
555 2911 610 2934 xtv.
621 2903 667 2930 25.
707 2905 716 2918 '
729 2903 823 2930 Matth.
841 2911 878 2935 ιι,
892 2904 936 2930 27.
