1989 3184
308 187 360 218 739

911 186 940 213 S.
961 182 1160 213 ANASTASII
1179 181 1340 211 SINAIT/E

1879 174 1941 204 H0

307 244 347 274 tit,
364 247 394 268 ιιι
415 250 485 276 srepc
501 241 642 268 mortifera
663 241 723 268 lues
738 241 848 268 invadat
869 241 958 271 bruta,
974 239 1093 266 volatilia

1156 236 1313 271 μυχούμενσ..
1329 236 1376 262 καὶ
1394 233 1612 269 ζωογονούμενα,
1662 231 1840 267 φθειρόμενα.
1859 229 1893 255 ΕΞ
1911 229 1939 254 δὲ

307 293 334 315 ει
351 288 440 322 pisces
457 287 551 320 maris.
566 287 613 322 qui
633 287 708 314 nullo
729 291 842 322 peccato
863 293 922 313 sese
941 286 1095 313 obstrinxe-

309 334 394 360 runt?

346 465 429 501 Igitur
454 469 482 492 ct
505 465 655 492 humanum
681 472 780 499 corpus
805 468 943 495 nostrum.
969 472 1001 491 ex
1025 469 1094 491 terra

309 515 459 545 sumptum,
479 510 601 545 ejusdem
627 518 689 537 cum
716 509 769 537 illis
794 510 963 542 substantire,
983 510 1096 537 mortale

310 561 338 584 et
351 557 541 591 corruptibile,
555 564 589 583 ex
604 556 657 582 illis
675 555 741 590 ipsis
751 556 893 582 elementis
905 555 1096 590 compositum,

309 602 456 636 exquibus
477 602 559 628 etiam
576 601 702 628 animalia
718 605 855 631 constant,
870 601 963 627 divino
978 600 1096 635 quodam

310 653 337 675 et
353 648 482 683 primtcvo
500 647 637 678 mandato,
664 651 694 674 ut
715 647 782 673 mihi
797 645 916 678 videtur.
935 647 969 673 ab
983 647 1026 673 his
1040 647 1096 674 ele-

310 693 419 725 mentis,
438 694 513 719 velut
530 701 543 720 a
566 692 828 727 primogenitoribus
842 692 1017 726 quibusdatn,
1029 696 1096 718 nutu

311 739 370 770 Dei,
382 739 600 768 administratur,
613 738 730 773 regitur,
739 738 872 773 augescit,
885 738 962 770 vivit,
974 742 1097 772 mgrotat,

313 783 422 810 tandem
448 783 574 810 moritur.
593 783 682 810 Vitam
704 791 769 810 vero
793 787 821 810 et
842 788 957 810 tnortem
980 784 1097 818 appello,

312 837 372 862 quae
383 829 475 856 divina
490 829 591 855 virtute
603 829 764 856 naturaliter
776 836 808 855 ex
821 829 1020 856 elementorum
1034 837 1100 856 con—

312 874 453 908 junctione
477 874 519 901 vel
553 874 732 901 dissolutione
758 874 854 900 oritur.
883 873 1017 906 Cmterum
1045 878 1099 901 tres

1145 280 1327 314 ἀμφιΰάλλειν
1342 280 1429 307 δοκεῖς
1442 280 1498 310 τοῖς
1511 278 1677 313 εἰρημένοις,
1696 274 1755 302 είπέ
1775 283 1830 310 μοι,
1851 273 1940 299 πόθεν

1146 325 1276 356 πολλάκις
1299 324 1433 352 θανατικὰ
1462 323 1605 359 συμϐαίνει
1630 322 1687 353 τοῖς
1706 320 1796 352 ζώοις,
1810 318 1859 345 καὶ
1879 317 1938 348 τοῖ,

1146 373 1289 402 πετεινοῖς,
1305 371 1416 402 καὶτοῖς
1435 369 1523 405 ἰχθύσι
1547 369 1595 404 τῆς
1613 367 1761 402 θαλάσσης,
1780 362 1838 396 τοῖς
1853 363 1941 399 μηδὲν

1146 417 1213 452 πρὸς
1237 416 1303 443 (θεὸν
1318 417 1508 451 ἁμαρτήσασιν
1520 424 1527 448 ;
1773 421 1785 425 ‘

1161 488 1167 493 ,
1185 462 1291 488 Οὐκοῦν
1308 462 1356 488 καὶ
1373 461 1403 487 τὸ
1421 460 1591 496 ἀνθρώπινον
1608 458 1686 493 ἡμῶν
1708 457 1738 482 τὸ
1757 457 1789 482 ἐκ
1812 455 1863 488 τῆς
1887 454 1942 487 γῆς

1147 507 1250 542 ληφθὲν
1271 508 1361 542 σῶμα,
1394 506 1539 541 ὀμοούσιον
1561 505 1653 535 αὐτοῖς
1680 501 1814 536 ὑπάρχον,
1840 499 1942 533 θνητὸν

1148 554 1194 580 καὶ
1210 553 1340 588 φθαρτὸν,
1359 554 1390 579 ἐκ
1406 552 1459 578 τῶν
1474 550 1564 577 αὐτῶν
1582 548 1721 584 στοιχείων
1745 547 1792 573 καὶ
1812 545 1863 580 τὴν
1889 545 1942 570 σύ-

1149 607 1244 626 στασιν
1261 598 1333 633 ἕχον,
1352 598 1382 630 ἐξ
1400 596 1437 624 ὧν
1447 597 1495 623 καὶ
1511 597 1546 622 τὰ
1560 596 1617 628 ζῶα
1631 595 1806 628 συνέστηκεν,
1823 592 1862 622 ὡς
1875 591 1943 625 ἐμοὶ

1148 646 1230 677 δοκεῖ,
1250 645 1310 680 θείᾳ
1331 645 1378 670 καὶ
1393 643 1529 678 ἁρχεδὸτῳ
1553 640 1711 677 προστάξει,
1728 638 1780 664 ὑπὸ
1795 637 1850 664 τῶν
1864 645 1944 662 στοι-

1149 691 1229 726 χείων
1250 690 1350 716 ὡσανεί
1372 698 1453 716 τινων
1474 688 1645 722 γεννητόρων
1670 684 1764 716 αὐτοὶ
1780 683 1853 718 λόγῳ
1868 682 1941 708 Θεοτιῦ

1148 737 1300 767 διοικεῖται,
1316 736 1364 762 καὶ
1379 736 1489 769 ἄγεται,
1502 734 1549 760 καὶ
1567 733 1654 766 αὔξει,
1667 731 1713 758 καὶ
1727 731 1770 766 ζῇ,
1790 729 1838 756 καὶ
1853 729 1939 759 νοσεῖ,

1150 780 1197 807 καὶ
1212 780 1333 815 τελευτᾷ.
1351 779 1427 814 Ζωὴν
1447 778 1476 804 δὲ
1497 776 1544 804 καὶ
1563 775 1692 810 τελευτὴν
1715 774 1787 807 λέγω
1811 772 1861 807 τὴν
1879 771 1939 805 Θείᾳ

1150 826 1263 860 δυνάμει
1284 824 1406 859 φυσικῶς
1429 825 1462 850 ἐκ
1486 823 1535 858 τῆς
1559 821 1612 848 τῶν
1639 819 1778 854 στοιχείων
1815 816 1938 846 ὲνώσεως

1151 871 1198 898 καὶ
1209 871 1367 906 διαιρέσεως
1383 869 1592 904 συνισταμένην.
1611 867 1760 903 Τρεῖς-(ἂρ
1775 862 1832 890 οἶδα
1848 862 1942 894 τάξεις

313 921 419 954 species
436 921 532 947 mortis
549 924 650 952 statuo,
666 928 747 946 unatn
769 927 940 946 communem
961 924 989 946 et
1003 920 1098 954 vulga-

1156 918 1239 951 λέγειν
1254 917 1386 944 θανάτου·
1407 919 1471 951 μίαν
1486 915 1534 950 τὴν
1552 914 1623 940 κατὰ
1645 911 1734 939 κοινοῦ
1755 910 1813 945 ἰδίῳ
1829 909 1939 941 θανάτῳ

315 971 379 998 tam,
395 973 447 999 qlia
463 965 586 1000 plerique
608 965 811 1000 defunguntur;
835 966 947 992 alteram
969 966 1099 1000 spiritua—

312 1011 376 1041 lem,
398 1011 486 1044 qualis
507 1015 568 1037 erat
589 1008 798 1038 Corinthiorum
824 1011 934 1046 indigne
949 1012 1102 1039 communi-

311 1055 433 1082 cantium
457 1056 477 1087 ⁵,
504 1064 564 1090 qua:
583 1056 649 1090 ipsis
671 1064 685 1083 a
710 1056 766 1083 Deo
790 1064 839 1090 per
860 1057 1100 1084 comminationcm

313 1102 434 1129 immissa
447 1107 502 1135 est;
518 1103 627 1136 qualem
639 1102 784 1130 subierunt
798 1110 906 1137 quoque
921 1102 1102 1138 primogenita

312 1147 420 1183 ngypti
438 1149 465 1180 ⁶;
482 1156 572 1183 neque
585 1148 657 1175 enim
674 1149 792 1177 naturali
808 1149 879 1175 aeris
894 1149 936 1176 vel
955 1149 1104 1176 elemento-

313 1203 374 1221 rum
389 1194 487 1221 ordine
498 1198 526 1221 ct
544 1194 752 1226 constitutione,
766 1194 813 1221 sed
827 1202 859 1221 ex
872 1194 965 1221 divina
979 1194 1103 1229 indigna-

313 1240 398 1272 tione,
416 1248 489 1267 mors
501 1240 544 1267 eis
557 1240 630 1267 illata
646 1244 698 1267 est.
721 1240 812 1267 Tertia
835 1244 878 1267 est
894 1240 939 1267 illa
953 1248 1014 1275 qua:
1028 1241 1104 1267 inex-

314 1284 434 1320 plicabili
454 1283 559 1319 judicio
582 1284 630 1311 Dei
647 1289 700 1311 tam
713 1284 796 1319 justis
819 1293 902 1319 quam
923 1285 1031 1320 injustis
1051 1285 1102 1312 ali—

314 1330 425 1364 quando
447 1329 570 1361 obvenil,
595 1329 659 1356 dum
685 1330 901 1364 praecipitantur,
922 1331 1102 1363 suﬂ‘ocantur,

314 1376 357 1402 vel
377 1380 448 1402 terra
471 1375 627 1402 obruuntur
648 1383 680 1402 ac
700 1375 889 1407 defodiuntur,
905 1381 987 1410 prout
1005 1376 1105 1404 accidit

316 1421 380 1448 ﬁliis
392 1421 442 1448 Job
458 1421 479 1447 ".
498 1420 631 1448 Similiter
645 1421 714 1448 duas
726 1420 789 1448 vitae
801 1422 970 1449 diﬂ'erentias
982 1423 1106 1458 agnosci-

315 1473 394 1492 mus:
409 1466 493 1492 altera
515 1470 557 1492 est
578 1466 732 1493 communis
747 1471 775 1493 et
792 1467 911 1502 vulgata,
924 1475 994 1502 qum.
1008 1472 1038 1495 ut
1056 1476 1106 1495 sa:-

314 1512 377 1546 pius
394 1511 460 1543 dixi,
479 1512 525 1538 Dei
546 1512 728 1547 providentia,
743 1521 778 1540 ex
792 1513 991 1541 elementorum
1005 1520 1067 1549 apta
1078 1518 1106 1541 et

316 1558 385 1585 bene
410 1562 561 1592 temperata
584 1558 783 1593 gubernatione
809 1559 933 1592 exsistit;
957 1560 1042 1587 altera
1063 1564 1106 1587 est

315 1602 448 1629 divinitus
459 1609 599 1634 concessa,
615 1603 747 1637 singulari
760 1610 874 1630 munere
885 1604 932 1630 Dei
945 1604 1105 1636 obveniens.

299 1681 301 1684 ρ
315 1647 405 1682 qualis
420 1652 479 1674 erat
494 1647 629 1680 Ezechix,
646 1648 805 1682 quindecim
827 1657 961 1676 annorum
977 1649 1030 1676 vita
1047 1655 1108 1684 post

317 1693 454 1725 morbum,
476 1693 585 1721 coalitus
600 1694 740 1728 impertita
762 1695 790 1727 ⁸,
815 1695 904 1730 qualis
928 1694 1024 1722 Lazari
1046 1699 1108 1730 post

316 1739 556 1766 resuscitationem
571 1739 593 1770 ',
607 1743 635 1766 et
651 1740 833 1773 quorumdam
849 1741 991 1768 similium.

354 1783 430 1812 Scire
452 1784 526 1811 enim
552 1789 661 1819 oportet
688 1785 784 1818 Deum,
810 1791 938 1814 tanuuam
962 1787 1106 1814 Dominum

317 1830 380 1857 vitae
396 1835 424 1857 et
445 1830 550 1863 mortis,
568 1835 683 1862 natum,
699 1831 908 1863 elementorum,
930 1839 958 1859 et
973 1840 1106 1864 omnium,

318 1875 468 1907 interdum,
483 1874 594 1909 quando
605 1879 632 1902 et
642 1875 689 1902 ubi
701 1875 788 1907 lubet,
800 1875 863 1903 vitae
872 1876 957 1903 vitam
970 1876 1106 1911 adjicere;

317 1925 345 1947 et
359 1921 405 1947 ubi
422 1921 504 1948 etiam
522 1921 609 1953 lubet.
628 1925 745 1948 mortem
762 1921 874 1954 inferre,
889 1922 971 1957 justis
985 1931 1107 1958 quoque;

318 1971 401 2001 prout
413 1966 446 1994 ad
462 1967 572 2002 Moysen
583 1967 621 1994 ait
636 1976 642 1993 :
663 1976 672 1992 ‹
688 1967 849 2002 Apponatur
863 1968 954 1996 Aaron
968 1968 1002 1995 ad
1017 1973 1109 2004 patres

317 2019 382 2038 suos
408 2011 445 2044 ¹⁰;
475 2021 484 2036 ι
499 2015 540 2039 ~et
564 2012 596 2039 ad
624 2012 713 2046 ipsum
735 2012 846 2047 Moysen
870 2020 877 2039 :
905 2022 915 2038 ‹
936 2013 1060 2041 Ascende
1079 2014 1109 2041 in

318 2061 450 2089 montem,
482 2061 510 2084 et
542 2064 651 2084 morere
669 2057 707 2088 ,“.
741 2066 749 2082 ι
782 2057 865 2093 400
895 2058 955 2085 Meo
992 2058 1108 2094 judicio,

318 2102 549 2136 quemadmodum
572 2102 847 2135 Nabuchodonosori,
869 2103 976 2137 Davidi,
1000 2109 1028 2132 et.
1048 2105 1110 2132 aliis

318 2148 482 2181 quibusdam
503 2147 667 2182 populorum
693 2148 818 2182 patribus
847 2152 875 2175 et
908 2150 1030 2184 gentium
1051 2158 1109 2178 ma—

312 2191 379 2228 gnis
407 2194 528 2228 regibus,
559 2194 592 2220 ad
620 2194 713 2229 populi
745 2195 904 2230 dignitatem
929 2201 956 2223 et
979 2198 1109 2233 splendo-

1152 962 1350 998 συνισταμένην
1362 971 1368 978 ·
1389 961 1519 997 δευτέραν
1535 961 1563 987 δὲ
1586 960 1622 992 ὼς
1642 958 1691 994 τὴν
1707 956 1861 993 Κορινθίων
1873 953 1941 980 ποτὲ

1151 1009 1269 1042 ἀναξίως
1288 1008 1500 1038 κοινωνούντων.
1518 1007 1566 1034 καὶ
1581 1006 1651 1033 κατὰ
1667 1005 1742 1032 θείαν
1755 1002 1872 1037 ἀπειλὴν
1889 1001 1939 1026 αὖ·

1152 1057 1207 1087 τοῖς
1226 1055 1416 1090 πεμπομένην,
1433 1054 1492 1080 οἵαν
1507 1054 1553 1080 καὶ
1571 1053 1610 1083 είς
1627 1050 1674 1078 τὸν
1698 1051 1870 1084 πρωτότοκον
1891 1047 1940 1072 Δί-

1152 1100 1268 1134 γὺπτου,
1285 1100 1315 1126 οὺ
1325 1091 1396 1126 κατὰ
1413 1098 1531 1134 φυσικὴν
1547 1097 1707 1125 ἀκολουθίαν
1725 1094 1815 1129 ἀέρων
1829 1094 1847 1128 ἢ
1866 1102 1940 1120 crto:-

1153 1146 1233 1181 χείων
1259 1146 1454 1180 γεγενημένην,
1481 1145 1548 1172 ἀλλὰ
1576 1145 1624 1170 καὶ
1652 1143 1722 1170 κατὰ
1740 1141 1816 1168 θείαν
1842 1140 1941 1176 ὀργήν.

1153 1192 1257 1228 Τρίτην
1272 1191 1299 1218 δὲ
1313 1192 1361 1227 τὴν
1374 1191 1427 1219 τῶν
1444 1191 1514 1218 κατὰ
1529 1191 1647 1229 ἄρρητον
1670 1189 1756 1224 κρῖμα
1779 1187 1849 1214 Θεοῦ
1871 1195 1942 1221 χρη-

1155 1237 1337 1273 μνιζομένων,
1353 1236 1369 1272 ἢ
1387 1236 1593 1271 πνιγομένων.ἢ
1607 1233 1872 1269 χαταχωννυμένων,
1883 1231 1943 1258 ἁδί-

1154 1293 1209 1310 κων
1228 1292 1257 1310 τε
1284 1284 1332 1310 καὶ
1356 1283 1479 1315 δικαίων,
1495 1281 1532 1314 ὼς
1559 1281 1606 1308 ἐπὶ
1632 1281 1687 1307 τῶν
1716 1280 1781 1306 υἱῶν
1797 1279 1845 1305 τοῦ
1869 1277 1942 1304 Ίώῦ.

1161 1330 1277 1365 Ὁμοίως
1293 1329 1338 1356 καὶ
1354 1329 1427 1364 ζωῆς
1441 1329 1488 1355 δύο
1506 1327 1575 1355 εἶναι
1596 1327 1728 1362 διαφορὰς
1750 1324 1943 1362 ὲπιστᾲμεθα.

1141 1376 1228 1409 ,Μίαν
1245 1375 1294 1411 μὲν
1319 1374 1368 1410 τὴν
1394 1374 1464 1401 κατὰ
1489 1372 1580 1400 κοινοῦ
1601 1372 1734 1408 φυσικῶς,
1750 1372 1789 1402 ᾡς
1811 1369 1943 1399 πολλάκις

1156 1419 1244 1453 εἷπον,
1260 1421 1292 1446 ἐκ
1318 1419 1446 1455 προνοίας
1462 1419 1529 1446 Θεοῦ
1542 1419 1586 1444 διὰ
1603 1418 1653 1452 τῆς
1671 1418 1724 1444 τῶν
1740 1415 1883 1450 στοιχείων
1899 1414 1944 1440 εὐ-

1155 1467 1255 1493 τάκτου
1290 1466 1338 1492 καὶ
1364 1465 1497 1500 εὐκράτου
1537 1464 1697 1500 διοικήσεως
1727 1462 1942 1497 συνισταμένην.

1162 1512 1276 1548 Ἑτέραν
1297 1511 1324 1538 δὲ
1346 1512 1396 1546 τὴν
1417 1510 1596 1546 θεοδὼρητον,
1618 1510 1691 1544 λέγω
1714 1509 1746 1545 δὴ
1760 1509 1810 1544 τὴν
1827 1506 1943 1546 ὑπδὲτοῦ

1118 1575 1141 1604 c
1158 1559 1224 1586 Θεοῦ
1242 1558 1439 1594 χαριζομένην,
1456 1558 1499 1584 οἶα
1512 1555 1546 1592 ἦν
1572 1556 1693 1589 Ἐζεκίου
1714 1556 1785 1585 κατᾷ
1804 1555 1855 1589 τὴν
1869 1554 1943 1580 νόσον

1159 1604 1216 1638 ζωὴ
1230 1604 1284 1630 τῶν
1300 1603 1495 1630 πεντεκαίδεκα
1510 1602 1614 1638 χρόνων
1624 1622 1631 1634 ,
1650 1601 1721 1630 χαὶὴ
1735 1598 1862 1634 Λαζάρου
1876 1597 1944 1633 μετὰ

1158 1650 1208 1685 τὴν
1223 1650 1382 1681 ἀνάστασιν,
1400 1649 1446 1675 καὶ
1461 1648 1562 1683 ἐτέρων
1576 1647 1715 1674 τοιούτων.

1193 1786 1238 1811 Δεῖ
1254 1785 1309 1820 γὰρ
1327 1785 1401 1820 ἡμᾶς
1431 1782 1498 1819 πρὸς
1526 1781 1632 1814 τούτοις
1654 1781 1826 1813 ἐπίστασθαι,
1851 1781 1944 1816 ὅτιπερ

1159 1831 1197 1864 ὡς
1215 1830 1354 1862 δεσπόζων
1378 1831 1391 1856 ὁ
1406 1829 1471 1861 θεὸς
1483 1829 1537 1855 τῶν
1559 1828 1661 1861 ζώωνυ
1685 1827 1737 1855 καὶ·
1749 1827 1796 1853 τοῦ
1818 1827 1942 1857 θανάτου,

1160 1871 1275 1905 καὶ-τῶν
1293 1877 1411 1912 φύσεων,
1437 1876 1484 1902 καὶ
1501 1885 1555 1902 των
1577 1875 1728 1911 στοιχείων,
1754 1876 1801 1902 καὶ
1825 1876 1942 1905 πάντων,

1159 1925 1226 1951 ὃπου
1249 1923 1300 1959 μὲν
1324 1923 1457 1958 βούλεται,
1475 1922 1637 1958 προστίθησι
1653 1922 1735 1957 ζωήν.
1753 1921 1842 1948 Ὅπου
1855 1920 1884 1947 δὲ
1901 1929 1944 1946 κε-

1160 1969 1247 2001 λεύει,
1269 1968 1367 2002 ὲπάγει
1385 1968 1432 1995 καὶ
1459 1968 1505 1994 ἐπὶ
1526 1967 1648 1998 δικαίους
1671 1967 1796 1997 θάνατον,
1819 1965 1858 1997 ὣς
1880 1972 1944 2000 φησι

1159 2015 1229 2052 πρὸς
1257 2015 1391 2042 Μωῦσέα-
1425 2012 1510 2040 «Ὅτι
1535 2012 1714 2048 προστεθήτω
1745 2011 1852 2046 ’Δαρὼν
1879 2011 1944 2044 πρὸς

1160 2061 1222 2092 τοὺς
1241 2060 1364 2095 πατέρας
1381 2059 1478 2086 αὑτοῦ·
1491 2068 1500 2085 ι
1519 2059 1566 2086 καὶ
1580 2057 1660 2085 πάλιν
1677 2056 1752 2092 αὐτῷ
1767 2056 1806 2092 τῷ
1823 2057 1942 2090 Μωῡσῇ·

1164 2116 1173 2132 ι
1192 2105 1321 2141 ’Λνάϐηθι
1337 2106 1377 2137 είς
1393 2106 1424 2131 τὸ
1448 2105 1522 2141 ὅρος,
1538 2105 1584 2131 καὶ
1597 2103 1722 2131 τελεύτα.
1737 2111 1746 2128 ι
1772 2103 1850 2138 Ἐμοὶ
1863 2102 1955 2146 δοκεῖῚ

1162 2153 1204 2179 ὅτι
1230 2151 1326 2186 ὥσπερ
1346 2151 1394 2177 καὶ
1417 2151 1431 2176 ὁ
1457 2150 1705 2184 Ναϐουχοδονόσορ,
1725 2148 1771 2175 καλ⁸
1787 2147 1879 2179 Δαὸὶδ,
1901 2146 1943 2173 καὶ

1161 2197 1236 2223 ἄλλοι
1246 2196 1319 2227 τινὲς
1336 2195 1467 2227 πολλάκις
1482 2195 1601 2230 πατέρες
1612 2194 1695 2226 λαῶν,
1709 2194 1756 2220 καὶ
1771 2193 1855 2219 ἐθνῶν
1873 2193 1945 2227 βασι-

319 2247 376 2267 rem
413 2241 585 2268 accessiones
606 2245 634 2268 et
666 2243 866 2274 successiones,
897 2243 1066 2272 incrementa
1095 2254 1104 2274 ε

1163 2243 1218 2274 λεῖς
1239 2242 1363 2278 μεγάλοι,
1379 2243 1447 2277 πρὸς
1467 2241 1516 2276 τὴν
1527 2241 1574 2267 τοῦ
1588 2240 1654 2267 λαοῦ
1672 2239 1750 2273 ἀξίαν
1764 2240 1810 2266 καὶ
1826 2239 1942 2273 προσθή-

318 2285 374 2313 Deo
399 2286 559 2322 obtigerunt
581 2296 587 2313 :
611 2288 648 2314 ita
681 2288 777 2315 crebro
806 2289 887 2324 justis
910 2289 1005 2317 itidem
1029 2291 1108 2318 addi-

320 2330 408 2357 tiones
444 2339 578 2358 annorum
616 2332 785 2366 obveniant;
822 2342 884 2361 nam
922 2335 994 2362 Deus
1027 2344 1109 2372 supra

319 2377 472 2403 naturalem
497 2378 592 2408 vitam,
611 2378 694 2404 vitam
718 2379 842 2413 corporis
866 2381 991 2414 apponit.
1008 2382 1108 2410 Verum

321 2421 349 2448 in
366 2423 493 2456 praesenti
507 2430 564 2450 non
587 2428 629 2450 est
645 2424 724 2451 nobis
741 2433 831 2452 sermo
847 2426 880 2453 de
896 2428 965 2454 raris
981 2428 1040 2455 istis
1060 2429 1109 2456 ad—

321 2466 472 2495 ditionibus
497 2473 525 2495 et
558 2469 811 2502 subtractionibus,
837 2472 937 2505 quibus
960 2474 1042 2500 vitam
1068 2475 1110 2502 vel

321 2513 473 2546 producere
496 2514 538 2541 vel
563 2516 725 2543 contrahere
754 2522 861 2551 potest;
887 2519 935 2545 sed
961 2519 1110 2554 disputatio

320 2562 363 2584 est
384 2557 417 2584 de
432 2559 573 2586 comtnuni
587 2561 648 2588 viL'e
668 2566 695 2588 ct
716 2563 811 2590 mortis
827 2570 920 2595 cursu,
938 2565 982 2591 cui
997 2573 1111 2600 corpora

321 2603 443 2629 omnium
464 2612 496 2630 ex
522 2605 666 2633 elementis
692 2612 833 2642 compacta
850 2608 1014 2643 subjacent:
1039 2618 1110 2645 quo~

321 2647 404 2675 modo
420 2649 526 2676 scilicet
541 2651 681 2678 nonnullis
701 2652 727 2679 in
747 2653 906 2688 regionibus
921 2661 986 2681 sana
1002 2659 1030 2682 et
1047 2656 1110 2683 diu-

323 2699 403 2721 turna
418 2695 588 2730 subsistant;
609 2697 634 2724 in
652 2698 714 2725 aliis
729 2703 825 2726 contra
847 2703 989 2734 aegrotent,
1008 2705 1036 2728 et
1051 2701 1109 2728 cxi-

352 2764 368 2779 ⁴²
383 2763 393 2790 l
410 2763 473 2790 Cor.
486 2771 523 2797 xt,
544 2763 588 2794 29.
605 2764 648 2791 50.
707 2766 717 2780 ⁸
732 2765 817 2793 Exod.
832 2774 878 2799 xu,
892 2767 936 2794 29.

323 2797 366 2825 2i.
407 2799 427 2814 “
443 2799 524 2826 Num.
544 2807 626 2830 παι-ιι,
643 2799 686 2832 12,
704 2799 748 2827 l5.

985 2768 995 2782 "
1006 2768 1069 2796 Job.
1084 2777 1103 2800 ι,
1120 2769 1164 2796 19.

1163 2297 1214 2319 κας
1237 2289 1283 2314 καὶ
1306 2287 1467 2322 ὑφαιρέσεις
1482 2287 1536 2313 τῶν
1565 2287 1597 2312 ἐκ
1613 2285 1680 2312 θεοῦ
1695 2285 1867 2320 κομίζονται,
1884 2283 1943 2310 πολ-

1163 2333 1241 2365 λάκις
1260 2333 1287 2359 δὲ
1308 2333 1354 2359 καὶ
1369 2332 1485 2364 δικαίοις
1501 2332 1572 2358 τισὶν
1589 2332 1635 2358 ἐπὶ
1656 2332 1741 2357 πλείω
1756 2330 1894 2365 προκοπαὶ
1905 2328 1944 2354 διὰ

1163 2381 1212 2415 τῆς
1232 2379 1394 2414 προσθήκης
1416 2378 1462 2404 τοῦ
1488 2378 1585 2414 χρόνον
1614 2377 1750 2412 μέλλουσι,
1771 2377 1944 2411 προστίθησιν

1163 2429 1177 2454 ὁ
1192 2427 1257 2457 Θεὸς
1281 2427 1351 2461 ὑπὲρ
1373 2426 1420 2461 τὴν
1447 2425 1565 2460 φυσικὴν
1588 2425 1672 2458 ζωὴν,
1688 2425 1738 2459 τὴν
1755 2423 1803 2450 τοῦ
1827 2423 1944 2458 σώματος

1165 2472 1248 2508 ζωήν.
1271 2471 1340 2497 Ἀλλ’
1356 2471 1385 2497 οὺ
1409 2471 1472 2505 περὶ
1487 2471 1589 2496 τούτων
1613 2471 1678 2505 ἡμῖν
1694 2469 1740 2496 νῦν
1757 2469 1811 2495 τῶν
1830 2469 1944 2496 σπανίων

1165 2519 1218 2547 ὑπὸ
1230 2518 1297 2545 Θεοῦ
1312 2518 1341 2544 ἒν
1355 2526 1409 2544 τισι
1423 2517 1587 2552 προσοηκῶν
1614 2517 1661 2542 καὶ
1676 2515 1850 2550 ὑφαιρέσεων
1880 2514 1944 2547 ζωῆς

1165 2565 1213 2590 καὶ
1229 2563 1344 2590 θανάτου
1359 2564 1373 2589 ὁ
1390 2563 1468 2596 λόγος
1487 2563 1560 2588 ἐστὶν
1572 2584 1578 2594 ,
1593 2562 1660 2588 ἀλλὰ
1675 2562 1722 2587 καὶ
1735 2562 1800 2596 περὶ
1819 2561 1868 2596 τῆς
1883 2559 1944 2587 κατὰ

1166 2608 1256 2635 κοινοῦ
1281 2609 1310 2634 ἐν
1329 2608 1382 2643 ὅλῳ
1396 2607 1435 2642 τῷ
1447 2607 1519 2641 γένει
1535 2608 1585 2642 τῆς
1605 2608 1659 2634 τῶν
1676 2606 1829 2641 ἀνθρώπων
1845 2607 1946 2641 φύσεως

1165 2656 1238 2691 ζωῆς
1254 2663 1283 2681 τε
1297 2655 1344 2681 καὶ
1362 2654 1546 2681 θανάτουιτῶν
1566 2654 1710 2689 ἡμετέρων
1725 2655 1871 2688 σωμάτιον.
1890 2651 1944 2681 Πῶς

1165 2702 1193 2729 ἐν
1217 2701 1339 2736 τισι-μὲν
1354 2700 1458 2736 χώραις
1478 2701 1586 2734 ὑγιεινὰ
1610 2699 1695 2726 ταῦτα
1723 2700 1771 2727 καὶ
1788 2700 1945 2734 πολυχρόνια

1211 2770 1221 2785 ⁸
1240 2769 1272 2797 IV
1288 2770 1356 2804 Reg.
1370 2777 1414 2801 xx,
1431 2769 1456 2796 6.
1507 2769 1516 2784 ³
1528 2769 1605 2796 Joan.
1622 2777 1658 2798 τι,
1676 2769 1719 2795 Η,
1770 2768 1793 2783 ¹⁰
1808 2768 1942 2797 Nu:n.‘.vx,

956 2848 1068 2881 VARUE
1081 2848 1291 2877 LECTIONES.

368 2884 380 2897 υ
392 2879 463 2915 Lego
487 2881 564 2913 ζωῶν
578 2889 592 2908 a
605 2881 672 2917 ζωή.
