1977 3255
55 2380 62 2454 5

76 232 128 271 ’τιι

766 237 1021 278 ρυίΕεΤιΟΝΕε.

1636 241 1690 274 742

87 297 199 332 γίνονται,
214 293 242 319 ἐν
255 293 346 324 ἄλλαις
363 293 401 324 δὲ,
418 293 516 329 νοτερὰ
528 295 574 320 καὶ
586 295 764 331 ὀλιγοχρόνια.
786 296 848 326 Πῶς

909 303 954 330 ςιιο
972 299 1092 329 tempore
1106 293 1219 326 durent,
1231 298 1259 322 ct
1274 294 1413 329 quomodo
1426 295 1548 330 qu:edam
1563 295 1620 323 loca
1632 297 1689 325 sint

88 342 146 372 τινὲς
159 341 231 366 τόποι
253 339 358 374 συχνῶς
376 339 511 366 Θανατικὰ
525 340 686 374 ὑφίστανται
697 349 704 356 ο
720 341 798 368 ἄλλαι
821 341 850 367 δὲ

87 389 160 422 χῶραι
185 385 268 412 ἐθνῶν
293 384 400 411 ἀσεϐῶν
427 385 542 416 οὺδὸλως
567 386 719 413 θανατικῶν
752 388 850 420 πεῖραν

87 433 240 467 γινώσκουσι.
264 432 318 458 Καὶ
338 431 421 458 ποθεν
438 433 467 464 ἐν
487 432 526 467 τῷ
548 433 624 468 αὐτῷ
639 433 770 464 πολλάκις
784 434 850 460 ’Έλ-

87 479 169 513 λήνων.
183 477 198 512 ἢ
213 477 398 512 Βαρ6άρων,ἢ
417 478 521 505 πιστῶν
534 479 606 512 γένει
619 474 691 510 τινὲς
701 479 750 514 μὲν
768 479 852 504 πολυ-

87 523 203 556 τεκνοῦσι,
222 523 337 558 πονηροὶ
348 523 434 555 ὅντες,
454 523 528 550 ἄλλοι
542 524 570 550 δὲ
583 525 738 555 ἁτεκνοῦσι,
754 524 852 558 ἀγαθοὶ

87 569 247 603 ὑπάρχοντες.
276 569 330 594 Καὶ
345 568 427 594 πάλιν
440 568 511 600 τινες
526 568 699 600 εὐσεϐοῦντες
713 569 848 605 ὀλιγοχρόν

87 623 127 640 νιοι
142 614 267 647 γίνονται,
281 613 370 648 ἕτεροι
385 613 412 640 δὲ
432 614 555 649 πονηροὶ,
576 614 747 650 πολυχρόνιοι
761 615 853 641 τελευ-

86 661 150 686 τῶσι.
168 660 219 685 Καὶ
237 659 307 690 τινος
326 659 407 694 χάριν
425 659 449 685 οἱ
468 660 517 694 μὲν
536 659 637 694 ἄφωνοι
657 661 703 687 καὶ
720 661 855 687 ἁδιάθετοι

87 705 238 741 ἁρπάζονται
274 705 320 731 καὶ
340 705 519 739 θνήσκουσιν·
541 706 615 733 ἄλλοι
638 706 676 739 δὲ,
695 707 740 733 ἐπὶ
760 707 855 741 χρόνον

66 743 69 745 ’
86 750 256 783 ἀσθενοῦντες,
272 749 301 776 οὐ
314 749 468 777 τελευτῶσι.

115 886 161 912 Καὶ
173 885 247 916 ὅπως
263 884 444 919 σαφεστέραὴ
462 883 605 918 διάγνωςις
626 885 674 911 καὶ
688 885 703 916 ἡ
722 885 858 918 ἀπόδειξις

84 930 129 955 τῶν
164 929 352 963 προκειμένων
385 929 551 964 ζητημάτων
575 929 642 955 Θεοῦ
670 931 762 964 χάριτι
780 929 861 964 γένη-

900 339 1010 366 sanitati
1023 339 1147 371 exitiosa,
1166 339 1218 366 alia
1235 347 1302 366 vero
1317 339 1463 373 impiorum
1475 339 1628 368 incolarum
1642 341 1688 369 vix

901 384 1051 419 quidquam
1074 385 1152 412 bonae
1175 384 1324 411 valetudini
1340 384 1485 412 adversum
1503 384 1592 412 ferant
1612 394 1618 413 :
1636 394 1689 422 qua

901 429 1015 464 insuper
1038 430 1145 457 ratione
1167 429 1307 464 contingat
1335 434 1364 456 ut
1389 430 1416 456 in
1440 430 1537 457 eodem
1563 430 1623 458 loco
1644 431 1692 458 de-

902 480 995 510 gentes
1012 483 1067 502 non
1088 475 1168 510 pauci
1184 479 1212 502 et
1227 475 1313 502 Grzeei
1338 479 1365 502 ct
1388 475 1518 508 Barbari,
1543 476 1692 511 impietatis

902 521 995 549 studio
1019 521 1232 554 dediti,,liberis
1253 521 1408 554 abundent;
1428 521 1474 548 alii
1497 529 1560 549 vero
1582 523 1692 556 pietatis

905 567 1026 594 cultores
1043 567 1117 594 omni
1140 567 1225 602 prolis
1241 567 1340 594 solatio
1353 567 1547 594 destituantur.
1561 567 1628 595 Item
1642 576 1692 595 cur

903 613 1029 640 nonnulli
1043 612 1197 648 probitatis‘
1207 613 1323 640 studiosi
1336 613 1434 647 exiguo
1446 617 1567 648 tempore
1582 613 1691 646 vivant;

904 658 950 685 alii
966 663 1069 692 autem,
1086 659 1160 693 iique
1184 659 1320 690 scelerati,
1337 659 1418 685 vitam
1436 659 1469 685 ad
1493 659 1594 686 multos
1607 667 1694 686 annos

905 708 1063 740 prorogent.
1086 704 1127 731 Ad
1149 705 1216 736 hate,
1232 713 1284 739 qua
1300 705 1333 732 de
1349 713 1429 732 causa
1444 705 1490 732 alii
1506 705 1583 732 vocis
1597 713 1695 740 exper-

906 753 957 782 tes,
980 750 1111 784 nulloque
1137 754 1300 776 testamento
1330 750 1453 781 condito,
1476 750 1648 785 abripiuntur
1666 755 1694 777 et

906 795 1076 827 moriantur;
1097 795 1143 822 alii
1163 799 1253 822 autem
1270 794 1401 822 diuturno
1421 796 1518 823 morbo
1534 796 1694 829 conﬂictati,

907 841 991 868 vitain
1005 849 1061 868 non
1077 841 1182 867 ﬁniant.

943 887 987 919 Et,
1007 891 1037 913 ut
1051 887 1209 921 disquisitio
1223 895 1255 914 ac
1269 887 1468 914 demonstratio
1491 887 1694 922 propositarutn

908 932 1090 966 quaestionum
1106 932 1252 959 dilucidior
1270 933 1327 965 ﬁat,
1351 933 1483 960 faciamus
1503 940 1563 960 esse
1585 933 1697 968 provin-

84 967 134 1006 τιεί
155 974 319 1010 ὑποθὼμεθα
346 975 429 1001 πάλιν
453 975 514 1002 τινὰ
544 975 560 1010 ἢ
587 975 680 1011 χώραν
702 976 790 1010 ἀσεϐῆ
808 975 855 1002 καὶ

909 976 977 1003 ciam
992 976 1027 1003 ab
1038 977 1114 1003 omni
1128 977 1228 1011 pietate
1241 982 1268 1004 et
1278 978 1406 1012 aequitate
1418 978 1547 1010 alienant,
1558 967 1696 1005 diabolica

85 1023 228 1056 παράνομον
254 1021 294 1056 τῷ
317 1021 432 1054 διαϐόλῳ
455 1020 652 1056 λατρεύουσαν,
676 1021 722 1047 καὶ
737 1021 816 1052 ὅλως,
829 1020 856 1046 τί

83 1069 131 1093 ἐστι
145 1068 216 1100 Θεὸς,
235 1067 272 1102 μὴ
290 1067 490 1101 γινώσκουσαν,
505 1066 573 1092 ἀλλὰ
588 1066 683 1098 λίθοις,
699 1067 744 1092 καὶ
768 1066 856 1099 ξύλοις

85 1113 211 1147 μυσαροῖς,
221 1113 272 1138 καὶ
298 1111 380 1146 μύαις
392 1116 416 1145 ν,
435 1112 482 1138 καὶ
501 1112 627 1147 πιθήκοις
648 1112 856 1147 προσκυνοῦσαν

83 1160 121 1184 καὶ
137 1158 330 1184 δουλεύουσαν·
351 1158 411 1184 εἰπέ
432 1166 476 1193 μοι
491 1157 584 1184 λοιπὸν
607 1158 640 1184 σὺ
657 1158 671 1184 ό
687 1158 773 1192 λέγων
788 1165 856 1192 προ-

83 1205 180 1240 ορισμὺν
194 1205 248 1239 τῆς
260 1204 334 1239 ζωῆς
349 1205 465 1231 ἑκάστου
483 1203 627 1239 ἀνθρώπου
639 1204 856 1239 προγεγραμμέ-

83 1259 119 1276 νον
138 1251 209 1286 παρὰ
225 1250 291 1285 Θεῷ
313 1250 382 1285 πρὸς
402 1251 433 1277 τὸ
457 1250 607 1285 συμφέρον,
625 1251 683 1282 πῶς
708 1251 756 1276 καὶ
770 1250 813 1277 διὰ
830 1251 856 1276 τί

82 1295 142 1326 τινὲς
159 1295 208 1330 τῆς
227 1295 350 1326 ἀσεϐοῦς
373 1295 476 1327 πόλεως
497 1295 616 1330 ἐκείνης,
630 1297 654 1322 οἱ
677 1296 726 1331 μὲν
743 1296 855 1323 ἑκατον-

81 1342 172 1371 ταιτεῐς
191 1339 374 1370 τελευτῶσιν,
400 1340 425 1366 οι
449 1339 477 1366 δὲ
494 1340 752 1375 πεντηκονταετεῖς;
766 1340 790 1365 οἱ
807 1339 857 1374 μὲν

81 1385 184 1418 ἄτεκνοι,
207 1387 232 1412 οἱ
267 1386 295 1412 δὲ
321 1385 482 1412 πολύτεκνοι
500 1393 507 1418 ;
524 1385 548 1411 οι
582 1385 610 1411 δὲ
624 1384 855 1420 περιπατοῦντες.

81 1432 156 1466 ἕτεροι
169 1432 196 1458 δὲ
209 1432 260 1458 ἐπὶ
276 1431 390 1466 πέμπτῃ
405 1430 545 1463 πολλάκις,
558 1430 574 1466 ἢ
588 1430 636 1457 καὶ
649 1430 752 1466 δεκάτῃ
763 1430 857 1465 ἡμέρᾳ

81 1477 304 1512 ψυχομαχοῦντες,
318 1477 365 1503 καὶ
388 1477 595 1512 ταραττόμενοι,
610 1474 682 1502 οὕτω
697 1476 743 1502 τοῦ
761 1475 857 1510 σώμα-

81 1529 118 1552 τος
142 1523 324 1558 χωρίζονταις
341 1521 416 1548 ἄλλοι
440 1521 467 1548 δὲ
488 1521 634 1557 εἰρηναίως
655 1521 704 1548 καὶ
732 1521 857 1556 γαληνῶς

81 1568 121 1602 τὴν
137 1569 223 1603 ψυχὴν
247 1567 455 1602 παραδιδοῦσιν.
481 1567 550 1593 Εἰπέ
565 1575 609 1602 μοι
622 1567 716 1593 λοιπὸν
734 1567 777 1599 σὺ,
789 1566 857 1593 πάν-

76 1621 124 1639 των
143 1614 232 1640 αὐτῶν
251 1613 361 1640 ἀσεϐῶν
381 1613 428 1639 καὶ
446 1612 574 1648 πονηρῶν
596 1612 692 1642 ὕντων,
718 1613 802 1638 πόθεν
818 1621 857 1638 τι·

79 1658 116 1689 νὲς
130 1659 217 1687 αὐτῶν
234 1659 326 1694 ὑγιεῖς
348 1658 393 1685 τὸν
423 1658 531 1685 ἅπαντα
552 1658 648 1693 χρόνον
663 1657 774 1693 διῆξαν,
791 1658 815 1684 οι
829 1657 857 1684 δὲ

79 1705 174 1740 νοπεροὶ
189 1706 237 1731 καὶ
256 1704 445 1737 πολυπάθεῖς;
469 1703 518 1730 καὶ
542 1705 566 1729 οἱ
583 1704 632 1739 μὲν
650 1703 820 1735 πολύτεκνοι,
834 1703 859 1728 οι

77 1751 100 1777 δὲ
114 1751 239 1784 ἄτεκνοι;
259 1751 308 1777 καὶ
330 1751 354 1776 οἱ
372 1751 420 1785 μὲν
441 1749 658 1785 περιπαθοῦντες
672 1755 685 1769 ι
711 1748 858 1780 ἀπέθανον,

77 1798 96 1822 οἱ
111 1797 138 1823 δὲ
156 1799 202 1824 ἐπὶ
222 1798 322 1833 χρόνον
335 1797 515 1831 νοσήσαντεςς
534 1798 581 1822 καὶ
592 1797 617 1822 οἱ
635 1796 685 1831 μὲν
713 1795 859 1822 ἑκατοντα-

76 1847 146 1877 ετεῖς,
162 1845 187 1871 οῑ
204 1844 234 1870 δὲ
255 1843 513 1875 διακοσιονταετεῖς;
531 1841 605 1869 ἄλλοι
621 1842 723 1876 νήπιοι,
739 1841 785 1866 καὶ
803 1840 861 1866 ἓτε-

78 1899 113 1924 ροι
126 1890 292 1925 θηλάζοντες
309 1889 356 1915 τοῦ
368 1889 425 1924 βίου
440 1887 644 1923 ὲπορεύθησαν;
662 1887 691 1913 '0
711 1887 775 1920 γοῦν
792 1894 860 1921 προ-

75 1936 180 1970 opto-pint
196 1935 275 1970 ζωῆς
287 1934 390 1970 χρόνων
404 1933 524 1966 δοξάζων
539 1932 585 1959 καὶ
598 1932 697 1966 λέγων,
712 1933 755 1958 ἐπ’
768 1932 860 1962 αὐτοῖς

77 1982 234 2016 προσκρούει
251 1981 293 2016 τῷ
303 1980 371 2016 Θεῷ.
388 1981 419 2009 Εἰ
431 1980 486 2014 γὰρ
499 1979 652 2014 πρόγνωσις
665 1979 750 2010 ἔστιν,
764 1977 859 2012 ὥσπερ

75 2025 114 2052 οὖν
129 2027 198 2060 ἐστι,
216 2028 296 2057 τίνος
318 2027 408 2061 χάριν,
431 2025 518 2060 τούτῳ
540 2026 588 2060 μὲν
613 2023 651 2059 τῷ
679 2023 860 2059 εἰδωλολάτρῃ

75 2072 202 2110 ἀνθρώπῳ
215 2074 387 2100 πεντακόσια
399 2073 446 2108 ἐτη
458 2073 530 2107 ζωῆς
538 2071 701 2108 προώρισεν,
714 2071 750 2102 ὡς
759 2070 860 2104 λέγεις,

73 2118 151 2154 τούτῳ
169 2121 198 2146 δὲ
225 2120 312 2146 πάλιν
337 2118 449 2151 ὲκατόν;
474 2118 554 2145 τοῦτο
579 2117 607 2144 δὲ
623 2118 718 2152 νήπιον
741 2115 861 2150 καθαρὸν

73 2165 111 2189 ut
127 2165 218 2191 ἀθῶον
239 2166 294 2198 τῆς
307 2165 445 2200 πατρικῆς
459 2163 541 2190 αὑτοῦ
564 2162 786 2197 εἰδωλολατρεῐας
812 2162 861 2186 ἐπ-

72 2206 128 2240 ῆρεν
149 2210 182 2236 ἐκ
199 2210 250 2236 τοῦ
269 2209 342 2244 Sion;
363 2210 394 2235 El
410 2210 463 2243 γὰρ
486 2208 556 2234 κατὰ
584 2207 749 2243 προορισμον
775 2206 860 2232 ταῦτα

906 1022 996 1049 cultui
1020 1022 1213 1057 mancipatam,
1235 1023 1350 1057 verique
1365 1023 1413 1050 Dei
1429 1031 1542 1058 prorsus
1563 1024 1694 1055 nesciam,

905 1067 954 1094 sed
979 1067 1095 1102 lapides,
1119 1067 1279 1094 detestanda
1306 1069 1390 1103 ligna,
1415 1076 1525 1096 muscas
1551 1072 1579 1095 et
1603 1069 1696 1096 simias

906 1112 1077 1145 adorantem,
1090 1113 1159 1140 cedo
1169 1121 1229 1148 age.
1241 1117 1268 1140 tu
1278 1113 1325 1148 qui
1336 1114 1451 1149 singulis
1463 1114 1610 1141 terminum
1622 1115 1694 1146 vitae,

905 1161 988 1192 prout
1005 1157 1070 1185 utile
1084 1161 1137 1189 est,
1155 1166 1170 1184 a
1192 1158 1247 1185 Deo
1260 1159 1393 1194 priestitui
1411 1159 1539 1190 aﬂirmas,
1557 1160 1697 1194 quomodo

907 1207 934 1230 et
950 1211 1002 1238 qua
1021 1203 1055 1230 de
1076 1211 1157 1231 causa
1173 1204 1220 1231 alii
1241 1212 1273 1231 cx
1291 1205 1381 1239 impia:
1396 1205 1470 1232 illius
1487 1206 1606 1233 civitatis
1622 1206 1697 1233 indi-

907 1250 986 1285 genis
1008 1250 1159 1277 centenarii
1178 1250 1241 1277 hinc
1262 1250 1406 1282 excedant,
1424 1251 1469 1278 alii
1487 1251 1696 1287 quinquagena—

907 1295 958 1328 rii;
983 1296 1029 1323 alii
1055 1297 1114 1323 sine
1138 1296 1243 1328 liberis,
1260 1296 1306 1323 alii
1328 1297 1413 1324 multa
1428 1297 1522 1325 sobole
1537 1298 1632 1331 ditati;
1649 1298 1697 1325 alii

907 1341 1124 1375 obambulantes,
1138 1336 1184 1369 alii
1199 1341 1298 1369 crebro
1310 1342 1433 1377 quinque
1446 1343 1489 1370 vel
1503 1344 1586 1370 etiam
1601 1344 1696 1371 decem

907 1385 967 1414 dies
980 1394 1041 1414 cum
1057 1391 1143 1414 morte
1157 1387 1262 1420 luctati,
1279 1395 1350 1422 aegre
1363 1388 1481 1415 animam
1498 1388 1606 1422 edient;
1623 1389 1669 1416 alii
1681 1397 1698 1416 e

908 1432 1048 1459 contrario
1062 1432 1168 1467 placide
1181 1438 1208 1460 et
1221 1433 1314 1467 quiete
1328 1434 1479 1468 exspirent.
1499 1434 1568 1461 lllud
1583 1439 1697 1468 pra-ter-

907 1485 939 1504 ea
957 1478 1103 1512 responde,
1131 1478 1280 1512 quomodo,
1296 1486 1358 1506 cum
1373 1487 1469 1506 omnes
1483 1487 1560 1514 aeque
1574 1479 1699 1514 impieta-

908 1523 943 1552 tis
960 1524 1000 1551 rei
1023 1518 1087 1555 sint,
1105 1524 1215 1558 quidam
1238 1527 1325 1551 totum
1342 1524 1405 1551 vita:
1426 1524 1544 1558 spatium
1565 1532 1698 1559 prospera

908 1569 1077 1602 valetudine,
1092 1569 1138 1596 alii
1154 1569 1236 1596 variis
1250 1569 1462 1604 :egritudinibus
1475 1569 1587 1596 obnoxii
1600 1570 1699 1605 decur—

910 1619 971 1643 rant
987 1623 993 1641 :
1010 1619 1038 1642 ct
1050 1615 1088 1642 illi
1101 1615 1212 1649 quidem
1229 1615 1314 1642 multa
1331 1615 1408 1650 prole
1423 1615 1529 1647 relicta,
1544 1614 1589 1642 isti
1604 1615 1698 1646 nulla:

871 1657 891 1684 C
910 1660 949 1686 illi
973 1660 1046 1688 inter
1069 1660 1278 1695 ambulandum,
1297 1661 1341 1688 isti
1357 1665 1399 1688 sat
1415 1661 1496 1696 longo
1510 1665 1633 1695 tempore
1651 1660 1700 1688 de-

910 1705 1089 1738 cumbentes;
1105 1706 1145 1733 illi
1159 1711 1283 1738 centum,
1295 1706 1339 1734 isti
1353 1706 1535 1733 ducentorum
1547 1713 1698 1739 annorum;

910 1751 957 1778 alii
974 1751 1002 1778 in
1019 1751 1132 1778 infantia
1145 1755 1172 1779 et
1187 1751 1283 1778 matris
1294 1751 1345 1778 sub
1356 1751 1440 1778 ubere
1454 1758 1613 1786 supremum
1625 1750 1700 1778 diem

910 1797 1021 1825 obeant.
1045 1797 1072 1825 Si
1089 1797 1162 1825 enim
1188 1797 1322 1832 praenotio
1344 1805 1391 1825 seu
1415 1797 1561 1832 przelinitio
1576 1801 1628 1828 est,
1651 1805 1700 1824 cur

911 1841 1016 1869 homini
1043 1842 1204 1870 idololatria:
1228 1842 1321 1869 dedito
1339 1842 1504 1876 quingentos
1529 1849 1616 1868 annos
1638 1841 1701 1868 vita:

911 1887 1067 1922 praestituit,
1086 1892 1116 1915 ul.
1133 1893 1160 1914 tu
1179 1888 1288 1920 asseris,
1303 1887 1382 1915 alteri
1402 1891 1530 1920 centum;
1547 1887 1620 1914 hunc
1635 1893 1700 1913 vero

912 1933 1030 1961 infantili
1045 1938 1134 1966 actate,
1149 1938 1176 1961 et
1191 1934 1297 1969 paterni
1316 1934 1429 1960 sceleris
1442 1933 1521 1968 ἀοι
1538 1940 1637 1967 purum
1660 1932 1700 1958 in-

913 1982 1112 2012 nocentemque
1125 1986 1158 2004 ex
1171 1978 1232 2004 vitae
1242 1977 1324 2012 hujus
1339 1977 1456 2003 statione
1471 1975 1582 2002 educit?
1595 1974 1662 2001 Nam
1676 1974 1700 2000 si

912 2023 970 2049 inec
982 2031 1015 2049 ex
1030 2022 1211 2057 prtefinitione
1226 2022 1398 2056 contingunt,
1415 2021 1488 2046 Deus
1505 2020 1557 2046 erit
1573 2022 1700 2052 acceptor

911 2076 1102 2104 personarum,
1114 2072 1208 2102 utpote
1219 2068 1266 2102 qui
1281 2067 1354 2094 hunc
1364 2067 1499 2094 illibatum
1511 2066 1700 2099 intactumque

912 2115 996 2142 rebus
1024 2114 1152 2141 humanis
1177 2113 1288 2146 eximit,
1314 2113 1393 2140 alteri
1417 2112 1584 2147 quingentos
1612 2117 1701 2138 annos

911 2160 1071 2191 admetitur.
1079 2168 1134 2186 non
1144 2160 1254 2194 ignarus
1263 2167 1359 2186 omnes
1370 2159 1395 2185 in
1405 2157 1559 2185 idololatria
1572 2163 1701 2184 consum-

911 2209 989 2240 ptum
1010 2205 1054 2232 iri.

72 2253 168 2287 γέγονε,
187 2255 434 2289 προςωπολήπτης
464 2254 643 2290 εὑρεθήσεται
705 2253 782 2284 Θεὸς,
797 2252 826 2283 ὃς
856 2251 901 2278 τὸν
923 2252 971 2286 μὲν
986 2251 1106 2286 καθαρὸν
1118 2250 1209 2277 λαϐὼν
1221 2251 1274 2277 ἀπὸ
1293 2250 1341 2277 τοῦ
1358 2250 1425 2285 βίον,
1439 2250 1484 2276 τὸν
1501 2250 1529 2276 δὲ
1545 2249 1702 2284 προωρίσας

70 2302 266 2332 πεντακοσίους
294 2300 405 2334 χρόνους
427 2300 511 2333 ζωῆς,
535 2289 742 2334 προγινώσκων,
760 2298 800 2324 ὅτι
827 2298 854 2323 ὲν
875 2297 1083 2332 εἰδωλολατρείᾳ
1100 2296 1163 2327 τοὺς
1175 2297 1320 2327 τοσούτους
1339 2296 1528 2322 καταναλώσει
1541 2296 1664 2331 χρόνους.

56 2338 61 2361 ἶ
105 2348 174 2374 Ἀλλ’
191 2348 247 2374 οὔκ
267 2347 430 2378 ἕστιταῦτα,
442 2346 478 2381 μὴ
492 2347 596 2380 γένοιτο
607 2355 614 2362 ·
629 2346 688 2372 οὐδέ
704 2347 762 2372 ἐστι
777 2343 857 2371 κακοί

952 2344 1005 2372 Sed
1024 2344 1095 2371 absit
1109 2347 1139 2370 ut
1158 2343 1215 2370 btec
1240 2343 1276 2369 ita
1296 2350 1326 2369 se
1346 2342 1479 2368 habeant!
1497 2341 1556 2368 Non
1572 2345 1615 2368 cst
1630 2342 1702 2369 Deus

74 2394 148 2425 ιῐτιος
176 2395 190 2420 ὀ
216 2393 290 2424 Θεὸς
312 2392 382 2419 κατὰ
405 2393 466 2423 τοὺς
485 2392 539 2418 τῶν
564 2391 724 2426 Μανιχαίων
746 2391 857 2427 μύθους.

73 2436 184 2464 Ἐκεῖνοι
213 2438 276 2472 γάρ
301 2445 394 2471 φασιν.
413 2432 457 2463 δτί
475 2438 532 2468 τοῖς
555 2437 604 2472 μὲν
620 2436 732 2470 ἀγαθοῖς
756 2437 803 2462 καὶ
819 2436 860 2462 δι-

67 2483 149 2514 κσῖοις
162 2484 178 2509 ὁ
191 2482 301 2517 ἀγαθὸς
314 2481 361 2508 καὶ
372 2481 475 2512 δίκαιος
491 2481 557 2512 Θεὸς
573 2480 710 2515 προώρισε
719 2481 768 2515 τὴν
776 2480 858 2514 ζωήν·

65 2527 115 2558 τοῖς
129 2527 157 2553 δὲ
172 2526 295 2553 ἀσεϐέσι
318 2526 363 2552 καὶ
389 2527 516 2561 πονηροῖς
532 2524 686 2560 ἀνθρώποις
702 2526 716 2551 ὁ
731 2525 860 2560 πονηρὸς,

67 2572 137 2603 φασὶ.
146 2572 218 2603 Θεὸς
233 2572 321 2603 ποιεῖ,
333 2570 379 2597 καὶ
390 2571 439 2606 τὴν
458 2571 595 2605 γέννησιν,
609 2571 657 2597 καὶ
669 2570 714 2596 τὸν
734 2570 859 2597 θάνατον.

69 2614 95 2639 ’0
113 2615 139 2641 δὲ
151 2616 237 2650 ,ἱερδς
255 2615 307 2641 καὶ
329 2615 509 2646 ἀποστολικδς
528 2615 690 2646 διδάσκαλος
702 2615 817 2650 Κλήμης
832 2615 861 2640 ἐν

66 2658 98 2691 τῷ
125 2660 194 2694 Περὶ
220 2659 359 2695 προνοίας
387 2659 434 2686 καὶ
450 2659 650 2693 δικαιοκρισίας
671 2658 738 2685 Θεοῦ
760 2659 861 2694 πρώτῳ

65 2703 129 2739 λόγῳ
145 2705 282 2731 τοιοῦτόν
307 2714 333 2731 τι
352 2705 443 2738 λέγει’
465 2705 570 2740 Ὥσπερ
595 2705 707 2731 δυνατὸν
739 2705 785 2730 καὶ
813 2704 861 2730 νῦν

65 2748 206 2783 ἄνθρωπον
230 2749 366 2775 πλάττειν
383 2749 543 2785 ἀνθρώπους
563 2749 634 2775 κατὰ
656 2749 705 2784 τὴν
723 2750 860 2785 προτέραν

65 2794 109 2820 τοῦ
131 2796 223 2830 Ἀδὰμ
253 2795 412 2826 διάπλασιν,
435 2796 484 2822 οὐκ
507 2795 547 2821 ἔτι
573 2795 644 2821 οὕτω
669 2796 742 2821 ποιεῖ
760 2795 804 2822 διὰ
831 2795 862 2821 τὸ

914 2393 1011 2417 auctor
1024 2390 1169 2421 malorum,
1188 2393 1219 2416 ut
1233 2379 1374 2416 Μοιῖἰείιωί
1390 2388 1520 2420 delirant,
1542 2388 1590 2423 qui
1602 2388 1703 2417 docent

912 2435 995 2462 bonis
1010 2439 1038 2462 et
1050 2435 1133 2470 justis
1151 2435 1236 2461 Deum
1251 2434 1355 2461 bonum
1367 2438 1394 2460 ct
1407 2434 1512 2468 justum
1524 2434 1588 2461 vitze
1606 2434 1702 2461 tertni-

914 2487 965 2506 nos
982 2479 1119 2513 posuisse,
1136 2478 1228 2513 impiis
1252 2485 1318 2505 vero
1336 2480 1364 2505 et
1381 2477 1524 2504 sceleratis
1538 2477 1625 2504 Deum
1648 2485 1705 2504 ma-

915 2524 971 2551 lum
985 2528 1039 2550 tam
1057 2529 1135 2551 ortus
1149 2532 1231 2559 quam
1252 2523 1349 2550 mo'rtis
1368 2523 1528 2550 effectorem
1550 2531 1621 2550 esse.
1647 2522 1691 2550 Ca:

915 2573 1004 2596 terum
1027 2574 1139 2596 sanctus
1159 2573 1187 2596 et
1211 2569 1379 2604 apostolicus
1401 2568 1499 2595 doctor
1522 2568 1649 2596 Clemens
1677 2569 1703 2595 in

915 2615 1005 2649 primo
1020 2615 1054 2642 de
1068 2615 1242 2649 providentia
1258 2618 1286 2641 et
1299 2614 1488 2650 justojudicio
1500 2614 1548 2641 Dei
1566 2622 1703 2644 sermone,

915 2660 1050 2694 ejusmodi
1063 2659 1130 2694 quid
1146 2660 1243 2686 scribit
1260 2668 1266 2685 :
1285 2659 1524 2692 Quemadmodum
1538 2659 1596 2686 ﬁeri
1614 2663 1705 2694 potest

916 2709 945 2730 ut
962 2709 990 2731 ct
1004 2711 1079 2731 nunc
1096 2705 1178 2731 homo
1203 2704 1305 2731 formet
1320 2705 1472 2737 hominem,
1497 2711 1530 2732 eo
1551 2709 1631 2739 pacto
1650 2702 1705 2737 quo

914 2749 1000 2776 Adam
1016 2750 1152 2777 formatus
1164 2756 1216 2782 est,
1239 2750 1265 2777 id
1284 2754 1374 2778 tamen
1393 2759 1449 2777 non
1468 2750 1497 2777 ﬁt
1511 2758 1545 2777 eo
1562 2748 1635 2783 quod
1653 2748 1704 2774 bo—

915 2796 983 2823 mini
1009 2797 1064 2824 vim
1080 2797 1229 2832 generandi
1253 2796 1382 2824 homines
1410 2795 1593 2826 concesserit,
1613 2793 1706 2821 verbis

709 2876 828 2904 νΜιιΑῑ
849 2877 1051 2907 ῐιΕϐΤιοῗέΙῦΞ.

98 2935 112 2948 ν
130 2933 241 2967 μυίαις.
290 2938 300 2951 ι
314 2933 556 2967 Interpreslegerit
568 2933 794 2968 περιπατοῦντες.
