1989 3184
303 161 357 194 743

920 169 949 197 S.
971 168 1171 199 ANASTASII
1191 171 1353 204 ΞῙΝΑῙΤιΕ

1876 179 1928 212 7H

304 223 360 250 illis
376 222 409 250 ad
426 226 554 250 naturam
566 223 714 252 humanam
726 225 840 259 prolatis
863 233 868 251 :
889 234 898 250 ι
918 225 1052 255 Crescite.
1066 234 1077 253 ε

1145 227 1218 261 Eli-.15
1241 232 1403 266 χαρίσασθαι
1429 233 1469 269 τῷ
1491 234 1626 270 ἀνθρώπῳ
1643 235 1803 272 ἀνθρώπους
1818 241 1927 275 γεννᾷν,

304 267 537 302 multiplicamini,
555 273 583 296 et
597 270 700 304 replete
715 274 817 297 terram
832 270 853 285 "
868 279 876 303 ;
896 280 903 295 I
921 271 969 303 ita,
991 271 1090 306 inquit,

303 313 492 348 omnipotente
504 319 531 341 et
550 315 666 348 provida
679 323 728 343 sua
743 316 858 346 virtute,
882 324 1028 351 corporum
1049 325 1093 344 re-

303 358 468 385 solutionem
483 363 510 386 et
524 361 741 394 corruptionem,
754 361 872 388 naturali
884 362 1003 395 quadam
1019 362 1091 389 serie

302 408 330 430 et
344 405 551 436 eonsccutione,
568 406 767 433 elementorum
788 407 934 434 mutationi
954 408 1090 442 permisit,

300 451 330 473 et
345 448 482 474 commisit
506 449 659 476 secundum
675 449 785 477 insitam
799 451 928 478 essentia:
945 452 1020 479 illius
1045 460 1094 479 co-

302 493 452 526 gnitionem
474 498 502 520 et
516 495 807 528 comprehensionem.
838 497 939 523 Audivi
959 505 1020 531 qua:
1039 505 1090 525 nos

301 537 381 563 Pater
407 538 517 564 Patrum
543 539 651 571 doceat,
678 545 776 574 nempe
801 541 886 568 Deum
912 542 1036 569 bonitate
1062 547 1089 569 ct

301 584 474 617 providentia
491 592 540 611 sua
556 589 661 612 natura:
680 591 780 614 nostra:
805 588 992 615 essentialiter
1017 588 1089 615 indi-

300 627 373 655 disse
391 633 444 655 tam
467 637 559 656 carnis
579 631 800 665 generationem,
825 640 858 659 ex
884 633 1087 660 elementorum

299 673 402 700 virtute
418 675 557 706 coalitam,
580 682 662 709 quam
681 677 878 703 resolutionem
899 678 1017 712 vitaeque
1040 687 1088 705 ex-

300 720 485 747 stinctionem.
500 721 597 755 Igitur,
613 721 635 748 si
648 721 749 748 videris
767 722 874 756 aliquos
888 730 921 749 ex
938 723 1085 757 impiorum

299 774 415 793 numero
431 767 464 793 ad
478 774 611 793 summam
624 772 732 794 aetatem
756 768 884 802 provehi,
911 768 980 795 alios
993 774 1085 797 autem

300 812 394 846 pietati
411 813 534 840 addictos
551 821 645 848 paucis
667 820 748 840 amns
767 821 924 848 superesse,
949 815 1019 842 nihil
1037 815 1085 842 ab~

299 857 375 883 surdi
389 857 423 885 de
439 859 494 885 Deo
511 859 538 884 in
563 858 686 885 animum
703 858 833 891 admitte;
857 859 905 886 sed
929 860 1017 894 cogita
1043 860 1084 887 di-

297 903 390 929 vinam
408 903 610 938 providentiam
623 904 824 938 elementorum
851 909 878 931 et
902 905 975 932 aeris
1003 910 1084 932 natu-

297 955 354 973 ram
366 952 393 975 et
412 952 659 982 temperamentum
676 950 830 976 secundum
857 950 958 977 divina:
982 952 1083 979 mentis

297 1000 435 1021 momenta
452 994 650 1022 administrare
667 999 695 1022 et
725 996 880 1030 gubernare
903 997 1080 1031 decrevisse;

295 1046 416 1071 omnem,
432 1040 556 1074 inquam,
576 1048 637 1075 quae
652 1041 704 1068 sub
719 1046 862 1076 aspectum
884 1042 969 1075 cadit,
997 1051 1080 1078 peco-

295 1093 367 1116 rum.
378 1087 532 1117 volucrum.
548 1086 664 1121 piscium
682 1092 708 1114 et
733 1087 876 1114 hominum
900 1093 1037 1120 naturam,
1053 1093 1081 1115 et

295 1133 349 1157 tam
365 1135 456 1158 ortum
474 1139 556 1166 quam
580 1132 723 1159 interitum
751 1139 909 1167 corporum.
934 1132 1078 1166 Quocirca,

293 1177 404 1210 quando
430 1177 574 1204 humidum
591 1181 618 1204 et
637 1177 774 1212 liquidum
796 1178 965 1206 elementum
987 1179 1080 1213 aliqua

294 1221 341 1249 lue
368 1221 491 1249 inﬁcitur
508 1243 515 1255 ,
539 1223 630 1257 pisces
660 1223 818 1256 intereunt;
843 1223 954 1258 quando
980 1228 1054 1251 terra
1070 1244 1078 1256 ,

290 1267 414 1302 jumenta
427 1268 635 1295 contabeseunt.
655 1269 684 1295 Si
707 1277 759 1295 aer
793 1270 880 1296 nimio
906 1269 1009 1305 frigore
1033 1279 1079 1298 ex-

293 1315 449 1346 asperetur,
461 1313 621 1339 volucribus
632 1314 770 1347 pernicies
785 1313 912 1345 adertur,
921 1314 944 1341 si
958 1315 1079 1342 elemen-

293 1361 351 1384 tum
367 1357 446 1392 ignis,
464 1363 532 1384 nutu
550 1358 615 1390 Dei,
638 1358 722 1386 nimis
741 1359 900 1391 incalescat,
919 1360 1077 1387 hominibus

291 1404 376 1431 fatale
391 1404 504 1431 exitium
518 1405 636 1438 paritur.
665 1405 735 1440 Ergo
748 1410 861 1440 propter
877 1406 1075 1434 elementorum

290 1449 386 1477 divino
399 1454 467 1476 nutu
486 1450 636 1482 motiones,
653 1457 791 1483 accessus,
810 1459 952 1485 recessus,
968 1453 1073 1479 mistio-

290 1503 340 1523 nes
356 1499 384 1522 et
400 1495 481 1531 402
500 1496 648 1530 qualitates
670 1497 817 1531 provincia
837 1497 978 1524 nonnulla:
999 1506 1074 1525 mor-

290 1541 380 1568 tiferis
394 1542 472 1568 malis
493 1546 604 1574 carent,
623 1550 684 1569 cum
712 1542 840 1569 fruantur
865 1551 927 1570 aere
952 1543 1025 1571 sicco
1047 1548 1075 1571 et

289 1594 371 1621 puro,
387 1587 467 1622 aquis
483 1587 578 1614 itidem
594 1588 682 1622 puris,
700 1592 728 1615 et
743 1588 777 1615 ad
794 1589 942 1617 sanitatem
961 1597 1074 1617 conser-

289 1633 405 1660 vandam
422 1634 645 1661 accommodatis.
663 1634 811 1662 Teslantur
833 1636 886 1663 hoc
903 1644 981 1671 aqua:
999 1637 1072 1664 Jeri-

289 1679 430 1707 chuntinze
441 1681 614 1714 temporibus
633 1681 717 1708 Elisei
732 1683 873 1717 prophetas
886 1703 893 1715 ,
912 1692 972 1718 qnze
991 1684 1072 1711 steri-

289 1724 395 1751 litatem
413 1729 439 1752 et
455 1730 570 1752 mortetn
594 1726 747 1760 pariebant.
769 1728 858 1760 Quare
875 1729 1008 1763 propheta
1027 1737 1073 1756 cu-

289 1774 400 1796 raturus
415 1769 474 1797 illas
485 1770 574 1797 aiebat
589 1779 594 1797 :
613 1780 621 1796 ‹
643 1771 706 1798 Hac
723 1771 790 1799 dicit
805 1773 935 1801 Dominus
951 1783 957 1800 :
973 1774 1072 1802 Sanavi

288 1822 373 1849 aquas
389 1815 447 1846 has,
464 1820 491 1842 et
504 1824 558 1842 non
572 1815 624 1843 erit
641 1817 668 1843 in
691 1817 731 1844 eis
751 1819 869 1852 amplius
890 1827 964 1846 mors
984 1828 1072 1855 neque

287 1861 419 1887 sterilitas
439 1861 471 1887 ι’.
492 1871 501 1886 ι
517 1861 614 1893 Audis,
642 1865 682 1893 tu,
712 1863 758 1896 qui
781 1863 976 1897 praatinitiones
992 1866 1072 1893 nobis

288 1905 382 1936 all'ers,
406 1907 500 1933 vecem
526 1907 716 1942 prophetieam
731 1912 759 1935 et
773 1909 904 1942 divinam,
929 1911 1072 1946 perspicue

286 1955 475 1983 attestantem,
492 1958 606 1979 mortem
624 1957 653 1979 et
675 1954 848 1981 sterilitatem
871 1963 904 1982 ex
928 1957 1007 1991 aquis
1024 1957 1073 1984 ho-

287 1996 409 2024 minibus
436 1997 580 2033 obtingere
597 2018 605 2030 ,
633 1998 704 2027 sicut
734 2007 750 2027 e
776 2001 914 2027 contrario
937 2002 1021 2029 vitam
1044 2007 1072 2029 et

285 2041 484 2070 fecunditatem
508 2053 542 2071 ex
559 2052 630 2079 aqua
654 2046 801 2080 provenire
829 2048 940 2081 planum
967 2048 1072 2076 faciunt

286 2094 366 2122 aqum
380 2087 513 2124 Egyptite
522 2090 670 2117 admodum
688 2091 791 2118 feraces
804 2097 832 2119 et
848 2092 981 2121 fecundae.
993 2094 1070 2127 Quod

287 2133 310 2159 si
330 2141 363 2160 ex
376 2135 455 2168 aquis
473 2142 599 2169 corpora.
616 2137 749 2170 permissu
768 2137 825 2168 Dei,
850 2137 1008 2171 intereunt,
1029 2147 1072 2167 se-

284 2180 392 2214 quitur,
405 2180 476 2207 idem
486 2188 519 2207 ex
532 2182 647 2215 reliquis
663 2183 817 2215 elementis,
834 2185 985 2212 secundum
997 2194 1071 2220 qua:-

1144 274 1228 300 εἰπὼν
1237 276 1304 311 πρὸς
1312 278 1361 312 τὴν
1373 279 1453 312 φύσιν
1463 280 1541 314 ἡμῶν
1551 280 1592 313 τὺ,
1610 290 1619 306 ι
1629 281 1791 315 Δίιξάνεσθε,
1804 285 1850 310 καὶ
1864 274 1928 321 πλη-

1143 317 1265 354 θύνεσθε,
1280 323 1327 349 καὶ
1343 324 1504 359 πληρώσατε
1516 325 1602 360 γῆν-ι
1613 326 1693 366 οὕτω,
1707 328 1783 363 φησὶ,
1793 331 1825 365 τῇ
1842 317 1928 357 παντ-

1142 365 1255 402 εξουσίῳ
1282 369 1329 395 καὶ
1349 372 1513 406 προνοητικῇ
1535 371 1616 398 αὑτοῦ
1649 365 1763 408 δυνάμει
1778 394 1785 405 ,
1807 375 1854 401 καὶ
1879 376 1929 410 τὴν

1141 411 1195 437 τῶν
1220 414 1353 448 σωμάτων
1374 415 1495 442 διάλυσιν
1519 414 1566 443 aiat
1583 418 1724 453 τελευτὴν,
1747 422 1848 455 φυσικῇ
1875 429 1928 448 τινι

1140 457 1284 502 ᾁκολουθίᾳ
1305 461 1351 486 καὶ
1379 461 1465 494 τάξει,
1486 463 1518 497 τῇ
1543 463 1597 488 τῶν
1627 465 1766 498 στοιχείων
1789 466 1926 502 μεταϐολῇ

1139 501 1299 538 ᾠκονόμησε
1319 505 1454 538 γίνεσθαι,
1475 507 1545 532 κατὰ
1572 506 1622 541 τὴν
1635 508 1751 543 οὺσιώδη
1767 509 1849 535 αὑτοῦ
1868 510 1928 536 θεοη

1139 549 1258 581 γνωσίαν
1278 550 1325 576 καὶ
1349 551 1515 585 κατάληψιν.
1546 553 1696 579 Ἤκουσαι
1724 556 1816 589 φωνῆς
1848 556 1927 590 ἱερᾶς

1140 593 1244 627 Πατρὺς
1261 595 1390 629 Πατέρων
1404 595 1582 631 διδασκούσης
1595 617 1601 628 ,
1617 599 1712 632 ὅτιπερ
1724 601 1754 634 τῇ
1775 601 1926 635 παναγάθῳ

1138 640 1184 664 καὶ
1199 640 1231 674 τῇ
1248 643 1412 676 προνοητικῇ
1435 642 1517 668 αὑτοῦ
1536 643 1651 677 δυνάμει
1673 645 1687 669 ὁ
1702 644 1766 676 Θεὸς
1787 646 1926 678 οὺσιωδῶς

1137 683 1272 710 ὲντέθεικε
1295 686 1326 719 τῇ
1355 687 1478 722 ἡμετέρᾳ
1504 687 1582 721 φύσει
1602 689 1648 715 καὶ
1670 690 1719 724 τὴν
1755 691 1799 717 διὰ
1820 693 1924 725 σαρκὸς

1137 730 1273 763 γέννησιν,
1291 730 1340 765 τὴν
1355 733 1387 757 ὲκ
1404 734 1543 767 στοιχείων
1557 732 1746 768 ὼνάμειθεοῦ
1764 738 1925 771 συνισταμέ-

1135 783 1198 809 νην·
1221 775 1322 809 ὁμοίως
1341 777 1388 802 καὶ
1404 776 1454 812 τὴν
1474 777 1597 805 διάλυσιν
1613 779 1662 805 καὶ
1675 780 1840 807 ἀποῦίωσινο
1859 782 1925 808 οὒκ-

1135 820 1183 846 οῦν
1215 821 1335 855 ὁπηνίκα
1352 822 1408 857 ἴδῃς
1431 823 1506 855 τινὰς
1526 824 1686 859 ἀνθρώπους
1709 826 1924 861 ὑπεργηρῶντας

1136 865 1245 897 ἀσεόεῖς
1259 866 1351 899 ὄντας,
1366 867 1441 899 τινὰς
1455 868 1483 895 δὲ
1496 869 1630 901 θεοσεϐεῖς
1643 870 1851 906 ὀλιγοχρονίους,
1871 879 1923 907 μη-

1137 913 1180 938 δὲν
1190 913 1313 947 ἀπρεπὲς
1320 914 1383 949 περὶ
1391 914 1458 940 Θεοῦ
1470 915 1610 949 ὲννοησίας
1621 920 1632 933 ²
1645 916 1748 949 μαθὼν,
1757 917 1797 942 ὅτι
1807 917 1858 951 τὴν
1869 917 1922 943 τῶν

1140 959 1282 992 στοιχείων
1302 959 1350 985 καὶ
1371 960 1459 994 ἀέρων
1474 959 1556 993 φύσιν
1570 961 1616 986 καὶ
1637 961 1921 995 κρᾶσινῴχονόμησεν

1135 1004 1150 1038 ὴ
1163 1003 1208 1029 τοῦ
1217 1004 1284 1030 Θεοῦ
1302 1004 1414 1038 πρόνοια
1427 1004 1548 1035 διοικεῖν,
1566 1006 1612 1031 καὶ
1629 1006 1773 1040 κἀὄερνᾷν,
1784 1008 1854 1032 κατὰ
1871 1007 1920 1041 τὴν

1134 1050 1180 1077 τοῦ
1194 1051 1260 1076 Θεοῦ
1275 1051 1371 1085 ῥοπὴν,
1386 1051 1475 1076 πᾶσαν
1488 1051 1538 1086 τὴν
1554 1051 1695 1086 ὁρωμένην
1711 1052 1818 1085 κτηνῶν
1828 1059 1859 1077 τε
1875 1052 1920 1077 καὶ

1135 1096 1280 1126 πετεινῶν,
1298 1098 1346 1122 καὶ
1377 1095 1488 1131 ἰχθύων,
1516 1097 1562 1122 καὶ
1588 1096 1740 1131 ἀνθρώπων
1767 1097 1860 1130 φύσιν,
1875 1098 1921 1124 καὶ

1133 1141 1270 1176 γέννησιν,
1284 1142 1331 1168 καὶ
1358 1141 1489 1173 διάλυσιν,
1504 1142 1551 1169 καὶ
1568 1142 1700 1176 σωμάτιον
1716 1143 1818 1178 θνῆσιν.
1836 1144 1920 1169 Ὅθεν

1133 1187 1252 1222 ὁρῶμεν,
1273 1187 1369 1222 ὅτιπερ
1395 1188 1477 1222 ἡνίκα
1503 1189 1567 1222 περὶ
1592 1188 1623 1213 τὸ
1649 1188 1731 1222 ὑγρὸν
1756 1189 1918 1224 στοιχεῖονῆ

1132 1233 1223 1269 φθορὰ
1246 1234 1433 1269 περιγένηται,
1450 1234 1612 1268 θνήσκουσιν
1631 1234 1730 1269 ἰχθύων
1754 1234 1919 1269 αὐτομάτων

1132 1271 1221 1314 πλήθη
1233 1285 1240 1293 ·
1256 1279 1299 1306 ὅτε
1315 1279 1343 1305 δὲ
1359 1279 1424 1314 περὶ
1438 1279 1468 1305 τὸ
1487 1280 1536 1313 τῆς
1550 1280 1601 1314 γῆς
1619 1279 1717 1315 ξηρὸν.
1730 1280 1860 1306 πίπτουσι
1884 1280 1918 1306 τὰ

1131 1325 1227 1360 κτήνη,
1252 1325 1315 1351 Ἐὰν
1342 1325 1370 1351 δὲ
1396 1325 1426 1351 τὸ
1453 1325 1499 1351 τοῦ
1523 1326 1604 1360 ἀέρος
1634 1326 1737 1361 ψυχρὸν
1766 1326 1917 1360 πλεονάσῃ,

1131 1371 1236 1406 φθείρει
1258 1371 1292 1398 τὰ
1314 1371 1440 1397 πετεινάδ
1462 1372 1487 1397 εί
1507 1371 1538 1397 δὲ
1558 1371 1588 1397 τὸ
1602 1371 1649 1397 τοῦ
1668 1372 1754 1406 πυρὸς
1768 1371 1916 1405 ὑπερζέσει

1131 1418 1274 1451 στοιχεῖον,
1294 1417 1447 1452 συνειδήσει
1469 1416 1516 1443 τοῦ
1540 1418 1653 1452 ποιητοῦ
1675 1417 1837 1444 τελευτῶσιν
1864 1418 1917 1444 ὑπὸ

1131 1462 1276 1489 θανατικοῦ
1294 1463 1434 1498 ἄνθρωποι
1450 1463 1592 1490 διἀὑτὼν.
1610 1465 1673 1490 Διὸ·
1690 1464 1781 1490 λοιπὸν
1795 1466 1847 1495 τὰς
1860 1464 1915 1490 τῶν

1130 1508 1269 1542 στοιχείων
1286 1508 1400 1544 προνοίᾳ
1424 1508 1492 1534 Θεοῦ
1512 1510 1642 1543 κινήσεις,
1663 1508 1710 1535 καὶ
1730 1509 1914 1544 πλημμύρας,

1087 1563 1110 1592 (ς
1129 1554 1175 1580 καὶ
1195 1553 1369 1585 ἐλαττώσεις,
1392 1555 1439 1580 καὶ
1461 1555 1584 1588 κράσεις,
1598 1556 1644 1580 καὶ
1662 1555 1819 1590 ποιότητας,
1840 1554 1915 1586 τινὲς

1127 1599 1213 1634 χῶραι
1228 1599 1391 1635 ἀπείραστοι
1406 1599 1557 1626 θανατικῶν
1568 1601 1741 1636 τυγχάνουσι,
1758 1600 1914 1635 ξηροτέρων

1127 1645 1258 1676 πολλάκις
1273 1646 1320 1672 καὶ
1335 1646 1464 1680 καθαρῶν
1478 1646 1526 1673 καὶ
1544 1646 1658 1680 ἀρύπων
1668 1647 1690 1678 δ,
1705 1646 1752 1672 καὶ
1764 1645 1912 1679 ὑγιοποιῶν

1126 1690 1215 1724 ἀέρων
1234 1690 1281 1716 καὶ
1296 1690 1398 1716 ὑδάτων
1418 1692 1597 1725 ὑπάρχουσαι.
1618 1691 1672 1718 Καὶ
1687 1691 1856 1726 μαρτυροῦσι
1879 1691 1912 1717 τὰ

1131 1737 1308 1772 Ἰεριχούντια
1335 1738 1381 1763 ἐπὶ
1410 1738 1527 1766 Ἐλισαιὲ
1548 1739 1633 1772 ἄγονα
1663 1740 1710 1765 κα)⁵
1736 1739 1911 1774 θανατηφόρα

1126 1783 1291 1817 ὑπάρχοντα.
1312 1783 1394 1809 ’Ὅθεν
1408 1783 1522 1818 ἰώμενος
1536 1784 1605 1810 αὐτὰ
1627 1785 1640 1810 ὁ
1658 1785 1800 1819 προφήτης
1813 1785 1909 1817 ελεγεδ

1128 1837 1137 1853 ι
1154 1828 1222 1854 Τάδε
1246 1828 1319 1862 λέγει
1343 1829 1456 1863 Κύριοςο
1481 1830 1574 1863 Ἴαμαι
1594 1830 1628 1856 τὰ
1649 1829 1733 1856 ὕδατα
1748 1830 1846 1861 ταῦτα,
1863 1830 1911 1856 καὶ

1125 1874 1174 1900 οὐκ
1188 1874 1264 1900 ἔσται
1279 1875 1306 1900 ὲν
1321 1875 1413 1905 αὐτοῖς
1429 1875 1578 1909 θάνατος,ἦ
1592 1874 1774 1902 ἀτεκνοῦσαι.
1787 1885 1796 1900 ι
1812 1876 1908 1902 Ἀκού-

1125 1927 1176 1951 εις,
1199 1920 1212 1945 ὁ
1229 1920 1292 1951 τοὺς
1307 1920 1491 1955 προορισμοὺς
1509 1921 1577 1955 ἡμῖν
1594 1920 1822 1955 προϐαλλόμενος,
1842 1930 1911 1956 προ-

1125 1963 1245 1998 φητικῆς
1261 1964 1307 1989 καὶ
1321 1963 1396 1995 θείας
1420 1964 1512 1999 φωνῆς
1529 1964 1729 1999 μαρτυρούσης,
1745 1966 1790 1991 καὶ
1803 1965 1911 1992 ὑδάτων

1125 2009 1248 2042 γίνεσθαι
1271 2010 1327 2040 τοῖς
1354 2009 1509 2044 ἀνθρώποις
1535 2010 1667 2041 θανάτους
1689 2011 1737 2036 καὶ
1766 2011 1909 2042 ἀτεκνίας,

1125 2055 1197 2081 καθὰ
1217 2054 1298 2081 πάλιν
1318 2055 1364 2081 καὶ
1393 2055 1427 2081 τὰ
1457 2055 1594 2088 Αἰγύπτια
1623 2055 1708 2082 ὕδατα
1738 2056 1909 2090 μαρτυροῦσι

1126 2101 1262 2134 πολύγονα
1273 2102 1320 2127 καὶ
1335 2101 1449 2127 εὖτεκνα
1473 2103 1651 2136 τυγχάνοντα.
1667 2103 1698 2128 Εἰ
1713 2102 1741 2128 δὲ
1759 2103 1787 2133 ἐξ
1803 2103 1909 2129 ὑδάτων

1125 2147 1232 2182 θνήσεις
1249 2148 1383 2180 σωμάτων
1398 2148 1546 2182 συνειδήσει
1572 2147 1638 2173 Θεοῦ
1653 2148 1781 2180 γίνονται,
1799 2148 1908 2178 πάντως

1124 2192 1157 2218 ἂν
1175 2193 1221 2218 καὶ
1249 2193 1303 2218 τῶν
1327 2192 1428 2218 λοιπῶν
1456 2192 1594 2226 στοιχείων
1622 2192 1694 2218 κατὰ
1719 2201 1794 2223 τινας
1822 2192 1907 2219 αὑτοῦ

287 2225 348 2252 dam
367 2226 549 2258 incrementa.
572 2227 614 2254 vel
632 2228 819 2262 decrementa,
837 2230 964 2258 accidere
980 2239 1070 2266 posse.

1131 2237 1323 2273 πλεονασμοίις,
1339 2238 1355 2273 ἦ
1373 2237 1546 2269 ἐλαττώσεις.

322 2276 350 2304 Si
369 2285 434 2304 vero
454 2278 511 2305 ham
524 2278 604 2306 aliter
630 2286 660 2306 se
674 2279 787 2311 habent.
802 2280 880 2312 cedo,
902 2289 986 2316 quare
1002 2283 1074 2310 Deus

281 2322 428 2350 scientiam
444 2323 588 2350 medicina:
606 2324 765 2352 hominibus
777 2325 902 2358 tradidit,
919 2326 1073 2362 herbasque

281 2371 314 2394 et
329 2368 419 2395 omnis
443 2369 551 2402 generis
562 2369 618 2396 alia
640 2370 675 2396 ad
692 2372 865 2397 curationem
889 2377 951 2406 apta
967 2381 1072 2408 praepu-

282 2413 378 2439 s‘avit?
402 2413 480 2446 Hinc,
499 2419 528 2441 ut
539 2421 589 2447 ego
613 2414 723 2448 quidem
748 2416 877 2448 arbitror,
902 2418 1001 2444 medici
1023 2419 1066 2445 ho-

284 2458 385 2485 minem
403 2459 512 2493 smpius,
540 2464 679 2487 annuente
698 2460 764 2491 Deo,
788 2468 803 2488 ιι
826 2466 914 2489 morte
938 2463 1067 2490 liberant.

281 2503 378 2538 Itaque
400 2510 522 2532 veterum
545 2506 683 2539 sapientes
708 2506 856 2541 diligenter
882 2509 954 2542 apud
980 2509 1069 2543 philo-

282 2550 386 2584 sophos
402 2555 430 2578 et
454 2551 737 2583 medicosinstabant,
756 2556 786 2579 ut
808 2561 889 2587 quam
917 2555 1067 2582 accuratis-

282 2593 352 2622 sime
364 2600 534 2630 esponerent
555 2604 615 2630 qua:
637 2596 665 2623 in
679 2597 801 2631 qualibet
818 2598 928 2632 regione
944 2599 1066 2626 clemen—

282 2642 374 2667 torum
403 2644 431 2668 et
447 2640 534 2676 ipsius
558 2645 638 2668 terrae
665 2642 814 2677 qualitates
831 2648 940 2676 essent;
965 2645 1067 2679 quibus

279 2684 314 2712 lit
329 2689 360 2713 ιιι
379 2687 516 2721 mancipia
532 2695 593 2722 quae
617 2687 646 2714 in
671 2687 806 2718 orientem
829 2694 1063 2724 transportantur,

315 2741 337 2758 "
351 2741 420 2770 Gen.
438 2751 457 2775 ι,
478 2743 522 2770 28.
561 2744 582 2759 ’³
596 2744 628 2771 IV
646 2744 711 2779 Reg.
727 2754 755 2778 ιι,
773 2746 816 2772 91.

1158 2284 1190 2311 Εἰ
1204 2284 1233 2311 δὲ
1253 2283 1292 2319 μὴ
1315 2284 1400 2310 ταῦτα
1422 2283 1520 2316 οὕτως,
1537 2284 1597 2310 είπέ
1626 2293 1682 2319 μοι,
1704 2284 1776 2316 τίνος
1801 2285 1908 2320 χάρινό

1122 2330 1189 2362 Θεὸς
1203 2329 1254 2365 τὴν
1277 2329 1403 2364 ἰατρικῆς
1423 2330 1580 2364 ἐπιστήμην
1593 2330 1654 2360 τοὺς
1668 2329 1828 2364 ἀνθρώπους
1843 2331 1905 2356 €86-

1122 2383 1195 2409 φισε,
1216 2376 1263 2401 καὶ
1276 2375 1324 2406 τὰς
1341 2375 1465 2409 βοτάνας,
1482 2376 1527 2401 καὶ
1543 2375 1576 2401 τὰ
1589 2375 1648 2409 ειόη
1663 2376 1751 2402 πάντα
1767 2375 1906 2410 θεραπευ-

1120 2421 1183 2447 τικὰ
1201 2422 1425 2456 προηυτρέπισε;
1446 2421 1540 2452 Ὅθεν,
1553 2421 1677 2455 καθάπερ
1691 2421 1746 2454 ἐγὼ
1758 2419 1843 2456 οἶμαι,
1859 2423 1905 2448 καὶ

1123 2466 1238 2498 σώζουσι
1256 2466 1397 2497 πολλάκις,
1415 2466 1482 2492 Θεοῦ
1496 2467 1611 2501 προνοίᾳ
1631 2467 1655 2493 at
1673 2468 1759 2501 ἰατροὶ
1774 2469 1806 2494 ἐκ
1821 2467 1905 2494 θανα-

1121 2520 1167 2538 του
1178 2511 1331 2547 ἄνθρωπον.
1355 2512 1463 2545 Ἀμέλει
1477 2511 1541 2545 γοῦν
1555 2513 1579 2538 οι
1593 2512 1646 2544 τῷν
1657 2513 1777 2546 ἀρχαίων
1792 2513 1905 2547 ἐπιστήο

1123 2565 1202 2590 μονες
1231 2557 1411 2583 ἐπυνθάνοντο
1439 2558 1501 2588 τοὺς
1525 2557 1697 2591 φιλοσόφους.
1723 2559 1769 2585 καὶ
1794 2560 1904 2593 ἰατροὺς

1120 2602 1181 2633 τοὺς
1197 2602 1381 2636 ἐπιστήμονας
1397 2603 1436 2633 εἰς
1446 2603 1589 2638 ἀκρίὸειαν
1604 2604 1701 2636 αὐτοὺς
1713 2604 1726 2623 ά
1735 2605 1905 2638 διαγγέλλειν

1120 2647 1168 2678 τὰς
1182 2647 1339 2682 ποιότητας,
1364 2649 1411 2674 καὶ
1425 2648 1480 2674 τῶν
1500 2649 1641 2684 στοιχείων
1656 2650 1711 2676 τῶν
1731 2650 1838 2685 χωρῶν,
1855 2649 1904 2676 καὶ

1120 2693 1151 2718 ἐκ
1168 2693 1246 2724 ποίας
1263 2693 1325 2727 γῆς.
1341 2693 1381 2719 Δι’
1396 2690 1433 2719 ὧν
1448 2693 1488 2726 εἰς
1512 2702 1541 2720 τε
1561 2695 1595 2721 τὰ
1619 2695 1659 2726 εις
1683 2695 1815 2730 ἀνατολὴν
1826 2694 1902 2728 ὀφεί-

914 2802 1030 2830 νΑΗΙᾸΕ
1052 2804 1249 2833 LECTIONES.

311 2855 502 2891 ⁵⁴ιήιίουσας.
559 2863 569 2876 ¹
598 2859 723 2894 ιννόησον
773 2866 785 2880 ι
810 2861 861 2886 aa.

917 2861 931 2879 δ
949 2861 967 2887 Γ.
986 2862 1160 2897 app-mam».

1220 2869 1229 2882 ε
1246 2863 1316 2890 LXX
1337 2865 1436 2900 interp.
1458 2867 1652 2902 ἀτεκνουμὲνη.
1705 2867 1717 2887 ἀ
1751 2868 1770 2894 Γ.
1798 2867 1898 2899 αὐτοῖς.
