1977 3258
257 197 310 231 747

877 199 908 228 3.
930 199 1130 239 ANASTASII
1151 201 1313 232 SINAIT/E

1837 213 1890 246 748

255 255 352 291 pestis,
368 253 518 290 aliquando
537 253 633 282 febris.
646 254 787 282 Interdum
797 255 880 282 nimia
893 255 1037 282 inflamma-

1098 257 1144 283 καὶ
1158 257 1252 285 ἄλλοτε
1270 260 1431 296 πλευριτικῇ
1447 262 1565 290 διαθέσει
1580 265 1603 290 ot
1617 264 1757 300 ἄνθρωποι
1769 267 1890 304 ἀποθνή-

255 300 340 332 tione,
362 299 500 326 interdum
511 298 628 326 laterum
645 299 742 327 dolore
753 300 879 327 homines
891 301 1041 332 intereunt,

255 348 345 372 morte
363 349 424 371 orta
437 351 471 371 ex
488 344 561 370 aeris
581 348 609 371 et
624 344 743 371 aliorum
762 345 966 381 elementorum
986 353 1045 372 mo-

253 391 339 424 tione,
366 391 538 418 incremento
562 395 591 418 et
617 391 806 423 decremento,
828 399 879 426 pro
906 392 1044 418 variarunt

254 436 399 471 regionum
424 435 588 463 diversitate
614 443 647 462 ac
666 436 841 469 conditione;
869 445 925 464 non
952 442 1044 464 tamen

253 482 359 516 absque
369 481 417 508 Dei
432 481 548 508 scientia
559 485 586 508 et
598 485 678 511 nutu.
694 481 783 508 absit!
801 489 865 509 eum
878 482 937 509 haec
951 483 1043 510 omnia

251 528 383 555 eveniant
396 535 430 554 ex
446 527 576 562 primaeva
594 527 640 553 illa
657 527 860 557 elementorum
876 527 999 555 motione
1015 532 1044 556 et

253 572 452 601 constitutione
466 580 548 607 quam
566 572 637 600 Deus
653 573 707 600 illis
719 573 831 600 indidit.

288 620 327 647 Ex
339 627 392 654 qua
408 618 448 650 fit,
464 625 525 645 meo
542 618 658 653 judicio,
684 622 714 645 ut
727 619 877 653 aliquando
899 619 1041 651 mulieres,

253 665 364 701 pietatis
378 664 509 691 cultrices
522 664 639 696 eximite,
655 664 803 691 sterilitate
826 665 954 692 laborent
967 685 974 696 ,
1000 670 1040 698 ut,

252 712 371 746 exempli
392 711 489 746 gratia,
505 710 582 742 Sara,
608 711 747 741 Rebecca,
765 710 860 743 Anna;
889 711 951 738 alia:
974 718 1041 738 vero

252 756 395 792 improbat,
416 762 564 783 numerosa
592 756 687 782 sobole
713 755 850 782 ditentur.
877 756 1041 790 Quanquam

251 801 377 828 fortassis
395 801 484 827 audax
496 808 552 828 non
565 801 656 833 fuero,
682 801 705 828 si
727 800 817 828 dicam
845 800 912 836 illud
932 801 1042 828 contin-

251 855 316 882 gere
340 855 373 875 ex
397 847 516 874 naturali
545 847 665 882 quadam
682 846 765 882 404
789 851 818 874 et
836 854 850 873 a
878 847 934 874 Deo
958 847 1040 874 insita

251 893 434 928 dispositione
452 898 480 921 et
502 901 597 920 causa.
621 893 698 928 Saepe
715 893 790 920 enim
806 893 924 924 mulier,
943 893 1038 920 decem

250 939 320 967 viris
339 939 496 966 successive
524 943 622 974 nupta,
647 939 710 966 illos
731 946 829 966 omnes
849 938 877 965 in
900 939 1037 966 tumulum
1054 933 1076 960 Β

251 986 345 1013 intulit
356 985 492 1012 acerrimo
502 989 530 1012 et
541 984 625 1011 nimis
633 988 749 1011 actuoso
765 984 882 1011 humore
894 990 922 1011 et
932 985 1038 1011 semine

250 1032 341 1067 plena.
358 1030 494 1058 Similiter
509 1034 537 1057 et
554 1030 597 1057 vir
610 1030 706 1057 eadem
719 1029 754 1057 de
774 1038 859 1057 causa
879 1031 1038 1057 successive

249 1077 379 1112 pluribus
393 1076 504 1104 feminis
517 1076 693 1103 matrimonio
703 1077 828 1111 junctus,
844 1084 940 1103 omnes
955 1084 1036 1110 sepe-

249 1123 319 1151 livit.
335 1123 452 1157 Quidam
469 1122 566 1149 volunt
579 1121 635 1156 (89)
649 1121 748 1149 eodem
764 1121 857 1153 modo,
882 1121 990 1149 scilicet
1003 1129 1038 1148 ex

251 1173 468 1204 temperamento
483 1173 510 1195 et
524 1167 683 1195 differentia
693 1168 895 1194 elementorum
911 1167 1037 1194 accidere

250 1220 280 1243 ut
304 1214 432 1243 nonnulli
459 1214 643 1241 sanctimonia
672 1213 817 1248 conspicui
849 1213 953 1240 multos
976 1213 1037 1240 dies

249 1270 312 1290 cum
327 1266 416 1289 morte
433 1261 584 1292 iactentur,
602 1265 630 1288 et
648 1267 720 1295 agre
738 1259 848 1286 tandem
873 1260 992 1286 animam
1022 1267 1037 1286 a

249 1316 367 1343 corpore
393 1306 658 1344 abrumpantaalii
683 1313 750 1333 vero
767 1305 861 1333 multis
885 1305 1038 1333 sceleribus
1066 1304 1069 1308 ’

250 1352 377 1388 cooperti
399 1351 494 1386 quiete
519 1355 547 1378 et
571 1351 630 1378 sine
650 1350 725 1378 lucta
747 1350 866 1377 animam
896 1349 1036 1377 exhalent.

249 1398 423 1426 Testimonio
450 1401 516 1424 sunt
539 1397 586 1432 qui
612 1396 762 1431 pleurilide
787 1396 961 1428 moriuntur;
991 1395 1037 1423 isti

248 1445 323 1472 enim
336 1445 395 1472 sive
421 1444 458 1479 pii
480 1444 556 1475 sint,
593 1443 652 1470 sive
678 1442 768 1477 impii,
794 1442 899 1476 absque
931 1442 1038 1469 violen-

250 1492 297 1524 tia,
311 1491 436 1523 edentes,
458 1490 587 1517 bibentes
606 1493 634 1516 et
650 1488 797 1524 loquentes
811 1487 1036 1522 exstinguuntur.

247 1539 315 1566 Cum
330 1538 404 1565 enim
421 1536 536 1564 morbus
569 1534 782 1570 pleuriticus'ex
806 1534 905 1569 frigida
921 1534 1037 1560 materia

248 1587 367 1614 constet,
394 1581 489 1608 statim
505 1580 616 1607 vitalem
640 1579 761 1607 calorem
781 1578 923 1613 sanguinis
940 1578 1035 1613 oppri-
1051 1592 1072 1622 ε

248 1628 320 1660 mit,
351 1632 379 1655 et
405 1627 458 1654 hac
485 1626 593 1654 ratione
622 1625 774 1652 faciliorem
806 1625 912 1651 exitum
936 1624 1036 1651 animt

249 1677 338 1709 parat.

283 1720 362 1755 Quod
393 1727 476 1751 vero,
500 1722 529 1746 ut
542 1719 703 1754 plurimum,
717 1716 867 1744 mortifera:
887 1724 977 1744 causa:
1003 1723 1036 1743 ex

249 1766 433 1795 redundantia
446 1765 587 1800 sanguinis
604 1768 781 1796 enascantur,
799 1763 888 1790 tribus
906 1762 949 1790 vel
966 1769 1036 1796 qua-

249 1819 311 1841 tuor
320 1811 496 1840 documentis
506 1809 715 1838 demonstrabo.
727 1810 793 1837 Nam
804 1810 893 1844 primo
905 1809 1036 1839 infantes.

248 1865 279 1888 ut
293 1859 435 1888 calidioris
450 1863 557 1885 natura:
568 1877 575 1889 ,
604 1857 765 1892 frequenter
785 1856 954 1883 moriuntur.
983 1855 1035 1881 De-

248 1907 323 1938 inde,
341 1906 414 1933 circa
427 1904 559 1932 Paschale
576 1908 695 1938 tempus,
705 1910 769 1930 vere
785 1903 909 1934 ineunte,
925 1900 1036 1936 quando

247 1953 360 1988 sanguis
393 1951 510 1978 nimium
538 1949 668 1984 copiosus
694 1953 767 1976 secta
790 1956 861 1975 vena
887 1947 1034 1978 minuitur,

245 1999 322 2026 varia
338 1996 437 2025 mortis
451 2003 552 2032 genera
571 1995 746 2030 potissimum
759 1995 908 2022 exsistunt.
921 1992 1035 2022 ‘Tertio.

246 2045 310 2081 quia
328 2044 484 2078 complures
506 2041 694 2072 morientium,
715 2048 813 2068 occaso
825 2041 880 2075 jam
897 2039 965 2071 sole,
984 2038 1035 2065 sub

248 2096 356 2118 noctem
374 2090 501 2124 expirant
517 2109 524 2121 ,
542 2088 643 2123 frigore
662 2087 744 2122 hujus
769 2085 903 2120 temporis
923 2085 1034 2112 vitalem

247 2137 391 2172 sanguinis
409 2135 599 2170 operationem
620 2134 787 2168 expellente,
802 2138 830 2159 et
844 2131 1035 2167 frigefaeiente

247 2187 392 2218 :egrotum.
418 2181 500 2212 llinc,
521 2181 544 2208 si
561 2184 703 2207 mortuum
733 2179 875 2210 disseces,
904 2178 956 2204 tria
977 2178 1033 2210 illa,

249 2229 385 2264 phlegma,
403 2231 490 2254 atram
504 2231 531 2254 et
550 2226 658 2261 nigrant
680 2225 764 2252 bilem
780 2223 904 2257 reperies
922 2223 949 2249 in
974 2230 1035 2249 cor-

248 2279 315 2306 pore
330 2279 337 2304 ;
351 2275 378 2298 at
393 2270 556 2306 sanguinem
577 2278 631 2296 non
644 2268 776 2304 reperies.
1051 2277 1072 2304 ο

283 2317 337 2345 Sed
355 2317 419 2344 nolo
435 2317 480 2344 hic
499 2315 610 2342 invidus
624 2315 761 2350 quispiam
774 2317 914 2344 aceurrat,
931 2319 1036 2347 nosque

248 2363 335 2390 fatum
351 2361 530 2389 introducere
549 2365 664 2387 asserat.
689 2360 773 2386 Adest
791 2359 865 2386 enim
887 2359 935 2393 qui
954 2359 1035 2391 dicit,

249 2416 338 2443 neque
354 2415 440 2434 unum
462 2406 650 2440 passerculum
671 2404 770 2432 cadere
785 2404 814 2431 in
829 2409 929 2432 terram
950 2404 1037 2432 inscio

249 2453 330 2479 Patre
341 2455 437 2478 nostro
449 2451 496 2485 qui
509 2454 551 2477 est
565 2450 592 2476 in
609 2449 688 2476 cmlis
700 2449 738 2481 “;
752 2449 779 2476 in
795 2457 878 2476 manu
890 2450 964 2477 enim
976 2451 1037 2485 eius

247 2501 313 2524 sunt
333 2496 403 2523 fines
423 2501 505 2523 terra:
519 2496 556 2526 ".
583 2495 691 2530 fertque
710 2499 738 2522 et
756 2495 886 2523 transfert
899 2497 992 2523 omnia
1009 2500 1037 2523 et

247 2542 333 2569 verbo
348 2541 462 2568 virtutis
480 2549 536 2568 sua:
553 2541 584 2567 “.
601 2540 653 2568 Sed
673 2541 724 2568 iste
742 2542 801 2576 ipse
813 2541 937 2568 omnium
950 2541 1039 2568 admi—

248 2590 381 2617 nistrator
391 2595 420 2616 et
432 2589 557 2624 provisor
571 2589 652 2620 Deus,
667 2589 714 2624 qui
729 2589 821 2616 omnia
838 2589 968 2624 potentia:
980 2596 1038 2616 suae

248 2640 316 2662 nutu
331 2635 384 2663 fert
399 2639 427 2662 et
444 2635 589 2671 gubernat,
610 2634 748 2662 hominem
762 2635 796 2661 ab
814 2634 894 2661 initio
912 2633 1037 2661 condidit

287 2703 307 2718 “
323 2703 417 2730 Matth.
430 2711 456 2733 χ,
471 2703 514 2730 ‘29.
557 2704 578 2718 ¹⁸
600 2703 672 2730 l’sal.
691 2711 761 2735 xciv,
776 2703 803 2729 4.
845 2702 865 2718 ¹⁶
878 2702 962 2729 Hebr.
977 2710 994 2734 ι,
1010 2701 1027 2728 3

1098 311 1208 330 σκουσιν
1225 305 1254 330 ὲν
1269 306 1325 336 τοῖς
1340 305 1496 340 Θανατικοῖς
1520 309 1592 336 κατὰ
1606 310 1655 345 τὴν
1669 311 1717 338 τοῦ
1730 313 1824 348 ἀέρος,
1843 315 1891 341 καὶ

1094 349 1149 375 τῶν
1164 350 1303 385 στοιχείων
1317 352 1434 386 κίνησιν,
1452 354 1499 380 καὶ
1514 355 1693 391 πλεονασμον.
1707 358 1755 384 καὶ
1766 359 1891 394 ἔκλειψιν

1093 395 1147 421 τῶν
1161 396 1262 429 τόπων,
1278 397 1324 423 καὶ
1338 398 1392 424 τῶν
1405 399 1514 434 χωρῶν
1534 401 1580 427 καὶ
1590 402 1646 437 οὐκ
1661 403 1740 435 ἐκτὸς
1754 404 1805 438 μὲν
1819 405 1890 439 γνώ-

1095 447 1164 471 σεως
1188 441 1236 467 τοῦ
1256 442 1342 468 Θεοῦ’
1367 443 1474 477 ἄπα-(ει
1505 445 1580 479 ὅμως
1604 446 1648 473 διὰ
1671 448 1720 482 τῆς
1741 449 1890 483 ἀρχεδάτου

1094 484 1160 520 παρ’
1179 485 1264 511 αὐτοῦ
1290 488 1431 522 στοιχείων
1452 489 1587 524 κινήσεώς
1603 499 1631 517 τε
1649 492 1697 518 καὶ
1713 492 1889 528 διοικήσεως.

1127 628 1167 654 Δι’
1184 626 1218 664 ἦς
1235 628 1328 660 πάλιν,
1347 629 1386 661 ὡς
1403 630 1466 664 ἐμοὶ
1480 630 1571 661 δοκεῖ,
1600 631 1729 663 πολλάκις
1749 632 1798 658 καί
1811 641 1887 664 τινες

1092 673 1221 705 γυναῖκες
1246 673 1370 704 εὐσεϐεῖς
1399 676 1505 710 στεῖραι
1530 675 1727 709 εὑρίσκονται,
1759 677 1888 712 καθάπερ

1092 717 1108 752 ή
1122 718 1225 753 Σάρρα,
1246 719 1293 745 καὶ
1309 720 1324 753 ἡ
1341 719 1485 751 Ῥεϐέκκα,
1504 721 1550 746 καὶ
1561 721 1660 748 Ἄννα⁹
1678 722 1750 753 τινὲς
1761 723 1789 749 δὲ
1804 723 1888 749 πάλιν

1091 763 1200 795 ἀσεϐεῖς
1214 764 1385 792 πολύτεκνοι.
1417 765 1492 800 Τάχα
1505 765 1534 792 δὲ
1548 766 1641 801 τολμῶ
1652 767 1756 800 λέγειν,
1782 768 1826 794 ὅτι
1840 769 1888 794 καὶ

1091 809 1164 836 κατὰ.
1185 819 1247 836 τινα
1271 810 1401 846 τοιαύτην
1425 811 1544 847 φυσικὴν
1570 812 1618 838 καὶ
1641 812 1798 840 θεόκτιστον
1819 814 1887 841 ἀκο-

1091 855 1216 888 λουθίαν,
1243 857 1292 883 καὶ
1318 858 1410 884 αἰτίαν
1435 857 1490 884 τῶν
1507 859 1653 893 σωμάτων.
1680 859 1816 891 Πολλάκις
1831 859 1887 895 γὰρ

1090 901 1159 936 γυνὴ
1187 901 1254 930 δέκα
1277 903 1394 937 ἀνδράσι
1425 903 1607 938 συζευχϐεῖσα
1633 905 1704 931 κατὰ
1731 906 1886 941 πρόσϐασιν

1091 947 1195 978 πάντας
1219 948 1318 979 αὐτοὺς
1344 947 1430 983 ἔθαψε
1459 949 1625 984 δριμυτάτου
1650 951 1722 981 τινὸς
1749 952 1797 977 καὶ
1818 952 1886 986 δρα-

1090 993 1203 1028 στηρίου
1222 993 1364 1027 εὑρεθεῖσα
1379 994 1485 1028 χυμοῦ.
1503 995 1549 1021 καὶ
1566 996 1681 1030 σπορᾶς.
1705 997 1842 1028 Ὡσαύτως
1857 997 1886 1023 δὲ

1089 1037 1137 1063 καὶ
1151 1038 1222 1072 ἀνὴρ
1235 1039 1267 1064 ἐκ
1277 1038 1359 1073 τῆσδε
1373 1039 1423 1073 τῆς
1436 1039 1527 1069 αἰτίας
1540 1040 1611 1066 κατὰ
1623 1040 1775 1074 πρόσϐασιν
1786 1041 1887 1068 πολλὰ·

1088 1091 1132 1114 κις
1144 1083 1256 1115 ἐνωθεὶς
1270 1083 1388 1117 γυναιξὶ,
1404 1084 1452 1115 τὰς
1467 1085 1557 1117 πάσας
1571 1085 1664 1119 ἔϐαψε.
1678 1086 1747 1111 Φασὶ
1758 1085 1788 1112 δέ
1800 1095 1884 1116 τινες.

1087 1130 1129 1156 ὃτι
1145 1129 1182 1164 τῷ
1197 1130 1271 1164 αὐτῷ
1282 1131 1386 1166 τρόπῳ,
1402 1131 1526 1157 τουτέστι
1542 1131 1650 1166 κράσει,
1668 1131 1714 1158 καὶ
1728 1131 1816 1166 αἰτίᾳ,
1832 1131 1882 1158 καὶ

1087 1175 1205 1211 διαφορᾷ
1228 1176 1282 1203 τῶν
1303 1177 1444 1211 στοιχείων
1455 1197 1462 1209 ,
1487 1177 1512 1203 οἱ
1529 1177 1578 1212 μὲν
1595 1177 1727 1208 πολλάκις
1743 1178 1791 1204 ἐπὶ
1804 1178 1886 1204 πλεί-

1089 1229 1155 1253 στας
1170 1221 1243 1256 ὦρας
1260 1222 1307 1248 καὶ
1323 1222 1429 1257 ἡμέρας
1443 1222 1680 1257 ψυχομαχοῠντες,
1705 1223 1774 1250 ὅσιοι
1792 1224 1883 1255 ὅντες,

1087 1266 1160 1293 οὕτω
1177 1267 1227 1302 τὴν
1241 1266 1329 1301 ψυχὴν
1346 1267 1392 1293 τοῦ
1406 1267 1533 1302 σώματος
1547 1268 1784 1303 ἀποῤῥήσσουσιν·
1804 1269 1830 1294 οἱ
1843 1268 1885 1300 δὲ,

1088 1311 1169 1339 πάλιν
1183 1313 1297 1347 πονηροὶ
1308 1312 1398 1345 ὄντες,
1423 1312 1570 1348 εἰρηναίως
1588 1313 1635 1339 καὶ
1650 1313 1810 1344 dative-uici!
1835 1312 1885 1339 τοῦ

1088 1357 1214 1393 σώματος
1238 1358 1412 1393 χωρίζοντα.
1441 1358 1495 1384 Καὶ
1523 1360 1659 1393 μαρτυρεί
1674 1357 1762 1384 τοῦτο
1787 1359 1802 1384 ὁ
1827 1357 1884 1384 τῶν

1088 1404 1271 1439 πλευριτικῶν
1294 1403 1426 1435 θάνατος·
1453 1400 1527 1431 οὗτοι
1541 1404 1595 1439 γὰρ
1611 1404 1662 1430 κᾶν
1678 1404 1806 1434 ἀσεϐεῖς.
1827 1403 1882 1430 κᾶν

1088 1449 1227 1481 θεοσεϐεῖς
1253 1449 1380 1482 ἔσονται,
1407 1451 1561 1482 ἁσιάντως,
1586 1450 1741 1481 ἐσθίοντες,
1764 1450 1813 1476 καὶ
1835 1449 1883 1475 πί-

1088 1505 1191 1528 νοντες,
1207 1496 1253 1522 καὶ
1263 1496 1408 1527 λαλοῦντες
1418 1495 1577 1523 τελευτῶσι.
1591 1497 1640 1522 Διὰ
1650 1496 1704 1531 γὰρ
1715 1495 1762 1521 τοῦ
1774 1494 1882 1530 ψυχροῦ

1089 1542 1223 1577 στοιχείου
1246 1543 1262 1576 ὴ
1284 1541 1448 1576 πλευριτικὴ
1470 1542 1547 1572 νόσος
1571 1540 1768 1575 συνισταμένη,
1785 1541 1883 1566 συντό-

1091 1596 1148 1623 μως
1172 1587 1222 1622 τὴν
1242 1586 1289 1613 τοῦ
1304 1587 1418 1621 αἳματος
1434 1586 1539 1621 θέρμην
1552 1587 1602 1622 τὴν
1615 1585 1734 1620 ζωτικὴν
1748 1586 1882 1612 ἀναστέλ-

1087 1634 1188 1662 λουσα.
1216 1631 1386 1667 ἀλυπότερον
1400 1632 1490 1659 αὐτῶν
1511 1631 1556 1658 τὸν
1570 1631 1712 1667 χωρισμὸν
1726 1630 1778 1666 τῆς
1790 1631 1882 1666 ψυχῆς

1087 1678 1246 1713 ἐργάζεται.

1123 1723 1238 1750 Ὅτι-δὲ
1266 1723 1338 1750 κατὰ
1361 1722 1533 1758 πλεονασμὸν
1562 1722 1601 1754 ὡς
1629 1723 1676 1749 ἐπὶ
1698 1723 1729 1748 τδ
1752 1723 1883 1750 πλεῖστον

1085 1770 1133 1797 τοῦ
1157 1770 1274 1804 αἵματος
1301 1769 1336 1794 τὰ
1358 1768 1444 1795 πολλὰ
1464 1768 1519 1794 τῶν
1537 1768 1692 1795 οανατικῶν
1707 1769 1881 1802 συνίσταται,

1086 1816 1142 1852 ἐρῶ
1157 1824 1199 1842 σοι
1216 1815 1264 1841 καὶ
1277 1814 1372 1849 τρίτην
1387 1815 1435 1841 καὶ
1446 1814 1581 1849 τετάρτην
1597 1815 1782 1850 παράστασιν.
1799 1815 1883 1849 Πρῶ-

1086 1869 1132 1888 τον
1148 1860 1213 1896 μὲν,
1239 1860 1280 1886 ὅτι
1297 1859 1335 1890 ὡς
1349 1859 1503 1894 Θερμότερα
1515 1859 1580 1885 ὂντα
1595 1858 1629 1884 τὰ
1644 1859 1730 1894 νήπια
1747 1858 1881 1890 πολλάκις

1086 1906 1156 1933 αὐτὰ
1167 1905 1327 1932 τελευτῶσι.
1341 1904 1483 1938 Δεύτερον,
1496 1904 1536 1930 ὂτι
1550 1904 1597 1930 τοῦ
1610 1904 1690 1938 ἀέρος
1701 1905 1709 1924 ι
1724 1905 1882 1939 ἀρχομένου

1086 1951 1133 1977 ἐπὶ
1146 1950 1192 1976 τὸν
1207 1949 1254 1976 τοῦ
1271 1950 1366 1984 Πάσχα
1380 1949 1487 1984 καιρὸν,
1509 1949 1555 1975 ὅτε
1571 1950 1585 1975 ό
1601 1949 1647 1979 τοῦ
1662 1950 1780 1983 αἵματος
1797 1950 1882 1976 πλεο-

1087 1997 1207 2032 νασμὸς,
1224 1996 1273 2022 καὶ¹
1293 1995 1460 2029 ἀφαιμάξεις
1477 1995 1609 2029 γίνονται.
1627 1996 1688 2021 τότε
1704 1995 1734 2021 τὸ
1748 1995 1882 2030 διάιρορον

1086 2042 1216 2078 τολμικδν
1232 2042 1338 2076 γίνεται
1352 2043 1401 2076 τῆς
1415 2041 1523 2074 φύσεως
1532 2047 1538 2066 t
1548 2060 1556 2067 .
1572 2042 1681 2076 Τρίτον,
1693 2042 1735 2068 ὅτι
1747 2042 1772 2068 οἱ
1785 2042 1883 2068 πολλοὶ

1085 2090 1142 2116 τῶν
1170 2087 1359 2114 τελευτώντων
1392 2087 1531 2118 κλίνοντος
1561 2087 1608 2114 τοῦ
1633 2087 1709 2122 ἡλίου
1739 2089 1772 2123 τῇ
1801 2089 1882 2114 νυκτὶ

1086 2135 1291 2169 ἀποθνήσκουσι
1305 2154 1312 2165 ,
1335 2135 1384 2169 τῆς
1401 2133 1542 2168 ψυχούσης
1559 2133 1776 2168 τιν’ἄνϐρωπον.
1797 2133 1882 2160 Ὅθεν

1087 2182 1134 2208 καὶ
1159 2181 1206 2207 ἐὰν
1231 2179 1381 2214 ἀνασχίσῃς
1403 2179 1450 2205 τὸν
1471 2179 1644 2206 ἀποθανόντα
1663 2180 1826 2213 ἄνθρωπον,
1846 2180 1881 2206 τὰ

1085 2227 1150 2263 τρία
1174 2226 1296 2260 στοιχεῖα
1321 2224 1369 2250 τοῦ
1393 2224 1559 2258 φλέγματος,
1574 2224 1620 2250 τοῦ
1643 2224 1750 2258 fauo-3,.
1768 2225 1881 2258 καὶτῆς

1086 2272 1166 2307 χολῆς
1182 2271 1310 2304 εὑρήσεις
1326 2271 1355 2295 ὲν
1368 2269 1408 2304 τῷ
1421 2269 1538 2305 σώματι.
1553 2267 1623 2304 αἷμα
1637 2269 1666 2296 δὲ
1678 2270 1727 2303 οὐχ
1738 2270 1880 2304 εὑρήσεις.

1125 2316 1207 2344 Ἀλλὰ
1234 2315 1271 2350 μὴ
1294 2315 1458 2351 καταδρὰμῃ
1474 2316 1531 2346 τοῖς
1548 2315 1703 2350 εἰρημένοις
1720 2315 1734 2340 ὁ
1747 2315 1882 2349 φθονερὸς

1086 2361 1235 2398 ἀκροατὴς,
1261 2361 1377 2395 νομίσας
1394 2362 1479 2396 ἡμᾶς,
1503 2360 1552 2387 καὶ
1572 2360 1746 2394 εῑμαρμὲνην
1763 2360 1809 2386 διὰ
1826 2360 1882 2387 τῶν

1086 2407 1242 2443 είρημένων
1257 2406 1447 2441 παρεισάγειν.
1466 2406 1588 2440 Πάρεστι
1603 2406 1658 2440 γὰρ
1672 2407 1685 2432 ό
1700 2405 1801 2438 λέγων,
1813 2405 1882 2431 Οὐδὲ

1086 2454 1114 2480 ἓν
1138 2451 1280 2488 στρουθίον
1304 2450 1428 2478 ⁵ιιιειιιείτιιι
1456 2452 1502 2478 ἐπὶ
1524 2451 1574 2486 τῆς
1593 2452 1645 2486 γῆς
1666 2451 1730 2477 ἄνευ
1749 2450 1882 2484 εἰδήσεως

1090 2499 1137 2526 τοῦ
1153 2497 1261 2532 Ila-196;
1273 2497 1353 2532 ἡμῶν
1373 2497 1420 2524 τοῦ
1441 2498 1469 2523 ἐν
1483 2498 1540 2528 τοῖς
1553 2497 1681 2532 οὐρανοῖς
1693 2505 1700 2511 ⁸
1731 2496 1760 2521 ὲν
1777 2495 1833 2530 γὰρ
1847 2496 1881 2529 τῇ

1090 2546 1163 2580 χειρὶ
1176 2543 1259 2570 αὑτοῦ
1277 2543 1311 2569 τὰ
1324 2543 1428 2579 πέρατα
1442 2543 1492 2574 τῆς
1503 2543 1555 2578 γῆς
1567 2562 1574 2574 ,
1599 2543 1646 2569 καὶ
1663 2543 1692 2568 ὲν
1706 2541 1781 2576 πάσῃ
1797 2542 1830 2575 τῇ
1845 2541 1881 2574 γῇ

1089 2589 1124 2616 τὰ
1139 2589 1260 2625 κρίματα
1274 2588 1355 2615 αὐτοῦ
1367 2597 1387 2605 ·-
1402 2589 1449 2615 καὶ
1467 2588 1545 2623 φέρει
1560 2589 1607 2615 καὶ
1624 2587 1774 2622 μεταφέρει
1791 2586 1883 2612 πάντα.

1090 2635 1129 2670 τῷ
1143 2634 1260 2669 νεύματι
1282 2634 1330 2660 καὶ
1351 2635 1453 2669 ῥήματι
1471 2635 1520 2668 τῆς
1533 2634 1675 2669 δυνάμεως
1688 2631 1784 2660 αὐτοῦ.
1810 2631 1882 2659 Ἀλλ’

882 2759 999 2786 VARIAS
1019 2758 1222 2787 LECTIONES.

283 2810 296 2829 ιι
316 2809 353 2836 Ita
369 2818 419 2837 ms.
434 2809 487 2836 Sed
505 2808 614 2835 videtur
631 2807 778 2841 legendum
791 2805 936 2836 ἀϐιίὶετως,
955 2806 1011 2832 sine
1023 2806 1057 2832 ιιί.

284 2902 338 2938 (89)
353 2902 444 2935 Qumst
464 2901 511 2928 1οί
524 2901 556 2928 ad
574 2899 701 2926 Antioch.

1102 2806 1108 2825 ί
1129 2806 1202 2841 Lego
1220 2805 1309 2841 ἔαρος.
1351 2806 1358 2830 i
1377 2805 1508 2839 Ονήτεως,

1007 2863 1120 2892 ΝΟΤᾸΞ.
