1977 3244
742 188 748 190 ν
760 181 816 190 -..Α

94 246 145 278 ιι*

137 264 143 275 ι

137 264 143 275 6

792 247 991 283 ΟυᾸζδΤὶΟΝ
996 248 1051 279 ES.

1686 245 1746 278 MB‘

91 300 177 334 αιειτὴν
211 300 289 333 istis)
308 299 363 337 ἔχει
390 301 458 337 πρὸς
475 302 524 338 τὴν
542 302 696 329 εὐσέϐειαν.
716 302 771 330 Καὶ
784 302 891 334 τούτοις
907 337 908 340 η

962 311 1038 331 arem
1054 303 1110 330 vim
1125 302 1230 330 habent
1241 303 1275 330 ad
1294 300 1437 338 pietatem.
1462 303 1518 330 Nec
1532 302 1577 330 his
1592 301 1738 338 quisquam

92 346 180 378 0365!;
196 347 316 382 ἀντερεῖ,
335 348 409 380 ὅστις
437 347 489 375 κᾶν
511 346 617 384 ’μικρὸν
633 348 699 383 γοῦν
725 349 827 384 θεσμὸν
845 349 891 376 ὲκ⁴

92 393 294 427 adnatantbe
309 394 488 430 πεπείραται.
503 395 538 428 Et.
551 395 605 430 γὰρ
621 395 844 431 ἐπεχειρήσαμεν
858 395 893 422 τὰ

92 439 209 473 ἄγραφα
223 439 278 466 τῶν
293 440 362 466 ἐθῶν
381 440 420 472 ὡς
438 441 476 477 μὴ
498 441 622 480 μεγάλην
637 442 734 476 ἔχοντα
752 442 800 476 τὴν
814 441 894 468 δύνα-

95 494 142 518 μιν
159 485 368 520 παραιτεῖσθαι,
396 486 528 520 λάθοιμεν
552 487 585 512 ἂν
607 488 646 518 εἰς
662 488 732 514 αὐτὰ
747 488 782 514 τὰ
797 487 893 523 καίρια
904 489 910 495 ”

95 531 250 566 ζημοῦντες
268 536 288 550 ιη
302 531 333 558 τὸ
352 532 534 566 Εὑαγγέλιον,
553 530 653 567 μᾶλλον
670 533 698 560 δὲ
717 534 756 564 εἰς
772 532 894 568 τοῦνομα

94 575 173 610 ψιλὸν
187 577 373 613 περιστῶντες
387 578 418 604 τὸ
434 579 578 614 κήρυγμα.

135 663 198 692 υἴον
214 665 259 692 ἵνα
274 665 322 692 τοῦ
340 667 451 701 πρώτου
469 667 516 694 καὶ
540 667 700 694 κοινοτάτου
717 668 826 702 πρῶτον
845 668 897 702 μά-

99 712 137 738 θω
157 716 182 745 ιι,
199 711 240 746 τῷ
252 712 331 747 τύπῳ
342 712 390 739 τοῦ
410 713 529 749 σταυροῦ
545 714 609 744 τοὺς
632 714 673 745 είς
693 713 724 740 τὸ
740 713 825 748 ὄνομα
847 711 895 739 τοῦ

99 757 206 792 Κυρίου
218 758 297 792 ἡμῶν
305 757 392 792 Ἰησοῦ
404 758 526 793 Χριστοῦ
536 759 689 793 ὴλπικότας
702 759 896 794 σημαίνεσθαι,

100 801 140 832 τίς
157 802 171 827 ὁ
191 802 236 828 διὰ
259 802 425 837 γράμματος
452 802 584 836 διδάξαςς
602 804 640 830 Τὸ
665 804 735 839 πρὸς
764 805 897 836 ἀνατολὰς

101 840 270 882 στρέφεσθαι
287 848 359 875 κατὰ
375 848 424 884 τὴν
439 849 598 885 προσευχὴν
614 851 680 877 ποῖα
704 851 780 885 ἡμᾶς
795 850 898 883 ἐδίδαξε

101 892 297 928 Γραμμάτων;
329 894 385 930 Τῆς
405 895 555 930 ἐκκλησίας
584 894 619 921 τὰ
649 895 761 930 ῥήματα
791 895 838 921 ἐπὶ
864 896 898 930 τῇ

101 938 237 972 ἀναδείξει
254 939 300 966 τοῦ
313 940 396 976 άρτου
413 941 465 976 τῆς
482 941 736 976 Εὑχαριστίας,καὶ
753 940 801 968 τοῦ
819 949 900 976 ποτηο

943 350 1121 382 contradicit‘,
1136 349 1264 385 quisquis
1278 356 1344 377 sane
1360 349 1402 376 vel
1417 349 1539 376 tenuiter
1552 351 1684 383 expertus
1697 351 1741 375 est

943 405 1005 431 qua:
1025 397 1081 424 sint
1102 398 1164 432 jura
1178 396 1378 424 ecclesiastica.
1395 395 1463 423 Nam
1485 395 1506 422 si
1525 393 1742 422 consuetudines

944 450 1006 477 quae
1020 442 1123 477 scripto
1138 442 1256 477 proditae
1271 450 1327 469 non
1343 446 1418 472 sunt,
1433 446 1564 476 tanquam
1579 439 1652 467 haud
1669 439 1742 466 mul—

944 495 1004 517 tum
1024 489 1160 516 habentes
1175 489 1319 519 momenti,
1344 495 1478 514 conemur
1492 487 1617 522 rejicere,
1635 485 1742 520 impru-

945 535 1043 562 dentes
1062 538 1090 561 et
1113 541 1145 561 ea
1170 533 1364 561 damnabimus
1388 540 1450 567 qum
1470 533 1498 559 in
1521 531 1672 566 Evangelia
1696 538 1745 557 ne-

945 580 1069 608 cessaria
1094 580 1129 606 ad
1150 580 1268 608 salutem
1293 579 1452 611 habentur;
1469 578 1526 605 imo
1543 577 1637 613 potius
1656 577 1745 612 ipsam

948 626 1010 654 ﬁdei
1022 626 1247 661 praedicationem
1261 626 1294 653 ad
1303 625 1410 653 nudum
1426 632 1525 652 nomen
1535 623 1745 652 contrahemus.

983 673 1062 706 Quod
1086 681 1173 707 genus
1196 677 1250 705 est,
1273 677 1302 699 ut
1327 674 1399 709 eius,
1423 671 1495 707 quod
1513 671 1633 706 primum
1655 674 1697 697 est
1719 675 1748 697 et

948 717 1169 752 vulgatissimum
1184 718 1275 752 primo
1291 718 1352 745 loco
1368 724 1585 745 commemorem
1599 725 1605 742 :
1623 721 1653 743 ut
1668 717 1748 751 signo

948 764 1041 791 crucis
1064 771 1113 791 eos
1135 765 1183 798 qui
1206 772 1283 799 spem
1305 764 1482 792 collocarunt
1499 763 1527 790 in
1543 762 1686 790 Christum
1709 763 1748 789 si-

949 815 1075 843 gnemus,
1088 809 1151 843 quis
1163 809 1269 844 scripto
1280 809 1395 836 docuit?
1420 809 1456 837 Ut
1474 808 1509 836 ad
1522 808 1658 835 orientem
1675 807 1747 834 versi

949 862 1097 889 precemur
1116 862 1178 889 quae
1192 862 1244 882 nos
1265 855 1362 883 docuit
1377 853 1546 889 Scriptura?
1562 852 1749 880 lnvocationis

949 900 1045 933 verba,
1063 908 1128 927 cum
1154 900 1313 927 ostenditur
1329 901 1409 936 panis
1423 901 1606 928 Eucharistim
1621 903 1649 926 et
1664 905 1749 932 pocu-

951 945 1007 973 lum
1021 945 1237 978 benedictionis,
1250 946 1313 981 quis
1328 950 1489 973 sanctorum
1507 946 1535 973 in
1551 946 1655 980 scripto
1669 943 1751 971 nobis

105 985 162 1021 ρίου
177 985 228 1020 τῆς
246 985 385 1020 εὐλογίας,
411 987 455 1018 τίς
483 987 538 1014 τῶν
559 987 645 1021 ἁγίων
661 987 810 1021 ἐγγράφως
833 987 900 1022 ἡμῖν

962 986 1090 1026 -θΙὶηυίιλέ
1111 992 1167 1019 Nec
1179 992 1253 1019 enim
1273 992 1316 1018 his
1332 992 1456 1019 contenti
1479 999 1576 1019 sumus
1597 998 1659 1025 qua:
1674 997 1751 1016 com-

104 1032 267 1071 κατέλιπενς
295 1033 333 1060 Οὐ
355 1033 410 1068 γὰρ
435 1033 468 1068 δὴ
497 1033 604 1065 τούτοις
630 1033 802 1069 ἀρκούμεθα.
824 1029 862 1059 ὧν
885 1033 900 1059 ό

111 1077 273 1110 ’Δπὸστολος
291 1079 338 1105 καὶ
360 1078 391 1105 τὸ
408 1079 580 1113 Εὑαγγέλιον
603 1078 741 1114 ἐμνήσθη,
763 1077 833 1105 ἀλλὰ
854 1077 901 1104 καὶ

106 1124 289 1159 προλέγομεν,
317 1125 364 1151 καὶ
392 1125 559 1160 ὲπιλέγομεν
586 1124 681 1161 ἔτερα,
709 1124 747 1156 ὡς
779 1123 902 1159 μεγάλην

106 1171 201 1205 ιχοντα
220 1170 289 1205 πρὸς
304 1170 335 1197 τὸ
351 1171 501 1206 μυστήριον
517 1171 567 1206 τὴν
588 1171 670 1206 ἰσχὺν
686 1171 720 1198 ὲκ,
739 1171 789 1205 τῆς
812 1170 902 1204 ἀγρά-

108 1226 156 1252 ᾳιυ
169 1216 345 1249 διδασκαλίας
361 1217 636 1253 παραλαμϐάνοντες.

143 1263 327 1296 Εὐλογοῦντες
340 1263 369 1289 δὲ
382 1263 430 1289 καὶ
443 1262 473 1289 τὸ
487 1261 559 1298 ὕδωρ
572 1263 620 1289 τοῦ
637 1262 840 1298 βαπτίσματος,
856 1261 905 1288 καὶ

109 1311 139 1337 τὸ
152 1311 242 1337 ἑλαιον
256 1310 306 1345 τῆς
318 1311 446 1346 χρίσεως,
459 1311 506 1337 καὶ
518 1310 632 1346 προσέτι
650 1311 733 1337 αὑτὸν
746 1311 792 1337 τὸν
809 1309 905 1344 βαπτι-

111 1357 236 1392 ζόμενον,
253 1356 308 1384 ἀπὸ
328 1357 414 1384 ποίων
431 1357 598 1392 ὲγγράφων;
616 1357 674 1384 Οὺκ
690 1356 745 1383 ἀπὺ
770 1356 820 1390 τῆς
839 1364 905 1382 σιω-

113 1402 246 1437 πωμένης
273 1403 320 1429 καὶ
339 1402 475 1437 μυστικῆς
492 1401 690 1437 παραδόσεωςς
708 1401 745 1436 ηΤὶ
771 1401 799 1427 δὲ
822 1400 906 1434 αὐτὴν

114 1448 160 1474 τοῦ
177 1448 270 1474 ἐλαίου
284 1448 334 1484 τὴν
354 1449 455 1484 κρίσιν,
475 1449 518 1480 τίς
533 1448 612 1482 λόγος
634 1447 831 1482 γεγραμμένος
856 1445 908 1472 ἐδί-

113 1493 191 1526 eaEa;
209 1493 286 1520 Τδδέ
303 1495 363 1530 τρὶς
381 1494 562 1530 βαπτίζεσθαι
577 1493 624 1520 τὸν
640 1493 733 1525 αὑτὸν,
747 1491 831 1518 πόθεν
845 1500 853 1524 ;

150 1541 237 1568 ’Λλλα
252 1541 292 1574 δὲ,
309 1542 360 1568 ὅσα
384 1542 451 1576 περὶ
473 1541 504 1567 τὸ
525 1540 679 1575 βάπτισμα,
705 1538 909 1567 ἀποτάττεσθαι

116 1587 155 1623 τῷ
172 1588 283 1623 Σατανᾷ
305 1588 420 1619 καὶτοῖς
434 1587 563 1622 ἀγγέλοις
582 1586 677 1618 αὐτοῦ,
693 1587 726 1612 ἐκ
750 1586 831 1616 ποίας
851 1585 910 1611 ἐστὶ

116 1635 228 1670 γραφῆς
239 1642 247 1667 ;
257 1635 307 1662 οὐκ
322 1635 355 1661 ὲκ
367 1636 417 1670 τῆς
429 1628 629 1670 άδημοσιεύτου
640 1633 743 1668 ταύτης
764 1633 812 1659 καὶ
825 1632 911 1667 ἀτεορ-

953 1039 1089 1061 memorat
1112 1034 1262 1070 Apostolus
1287 1039 1335 1062 aut
1360 1035 1558 1070 Evangelium;
1587 1041 1683 1062 verum
1698 1034 1750 1060 alia

953 1087 1076 1114 quoque,
1092 1085 1121 1107 et
1135 1085 1199 1108 ante
1214 1085 1242 1108 et
1258 1084 1321 1115 post
1338 1080 1469 1113 dicimus,
1486 1085 1617 1116 tanquam
1633 1079 1751 1106 multum

953 1125 1085 1152 habentia
1107 1126 1241 1153 momenti
1264 1126 1297 1154 ad
1318 1127 1493 1162 mysterium,
1520 1134 1581 1161 qua:
1607 1133 1643 1153 ex
1669 1125 1753 1153 tradi-

955 1172 1031 1200 tione
1057 1172 1130 1200 citra
1149 1173 1284 1207 scriptum
1305 1173 1475 1207 accepimus.

992 1264 1196 1291 Consecramus
1206 1269 1299 1292 autem
1313 1271 1411 1299 aquam
1423 1264 1608 1299 baptismatis,
1620 1268 1648 1291 et
1662 1264 1753 1291 oleum

959 1311 1111 1342 unctionis,
1136 1315 1271 1346 praeterea
1288 1312 1391 1346 ipsum,
1420 1311 1467 1346 qui
1491 1311 1660 1346 baptismum
1680 1311 1754 1338 acci-

958 1355 1009 1390 pit,
1029 1363 1062 1382 ex
1077 1356 1179 1390 quibus
1194 1355 1326 1391 scriptis?
1341 1356 1438 1384 Nonne
1457 1365 1472 1383 a
1490 1357 1570 1384 tacita
1594 1359 1756 1390 secretaque

959 1401 1224 1436 traditione?lpsam
1234 1410 1318 1436 porro
1327 1403 1380 1429 olei
1392 1403 1581 1430 inunctionem
1592 1403 1654 1437 quis
1665 1410 1756 1429 sermo

959 1449 1063 1483 scripto
1074 1449 1202 1484 proditus
1221 1449 1400 1476 docuit?.lam
1417 1449 1598 1484 terimmergi
1615 1449 1756 1475 hominem

961 1495 1035 1523 unde
1060 1500 1102 1522 est
1126 1495 1279 1522 traditum?

997 1541 1113 1575 Reliqua
1137 1541 1201 1568 item
1220 1548 1281 1575 qua:
1301 1539 1372 1566 ﬁunt
1394 1540 1421 1566 in
1438 1539 1586 1575 baptismo,
1613 1538 1698 1565 veluti
1716 1545 1759 1564 re-

963 1587 1094 1615 nuntiare
1120 1586 1229 1619 Satame
1256 1591 1284 1614 et
1308 1586 1413 1621 angelis
1440 1585 1510 1621 ejus,
1538 1584 1620 1621 443
1649 1591 1683 1611 ex
1704 1590 1757 1618 qua

964 1634 1103 1669 scriptura
1125 1633 1281 1660 habemus?
1305 1633 1403 1660 Nonne
1430 1639 1464 1659 ex
1487 1631 1592 1666 privata
1613 1634 1641 1658 et
1659 1637 1758 1657 arcana

117 1668 210 1715 ῥῆτω
233 1668 421 1712 διδασκαλίας,
450 1668 490 1715 ἦν
508 1681 537 1706 ἐν
563 1678 844 1714 ἀπολυπραγμονήτῳ
863 1676 908 1703 καὶ

963 1668 1203 1708 hacitraditioue?
1227 1679 1325 1707 Nonne
1350 1686 1384 1706 es
1407 1678 1534 1706 doctrina
1555 1684 1637 1712 quam
1663 1676 1760 1703 Patres

115 1726 319 1761 ἀπεριγράπτῳ
334 1726 399 1761 σιγῇ
420 1725 444 1751 ot
457 1724 580 1760 Πατὲρες
593 1722 671 1759 ἡμῶν
684 1722 822 1758 ἐφύλαξαν
833 1742 840 1753 ,
863 1729 912 1751 κα-

116 1771 170 1801 λῶς
187 1771 288 1796 ἐκεῖνοι
303 1769 503 1804 δεδιδαγμένοι,
526 1768 580 1795 τῶν
598 1768 757 1804 μυστηρίων
772 1767 808 1794 τὰ
824 1766 912 1802 σεμνὰ

118 1817 209 1851 σιωπῇ
226 1814 430 1848 διασώζεσθαις
448 1816 482 1842 Ἀ
497 1815 551 1850 γὰρ
566 1815 629 1841 οὐδὲ
643 1813 807 1841 ὲποπτεύειν
823 1813 912 1845 ἔξεστι

117 1864 174 1894 τοῖς
188 1862 334 1897 ἀμυήτοις,
347 1861 452 1888 τούτων
476 1861 535 1893 πῶς
564 1861 597 1888 ἂν
613 1859 647 1897 ἦν
665 1861 740 1892 abeo;
765 1859 814 1896 τὴν
837 1860 912 1887 διδα-

115 1907 235 1937 ,σκαλίαν
253 1907 434 1943 θριαμὸεύειν
450 1908 477 1934 ἐν
494 1907 659 1943 γράμμασιν
674 1915 680 1939 ;

155 1998 240 2025 ’Δλλο
254 1998 345 2025 τοίνυν
363 1998 464 2033 δόγμα,
491 1997 538 2025 καὶ
554 1997 621 2024 ἄλλο
642 1997 788 2033 κηρυγμα.
803 1996 846 2022 Τά
863 1995 914 2030 μὶν

120 2044 174 2080 γὰρ
187 2044 312 2079 δόγματα
321 2045 460 2071 σιωπᾶται
469 2052 477 2059 ·
489 2044 523 2070 τὰ
530 2043 559 2070 δὲ
571 2043 742 2078 κηρύγματα
752 2041 915 2076 δημοσιεύε-

119 2099 177 2117 ται.
196 2090 305 2125 Σιωπῆς
319 2090 348 2116 δὲ
365 2088 436 2121 εἶδος
451 2090 498 2116 καὶ
514 2090 530 2124 ὴ
545 2088 676 2123 ἀσάφεια,
725 2088 825 2124 χρῆται
842 2087 913 2122 Γρα-

121 2136 167 2172 ei],
182 2136 374 2172 δυσθεώρητον
389 2135 633 2168 κατασκευάζουσα
648 2135 703 2162 τῶν
714 2134 859 2168 δογμάτων
870 2133 916 2160 τὸν

121 2182 183 2208 νοῦν
205 2182 275 2216 πρὸς
290 2181 321 2216 τρ
332 2182 387 2208 τῶν
401 2182 621 2216 ἐντυγχανόντων
636 2179 788 2211 λυσιτελές.
811 2178 915 2205 Τούτου

122 2225 202 2259 χάριν
216 2225 318 2256 πάντες
335 2226 385 2259 μὲν
398 2226 531 2260 ὁρμῶμεν
546 2225 618 2252 κατὰ
642 2224 776 2254 ἀνατολὰς
801 2224 847 2250 ἐπὶ
863 2223 917 2250 τῶν

121 2270 295 2306 προσευχῶν,
316 2271 402 2305 ὀλίγοι
422 2271 450 2298 δὲ
473 2271 563 2306 ἴσμεν.
576 2272 617 2297 ὃτι
631 2271 682 2306 τὴν
698 2270 818 2305 ἀρχαίαν
834 2269 917 2296 πάλιν

122 2317 307 2352 ἐπιζητοῦμεν
324 2318 442 2353 πατρίδα
458 2318 504 2344 τὸν
524 2318 700 2353 παράδεισον,
716 2316 746 2343 ὃν
764 2315 915 2351 ἐφύτευσεν

121 2361 135 2386 6
149 2361 215 2391 Θεὸς
231 2363 260 2387 ἐν
281 2361 360 2396 Ἑδὲμ
375 2362 447 2389 κατὰ
458 2362 602 2394 ἀνατολάς.
620 2362 675 2390 Καὶ
688 2362 764 2396 ὀρθοὶ
783 2362 832 2396 μὲν
848 2361 917 2396 πλη-

123 2406 225 2441 ροῦμεν
240 2406 291 2438 τὰς
306 2407 390 2442 εὐχὰς
414 2409 442 2434 ὲν
457 2409 490 2443 τῇ
510 2409 560 2443 μιᾷ
574 2407 629 2434 τῶν
645 2407 791 2434 Σαῦὸᾶιτων
805 2415 811 2422 ·
829 2407 875 2434 τὸν
889 2407 918 2433 δὲ

97 2475 101 2482 ,
121 2452 201 2485 λόγον
214 2453 245 2479 οὗ
261 2453 364 2484 πάντες
381 2454 500 2488 οἴδαμεν.
516 2454 552 2480 Οὐ
569 2454 624 2489 γὰρ
644 2454 725 2489 μόνον
741 2453 779 2485 ὡς
801 2461 918 2480 συνανα-

123 2498 238 2529 στάντες
252 2498 293 2532 τῷ
307 2498 429 2533 Χριστῷ,
446 2498 494 2525 καὶ
520 2499 554 2525 τὰ
575 2499 632 2526 ἄνω
655 2499 748 2534 ζητεῖν
764 2499 918 2533 ὀφείλοντες

122 2543 151 2568 ὲν
162 2544 195 2578 τῇ
209 2543 395 2579 ἀναστασίμῳ
412 2545 506 2580 ᾑμέρᾳ
519 2546 570 2580 τῆς
583 2545 731 2580 δεδομένης
752 2545 817 2579 ἡμῖν
837 2544 918 2579 χάρι-

122 2595 180 2618 τος,
194 2587 239 2613 διά
252 2587 304 2629 τῆς
319 2589 391 2614 κατά
404 2589 454 2623 τὴν
464 2590 620 2625 προσευχὴν
636 2590 749 2620 ἑαυτοὺς
767 2589 921 2624 ὑπομιμνή-

125 2641 241 2668 σκομεν,
269 2633 327 2660 ἀλλ’
356 2634 397 2660 ὅτι
422 2634 498 2661 δοκεῖ
517 2635 584 2662 πᾶσι
611 2635 658 2661 τοῦ
690 2634 919 2670 προσδοκωμένου

125 2679 338 2714 προσδιδομένου
349 2679 446 2711 αξῶνος
459 2679 530 2708 εἷναι
541 2680 633 2708 εἰκών.
648 2681 694 2707 Διὸ
711 2682 759 2707 καὶ
770 2681 841 2716 ἀρχὴ
854 2679 921 2708 οὖσα

124 2726 248 2760 ἡμερῶν,
262 2726 323 2760 οὐχὶ
339 2726 434 2761 πρώτη
452 2727 528 2763 παρᾶ
548 2727 681 2759 Μωσέως,
696 2727 764 2754 ἀλλὰ
786 2728 835 2762 μία
851 2727 920 2754 ὠνό-

128 2779 242 2805 μασται.
259 2781 268 2796 ε
288 2772 415 2806 Ἐγένετο
432 2773 496 2808 γὰρ,
512 2773 605 2807 φησὶν,
622 2772 737 2808 ἑσπέρα,
752 2773 800 2800 καὶ
811 2773 921 2807 ἐγένετο

126 2817 210 2851 πρωῒ.
222 2817 315 2852 ἡμέρα
328 2816 388 2852 μία,
403 2827 412 2843 ›
425 2817 462 2849 ὡς
474 2817 524 2853 τῆς
539 2818 768 2854 ἀνακαλουμένης
779 2819 918 2851 πολλάκις.

162 2886 183 2901 ³“
199 2884 267 2912 Gen.
283 2894 302 2917 ι,
320 2886 347 2911 5.

965 1726 1052 1754 nostri
1071 1727 1098 1753 in
1113 1726 1234 1758 silentio,
1250 1725 1323 1760 quod
1342 1724 1468 1752 curiosos
1483 1729 1511 1751 et
1526 1724 1631 1751 otiosos
1648 1723 1760 1750 submo—

963 1776 1021 1804 vet,
1037 1771 1205 1799 servarunt?
1220 1771 1339 1798 Pulchre
1362 1770 1476 1806 quidem
1493 1770 1545 1802 illi,
1565 1769 1696 1797 nimirum
1712 1767 1761 1795 do-

963 1818 1012 1850 cti,
1038 1823 1205 1845 arcanorum
1227 1817 1438 1844 venerationem
1460 1816 1573 1844 silentio
1587 1815 1758 1842 conservari.

964 1863 1031 1891 Nam
1055 1870 1117 1898 quae
1142 1869 1195 1889 nec
1219 1862 1322 1889 intueri
1348 1861 1389 1889 fas
1411 1866 1451 1888 est
1479 1869 1533 1888 non
1555 1860 1687 1892 initiatis,
1713 1859 1760 1894 qui

965 1901 1149 1936 conveniebat
1166 1909 1262 1936 horum
1286 1908 1441 1935 doctrinam
1465 1907 1616 1942 publicitus
1641 1907 1761 1934 circum—

965 1955 1032 1982 ferri
1055 1954 1177 1989 scripto?

1001 1998 1085 2027 Aliud
1109 2003 1203 2026 autem
1231 2002 1274 2026 est
1298 1998 1408 2033 dogma,
1431 1997 1507 2024 aliud
1532 1997 1667 2024 edictum.
1694 1997 1761 2023 Nam

967 2046 1095 2081 dogmata
1119 2045 1257 2078 silentur,
1290 2044 1382 2071 edicta
1406 2050 1473 2070 vero
1501 2043 1689 2078 publicantur.
1716 2042 1763 2069 Est

966 2096 1060 2120 autem
1084 2091 1187 2119 silentii
1204 2091 1311 2125 species
1322 2090 1405 2117 etiam
1426 2089 1582 2118 obscuritas
1604 2096 1657 2124 qua
1677 2088 1764 2116 utitur

968 2138 1123 2173 Scriptura,
1141 2140 1261 2164 mentem
1274 2136 1308 2164 ad
1324 2135 1588 2170 contemplationem
1604 2135 1762 2170 dogmatunt

968 2184 1120 2212 inhabilem
1132 2190 1274 2215 exercens,
1287 2181 1371 2217 idque
1383 2181 1416 2208 ad
1432 2181 1580 2209 utilitatem
1595 2181 1622 2207 in
1637 2179 1764 2214 Scriptu-

968 2232 1007 2259 ris
1022 2231 1201 2258 versantium.
1222 2229 1298 2256 Hanc
1310 2228 1346 2256 ob
1364 2236 1475 2256 causam
1492 2234 1589 2254 omnes
1606 2231 1765 2261 spectamus

967 2277 1002 2304 ad
1017 2277 1153 2305 orientem
1168 2282 1231 2302 cum
1247 2281 1403 2310 precamur.
1419 2273 1503 2301 Pauci
1516 2277 1609 2300 tamen
1624 2272 1763 2299 novimus.

935 2339 954 2365 ο
969 2323 1043 2358 quod
1061 2322 1089 2350 id
1112 2322 1246 2349 facientes
1271 2321 1413 2355 antiquam
1436 2319 1608 2354 requirimus
1635 2317 1763 2353 patriam,

968 2368 1100 2397 videlicet
1125 2368 1296 2403 paradisum,
1312 2375 1394 2402 quem
1411 2365 1537 2394 consevit
1554 2365 1627 2392 Deus
1644 2365 1672 2392 in
1688 2364 1765 2393 Edon

970 2415 1003 2442 ad
1028 2415 1176 2442 orientem.
1201 2416 1237 2442 At
1257 2414 1285 2441 in
1310 2421 1336 2448 p.
1346 2413 1400 2440 ima
1427 2412 1540 2440 Sabbati
1567 2411 1655 2440 erecti
1681 2411 1765 2446 peril-

970 2461 1060 2489 cimus
1074 2460 1294 2495 deprecationes,
1310 2459 1358 2487 sed
1379 2459 1515 2486 rationem
1533 2466 1589 2486 non
1605 2465 1701 2486 omnes
1715 2465 1766 2485 no-

971 2508 1072 2534 vimus.
1096 2507 1156 2534 Non
1177 2506 1265 2534 solum
1292 2505 1367 2533 enim
1392 2505 1466 2540 quod
1484 2504 1571 2532 veluti
1596 2504 1678 2532 simul
1703 2511 1782 2543 cum

971 2552 1083 2580 Christo
1101 2552 1270 2583 resuscitati,
1287 2559 1349 2586 qua-
1370 2558 1480 2579 sursum
1498 2554 1563 2578 sunt
1579 2558 1705 2586 quaerere
1721 2547 1782 2589 (ιμξ

973 2599 1098 2631 beamus,
1118 2598 1145 2626 in
1170 2598 1215 2625 die
1239 2598 1455 2626 resurrectionis
1479 2598 1550 2626 datae
1567 2597 1650 2630 nobis
1673 2597 1769 2633 gratias

972 2645 1072 2673 stando
1102 2649 1249 2680 precantes
1286 2645 1472 2680 nosmetipsos
1491 2644 1768 2674 commonefacimus.

972 2690 1021 2717 sed
1045 2689 1119 2724 quod
1135 2691 1159 2717 is
1173 2689 1234 2717 dies
1245 2689 1374 2717 videatur
1385 2690 1480 2725 aliquo
1495 2691 1576 2718 modo
1595 2691 1685 2724 imago
1699 2696 1768 2716 ven—

974 2736 1028 2763 turi
1042 2736 1146 2763 smculi.
1167 2736 1261 2771 quue
1272 2744 1335 2764 cum
1347 2737 1383 2764 sit
1394 2737 1562 2772 principium
1578 2736 1697 2768 dierum,
1712 2743 1768 2764 non

974 2783 1081 2817 primus
1094 2790 1110 2810 a
1124 2782 1224 2818 Moyse,
1237 2783 1285 2811 sed
1298 2792 1369 2811 unus
1383 2784 1538 2818 appellatus
1561 2787 1614 2810 est.
1635 2792 1643 2806 ι
1654 2782 1768 2810 Factum

973 2833 1026 2861 est,
1047 2828 1148 2863 inquit,
1163 2836 1279 2864 vespere
1299 2834 1328 2857 ct
1341 2837 1420 2856 mane
1434 2829 1495 2856 dies
1514 2836 1586 2857 unus
1603 2828 1648 2854 ’ἰ
1667 2837 1677 2853 ›
1706 2831 1768 2854 tan—

773 2935 890 2963 VARL'E
912 2934 1116 2964 LECTIONES.

162 2984 181 2998 ιη
193 2979 352 3014 (agmina;

395 2985 406 2998 η
420 2980 540 3016 μνησθῶ.
