  <div class='ocr_page' id='page_1' title='image "/cluster/home/n/w/nwhite01/storage/ocr_20150623/89/njp.32101064224908/436.png"; bbox 0 0 1977 3229; ppageno 0'>
   <div class='ocr_carea' id='block_1_1' title="bbox 36 237 88 268">
    <p class='ocr_par' dir='ltr' id='par_1_1' title="bbox 36 237 88 268">
     <span class='ocr_line' id='line_1_1' title="bbox 36 237 88 268; baseline 0 0"><span class='ocrx_word' id='word_1_1' title='bbox 36 237 88 268; x_wconf 70' lang='grc' dir='ltr'><strong>ὃῖιῗ]</strong></span> 
     </span>
    </p>
   </div>
   <div class='ocr_carea' id='block_1_2' title="bbox 563 235 1178 268">
    <p class='ocr_par' dir='ltr' id='par_1_2' title="bbox 563 235 1178 268">
     <span class='ocr_line' id='line_1_2' title="bbox 563 235 1178 268; baseline -0.003 0"><span class='ocrx_word' id='word_1_2' title='bbox 563 237 605 268; x_wconf 88' lang='grc' dir='ltr'><strong>ΙΝ</strong></span> <span class='ocrx_word' id='word_1_3' title='bbox 623 237 901 268; x_wconf 65' lang='grc' dir='ltr'><strong>ΗΕΧᾹΕΜΕΒΟΝ.</strong></span> <span class='ocrx_word' id='word_1_4' title='bbox 915 250 949 256; x_wconf 90' lang='grc'><strong>-</strong></span> <span class='ocrx_word' id='word_1_5' title='bbox 967 235 1178 267; x_wconf 67' lang='lat' dir='ltr'><strong>PREFATIO.</strong></span> 
     </span>
    </p>
   </div>
   <div class='ocr_carea' id='block_1_3' title="bbox 1635 231 1687 262">
    <p class='ocr_par' dir='ltr' id='par_1_3' title="bbox 1635 231 1687 262">
     <span class='ocr_line' id='line_1_3' title="bbox 1635 231 1687 262; baseline 0 0"><span class='ocrx_word' id='word_1_6' title='bbox 1635 231 1687 262; x_wconf 56' lang='grc' dir='ltr'><strong>δτι</strong></span> 
     </span>
    </p>
   </div>
   <div class='ocr_carea' id='block_1_4' title="bbox 37 288 1691 326">
    <p class='ocr_par' dir='ltr' id='par_1_4' title="bbox 37 288 1691 326">
     <span class='ocr_line' id='line_1_4' title="bbox 37 288 1691 326; baseline -0.002 -6"><span class='ocrx_word' id='word_1_7' title='bbox 37 292 143 320; x_wconf 79' lang='lat' dir='ltr'><strong>blicum</strong></span> <span class='ocrx_word' id='word_1_8' title='bbox 156 290 287 318; x_wconf 85' lang='lat' dir='ltr'><strong>omnium</strong></span> <span class='ocrx_word' id='word_1_9' title='bbox 299 295 480 325; x_wconf 84' lang='lat' dir='ltr'><strong>conspectum</strong></span> <span class='ocrx_word' id='word_1_10' title='bbox 491 295 568 323; x_wconf 87' lang='lat' dir='ltr'><strong>sunt,</strong></span> <span class='ocrx_word' id='word_1_11' title='bbox 581 298 612 318; x_wconf 79' lang='lat' dir='ltr'><strong>ea</strong></span> <span class='ocrx_word' id='word_1_12' title='bbox 625 291 716 326; x_wconf 77' lang='lat' dir='ltr'><strong>palam</strong></span> <span class='ocrx_word' id='word_1_13' title='bbox 726 295 754 318; x_wconf 89' lang='lat' dir='ltr'><strong>et</strong></span> <span class='ocrx_word' id='word_1_14' title='bbox 767 291 841 318; x_wconf 87' lang='lat' dir='ltr'><strong>inter</strong></span> <span class='ocrx_word' id='word_1_15' title='bbox 859 293 878 320; x_wconf 79' lang='grc' dir='ltr'><strong>Α</strong></span> <span class='ocrx_word' id='word_1_16' title='bbox 893 291 993 319; x_wconf 86' lang='lat' dir='ltr'><strong>Omnia</strong></span> <span class='ocrx_word' id='word_1_17' title='bbox 1009 291 1083 319; x_wconf 88' lang='lat' dir='ltr'><strong>enim</strong></span> <span class='ocrx_word' id='word_1_18' title='bbox 1103 297 1164 325; x_wconf 65' lang='lat' dir='ltr'><strong>quae</strong></span> <span class='ocrx_word' id='word_1_19' title='bbox 1178 293 1244 317; x_wconf 88' lang='lat' dir='ltr'><strong>sunt</strong></span> <span class='ocrx_word' id='word_1_20' title='bbox 1259 289 1286 316; x_wconf 93' lang='lat' dir='ltr'><strong>in</strong></span> <span class='ocrx_word' id='word_1_21' title='bbox 1308 288 1388 316; x_wconf 71' lang='lat' dir='ltr'><strong>cmlis</strong></span> <span class='ocrx_word' id='word_1_22' title='bbox 1402 292 1430 315; x_wconf 84' lang='lat' dir='ltr'><strong>et</strong></span> <span class='ocrx_word' id='word_1_23' title='bbox 1449 288 1475 314; x_wconf 90' lang='lat' dir='ltr'><strong>in</strong></span> <span class='ocrx_word' id='word_1_24' title='bbox 1496 292 1569 314; x_wconf 80' lang='lat' dir='ltr'><strong>terra</strong></span> <span class='ocrx_word' id='word_1_25' title='bbox 1583 308 1589 319; x_wconf 89' lang='lat'><strong>,</strong></span> <span class='ocrx_word' id='word_1_26' title='bbox 1618 288 1691 316; x_wconf 83' lang='lat' dir='ltr'><strong>Deus</strong></span> 
     </span>
    </p>
   </div>
   <div class='ocr_carea' id='block_1_5' title="bbox 36 335 842 372">
    <p class='ocr_par' dir='ltr' id='par_1_5' title="bbox 36 335 842 372">
     <span class='ocr_line' id='line_1_5' title="bbox 36 335 842 372; baseline -0.002 -6"><span class='ocrx_word' id='word_1_27' title='bbox 36 346 66 366; x_wconf 86' lang='lat' dir='ltr'><strong>se</strong></span> <span class='ocrx_word' id='word_1_28' title='bbox 97 337 280 365; x_wconf 64' lang='lat' dir='ltr'><strong>coharenter</strong></span> <span class='ocrx_word' id='word_1_29' title='bbox 313 335 489 371; x_wconf 82' lang='lat' dir='ltr'><strong>cxposituri,</strong></span> <span class='ocrx_word' id='word_1_30' title='bbox 520 342 710 372; x_wconf 66' lang='lat' dir='ltr'><strong>congruenter</strong></span> <span class='ocrx_word' id='word_1_31' title='bbox 738 337 842 365; x_wconf 79' lang='lat' dir='ltr'><strong>divinis</strong></span> 
     </span>
    </p>
   </div>
   <div class='ocr_carea' id='block_1_6' title="bbox 38 382 840 416">
    <p class='ocr_par' dir='ltr' id='par_1_6' title="bbox 38 382 840 416">
     <span class='ocr_line' id='line_1_6' title="bbox 38 382 840 416; baseline 0 -5"><span class='ocrx_word' id='word_1_32' title='bbox 38 382 307 411; x_wconf 86' lang='lat' dir='ltr'><strong>consecrationibus</strong></span> <span class='ocrx_word' id='word_1_33' title='bbox 321 390 490 410; x_wconf 88' lang='lat' dir='ltr'><strong>arcanorum</strong></span> <span class='ocrx_word' id='word_1_34' title='bbox 513 383 562 410; x_wconf 86' lang='lat' dir='ltr'><strong>Dei</strong></span> <span class='ocrx_word' id='word_1_35' title='bbox 588 388 840 416; x_wconf 70' lang='lat' dir='ltr'><strong>sacramentorum,</strong></span> 
     </span>
    </p>
   </div>
   <div class='ocr_carea' id='block_1_7' title="bbox 39 428 844 464">
    <p class='ocr_par' dir='ltr' id='par_1_7' title="bbox 39 428 844 464">
     <span class='ocr_line' id='line_1_7' title="bbox 39 428 844 464; baseline 0.001 -8"><span class='ocrx_word' id='word_1_36' title='bbox 39 430 178 456; x_wconf 82' lang='lat' dir='ltr'><strong>universo</strong></span> <span class='ocrx_word' id='word_1_37' title='bbox 206 428 290 456; x_wconf 83' lang='lat' dir='ltr'><strong>simul</strong></span> <span class='ocrx_word' id='word_1_38' title='bbox 314 428 398 455; x_wconf 88' lang='lat' dir='ltr'><strong>ntisto</strong></span> <span class='ocrx_word' id='word_1_39' title='bbox 425 429 528 463; x_wconf 88' lang='lat' dir='ltr'><strong>populo</strong></span> <span class='ocrx_word' id='word_1_40' title='bbox 561 437 702 464; x_wconf 85' lang='lat' dir='ltr'><strong>nunquam</strong></span> <span class='ocrx_word' id='word_1_41' title='bbox 722 436 783 457; x_wconf 86' lang='lat' dir='ltr'><strong>eam</strong></span> <span class='ocrx_word' id='word_1_42' title='bbox 803 429 844 458; x_wconf 80' lang='lat' dir='ltr'><strong>fa-</strong></span> 
     </span>
    </p>
   </div>
   <div class='ocr_carea' id='block_1_8' title="bbox 41 474 840 511">
    <p class='ocr_par' dir='ltr' id='par_1_8' title="bbox 41 474 840 511">
     <span class='ocr_line' id='line_1_8' title="bbox 41 474 840 511; baseline 0.003 -9"><span class='ocrx_word' id='word_1_43' title='bbox 41 476 120 503; x_wconf 87' lang='lat' dir='ltr'><strong>ciunt</strong></span> <span class='ocrx_word' id='word_1_44' title='bbox 134 475 340 505; x_wconf 81' lang='lat' dir='ltr'><strong>ostensioncm,</strong></span> <span class='ocrx_word' id='word_1_45' title='bbox 358 474 521 509; x_wconf 86' lang='lat' dir='ltr'><strong>priusquam</strong></span> <span class='ocrx_word' id='word_1_46' title='bbox 533 476 581 510; x_wconf 89' lang='lat' dir='ltr'><strong>qui</strong></span> <span class='ocrx_word' id='word_1_47' title='bbox 595 476 726 511; x_wconf 66' lang='lat' dir='ltr'><strong>liturgite,</strong></span> <span class='ocrx_word' id='word_1_48' title='bbox 744 476 772 503; x_wconf 88' lang='lat' dir='ltr'><strong>id</strong></span> <span class='ocrx_word' id='word_1_49' title='bbox 786 480 840 508; x_wconf 82' lang='lat' dir='ltr'><strong>est.</strong></span> 
     </span>
    </p>
   </div>
   <div class='ocr_carea' id='block_1_9' title="bbox 43 521 844 558">
    <p class='ocr_par' dir='ltr' id='par_1_9' title="bbox 43 521 844 558">
     <span class='ocr_line' id='line_1_9' title="bbox 43 521 844 558; baseline 0.002 -10"><span class='ocrx_word' id='word_1_50' title='bbox 43 522 89 557; x_wconf 89' lang='lat' dir='ltr'><strong>qui</strong></span> <span class='ocrx_word' id='word_1_51' title='bbox 117 521 236 556; x_wconf 88' lang='lat' dir='ltr'><strong>publico</strong></span> <span class='ocrx_word' id='word_1_52' title='bbox 253 525 352 556; x_wconf 74' lang='lat' dir='ltr'><strong>przccst</strong></span> <span class='ocrx_word' id='word_1_53' title='bbox 371 527 515 548; x_wconf 80' lang='lat' dir='ltr'><strong>sacrorum</strong></span> <span class='ocrx_word' id='word_1_54' title='bbox 535 522 656 554; x_wconf 84' lang='lat' dir='ltr'><strong>muneri,</strong></span> <span class='ocrx_word' id='word_1_55' title='bbox 680 527 748 557; x_wconf 79' lang='lat' dir='ltr'><strong>post</strong></span> <span class='ocrx_word' id='word_1_56' title='bbox 761 530 844 558; x_wconf 88' lang='lat' dir='ltr'><strong>supe—</strong></span> 
     </span>
    </p>
   </div>
   <div class='ocr_carea' id='block_1_10' title="bbox 45 565 842 601">
    <p class='ocr_par' dir='ltr' id='par_1_10' title="bbox 45 565 842 601">
     <span class='ocr_line' id='line_1_10' title="bbox 45 565 842 601; baseline 0.003 -7"><span class='ocrx_word' id='word_1_57' title='bbox 45 568 148 594; x_wconf 87' lang='lat' dir='ltr'><strong>riorem</strong></span> <span class='ocrx_word' id='word_1_58' title='bbox 165 571 195 594; x_wconf 87' lang='lat' dir='ltr'><strong>et</strong></span> <span class='ocrx_word' id='word_1_59' title='bbox 208 574 273 601; x_wconf 58' lang='lat' dir='ltr'><strong>qua),</strong></span> <span class='ocrx_word' id='word_1_60' title='bbox 288 570 330 594; x_wconf 87' lang='lat' dir='ltr'><strong>est</strong></span> <span class='ocrx_word' id='word_1_61' title='bbox 343 565 412 593; x_wconf 87' lang='lat' dir='ltr'><strong>citra</strong></span> <span class='ocrx_word' id='word_1_62' title='bbox 423 566 510 594; x_wconf 89' lang='lat' dir='ltr'><strong>ullum</strong></span> <span class='ocrx_word' id='word_1_63' title='bbox 531 567 654 595; x_wconf 91' lang='lat' dir='ltr'><strong>medium</strong></span> <span class='ocrx_word' id='word_1_64' title='bbox 666 589 674 600; x_wconf 89' lang='lat'><strong>,</strong></span> <span class='ocrx_word' id='word_1_65' title='bbox 693 568 742 596; x_wconf 91' lang='lat' dir='ltr'><strong>Dei</strong></span> <span class='ocrx_word' id='word_1_66' title='bbox 764 568 842 596; x_wconf 89' lang='lat' dir='ltr'><strong>chori</strong></span> 
     </span>
    </p>
   </div>
   <div class='ocr_carea' id='block_1_11' title="bbox 46 614 844 650">
    <p class='ocr_par' dir='ltr' id='par_1_11' title="bbox 46 614 844 650">
     <span class='ocr_line' id='line_1_11' title="bbox 46 614 844 650; baseline 0.003 -10"><span class='ocrx_word' id='word_1_67' title='bbox 46 614 267 645; x_wconf 75' lang='lat' dir='ltr'><strong>ordinationem,</strong></span> <span class='ocrx_word' id='word_1_68' title='bbox 284 617 414 648; x_wconf 89' lang='lat' dir='ltr'><strong>tanquam</strong></span> <span class='ocrx_word' id='word_1_69' title='bbox 427 621 494 640; x_wconf 86' lang='lat' dir='ltr'><strong>voce</strong></span> <span class='ocrx_word' id='word_1_70' title='bbox 505 618 640 648; x_wconf 74' lang='lat' dir='ltr'><strong>pnestans</strong></span> <span class='ocrx_word' id='word_1_71' title='bbox 650 614 762 649; x_wconf 90' lang='lat' dir='ltr'><strong>quidam</strong></span> <span class='ocrx_word' id='word_1_72' title='bbox 774 623 844 650; x_wconf 74' lang='lat' dir='ltr'><strong>prte-</strong></span> 
     </span>
    </p>
   </div>
   <div class='ocr_carea' id='block_1_12' title="bbox 48 659 846 695">
    <p class='ocr_par' dir='ltr' id='par_1_12' title="bbox 48 659 846 695">
     <span class='ocr_line' id='line_1_12' title="bbox 48 659 846 695; baseline 0 -8"><span class='ocrx_word' id='word_1_73' title='bbox 48 668 89 690; x_wconf 79' lang='lat' dir='ltr'><strong>cc.</strong></span> <span class='ocrx_word' id='word_1_74' title='bbox 99 665 177 687; x_wconf 85' lang='lat' dir='ltr'><strong>stans</strong></span> <span class='ocrx_word' id='word_1_75' title='bbox 198 664 277 686; x_wconf 89' lang='lat' dir='ltr'><strong>extra</strong></span> <span class='ocrx_word' id='word_1_76' title='bbox 295 659 500 686; x_wconf 85' lang='lat' dir='ltr'><strong>sacratissimas</strong></span> <span class='ocrx_word' id='word_1_77' title='bbox 515 664 620 694; x_wconf 78' lang='lat' dir='ltr'><strong>portas,</strong></span> <span class='ocrx_word' id='word_1_78' title='bbox 636 659 763 695; x_wconf 75' lang='lat' dir='ltr'><strong>iussione</strong></span> <span class='ocrx_word' id='word_1_79' title='bbox 788 668 846 687; x_wconf 87' lang='lat' dir='ltr'><strong>ma-</strong></span> 
     </span>
    </p>
   </div>
   <div class='ocr_carea' id='block_1_13' title="bbox 49 705 846 740">
    <p class='ocr_par' dir='ltr' id='par_1_13' title="bbox 49 705 846 740">
     <span class='ocr_line' id='line_1_13' title="bbox 49 705 846 740; baseline 0.003 -8"><span class='ocrx_word' id='word_1_80' title='bbox 49 706 121 732; x_wconf 77' lang='lat' dir='ltr'><strong>xima</strong></span> <span class='ocrx_word' id='word_1_81' title='bbox 136 705 293 733; x_wconf 85' lang='lat' dir='ltr'><strong>secreverit</strong></span> <span class='ocrx_word' id='word_1_82' title='bbox 309 705 344 732; x_wconf 90' lang='lat' dir='ltr'><strong>ab</strong></span> <span class='ocrx_word' id='word_1_83' title='bbox 364 705 455 740; x_wconf 81' lang='lat' dir='ltr'><strong>adytis</strong></span> <span class='ocrx_word' id='word_1_84' title='bbox 474 705 509 732; x_wconf 90' lang='lat' dir='ltr'><strong>ad</strong></span> <span class='ocrx_word' id='word_1_85' title='bbox 523 713 585 740; x_wconf 69' lang='lat' dir='ltr'><strong>qua:</strong></span> <span class='ocrx_word' id='word_1_86' title='bbox 598 713 654 733; x_wconf 93' lang='lat' dir='ltr'><strong>non</strong></span> <span class='ocrx_word' id='word_1_87' title='bbox 682 706 749 734; x_wconf 88' lang='lat' dir='ltr'><strong>licet</strong></span> <span class='ocrx_word' id='word_1_88' title='bbox 768 714 846 734; x_wconf 59' lang='lat' dir='ltr'><strong>acccv</strong></span> 
     </span>
    </p>
   </div>
   <div class='ocr_carea' id='block_1_14' title="bbox 49 752 844 788">
    <p class='ocr_par' dir='ltr' id='par_1_14' title="bbox 49 752 844 788">
     <span class='ocr_line' id='line_1_14' title="bbox 49 752 844 788; baseline 0.003 -10"><span class='ocrx_word' id='word_1_89' title='bbox 49 752 128 784; x_wconf 85' lang='lat' dir='ltr'><strong>dere,</strong></span> <span class='ocrx_word' id='word_1_90' title='bbox 148 759 198 779; x_wconf 89' lang='lat' dir='ltr'><strong>eos</strong></span> <span class='ocrx_word' id='word_1_91' title='bbox 220 752 324 786; x_wconf 88' lang='lat' dir='ltr'><strong>quibus</strong></span> <span class='ocrx_word' id='word_1_92' title='bbox 339 759 395 779; x_wconf 84' lang='lat' dir='ltr'><strong>non</strong></span> <span class='ocrx_word' id='word_1_93' title='bbox 422 752 487 780; x_wconf 91' lang='lat' dir='ltr'><strong>licet</strong></span> <span class='ocrx_word' id='word_1_94' title='bbox 503 752 539 779; x_wconf 92' lang='lat' dir='ltr'><strong>iis</strong></span> <span class='ocrx_word' id='word_1_95' title='bbox 558 752 613 779; x_wconf 76' lang='lat' dir='ltr'><strong>l’rui</strong></span> <span class='ocrx_word' id='word_1_96' title='bbox 636 760 668 780; x_wconf 91' lang='lat' dir='ltr'><strong>ac</strong></span> <span class='ocrx_word' id='word_1_97' title='bbox 689 753 844 788; x_wconf 83' lang='lat' dir='ltr'><strong>percipere,</strong></span> 
     </span>
    </p>
   </div>
   <div class='ocr_carea' id='block_1_15' title="bbox 52 794 845 827">
    <p class='ocr_par' dir='ltr' id='par_1_15' title="bbox 52 794 845 827">
     <span class='ocr_line' id='line_1_15' title="bbox 52 794 845 827; baseline 0.004 -3"><span class='ocrx_word' id='word_1_98' title='bbox 52 798 153 825; x_wconf 83' lang='lat' dir='ltr'><strong>timens</strong></span> <span class='ocrx_word' id='word_1_99' title='bbox 166 798 246 825; x_wconf 91' lang='lat' dir='ltr'><strong>illum</strong></span> <span class='ocrx_word' id='word_1_100' title='bbox 259 794 381 826; x_wconf 83' lang='lat' dir='ltr'><strong>sordidis</strong></span> <span class='ocrx_word' id='word_1_101' title='bbox 404 798 532 826; x_wconf 84' lang='lat' dir='ltr'><strong>vestibus</strong></span> <span class='ocrx_word' id='word_1_102' title='bbox 553 799 682 826; x_wconf 90' lang='lat' dir='ltr'><strong>indutum</strong></span> <span class='ocrx_word' id='word_1_103' title='bbox 704 800 732 827; x_wconf 91' lang='lat' dir='ltr'><strong>in</strong></span> <span class='ocrx_word' id='word_1_104' title='bbox 754 800 845 827; x_wconf 82' lang='lat' dir='ltr'><strong>Evan-</strong></span> 
     </span>
    </p>
   </div>
   <div class='ocr_carea' id='block_1_16' title="bbox 52 843 844 880">
    <p class='ocr_par' dir='ltr' id='par_1_16' title="bbox 52 843 844 880">
     <span class='ocr_line' id='line_1_16' title="bbox 52 843 844 880; baseline 0.003 -10"><span class='ocrx_word' id='word_1_105' title='bbox 52 843 124 878; x_wconf 76' lang='lat' dir='ltr'><strong>gelio</strong></span> <span class='ocrx_word' id='word_1_106' title='bbox 135 843 157 875; x_wconf 82' lang='lat'><strong>&#39;,</strong></span> <span class='ocrx_word' id='word_1_107' title='bbox 184 843 233 878; x_wconf 92' lang='lat' dir='ltr'><strong>qui</strong></span> <span class='ocrx_word' id='word_1_108' title='bbox 257 844 418 879; x_wconf 80' lang='lat' dir='ltr'><strong>longissime</strong></span> <span class='ocrx_word' id='word_1_109' title='bbox 442 844 494 872; x_wconf 89' lang='lat' dir='ltr'><strong>l&#39;uit</strong></span> <span class='ocrx_word' id='word_1_110' title='bbox 519 845 653 879; x_wconf 80' lang='lat' dir='ltr'><strong>expulsus</strong></span> <span class='ocrx_word' id='word_1_111' title='bbox 682 853 697 872; x_wconf 87' lang='lat' dir='ltr'><strong>a</strong></span> <span class='ocrx_word' id='word_1_112' title='bbox 723 845 844 880; x_wconf 87' lang='lat' dir='ltr'><strong>nuptiali</strong></span> 
     </span>
    </p>
   </div>
   <div class='ocr_carea' id='block_1_17' title="bbox 53 890 846 926">
    <p class='ocr_par' dir='ltr' id='par_1_17' title="bbox 53 890 846 926">
     <span class='ocr_line' id='line_1_17' title="bbox 53 890 846 926; baseline 0.005 -10"><span class='ocrx_word' id='word_1_113' title='bbox 53 890 193 921; x_wconf 67' lang='lat' dir='ltr'><strong>convivio,</strong></span> <span class='ocrx_word' id='word_1_114' title='bbox 212 890 344 925; x_wconf 88' lang='lat' dir='ltr'><strong>quoniam</strong></span> <span class='ocrx_word' id='word_1_115' title='bbox 359 898 414 918; x_wconf 86' lang='lat' dir='ltr'><strong>non</strong></span> <span class='ocrx_word' id='word_1_116' title='bbox 432 897 639 926; x_wconf 72' lang='lat' dir='ltr'><strong>prmparaverat</strong></span> <span class='ocrx_word' id='word_1_117' title='bbox 653 897 759 920; x_wconf 85' lang='lat' dir='ltr'><strong>vestem</strong></span> <span class='ocrx_word' id='word_1_118' title='bbox 777 900 846 920; x_wconf 92' lang='lat' dir='ltr'><strong>con-</strong></span> 
     </span>
    </p>
   </div>
   <div class='ocr_carea' id='block_1_18' title="bbox 53 936 848 973">
    <p class='ocr_par' dir='ltr' id='par_1_18' title="bbox 53 936 848 973">
     <span class='ocr_line' id='line_1_18' title="bbox 53 936 848 973; baseline 0.005 -11"><span class='ocrx_word' id='word_1_119' title='bbox 53 936 213 963; x_wconf 71' lang='lat' dir='ltr'><strong>venientem</strong></span> <span class='ocrx_word' id='word_1_120' title='bbox 227 936 322 964; x_wconf 88' lang='lat' dir='ltr'><strong>divino</strong></span> <span class='ocrx_word' id='word_1_121' title='bbox 336 937 375 964; x_wconf 91' lang='lat' dir='ltr'><strong>illi</strong></span> <span class='ocrx_word' id='word_1_122' title='bbox 398 937 492 972; x_wconf 90' lang='lat' dir='ltr'><strong>epulo.</strong></span> <span class='ocrx_word' id='word_1_123' title='bbox 514 937 556 964; x_wconf 80' lang='lat' dir='ltr'><strong>Ad</strong></span> <span class='ocrx_word' id='word_1_124' title='bbox 582 937 636 965; x_wconf 89' lang='lat' dir='ltr'><strong>hoc</strong></span> <span class='ocrx_word' id='word_1_125' title='bbox 656 943 752 966; x_wconf 87' lang='lat' dir='ltr'><strong>autem</strong></span> <span class='ocrx_word' id='word_1_126' title='bbox 777 946 848 973; x_wconf 85' lang='lat' dir='ltr'><strong>opus</strong></span> 
     </span>
    </p>
   </div>
   <div class='ocr_carea' id='block_1_19' title="bbox 54 983 848 1019">
    <p class='ocr_par' dir='ltr' id='par_1_19' title="bbox 54 983 848 1019">
     <span class='ocr_line' id='line_1_19' title="bbox 54 983 848 1019; baseline 0.003 -10"><span class='ocrx_word' id='word_1_127' title='bbox 54 990 105 1009; x_wconf 85' lang='lat' dir='ltr'><strong>nos</strong></span> <span class='ocrx_word' id='word_1_128' title='bbox 128 983 353 1017; x_wconf 85' lang='lat' dir='ltr'><strong>componendum</strong></span> <span class='ocrx_word' id='word_1_129' title='bbox 372 984 512 1015; x_wconf 85' lang='lat' dir='ltr'><strong>venimus,</strong></span> <span class='ocrx_word' id='word_1_130' title='bbox 541 991 596 1010; x_wconf 93' lang='lat' dir='ltr'><strong>non</strong></span> <span class='ocrx_word' id='word_1_131' title='bbox 611 991 689 1019; x_wconf 88' lang='lat' dir='ltr'><strong>spem</strong></span> <span class='ocrx_word' id='word_1_132' title='bbox 712 989 848 1019; x_wconf 84' lang='lat' dir='ltr'><strong>ponentes</strong></span> 
     </span>
    </p>
   </div>
   <div class='ocr_carea' id='block_1_20' title="bbox 55 1028 847 1066">
    <p class='ocr_par' dir='ltr' id='par_1_20' title="bbox 55 1028 847 1066">
     <span class='ocr_line' id='line_1_20' title="bbox 55 1028 847 1066; baseline 0.005 -12"><span class='ocrx_word' id='word_1_133' title='bbox 55 1028 81 1055; x_wconf 88' lang='lat' dir='ltr'><strong>in</strong></span> <span class='ocrx_word' id='word_1_134' title='bbox 96 1028 242 1060; x_wconf 80' lang='lat' dir='ltr'><strong>facundia,</strong></span> <span class='ocrx_word' id='word_1_135' title='bbox 264 1029 455 1065; x_wconf 87' lang='lat' dir='ltr'><strong>suavibnsque</strong></span> <span class='ocrx_word' id='word_1_136' title='bbox 469 1030 573 1057; x_wconf 79' lang='lat' dir='ltr'><strong>fabulis</strong></span> <span class='ocrx_word' id='word_1_137' title='bbox 584 1035 612 1058; x_wconf 89' lang='lat' dir='ltr'><strong>et</strong></span> <span class='ocrx_word' id='word_1_138' title='bbox 625 1031 718 1066; x_wconf 77' lang='lat' dir='ltr'><strong>nugis.</strong></span> <span class='ocrx_word' id='word_1_139' title='bbox 732 1035 847 1066; x_wconf 87' lang='lat' dir='ltr'><strong>arthue</strong></span> 
     </span>
    </p>
   </div>
   <div class='ocr_carea' id='block_1_21' title="bbox 55 1073 849 1109">
    <p class='ocr_par' dir='ltr' id='par_1_21' title="bbox 55 1073 849 1109">
     <span class='ocr_line' id='line_1_21' title="bbox 55 1073 849 1109; baseline 0.005 -9"><span class='ocrx_word' id='word_1_140' title='bbox 55 1073 166 1102; x_wconf 76' lang='lat' dir='ltr'><strong>dicendi</strong></span> <span class='ocrx_word' id='word_1_141' title='bbox 186 1075 357 1109; x_wconf 76' lang='lat' dir='ltr'><strong>Grzecorum,</strong></span> <span class='ocrx_word' id='word_1_142' title='bbox 374 1084 427 1104; x_wconf 87' lang='lat' dir='ltr'><strong>nec</strong></span> <span class='ocrx_word' id='word_1_143' title='bbox 439 1077 539 1104; x_wconf 85' lang='lat' dir='ltr'><strong>armati</strong></span> <span class='ocrx_word' id='word_1_144' title='bbox 559 1076 658 1104; x_wconf 89' lang='lat' dir='ltr'><strong>iambis</strong></span> <span class='ocrx_word' id='word_1_145' title='bbox 680 1077 807 1104; x_wconf 90' lang='lat' dir='ltr'><strong>trucibus</strong></span> <span class='ocrx_word' id='word_1_146' title='bbox 821 1082 849 1104; x_wconf 87' lang='lat' dir='ltr'><strong>et</strong></span> 
     </span>
    </p>
   </div>
   <div class='ocr_carea' id='block_1_22' title="bbox 57 1119 845 1155">
    <p class='ocr_par' dir='ltr' id='par_1_22' title="bbox 57 1119 845 1155">
     <span class='ocr_line' id='line_1_22' title="bbox 57 1119 845 1155; baseline 0.005 -9"><span class='ocrx_word' id='word_1_147' title='bbox 57 1119 226 1147; x_wconf 84' lang='lat' dir='ltr'><strong>inutilibus:</strong></span> <span class='ocrx_word' id='word_1_148' title='bbox 247 1120 391 1149; x_wconf 79' lang='lat' dir='ltr'><strong>Christum</strong></span> <span class='ocrx_word' id='word_1_149' title='bbox 411 1122 487 1149; x_wconf 91' lang='lat' dir='ltr'><strong>enim</strong></span> <span class='ocrx_word' id='word_1_150' title='bbox 503 1122 638 1150; x_wconf 85' lang='lat' dir='ltr'><strong>habemus</strong></span> <span class='ocrx_word' id='word_1_151' title='bbox 659 1123 711 1150; x_wconf 66' lang='lat' dir='ltr'><strong>vim</strong></span> <span class='ocrx_word' id='word_1_152' title='bbox 733 1123 845 1155; x_wconf 80' lang='lat' dir='ltr'><strong>ducem,</strong></span> 
     </span>
    </p>
   </div>
   <div class='ocr_carea' id='block_1_23' title="bbox 56 1165 851 1205">
    <p class='ocr_par' dir='ltr' id='par_1_23' title="bbox 56 1165 851 1205">
     <span class='ocr_line' id='line_1_23' title="bbox 56 1165 851 1205; baseline 0.006 -14"><span class='ocrx_word' id='word_1_153' title='bbox 56 1166 101 1199; x_wconf 88' lang='lat' dir='ltr'><strong>qui</strong></span> <span class='ocrx_word' id='word_1_154' title='bbox 111 1165 235 1205; x_wconf 73' lang='lat' dir='ltr'><strong>Grmcam</strong></span> <span class='ocrx_word' id='word_1_155' title='bbox 250 1167 411 1202; x_wconf 74' lang='lat' dir='ltr'><strong>sapientiam</strong></span> <span class='ocrx_word' id='word_1_156' title='bbox 421 1168 488 1195; x_wconf 87' lang='lat' dir='ltr'><strong>dicit</strong></span> <span class='ocrx_word' id='word_1_157' title='bbox 499 1175 560 1196; x_wconf 87' lang='lat' dir='ltr'><strong>esse</strong></span> <span class='ocrx_word' id='word_1_158' title='bbox 569 1168 712 1196; x_wconf 72' lang='lat' dir='ltr'><strong>stultitiam</strong></span> <span class='ocrx_word' id='word_1_159' title='bbox 729 1173 754 1196; x_wconf 75' lang='lat' dir='ltr'><strong>et</strong></span> <span class='ocrx_word' id='word_1_160' title='bbox 766 1170 851 1196; x_wconf 69' lang='lat' dir='ltr'><strong>crucis</strong></span> 
     </span>
    </p>
   </div>
   <div class='ocr_carea' id='block_1_24' title="bbox 57 1212 851 1248">
    <p class='ocr_par' dir='ltr' id='par_1_24' title="bbox 57 1212 851 1248">
     <span class='ocr_line' id='line_1_24' title="bbox 57 1212 851 1248; baseline 0.008 -11"><span class='ocrx_word' id='word_1_161' title='bbox 57 1212 265 1239; x_wconf 69' lang='lat' dir='ltr'><strong>uinanitionem</strong></span> <span class='ocrx_word' id='word_1_162' title='bbox 282 1214 303 1239; x_wconf 85' lang='lat'><strong>&#39;.</strong></span> <span class='ocrx_word' id='word_1_163' title='bbox 328 1213 484 1248; x_wconf 84' lang='lat' dir='ltr'><strong>Loquimur</strong></span> <span class='ocrx_word' id='word_1_164' title='bbox 504 1215 578 1242; x_wconf 91' lang='lat' dir='ltr'><strong>enim</strong></span> <span class='ocrx_word' id='word_1_165' title='bbox 599 1215 633 1242; x_wconf 90' lang='lat' dir='ltr'><strong>de</strong></span> <span class='ocrx_word' id='word_1_166' title='bbox 658 1215 751 1243; x_wconf 86' lang='lat' dir='ltr'><strong>divina</strong></span> <span class='ocrx_word' id='word_1_167' title='bbox 775 1215 851 1243; x_wconf 88' lang='lat' dir='ltr'><strong>Scri-</strong></span> 
     </span>
    </p>
   </div>
   <div class='ocr_carea' id='block_1_25' title="bbox 56 1259 850 1296">
    <p class='ocr_par' dir='ltr' id='par_1_25' title="bbox 56 1259 850 1296">
     <span class='ocr_line' id='line_1_25' title="bbox 56 1259 850 1296; baseline 0.006 -13"><span class='ocrx_word' id='word_1_168' title='bbox 56 1262 152 1292; x_wconf 83' lang='lat' dir='ltr'><strong>p:ura.</strong></span> <span class='ocrx_word' id='word_1_169' title='bbox 169 1266 231 1292; x_wconf 59' lang='lat' dir='ltr'><strong>quie</strong></span> <span class='ocrx_word' id='word_1_170' title='bbox 253 1259 379 1294; x_wconf 85' lang='lat' dir='ltr'><strong>exposita</strong></span> <span class='ocrx_word' id='word_1_171' title='bbox 406 1260 521 1295; x_wconf 86' lang='lat' dir='ltr'><strong>quidem</strong></span> <span class='ocrx_word' id='word_1_172' title='bbox 548 1260 602 1294; x_wconf 60' lang='lat' dir='ltr'><strong>fuit</strong></span> <span class='ocrx_word' id='word_1_173' title='bbox 628 1268 678 1296; x_wconf 89' lang='lat' dir='ltr'><strong>per</strong></span> <span class='ocrx_word' id='word_1_174' title='bbox 702 1261 850 1296; x_wconf 87' lang='lat' dir='ltr'><strong>quamdam</strong></span> 
     </span>
    </p>
   </div>
   <div class='ocr_carea' id='block_1_26' title="bbox 56 1303 853 1342">
    <p class='ocr_par' dir='ltr' id='par_1_26' title="bbox 56 1303 853 1342">
     <span class='ocr_line' id='line_1_26' title="bbox 56 1303 853 1342; baseline 0.009 -13"><span class='ocrx_word' id='word_1_175' title='bbox 56 1303 134 1331; x_wconf 83' lang='lat' dir='ltr'><strong>vocis</strong></span> <span class='ocrx_word' id='word_1_176' title='bbox 152 1305 318 1332; x_wconf 82' lang='lat' dir='ltr'><strong>tenuitatem</strong></span> <span class='ocrx_word' id='word_1_177' title='bbox 343 1309 373 1333; x_wconf 89' lang='lat' dir='ltr'><strong>et</strong></span> <span class='ocrx_word' id='word_1_178' title='bbox 396 1306 499 1341; x_wconf 53' lang='lat' dir='ltr'><strong>linguae.</strong></span> <span class='ocrx_word' id='word_1_179' title='bbox 516 1306 689 1340; x_wconf 81' lang='lat' dir='ltr'><strong>tarditatem,</strong></span> <span class='ocrx_word' id='word_1_180' title='bbox 716 1315 731 1335; x_wconf 89' lang='lat' dir='ltr'><strong>a</strong></span> <span class='ocrx_word' id='word_1_181' title='bbox 757 1308 853 1342; x_wconf 83' lang='lat' dir='ltr'><strong>paucis</strong></span> 
     </span>
    </p>
   </div>
   <div class='ocr_carea' id='block_1_27' title="bbox 57 1350 855 1389">
    <p class='ocr_par' dir='ltr' id='par_1_27' title="bbox 57 1350 855 1389">
     <span class='ocr_line' id='line_1_27' title="bbox 57 1350 855 1389; baseline 0.008 -14"><span class='ocrx_word' id='word_1_182' title='bbox 57 1354 148 1376; x_wconf 89' lang='lat' dir='ltr'><strong>autem</strong></span> <span class='ocrx_word' id='word_1_183' title='bbox 161 1354 204 1377; x_wconf 88' lang='lat' dir='ltr'><strong>est</strong></span> <span class='ocrx_word' id='word_1_184' title='bbox 217 1350 383 1379; x_wconf 87' lang='lat' dir='ltr'><strong>conﬁrmata</strong></span> <span class='ocrx_word' id='word_1_185' title='bbox 394 1356 424 1379; x_wconf 88' lang='lat' dir='ltr'><strong>et</strong></span> <span class='ocrx_word' id='word_1_186' title='bbox 437 1357 546 1384; x_wconf 88' lang='lat' dir='ltr'><strong>ornata,</strong></span> <span class='ocrx_word' id='word_1_187' title='bbox 573 1353 664 1388; x_wconf 86' lang='lat' dir='ltr'><strong>iisque</strong></span> <span class='ocrx_word' id='word_1_188' title='bbox 683 1354 855 1389; x_wconf 74' lang='lat' dir='ltr'><strong>agrestibus-</strong></span> 
     </span>
    </p>
   </div>
   <div class='ocr_carea' id='block_1_28' title="bbox 58 1391 852 1436">
    <p class='ocr_par' dir='ltr' id='par_1_28' title="bbox 58 1391 852 1436">
     <span class='ocr_line' id='line_1_28' title="bbox 58 1391 852 1436; baseline 0.005 -13"><span class='ocrx_word' id='word_1_189' title='bbox 58 1405 110 1431; x_wconf 85' lang='lat' dir='ltr'><strong>que</strong></span> <span class='ocrx_word' id='word_1_190' title='bbox 126 1402 154 1424; x_wconf 87' lang='lat' dir='ltr'><strong>et</strong></span> <span class='ocrx_word' id='word_1_191' title='bbox 167 1391 364 1431; x_wconf 77' lang='lat' dir='ltr'><strong>piscatoribus,</strong></span> <span class='ocrx_word' id='word_1_192' title='bbox 376 1403 405 1426; x_wconf 86' lang='lat' dir='ltr'><strong>et</strong></span> <span class='ocrx_word' id='word_1_193' title='bbox 417 1399 563 1427; x_wconf 83' lang='lat' dir='ltr'><strong>sutoribus</strong></span> <span class='ocrx_word' id='word_1_194' title='bbox 573 1404 603 1428; x_wconf 91' lang='lat' dir='ltr'><strong>et</strong></span> <span class='ocrx_word' id='word_1_195' title='bbox 616 1400 768 1427; x_wconf 87' lang='lat' dir='ltr'><strong>illitteratis</strong></span> <span class='ocrx_word' id='word_1_196' title='bbox 781 1409 788 1427; x_wconf 87' lang='lat'><strong>:</strong></span> <span class='ocrx_word' id='word_1_197' title='bbox 800 1409 852 1436; x_wconf 92' lang='lat' dir='ltr'><strong>pu-</strong></span> 
     </span>
    </p>
   </div>
   <div class='ocr_carea' id='block_1_29' title="bbox 58 1443 854 1481">
    <p class='ocr_par' dir='ltr' id='par_1_29' title="bbox 58 1443 854 1481">
     <span class='ocr_line' id='line_1_29' title="bbox 58 1443 854 1481; baseline 0.004 -11"><span class='ocrx_word' id='word_1_198' title='bbox 58 1443 182 1479; x_wconf 89' lang='lat' dir='ltr'><strong>doreque</strong></span> <span class='ocrx_word' id='word_1_199' title='bbox 199 1445 293 1472; x_wconf 81' lang='lat' dir='ltr'><strong>all‘ecit</strong></span> <span class='ocrx_word' id='word_1_200' title='bbox 310 1445 462 1480; x_wconf 81' lang='lat' dir='ltr'><strong>sapientes.</strong></span> <span class='ocrx_word' id='word_1_201' title='bbox 484 1454 589 1481; x_wconf 87' lang='lat' dir='ltr'><strong>eosque</strong></span> <span class='ocrx_word' id='word_1_202' title='bbox 604 1446 729 1474; x_wconf 83' lang='lat' dir='ltr'><strong>ostendit</strong></span> <span class='ocrx_word' id='word_1_203' title='bbox 753 1447 854 1474; x_wconf 88' lang='lat' dir='ltr'><strong>stultos</strong></span> 
     </span>
    </p>
   </div>
   <div class='ocr_carea' id='block_1_30' title="bbox 57 1490 854 1527">
    <p class='ocr_par' dir='ltr' id='par_1_30' title="bbox 57 1490 854 1527">
     <span class='ocr_line' id='line_1_30' title="bbox 57 1490 854 1527; baseline 0.004 -10"><span class='ocrx_word' id='word_1_204' title='bbox 57 1495 86 1517; x_wconf 89' lang='lat' dir='ltr'><strong>et</strong></span> <span class='ocrx_word' id='word_1_205' title='bbox 100 1491 226 1518; x_wconf 87' lang='lat' dir='ltr'><strong>inutiles.</strong></span> <span class='ocrx_word' id='word_1_206' title='bbox 247 1490 433 1524; x_wconf 87' lang='lat' dir='ltr'><strong>Quamobrem</strong></span> <span class='ocrx_word' id='word_1_207' title='bbox 446 1493 474 1519; x_wconf 93' lang='lat' dir='ltr'><strong>in</strong></span> <span class='ocrx_word' id='word_1_208' title='bbox 492 1493 652 1527; x_wconf 71' lang='lat' dir='ltr'><strong>prtesentia,</strong></span> <span class='ocrx_word' id='word_1_209' title='bbox 669 1501 682 1520; x_wconf 91' lang='lat' dir='ltr'><strong>a</strong></span> <span class='ocrx_word' id='word_1_210' title='bbox 700 1492 782 1521; x_wconf 83' lang='lat' dir='ltr'><strong>nobis</strong></span> <span class='ocrx_word' id='word_1_211' title='bbox 797 1501 854 1520; x_wconf 91' lang='lat' dir='ltr'><strong>non</strong></span> 
     </span>
    </p>
   </div>
   <div class='ocr_carea' id='block_1_31' title="bbox 58 1537 854 1572">
    <p class='ocr_par' dir='ltr' id='par_1_31' title="bbox 58 1537 854 1572">
     <span class='ocr_line' id='line_1_31' title="bbox 58 1537 854 1572; baseline 0.005 -9"><span class='ocrx_word' id='word_1_212' title='bbox 58 1537 169 1564; x_wconf 77' lang='lat' dir='ltr'><strong>dicetur</strong></span> <span class='ocrx_word' id='word_1_213' title='bbox 187 1537 222 1564; x_wconf 88' lang='lat' dir='ltr'><strong>de</strong></span> <span class='ocrx_word' id='word_1_214' title='bbox 241 1537 338 1572; x_wconf 69' lang='lat' dir='ltr'><strong>ﬁguris</strong></span> <span class='ocrx_word' id='word_1_215' title='bbox 356 1543 385 1565; x_wconf 89' lang='lat' dir='ltr'><strong>et</strong></span> <span class='ocrx_word' id='word_1_216' title='bbox 400 1538 566 1571; x_wconf 80' lang='lat' dir='ltr'><strong>intervallis,</strong></span> <span class='ocrx_word' id='word_1_217' title='bbox 592 1547 646 1567; x_wconf 88' lang='lat' dir='ltr'><strong>nec</strong></span> <span class='ocrx_word' id='word_1_218' title='bbox 670 1539 704 1567; x_wconf 91' lang='lat' dir='ltr'><strong>de</strong></span> <span class='ocrx_word' id='word_1_219' title='bbox 732 1540 854 1567; x_wconf 87' lang='lat' dir='ltr'><strong>circum-</strong></span> 
     </span>
    </p>
   </div>
   <div class='ocr_carea' id='block_1_32' title="bbox 59 1583 853 1620">
    <p class='ocr_par' dir='ltr' id='par_1_32' title="bbox 59 1583 853 1620">
     <span class='ocr_line' id='line_1_32' title="bbox 59 1583 853 1620; baseline 0.005 -11"><span class='ocrx_word' id='word_1_220' title='bbox 59 1583 219 1610; x_wconf 88' lang='lat' dir='ltr'><strong>actionibus</strong></span> <span class='ocrx_word' id='word_1_221' title='bbox 234 1588 263 1610; x_wconf 87' lang='lat' dir='ltr'><strong>et</strong></span> <span class='ocrx_word' id='word_1_222' title='bbox 277 1584 399 1611; x_wconf 84' lang='lat' dir='ltr'><strong>motibus</strong></span> <span class='ocrx_word' id='word_1_223' title='bbox 414 1588 441 1611; x_wconf 89' lang='lat' dir='ltr'><strong>ct</strong></span> <span class='ocrx_word' id='word_1_224' title='bbox 454 1585 628 1620; x_wconf 80' lang='lat' dir='ltr'><strong>regressibus</strong></span> <span class='ocrx_word' id='word_1_225' title='bbox 646 1585 673 1612; x_wconf 92' lang='lat' dir='ltr'><strong>in</strong></span> <span class='ocrx_word' id='word_1_226' title='bbox 689 1594 755 1613; x_wconf 89' lang='lat' dir='ltr'><strong>suos</strong></span> <span class='ocrx_word' id='word_1_227' title='bbox 766 1586 853 1618; x_wconf 83' lang='lat' dir='ltr'><strong>locos,</strong></span> 
     </span>
    </p>
   </div>
   <div class='ocr_carea' id='block_1_33' title="bbox 865 964 886 991">
    <p class='ocr_par' dir='ltr' id='par_1_33' title="bbox 865 964 886 991">
     <span class='ocr_line' id='line_1_33' title="bbox 865 964 886 991; baseline 0 0"><span class='ocrx_word' id='word_1_228' title='bbox 865 964 886 991; x_wconf 84' lang='grc' dir='ltr'>Β</span> 
     </span>
    </p>
   </div>
   <div class='ocr_carea' id='block_1_34' title="bbox 893 334 1691 375">
    <p class='ocr_par' dir='ltr' id='par_1_34' title="bbox 893 334 1691 375">
     <span class='ocr_line' id='line_1_34' title="bbox 893 334 1691 375; baseline -0.005 -10"><span class='ocrx_word' id='word_1_229' title='bbox 893 338 973 375; x_wconf 84' lang='lat' dir='ltr'><strong>prius</strong></span> <span class='ocrx_word' id='word_1_230' title='bbox 986 337 1145 365; x_wconf 77' lang='lat' dir='ltr'><strong>construxit</strong></span> <span class='ocrx_word' id='word_1_231' title='bbox 1162 336 1190 364; x_wconf 90' lang='lat' dir='ltr'><strong>in</strong></span> <span class='ocrx_word' id='word_1_232' title='bbox 1213 335 1350 371; x_wconf 85' lang='lat' dir='ltr'><strong>sapientia</strong></span> <span class='ocrx_word' id='word_1_233' title='bbox 1377 335 1411 362; x_wconf 86' lang='lat' dir='ltr'><strong>ad</strong></span> <span class='ocrx_word' id='word_1_234' title='bbox 1435 335 1496 370; x_wconf 76' lang='lat' dir='ltr'><strong>ejus</strong></span> <span class='ocrx_word' id='word_1_235' title='bbox 1514 334 1638 371; x_wconf 73' lang='lat' dir='ltr'><strong>ﬁguram</strong></span> <span class='ocrx_word' id='word_1_236' title='bbox 1662 339 1691 361; x_wconf 87' lang='lat' dir='ltr'><strong>et</strong></span> 
     </span>
    </p>
   </div>
   <div class='ocr_carea' id='block_1_35' title="bbox 893 379 1737 420">
    <p class='ocr_par' dir='ltr' id='par_1_35' title="bbox 893 379 1737 420">
     <span class='ocr_line' id='line_1_35' title="bbox 893 379 1737 420; baseline -0.009 -8"><span class='ocrx_word' id='word_1_237' title='bbox 893 385 1017 420; x_wconf 86' lang='lat' dir='ltr'><strong>priorem</strong></span> <span class='ocrx_word' id='word_1_238' title='bbox 1045 383 1275 418; x_wconf 83' lang='lat' dir='ltr'><strong>descriptionem.</strong></span> <span class='ocrx_word' id='word_1_239' title='bbox 1299 381 1333 409; x_wconf 82' lang='lat' dir='ltr'><strong>Et</strong></span> <span class='ocrx_word' id='word_1_240' title='bbox 1353 381 1427 416; x_wconf 86' lang='lat' dir='ltr'><strong>quod</strong></span> <span class='ocrx_word' id='word_1_241' title='bbox 1446 380 1540 408; x_wconf 84' lang='lat' dir='ltr'><strong>statim</strong></span> <span class='ocrx_word' id='word_1_242' title='bbox 1564 388 1579 407; x_wconf 89' lang='lat' dir='ltr'><strong>a</strong></span> <span class='ocrx_word' id='word_1_243' title='bbox 1601 379 1691 414; x_wconf 86' lang='lat' dir='ltr'><strong>prima</strong></span> <span class='ocrx_word' id='word_1_244' title='bbox 1731 400 1737 404; x_wconf 80' lang='lat'><strong>.</strong></span> 
     </span>
    </p>
   </div>
   <div class='ocr_carea' id='block_1_36' title="bbox 894 427 1691 464">
    <p class='ocr_par' dir='ltr' id='par_1_36' title="bbox 894 427 1691 464">
     <span class='ocr_line' id='line_1_36' title="bbox 894 427 1691 464; baseline -0.008 -6"><span class='ocrx_word' id='word_1_245' title='bbox 894 430 970 458; x_wconf 85' lang='lat' dir='ltr'><strong>vocis</strong></span> <span class='ocrx_word' id='word_1_246' title='bbox 991 430 1152 462; x_wconf 83' lang='lat' dir='ltr'><strong>cﬁ‘ectione,</strong></span> <span class='ocrx_word' id='word_1_247' title='bbox 1180 429 1242 464; x_wconf 85' lang='lat' dir='ltr'><strong>ejus</strong></span> <span class='ocrx_word' id='word_1_248' title='bbox 1266 427 1446 455; x_wconf 81' lang='lat' dir='ltr'><strong>fundamenta</strong></span> <span class='ocrx_word' id='word_1_249' title='bbox 1469 432 1495 454; x_wconf 84' lang='lat' dir='ltr'><strong>ct</strong></span> <span class='ocrx_word' id='word_1_250' title='bbox 1519 431 1691 453; x_wconf 88' lang='lat' dir='ltr'><strong>structuram</strong></span> 
     </span>
    </p>
   </div>
   <div class='ocr_carea' id='block_1_37' title="bbox 894 473 1690 512">
    <p class='ocr_par' dir='ltr' id='par_1_37' title="bbox 894 473 1690 512">
     <span class='ocr_line' id='line_1_37' title="bbox 894 473 1690 512; baseline -0.006 -7"><span class='ocrx_word' id='word_1_251' title='bbox 894 482 922 505; x_wconf 91' lang='lat' dir='ltr'><strong>et</strong></span> <span class='ocrx_word' id='word_1_252' title='bbox 936 477 1142 512; x_wconf 86' lang='lat' dir='ltr'><strong>apparitionem</strong></span> <span class='ocrx_word' id='word_1_253' title='bbox 1151 481 1177 504; x_wconf 92' lang='lat' dir='ltr'><strong>et</strong></span> <span class='ocrx_word' id='word_1_254' title='bbox 1191 475 1426 503; x_wconf 89' lang='lat' dir='ltr'><strong>illuminationem</strong></span> <span class='ocrx_word' id='word_1_255' title='bbox 1442 473 1690 510; x_wconf 80' lang='lat' dir='ltr'><strong>praemeditabatur</strong></span> 
     </span>
    </p>
   </div>
   <div class='ocr_carea' id='block_1_38' title="bbox 895 521 1694 561">
    <p class='ocr_par' dir='ltr' id='par_1_38' title="bbox 895 521 1694 561">
     <span class='ocr_line' id='line_1_38' title="bbox 895 521 1694 561; baseline -0.006 -8"><span class='ocrx_word' id='word_1_256' title='bbox 895 530 923 553; x_wconf 79' lang='lat' dir='ltr'><strong>et</strong></span> <span class='ocrx_word' id='word_1_257' title='bbox 943 525 1023 561; x_wconf 90' lang='lat' dir='ltr'><strong>prius</strong></span> <span class='ocrx_word' id='word_1_258' title='bbox 1045 524 1236 555; x_wconf 85' lang='lat' dir='ltr'><strong>describebat,</strong></span> <span class='ocrx_word' id='word_1_259' title='bbox 1264 526 1291 550; x_wconf 87' lang='lat' dir='ltr'><strong>et</strong></span> <span class='ocrx_word' id='word_1_260' title='bbox 1319 531 1369 558; x_wconf 92' lang='lat' dir='ltr'><strong>per</strong></span> <span class='ocrx_word' id='word_1_261' title='bbox 1393 522 1515 557; x_wconf 92' lang='lat' dir='ltr'><strong>primum</strong></span> <span class='ocrx_word' id='word_1_262' title='bbox 1541 521 1643 549; x_wconf 54' lang='lat' dir='ltr'><strong>caelum</strong></span> <span class='ocrx_word' id='word_1_263' title='bbox 1665 525 1694 548; x_wconf 84' lang='lat' dir='ltr'><strong>et</strong></span> 
     </span>
    </p>
   </div>
   <div class='ocr_carea' id='block_1_39' title="bbox 895 567 1693 604">
    <p class='ocr_par' dir='ltr' id='par_1_39' title="bbox 895 567 1693 604">
     <span class='ocr_line' id='line_1_39' title="bbox 895 567 1693 604; baseline -0.006 -6"><span class='ocrx_word' id='word_1_264' title='bbox 895 570 1061 602; x_wconf 84' lang='lat' dir='ltr'><strong>secundum,</strong></span> <span class='ocrx_word' id='word_1_265' title='bbox 1078 575 1107 598; x_wconf 89' lang='lat' dir='ltr'><strong>ct</strong></span> <span class='ocrx_word' id='word_1_266' title='bbox 1127 577 1190 604; x_wconf 80' lang='lat' dir='ltr'><strong>qua:</strong></span> <span class='ocrx_word' id='word_1_267' title='bbox 1211 573 1275 596; x_wconf 89' lang='lat' dir='ltr'><strong>sunt</strong></span> <span class='ocrx_word' id='word_1_268' title='bbox 1300 569 1329 596; x_wconf 91' lang='lat' dir='ltr'><strong>in</strong></span> <span class='ocrx_word' id='word_1_269' title='bbox 1361 568 1429 603; x_wconf 87' lang='lat' dir='ltr'><strong>ipsis</strong></span> <span class='ocrx_word' id='word_1_270' title='bbox 1450 567 1610 599; x_wconf 88' lang='lat' dir='ltr'><strong>luminaria,</strong></span> <span class='ocrx_word' id='word_1_271' title='bbox 1640 573 1693 594; x_wconf 87' lang='lat' dir='ltr'><strong>nec</strong></span> 
     </span>
    </p>
   </div>
   <div class='ocr_carea' id='block_1_40' title="bbox 896 613 1694 649">
    <p class='ocr_par' dir='ltr' id='par_1_40' title="bbox 896 613 1694 649">
     <span class='ocr_line' id='line_1_40' title="bbox 896 613 1694 649; baseline -0.008 -4"><span class='ocrx_word' id='word_1_272' title='bbox 896 617 950 645; x_wconf 89' lang='lat' dir='ltr'><strong>hoc</strong></span> <span class='ocrx_word' id='word_1_273' title='bbox 969 617 1056 644; x_wconf 92' lang='lat' dir='ltr'><strong>solum</strong></span> <span class='ocrx_word' id='word_1_274' title='bbox 1071 636 1077 648; x_wconf 84' lang='lat'>.</span> <span class='ocrx_word' id='word_1_275' title='bbox 1105 616 1152 643; x_wconf 86' lang='lat' dir='ltr'><strong>sed</strong></span> <span class='ocrx_word' id='word_1_276' title='bbox 1181 615 1263 643; x_wconf 86' lang='lat' dir='ltr'><strong>etiam</strong></span> <span class='ocrx_word' id='word_1_277' title='bbox 1295 622 1344 649; x_wconf 89' lang='lat' dir='ltr'><strong>per</strong></span> <span class='ocrx_word' id='word_1_278' title='bbox 1373 614 1463 649; x_wconf 89' lang='lat' dir='ltr'><strong>ipsum</strong></span> <span class='ocrx_word' id='word_1_279' title='bbox 1486 614 1573 642; x_wconf 88' lang='lat' dir='ltr'><strong>solem</strong></span> <span class='ocrx_word' id='word_1_280' title='bbox 1598 617 1628 640; x_wconf 90' lang='lat' dir='ltr'><strong>et</strong></span> <span class='ocrx_word' id='word_1_281' title='bbox 1648 613 1694 640; x_wconf 90' lang='lat' dir='ltr'><strong>lu--</strong></span> 
     </span>
    </p>
   </div>
   <div class='ocr_carea' id='block_1_41' title="bbox 896 660 1693 696">
    <p class='ocr_par' dir='ltr' id='par_1_41' title="bbox 896 660 1693 696">
     <span class='ocr_line' id='line_1_41' title="bbox 896 660 1693 696; baseline -0.008 -5"><span class='ocrx_word' id='word_1_282' title='bbox 896 671 971 696; x_wconf 88' lang='lat' dir='ltr'><strong>nam,</strong></span> <span class='ocrx_word' id='word_1_283' title='bbox 990 668 1017 690; x_wconf 90' lang='lat' dir='ltr'><strong>et</strong></span> <span class='ocrx_word' id='word_1_284' title='bbox 1035 667 1135 690; x_wconf 84' lang='lat' dir='ltr'><strong>terram</strong></span> <span class='ocrx_word' id='word_1_285' title='bbox 1146 682 1153 694; x_wconf 94' lang='lat'><strong>,</strong></span> <span class='ocrx_word' id='word_1_286' title='bbox 1167 667 1195 689; x_wconf 86' lang='lat' dir='ltr'><strong>et</strong></span> <span class='ocrx_word' id='word_1_287' title='bbox 1206 669 1304 696; x_wconf 85' lang='lat' dir='ltr'><strong>aquas,</strong></span> <span class='ocrx_word' id='word_1_288' title='bbox 1316 665 1344 688; x_wconf 89' lang='lat' dir='ltr'><strong>et</strong></span> <span class='ocrx_word' id='word_1_289' title='bbox 1354 660 1474 694; x_wconf 86' lang='lat' dir='ltr'><strong>plantas,</strong></span> <span class='ocrx_word' id='word_1_290' title='bbox 1487 665 1515 687; x_wconf 89' lang='lat' dir='ltr'><strong>et</strong></span> <span class='ocrx_word' id='word_1_291' title='bbox 1528 667 1639 694; x_wconf 86' lang='lat' dir='ltr'><strong>pecora.</strong></span> <span class='ocrx_word' id='word_1_292' title='bbox 1665 661 1693 686; x_wconf 88' lang='lat' dir='ltr'><strong>et</strong></span> 
     </span>
    </p>
   </div>
   <div class='ocr_carea' id='block_1_42' title="bbox 896 706 1692 744">
    <p class='ocr_par' dir='ltr' id='par_1_42' title="bbox 896 706 1692 744">
     <span class='ocr_line' id='line_1_42' title="bbox 896 706 1692 744; baseline -0.009 -6"><span class='ocrx_word' id='word_1_293' title='bbox 896 711 1037 742; x_wconf 83' lang='lat' dir='ltr'><strong>volucres,</strong></span> <span class='ocrx_word' id='word_1_294' title='bbox 1052 709 1196 744; x_wconf 82' lang='lat' dir='ltr'><strong>etpisces;</strong></span> <span class='ocrx_word' id='word_1_295' title='bbox 1213 711 1251 741; x_wconf 91' lang='lat' dir='ltr'><strong>et,</strong></span> <span class='ocrx_word' id='word_1_296' title='bbox 1266 711 1296 734; x_wconf 93' lang='lat' dir='ltr'><strong>ut</strong></span> <span class='ocrx_word' id='word_1_297' title='bbox 1308 707 1393 734; x_wconf 88' lang='lat' dir='ltr'><strong>semel</strong></span> <span class='ocrx_word' id='word_1_298' title='bbox 1404 706 1505 738; x_wconf 90' lang='lat' dir='ltr'><strong>dicam,</strong></span> <span class='ocrx_word' id='word_1_299' title='bbox 1520 713 1569 741; x_wconf 82' lang='lat' dir='ltr'><strong>per</strong></span> <span class='ocrx_word' id='word_1_300' title='bbox 1581 712 1692 732; x_wconf 88' lang='lat' dir='ltr'><strong>omnem</strong></span> 
     </span>
    </p>
   </div>
   <div class='ocr_carea' id='block_1_43' title="bbox 898 752 1694 786">
    <p class='ocr_par' dir='ltr' id='par_1_43' title="bbox 898 752 1694 786">
     <span class='ocr_line' id='line_1_43' title="bbox 898 752 1694 786; baseline -0.009 -1"><span class='ocrx_word' id='word_1_301' title='bbox 898 762 1055 785; x_wconf 85' lang='lat' dir='ltr'><strong>creaturam</strong></span> <span class='ocrx_word' id='word_1_302' title='bbox 1070 755 1132 783; x_wconf 66' lang='lat' dir='ltr'><strong>«eli</strong></span> <span class='ocrx_word' id='word_1_303' title='bbox 1149 759 1177 781; x_wconf 91' lang='lat' dir='ltr'><strong>et</strong></span> <span class='ocrx_word' id='word_1_304' title='bbox 1195 759 1286 784; x_wconf 76' lang='lat' dir='ltr'><strong>terrze.</strong></span> <span class='ocrx_word' id='word_1_305' title='bbox 1303 752 1447 780; x_wconf 89' lang='lat' dir='ltr'><strong>Christum</strong></span> <span class='ocrx_word' id='word_1_306' title='bbox 1458 752 1505 786; x_wconf 83' lang='lat' dir='ltr'><strong>qui</strong></span> <span class='ocrx_word' id='word_1_307' title='bbox 1529 752 1557 778; x_wconf 90' lang='lat' dir='ltr'><strong>in</strong></span> <span class='ocrx_word' id='word_1_308' title='bbox 1581 752 1650 786; x_wconf 82' lang='lat' dir='ltr'><strong>ipsis</strong></span> <span class='ocrx_word' id='word_1_309' title='bbox 1665 757 1694 779; x_wconf 85' lang='lat' dir='ltr'><strong>et</strong></span> 
     </span>
    </p>
   </div>
   <div class='ocr_carea' id='block_1_44' title="bbox 898 798 1695 839">
    <p class='ocr_par' dir='ltr' id='par_1_44' title="bbox 898 798 1695 839">
     <span class='ocr_line' id='line_1_44' title="bbox 898 798 1695 839; baseline -0.008 -9"><span class='ocrx_word' id='word_1_310' title='bbox 898 811 948 839; x_wconf 89' lang='lat' dir='ltr'><strong>per</strong></span> <span class='ocrx_word' id='word_1_311' title='bbox 964 803 1051 838; x_wconf 85' lang='lat' dir='ltr'><strong>ipsam</strong></span> <span class='ocrx_word' id='word_1_312' title='bbox 1070 801 1205 836; x_wconf 83' lang='lat' dir='ltr'><strong>loquitur,</strong></span> <span class='ocrx_word' id='word_1_313' title='bbox 1234 799 1367 834; x_wconf 63' lang='lat' dir='ltr'><strong>praedicat</strong></span> <span class='ocrx_word' id='word_1_314' title='bbox 1392 803 1421 826; x_wconf 84' lang='lat' dir='ltr'><strong>et.</strong></span> <span class='ocrx_word' id='word_1_315' title='bbox 1445 798 1591 834; x_wconf 68' lang='lat' dir='ltr'><strong>magniﬁce</strong></span> <span class='ocrx_word' id='word_1_316' title='bbox 1618 806 1695 825; x_wconf 81' lang='lat' dir='ltr'><strong>com-</strong></span> 
     </span>
    </p>
   </div>
   <div class='ocr_carea' id='block_1_45' title="bbox 899 849 1571 892">
    <p class='ocr_par' dir='ltr' id='par_1_45' title="bbox 899 849 1571 892">
     <span class='ocr_line' id='line_1_45' title="bbox 899 849 1571 892; baseline -0.004 -15"><span class='ocrx_word' id='word_1_317' title='bbox 899 849 1021 877; x_wconf 85' lang='lat' dir='ltr'><strong>mendat.</strong></span> <span class='ocrx_word' id='word_1_318' title='bbox 1560 877 1571 892; x_wconf 48' lang='grc' dir='ltr'><strong>ι</strong></span> 
     </span>
    </p>
   </div>
   <div class='ocr_carea' id='block_1_46' title="bbox 934 891 1692 932">
    <p class='ocr_par' dir='ltr' id='par_1_46' title="bbox 934 891 1692 932">
     <span class='ocr_line' id='line_1_46' title="bbox 934 891 1692 932; baseline -0.007 -9"><span class='ocrx_word' id='word_1_319' title='bbox 934 895 1123 932; x_wconf 58' lang='lat' dir='ltr'><strong>“reqdhccns</strong></span> <span class='ocrx_word' id='word_1_320' title='bbox 1137 893 1262 921; x_wconf 81' lang='lat' dir='ltr'><strong>Ecclesia</strong></span> <span class='ocrx_word' id='word_1_321' title='bbox 1278 893 1398 920; x_wconf 83' lang='lat' dir='ltr'><strong>exsultat</strong></span> <span class='ocrx_word' id='word_1_322' title='bbox 1414 896 1443 919; x_wconf 90' lang='lat' dir='ltr'><strong>et</strong></span> <span class='ocrx_word' id='word_1_323' title='bbox 1455 891 1567 918; x_wconf 80' lang='lat' dir='ltr'><strong>letatur</strong></span> <span class='ocrx_word' id='word_1_324' title='bbox 1583 912 1590 923; x_wconf 90' lang='lat'><strong>,</strong></span> <span class='ocrx_word' id='word_1_325' title='bbox 1606 891 1692 926; x_wconf 75' lang='lat' dir='ltr'><strong>gestit</strong></span> 
     </span>
    </p>
   </div>
   <div class='ocr_carea' id='block_1_47' title="bbox 900 938 1696 977">
    <p class='ocr_par' dir='ltr' id='par_1_47' title="bbox 900 938 1696 977">
     <span class='ocr_line' id='line_1_47' title="bbox 900 938 1696 977; baseline -0.009 -6"><span class='ocrx_word' id='word_1_326' title='bbox 900 949 928 971; x_wconf 89' lang='lat' dir='ltr'><strong>et</strong></span> <span class='ocrx_word' id='word_1_327' title='bbox 943 942 1127 977; x_wconf 79' lang='lat' dir='ltr'><strong>illuminatur,</strong></span> <span class='ocrx_word' id='word_1_328' title='bbox 1143 944 1171 968; x_wconf 90' lang='lat' dir='ltr'><strong>et</strong></span> <span class='ocrx_word' id='word_1_329' title='bbox 1191 940 1324 967; x_wconf 80' lang='lat' dir='ltr'><strong>adversus</strong></span> <span class='ocrx_word' id='word_1_330' title='bbox 1341 938 1468 965; x_wconf 78' lang='lat' dir='ltr'><strong>inﬁdeles</strong></span> <span class='ocrx_word' id='word_1_331' title='bbox 1482 939 1577 965; x_wconf 83' lang='lat' dir='ltr'><strong>valens</strong></span> <span class='ocrx_word' id='word_1_332' title='bbox 1602 945 1635 965; x_wconf 91' lang='lat' dir='ltr'><strong>ac</strong></span> <span class='ocrx_word' id='word_1_333' title='bbox 1651 945 1696 964; x_wconf 90' lang='lat' dir='ltr'><strong>ro-</strong></span> 
     </span>
    </p>
   </div>
   <div class='ocr_carea' id='block_1_48' title="bbox 901 983 1695 1021">
    <p class='ocr_par' dir='ltr' id='par_1_48' title="bbox 901 983 1695 1021">
     <span class='ocr_line' id='line_1_48' title="bbox 901 983 1695 1021; baseline -0.009 -5"><span class='ocrx_word' id='word_1_334' title='bbox 901 989 982 1016; x_wconf 89' lang='lat' dir='ltr'><strong>busta</strong></span> <span class='ocrx_word' id='word_1_335' title='bbox 990 987 1126 1018; x_wconf 87' lang='lat' dir='ltr'><strong>redditur,</strong></span> <span class='ocrx_word' id='word_1_336' title='bbox 1138 986 1181 1013; x_wconf 81' lang='lat' dir='ltr'><strong>vel</strong></span> <span class='ocrx_word' id='word_1_337' title='bbox 1193 984 1287 1021; x_wconf 79' lang='lat' dir='ltr'><strong>potius</strong></span> <span class='ocrx_word' id='word_1_338' title='bbox 1298 988 1423 1012; x_wconf 87' lang='lat' dir='ltr'><strong>armatur</strong></span> <span class='ocrx_word' id='word_1_339' title='bbox 1435 993 1442 1016; x_wconf 75' lang='grc' dir='ltr'>ς</span> <span class='ocrx_word' id='word_1_340' title='bbox 1457 991 1506 1011; x_wconf 80' lang='lat' dir='ltr'><strong>eos</strong></span> <span class='ocrx_word' id='word_1_341' title='bbox 1515 983 1695 1012; x_wconf 83' lang='lat' dir='ltr'><strong>convincens.</strong></span> 
     </span>
    </p>
   </div>
   <div class='ocr_carea' id='block_1_49' title="bbox 901 1028 1694 1062">
    <p class='ocr_par' dir='ltr' id='par_1_49' title="bbox 901 1028 1694 1062">
     <span class='ocr_line' id='line_1_49' title="bbox 901 1028 1694 1062; baseline -0.01 0"><span class='ocrx_word' id='word_1_342' title='bbox 901 1034 1036 1062; x_wconf 83' lang='lat' dir='ltr'><strong>dedecore</strong></span> <span class='ocrx_word' id='word_1_343' title='bbox 1051 1032 1183 1062; x_wconf 79' lang='lat' dir='ltr'><strong>alliciens.</strong></span> <span class='ocrx_word' id='word_1_344' title='bbox 1195 1031 1320 1061; x_wconf 82' lang='lat' dir='ltr'><strong>vincens,</strong></span> <span class='ocrx_word' id='word_1_345' title='bbox 1331 1029 1464 1057; x_wconf 87' lang='lat' dir='ltr'><strong>exsiliens</strong></span> <span class='ocrx_word' id='word_1_346' title='bbox 1472 1033 1501 1056; x_wconf 89' lang='lat' dir='ltr'><strong>et</strong></span> <span class='ocrx_word' id='word_1_347' title='bbox 1514 1028 1674 1062; x_wconf 85' lang='lat' dir='ltr'><strong>tripudians</strong></span> <span class='ocrx_word' id='word_1_348' title='bbox 1688 1037 1694 1054; x_wconf 89' lang='lat'>:</span> 
     </span>
    </p>
   </div>
   <div class='ocr_carea' id='block_1_50' title="bbox 902 1074 1698 1116">
    <p class='ocr_par' dir='ltr' id='par_1_50' title="bbox 902 1074 1698 1116">
     <span class='ocr_line' id='line_1_50' title="bbox 902 1074 1698 1116; baseline -0.009 -9"><span class='ocrx_word' id='word_1_349' title='bbox 902 1079 1040 1115; x_wconf 83' lang='lat' dir='ltr'><strong>siquidem</strong></span> <span class='ocrx_word' id='word_1_350' title='bbox 1064 1078 1194 1105; x_wconf 86' lang='lat' dir='ltr'><strong>universa</strong></span> <span class='ocrx_word' id='word_1_351' title='bbox 1220 1084 1281 1111; x_wconf 64' lang='lat' dir='ltr'><strong>quae</strong></span> <span class='ocrx_word' id='word_1_352' title='bbox 1309 1075 1436 1116; x_wconf 74' lang='lat' dir='ltr'><strong>cernitur</strong></span> <span class='ocrx_word' id='word_1_353' title='bbox 1459 1079 1487 1102; x_wconf 90' lang='lat' dir='ltr'><strong>et</strong></span> <span class='ocrx_word' id='word_1_354' title='bbox 1509 1074 1698 1109; x_wconf 73' lang='lat' dir='ltr'><strong>intelligentia</strong></span> 
     </span>
    </p>
   </div>
   <div class='ocr_carea' id='block_1_51' title="bbox 902 1121 1696 1161">
    <p class='ocr_par' dir='ltr' id='par_1_51' title="bbox 902 1121 1696 1161">
     <span class='ocr_line' id='line_1_51' title="bbox 902 1121 1696 1161; baseline -0.006 -9"><span class='ocrx_word' id='word_1_355' title='bbox 902 1125 1058 1161; x_wconf 78' lang='lat' dir='ltr'><strong>percipitur</strong></span> <span class='ocrx_word' id='word_1_356' title='bbox 1086 1128 1224 1153; x_wconf 75' lang='lat' dir='ltr'><strong>creatura,</strong></span> <span class='ocrx_word' id='word_1_357' title='bbox 1244 1122 1278 1149; x_wconf 87' lang='lat' dir='ltr'><strong>ad</strong></span> <span class='ocrx_word' id='word_1_358' title='bbox 1304 1122 1364 1157; x_wconf 82' lang='lat' dir='ltr'><strong>ejus</strong></span> <span class='ocrx_word' id='word_1_359' title='bbox 1390 1121 1539 1156; x_wconf 76' lang='lat' dir='ltr'><strong>imaginem</strong></span> <span class='ocrx_word' id='word_1_360' title='bbox 1554 1125 1583 1147; x_wconf 87' lang='lat' dir='ltr'><strong>ct</strong></span> <span class='ocrx_word' id='word_1_361' title='bbox 1602 1121 1696 1155; x_wconf 88' lang='lat' dir='ltr'><strong>sponsi</strong></span> 
     </span>
    </p>
   </div>
   <div class='ocr_carea' id='block_1_52' title="bbox 902 1167 1696 1205">
    <p class='ocr_par' dir='ltr' id='par_1_52' title="bbox 902 1167 1696 1205">
     <span class='ocr_line' id='line_1_52' title="bbox 902 1167 1696 1205; baseline -0.008 -5"><span class='ocrx_word' id='word_1_362' title='bbox 902 1172 945 1200; x_wconf 89' lang='lat' dir='ltr'><strong>sui</strong></span> <span class='ocrx_word' id='word_1_363' title='bbox 958 1171 1061 1199; x_wconf 88' lang='lat' dir='ltr'><strong>Christi</strong></span> <span class='ocrx_word' id='word_1_364' title='bbox 1076 1171 1155 1205; x_wconf 85' lang='lat' dir='ltr'><strong>prius</strong></span> <span class='ocrx_word' id='word_1_365' title='bbox 1167 1173 1326 1197; x_wconf 86' lang='lat' dir='ltr'><strong>constructa</strong></span> <span class='ocrx_word' id='word_1_366' title='bbox 1338 1168 1391 1196; x_wconf 80' lang='lat' dir='ltr'><strong>fuit</strong></span> <span class='ocrx_word' id='word_1_367' title='bbox 1403 1173 1431 1196; x_wconf 89' lang='lat' dir='ltr'><strong>et</strong></span> <span class='ocrx_word' id='word_1_368' title='bbox 1443 1167 1627 1204; x_wconf 69' lang='lat' dir='ltr'><strong>przel‘tgurata.</strong></span> <span class='ocrx_word' id='word_1_369' title='bbox 1639 1167 1696 1195; x_wconf 85' lang='lat' dir='ltr'><strong>Hoc</strong></span> 
     </span>
    </p>
   </div>
   <div class='ocr_carea' id='block_1_53' title="bbox 904 1215 1697 1252">
    <p class='ocr_par' dir='ltr' id='par_1_53' title="bbox 904 1215 1697 1252">
     <span class='ocr_line' id='line_1_53' title="bbox 904 1215 1697 1252; baseline -0.006 -7"><span class='ocrx_word' id='word_1_370' title='bbox 904 1222 947 1246; x_wconf 89' lang='lat' dir='ltr'><strong>est</strong></span> <span class='ocrx_word' id='word_1_371' title='bbox 959 1217 1033 1245; x_wconf 91' lang='lat' dir='ltr'><strong>enim</strong></span> <span class='ocrx_word' id='word_1_372' title='bbox 1049 1216 1224 1252; x_wconf 80' lang='lat' dir='ltr'><strong>mysterium,</strong></span> <span class='ocrx_word' id='word_1_373' title='bbox 1235 1215 1309 1250; x_wconf 83' lang='lat' dir='ltr'><strong>quod</strong></span> <span class='ocrx_word' id='word_1_374' title='bbox 1327 1219 1391 1242; x_wconf 84' lang='lat' dir='ltr'><strong>ante</strong></span> <span class='ocrx_word' id='word_1_375' title='bbox 1404 1215 1505 1242; x_wconf 67' lang='lat' dir='ltr'><strong>szecula</strong></span> <span class='ocrx_word' id='word_1_376' title='bbox 1518 1219 1547 1242; x_wconf 88' lang='lat' dir='ltr'><strong>et</strong></span> <span class='ocrx_word' id='word_1_377' title='bbox 1558 1222 1575 1241; x_wconf 84' lang='lat' dir='ltr'><strong>a</strong></span> <span class='ocrx_word' id='word_1_378' title='bbox 1585 1222 1697 1249; x_wconf 72' lang='lat' dir='ltr'><strong>genera-</strong></span> 
     </span>
    </p>
   </div>
   <div class='ocr_carea' id='block_1_54' title="bbox 904 1258 1696 1296">
    <p class='ocr_par' dir='ltr' id='par_1_54' title="bbox 904 1258 1696 1296">
     <span class='ocr_line' id='line_1_54' title="bbox 904 1258 1696 1296; baseline -0.005 -6"><span class='ocrx_word' id='word_1_379' title='bbox 904 1263 1027 1290; x_wconf 86' lang='lat' dir='ltr'><strong>tionibus</strong></span> <span class='ocrx_word' id='word_1_380' title='bbox 1040 1262 1118 1296; x_wconf 76' lang='lat' dir='ltr'><strong>prius</strong></span> <span class='ocrx_word' id='word_1_381' title='bbox 1129 1260 1237 1288; x_wconf 87' lang='lat' dir='ltr'><strong>deﬁniit</strong></span> <span class='ocrx_word' id='word_1_382' title='bbox 1249 1261 1331 1293; x_wconf 84' lang='lat' dir='ltr'><strong>Deus,</strong></span> <span class='ocrx_word' id='word_1_383' title='bbox 1343 1264 1371 1288; x_wconf 91' lang='lat' dir='ltr'><strong>et</strong></span> <span class='ocrx_word' id='word_1_384' title='bbox 1385 1259 1603 1295; x_wconf 62' lang='lat' dir='ltr'><strong>praedestinavit.</strong></span> <span class='ocrx_word' id='word_1_385' title='bbox 1618 1258 1696 1286; x_wconf 82' lang='lat' dir='ltr'><strong>Unde</strong></span> 
     </span>
    </p>
   </div>
   <div class='ocr_carea' id='block_1_55' title="bbox 903 1304 1697 1341">
    <p class='ocr_par' dir='ltr' id='par_1_55' title="bbox 903 1304 1697 1341">
     <span class='ocr_line' id='line_1_55' title="bbox 903 1304 1697 1341; baseline -0.009 -4"><span class='ocrx_word' id='word_1_386' title='bbox 903 1309 988 1337; x_wconf 83' lang='lat' dir='ltr'><strong>etiam</strong></span> <span class='ocrx_word' id='word_1_387' title='bbox 1016 1309 1119 1336; x_wconf 89' lang='lat' dir='ltr'><strong>dicitur</strong></span> <span class='ocrx_word' id='word_1_388' title='bbox 1148 1307 1222 1334; x_wconf 86' lang='lat' dir='ltr'><strong>Deus</strong></span> <span class='ocrx_word' id='word_1_389' title='bbox 1254 1307 1346 1334; x_wconf 90' lang='lat' dir='ltr'><strong>omnia</strong></span> <span class='ocrx_word' id='word_1_390' title='bbox 1376 1307 1404 1334; x_wconf 90' lang='lat' dir='ltr'><strong>in</strong></span> <span class='ocrx_word' id='word_1_391' title='bbox 1437 1310 1521 1341; x_wconf 81' lang='lat' dir='ltr'><strong>caput</strong></span> <span class='ocrx_word' id='word_1_392' title='bbox 1554 1304 1697 1339; x_wconf 41' lang='lat' dir='ltr'><strong>redegisse</strong></span> 
     </span>
    </p>
   </div>
   <div class='ocr_carea' id='block_1_56' title="bbox 903 1349 1697 1383">
    <p class='ocr_par' dir='ltr' id='par_1_56' title="bbox 903 1349 1697 1383">
     <span class='ocr_line' id='line_1_56' title="bbox 903 1349 1697 1383; baseline -0.004 -4"><span class='ocrx_word' id='word_1_393' title='bbox 903 1357 931 1379; x_wconf 84' lang='lat' dir='ltr'><strong>et</strong></span> <span class='ocrx_word' id='word_1_394' title='bbox 957 1349 1131 1379; x_wconf 79' lang='lat' dir='ltr'><strong>inslaurasse</strong></span> <span class='ocrx_word' id='word_1_395' title='bbox 1165 1350 1192 1377; x_wconf 92' lang='lat' dir='ltr'><strong>in</strong></span> <span class='ocrx_word' id='word_1_396' title='bbox 1218 1349 1362 1377; x_wconf 77' lang='lat' dir='ltr'><strong>Christo&#39;.</strong></span> <span class='ocrx_word' id='word_1_397' title='bbox 1387 1349 1459 1383; x_wconf 85' lang='lat' dir='ltr'><strong>Quid</strong></span> <span class='ocrx_word' id='word_1_398' title='bbox 1475 1354 1518 1377; x_wconf 78' lang='lat' dir='ltr'><strong>est</strong></span> <span class='ocrx_word' id='word_1_399' title='bbox 1551 1349 1579 1377; x_wconf 92' lang='lat' dir='ltr'><strong>in</strong></span> <span class='ocrx_word' id='word_1_400' title='bbox 1613 1353 1697 1383; x_wconf 80' lang='lat' dir='ltr'><strong>caput</strong></span> 
     </span>
    </p>
   </div>
   <div class='ocr_carea' id='block_1_57' title="bbox 905 1395 1699 1435">
    <p class='ocr_par' dir='ltr' id='par_1_57' title="bbox 905 1395 1699 1435">
     <span class='ocr_line' id='line_1_57' title="bbox 905 1395 1699 1435; baseline -0.005 -8"><span class='ocrx_word' id='word_1_401' title='bbox 905 1399 1045 1435; x_wconf 78' lang='lat' dir='ltr'><strong>redegisse</strong></span> <span class='ocrx_word' id='word_1_402' title='bbox 1070 1403 1098 1425; x_wconf 80' lang='lat' dir='ltr'><strong>et</strong></span> <span class='ocrx_word' id='word_1_403' title='bbox 1125 1398 1295 1425; x_wconf 87' lang='lat' dir='ltr'><strong>iustaurasse</strong></span> <span class='ocrx_word' id='word_1_404' title='bbox 1313 1418 1320 1430; x_wconf 87' lang='lat'><strong>,</strong></span> <span class='ocrx_word' id='word_1_405' title='bbox 1347 1405 1430 1432; x_wconf 89' lang='lat' dir='ltr'><strong>quam</strong></span> <span class='ocrx_word' id='word_1_406' title='bbox 1468 1404 1500 1424; x_wconf 90' lang='lat' dir='ltr'><strong>ea</strong></span> <span class='ocrx_word' id='word_1_407' title='bbox 1525 1404 1587 1431; x_wconf 57' lang='lat' dir='ltr'><strong>qua</strong></span> <span class='ocrx_word' id='word_1_408' title='bbox 1612 1395 1699 1423; x_wconf 82' lang='lat' dir='ltr'><strong>ratio-</strong></span> 
     </span>
    </p>
   </div>
   <div class='ocr_carea' id='block_1_58' title="bbox 905 1442 1693 1479">
    <p class='ocr_par' dir='ltr' id='par_1_58' title="bbox 905 1442 1693 1479">
     <span class='ocr_line' id='line_1_58' title="bbox 905 1442 1693 1479; baseline -0.005 -7"><span class='ocrx_word' id='word_1_409' title='bbox 905 1445 988 1473; x_wconf 85' lang='lat' dir='ltr'><strong>nibus</strong></span> <span class='ocrx_word' id='word_1_410' title='bbox 1004 1445 1031 1472; x_wconf 92' lang='lat' dir='ltr'><strong>in</strong></span> <span class='ocrx_word' id='word_1_411' title='bbox 1057 1445 1117 1479; x_wconf 88' lang='lat' dir='ltr'><strong>ipso</strong></span> <span class='ocrx_word' id='word_1_412' title='bbox 1129 1444 1208 1479; x_wconf 86' lang='lat' dir='ltr'><strong>prius</strong></span> <span class='ocrx_word' id='word_1_413' title='bbox 1230 1447 1312 1471; x_wconf 85' lang='lat' dir='ltr'><strong>erant</strong></span> <span class='ocrx_word' id='word_1_414' title='bbox 1328 1443 1444 1478; x_wconf 78' lang='lat' dir='ltr'><strong>ﬁgurata</strong></span> <span class='ocrx_word' id='word_1_415' title='bbox 1463 1448 1489 1470; x_wconf 92' lang='lat' dir='ltr'><strong>et</strong></span> <span class='ocrx_word' id='word_1_416' title='bbox 1504 1442 1669 1470; x_wconf 84' lang='lat' dir='ltr'><strong>adumbrata</strong></span> <span class='ocrx_word' id='word_1_417' title='bbox 1686 1462 1693 1472; x_wconf 84' lang='lat'><strong><em>.</em></strong></span> 
     </span>
    </p>
   </div>
   <div class='ocr_carea' id='block_1_59' title="bbox 906 1489 1698 1527">
    <p class='ocr_par' dir='ltr' id='par_1_59' title="bbox 906 1489 1698 1527">
     <span class='ocr_line' id='line_1_59' title="bbox 906 1489 1698 1527; baseline -0.006 -7"><span class='ocrx_word' id='word_1_418' title='bbox 906 1492 997 1527; x_wconf 87' lang='lat' dir='ltr'><strong>reipsa</strong></span> <span class='ocrx_word' id='word_1_419' title='bbox 1021 1491 1102 1519; x_wconf 81' lang='lat' dir='ltr'><strong>lactis</strong></span> <span class='ocrx_word' id='word_1_420' title='bbox 1129 1491 1157 1518; x_wconf 93' lang='lat' dir='ltr'><strong>in</strong></span> <span class='ocrx_word' id='word_1_421' title='bbox 1179 1491 1240 1526; x_wconf 90' lang='lat' dir='ltr'><strong>ipso</strong></span> <span class='ocrx_word' id='word_1_422' title='bbox 1259 1498 1321 1518; x_wconf 86' lang='lat' dir='ltr'><strong>esse</strong></span> <span class='ocrx_word' id='word_1_423' title='bbox 1341 1490 1473 1525; x_wconf 80' lang='lat' dir='ltr'><strong>impleta?</strong></span> <span class='ocrx_word' id='word_1_424' title='bbox 1489 1490 1587 1517; x_wconf 82' lang='lat' dir='ltr'><strong>Omnia</strong></span> <span class='ocrx_word' id='word_1_425' title='bbox 1601 1489 1677 1517; x_wconf 89' lang='lat' dir='ltr'><strong>enim</strong></span> <span class='ocrx_word' id='word_1_426' title='bbox 1690 1510 1698 1520; x_wconf 86' lang='grc'><em>,</em></span> 
     </span>
    </p>
   </div>
   <div class='ocr_carea' id='block_1_60' title="bbox 907 1536 1701 1578">
    <p class='ocr_par' dir='ltr' id='par_1_60' title="bbox 907 1536 1701 1578">
     <span class='ocr_line' id='line_1_60' title="bbox 907 1536 1701 1578; baseline -0.006 -12"><span class='ocrx_word' id='word_1_427' title='bbox 907 1539 1007 1574; x_wconf 86' lang='lat' dir='ltr'><strong>inquit,</strong></span> <span class='ocrx_word' id='word_1_428' title='bbox 1025 1547 1072 1574; x_wconf 79' lang='lat' dir='ltr'><strong>per</strong></span> <span class='ocrx_word' id='word_1_429' title='bbox 1088 1539 1187 1573; x_wconf 73' lang='lat' dir='ltr'><strong>ipsum,</strong></span> <span class='ocrx_word' id='word_1_430' title='bbox 1205 1542 1229 1564; x_wconf 76' lang='lat' dir='ltr'><strong>et</strong></span> <span class='ocrx_word' id='word_1_431' title='bbox 1243 1538 1270 1564; x_wconf 83' lang='lat' dir='ltr'><strong>in</strong></span> <span class='ocrx_word' id='word_1_432' title='bbox 1282 1536 1461 1578; x_wconf 52' lang='lat' dir='ltr'><strong>ip80\C/tl’l.“0</strong></span> <span class='ocrx_word' id='word_1_433' title='bbox 1475 1536 1546 1570; x_wconf 80' lang='lat' dir='ltr'><strong>facta</strong></span> <span class='ocrx_word' id='word_1_434' title='bbox 1567 1540 1637 1565; x_wconf 76' lang='lat' dir='ltr'><strong>sunt.</strong></span> <span class='ocrx_word' id='word_1_435' title='bbox 1645 1540 1701 1562; x_wconf 81' lang='lat' dir='ltr'><strong>tam</strong></span> 
     </span>
    </p>
   </div>
   <div class='ocr_carea' id='block_1_61' title="bbox 907 1581 1698 1619">
    <p class='ocr_par' dir='ltr' id='par_1_61' title="bbox 907 1581 1698 1619">
     <span class='ocr_line' id='line_1_61' title="bbox 907 1581 1698 1619; baseline -0.005 -8"><span class='ocrx_word' id='word_1_436' title='bbox 907 1591 966 1619; x_wconf 70' lang='lat' dir='ltr'><strong>qum</strong></span> <span class='ocrx_word' id='word_1_437' title='bbox 978 1584 1005 1611; x_wconf 85' lang='lat' dir='ltr'><strong>in</strong></span> <span class='ocrx_word' id='word_1_438' title='bbox 1021 1583 1091 1611; x_wconf 74' lang='lat' dir='ltr'><strong>caelis</strong></span> <span class='ocrx_word' id='word_1_439' title='bbox 1106 1592 1187 1617; x_wconf 85' lang='lat' dir='ltr'><strong>quam</strong></span> <span class='ocrx_word' id='word_1_440' title='bbox 1205 1591 1264 1619; x_wconf 81' lang='lat' dir='ltr'><strong>qme</strong></span> <span class='ocrx_word' id='word_1_441' title='bbox 1279 1586 1305 1610; x_wconf 82' lang='lat' dir='ltr'><strong>in</strong></span> <span class='ocrx_word' id='word_1_442' title='bbox 1323 1588 1407 1614; x_wconf 79' lang='lat' dir='ltr'><strong>terra,</strong></span> <span class='ocrx_word' id='word_1_443' title='bbox 1436 1581 1552 1609; x_wconf 76' lang='lat' dir='ltr'><strong>uisibiliu</strong></span> <span class='ocrx_word' id='word_1_444' title='bbox 1565 1586 1589 1608; x_wconf 83' lang='lat' dir='ltr'><strong>et</strong></span> <span class='ocrx_word' id='word_1_445' title='bbox 1606 1581 1698 1608; x_wconf 76' lang='lat' dir='ltr'><strong>invisi-</strong></span> 
     </span>
    </p>
   </div>
   <div class='ocr_carea' id='block_1_62' title="bbox 58 1627 1704 1665">
    <p class='ocr_par' dir='ltr' id='par_1_62' title="bbox 58 1627 1704 1665">
     <span class='ocr_line' id='line_1_62' title="bbox 58 1627 1704 1665; baseline -0.001 -10"><span class='ocrx_word' id='word_1_446' title='bbox 58 1636 110 1656; x_wconf 89' lang='lat' dir='ltr'><strong>ncc</strong></span> <span class='ocrx_word' id='word_1_447' title='bbox 124 1629 159 1656; x_wconf 91' lang='lat' dir='ltr'><strong>de</strong></span> <span class='ocrx_word' id='word_1_448' title='bbox 173 1629 308 1663; x_wconf 83' lang='lat' dir='ltr'><strong>posituris</strong></span> <span class='ocrx_word' id='word_1_449' title='bbox 323 1635 351 1658; x_wconf 92' lang='lat' dir='ltr'><strong>ct</strong></span> <span class='ocrx_word' id='word_1_450' title='bbox 371 1630 597 1664; x_wconf 81' lang='lat' dir='ltr'><strong>alterationibus,</strong></span> <span class='ocrx_word' id='word_1_451' title='bbox 615 1640 667 1660; x_wconf 88' lang='lat' dir='ltr'><strong>nec</strong></span> <span class='ocrx_word' id='word_1_452' title='bbox 682 1632 717 1659; x_wconf 89' lang='lat' dir='ltr'><strong>de</strong></span> <span class='ocrx_word' id='word_1_453' title='bbox 731 1633 855 1660; x_wconf 86' lang='lat' dir='ltr'><strong>motibus</strong></span> <span class='ocrx_word' id='word_1_454' title='bbox 870 1637 890 1665; x_wconf 73' lang='grc' dir='ltr'>ο</span> <span class='ocrx_word' id='word_1_455' title='bbox 908 1630 984 1662; x_wconf 80' lang='lat' dir='ltr'><strong>bilia,</strong></span> <span class='ocrx_word' id='word_1_456' title='bbox 1000 1631 1052 1657; x_wconf 73' lang='lat' dir='ltr'><strong>sive</strong></span> <span class='ocrx_word' id='word_1_457' title='bbox 1069 1630 1183 1661; x_wconf 75' lang='lat' dir='ltr'><strong>Tltroni,</strong></span> <span class='ocrx_word' id='word_1_458' title='bbox 1204 1630 1257 1656; x_wconf 81' lang='lat' dir='ltr'><strong>sive</strong></span> <span class='ocrx_word' id='word_1_459' title='bbox 1275 1629 1487 1661; x_wconf 75' lang='lat' dir='ltr'><strong>nominationes,</strong></span> <span class='ocrx_word' id='word_1_460' title='bbox 1519 1629 1573 1655; x_wconf 73' lang='grc' dir='ltr'><strong>δίυε</strong></span> <span class='ocrx_word' id='word_1_461' title='bbox 1598 1627 1704 1654; x_wconf 75' lang='lat' dir='ltr'><strong>Princi-</strong></span> 
     </span>
    </p>
   </div>
   <div class='ocr_carea' id='block_1_63' title="bbox 59 1675 854 1714">
    <p class='ocr_par' dir='ltr' id='par_1_63' title="bbox 59 1675 854 1714">
     <span class='ocr_line' id='line_1_63' title="bbox 59 1675 854 1714; baseline 0.008 -13"><span class='ocrx_word' id='word_1_462' title='bbox 59 1675 87 1701; x_wconf 93' lang='lat' dir='ltr'><strong>in</strong></span> <span class='ocrx_word' id='word_1_463' title='bbox 105 1675 215 1707; x_wconf 84' lang='lat' dir='ltr'><strong>orbem,</strong></span> <span class='ocrx_word' id='word_1_464' title='bbox 234 1684 284 1703; x_wconf 91' lang='lat' dir='ltr'><strong>nec</strong></span> <span class='ocrx_word' id='word_1_465' title='bbox 300 1677 333 1704; x_wconf 90' lang='lat' dir='ltr'><strong>de</strong></span> <span class='ocrx_word' id='word_1_466' title='bbox 352 1677 535 1712; x_wconf 82' lang='lat' dir='ltr'><strong>antipodibus</strong></span> <span class='ocrx_word' id='word_1_467' title='bbox 547 1678 622 1706; x_wconf 89' lang='lat' dir='ltr'><strong>etde</strong></span> <span class='ocrx_word' id='word_1_468' title='bbox 636 1679 764 1714; x_wconf 87' lang='lat' dir='ltr'><strong>partibus</strong></span> <span class='ocrx_word' id='word_1_469' title='bbox 779 1680 854 1713; x_wconf 65' lang='lat' dir='ltr'><strong>caeli,</strong></span> 
     </span>
    </p>
   </div>
   <div class='ocr_carea' id='block_1_64' title="bbox 59 1721 853 1760">
    <p class='ocr_par' dir='ltr' id='par_1_64' title="bbox 59 1721 853 1760">
     <span class='ocr_line' id='line_1_64' title="bbox 59 1721 853 1760; baseline 0.008 -13"><span class='ocrx_word' id='word_1_470' title='bbox 59 1726 88 1748; x_wconf 89' lang='lat' dir='ltr'><strong>et</strong></span> <span class='ocrx_word' id='word_1_471' title='bbox 99 1721 213 1749; x_wconf 79' lang='lat' dir='ltr'><strong>Saturni</strong></span> <span class='ocrx_word' id='word_1_472' title='bbox 233 1723 366 1755; x_wconf 88' lang='lat' dir='ltr'><strong>motibus,</strong></span> <span class='ocrx_word' id='word_1_473' title='bbox 383 1731 435 1750; x_wconf 87' lang='lat' dir='ltr'><strong>nec</strong></span> <span class='ocrx_word' id='word_1_474' title='bbox 453 1723 488 1750; x_wconf 91' lang='lat' dir='ltr'><strong>de</strong></span> <span class='ocrx_word' id='word_1_475' title='bbox 502 1724 564 1752; x_wconf 66' lang='grc' dir='ltr'><strong>δίειί</strong></span> <span class='ocrx_word' id='word_1_476' title='bbox 583 1730 658 1752; x_wconf 92' lang='lat' dir='ltr'><strong>motu</strong></span> <span class='ocrx_word' id='word_1_477' title='bbox 672 1730 700 1753; x_wconf 88' lang='lat' dir='ltr'><strong>et</strong></span> <span class='ocrx_word' id='word_1_478' title='bbox 710 1725 853 1760; x_wconf 72' lang='lat' dir='ltr'><strong>gradibus,</strong></span> 
     </span>
    </p>
   </div>
   <div class='ocr_carea' id='block_1_65' title="bbox 61 1767 856 1805">
    <p class='ocr_par' dir='ltr' id='par_1_65' title="bbox 61 1767 856 1805">
     <span class='ocr_line' id='line_1_65' title="bbox 61 1767 856 1805; baseline 0.005 -12"><span class='ocrx_word' id='word_1_479' title='bbox 61 1775 113 1794; x_wconf 87' lang='lat' dir='ltr'><strong>nec</strong></span> <span class='ocrx_word' id='word_1_480' title='bbox 135 1767 171 1794; x_wconf 89' lang='lat' dir='ltr'><strong>de</strong></span> <span class='ocrx_word' id='word_1_481' title='bbox 196 1768 270 1794; x_wconf 68' lang='lat' dir='ltr'><strong>limae</strong></span> <span class='ocrx_word' id='word_1_482' title='bbox 301 1772 364 1795; x_wconf 91' lang='lat' dir='ltr'><strong>ortu</strong></span> <span class='ocrx_word' id='word_1_483' title='bbox 381 1773 410 1796; x_wconf 90' lang='lat' dir='ltr'><strong>et</strong></span> <span class='ocrx_word' id='word_1_484' title='bbox 434 1769 557 1802; x_wconf 85' lang='lat' dir='ltr'><strong>delectu,</strong></span> <span class='ocrx_word' id='word_1_485' title='bbox 585 1778 677 1805; x_wconf 86' lang='lat' dir='ltr'><strong>neque</strong></span> <span class='ocrx_word' id='word_1_486' title='bbox 698 1779 796 1799; x_wconf 89' lang='lat' dir='ltr'><strong>rursus</strong></span> <span class='ocrx_word' id='word_1_487' title='bbox 822 1771 856 1798; x_wconf 86' lang='lat' dir='ltr'><strong>de</strong></span> 
     </span>
    </p>
   </div>
   <div class='ocr_carea' id='block_1_66' title="bbox 60 1814 858 1850">
    <p class='ocr_par' dir='ltr' id='par_1_66' title="bbox 60 1814 858 1850">
     <span class='ocr_line' id='line_1_66' title="bbox 60 1814 858 1850; baseline 0.008 -11"><span class='ocrx_word' id='word_1_488' title='bbox 60 1814 145 1840; x_wconf 83' lang='lat' dir='ltr'><strong>astris</strong></span> <span class='ocrx_word' id='word_1_489' title='bbox 171 1817 199 1841; x_wconf 86' lang='lat' dir='ltr'><strong>et</strong></span> <span class='ocrx_word' id='word_1_490' title='bbox 222 1814 415 1849; x_wconf 72' lang='lat' dir='ltr'><strong>singularibus</strong></span> <span class='ocrx_word' id='word_1_491' title='bbox 440 1824 501 1850; x_wconf 74' lang='lat' dir='ltr'><strong>qum</strong></span> <span class='ocrx_word' id='word_1_492' title='bbox 524 1817 552 1843; x_wconf 92' lang='lat' dir='ltr'><strong>in</strong></span> <span class='ocrx_word' id='word_1_493' title='bbox 577 1817 620 1844; x_wconf 83' lang='lat' dir='ltr'><strong>eis</strong></span> <span class='ocrx_word' id='word_1_494' title='bbox 642 1818 858 1845; x_wconf 84' lang='lat' dir='ltr'><strong>considerantur</strong></span> 
     </span>
    </p>
   </div>
   <div class='ocr_carea' id='block_1_67' title="bbox 61 1859 857 1896">
    <p class='ocr_par' dir='ltr' id='par_1_67' title="bbox 61 1859 857 1896">
     <span class='ocr_line' id='line_1_67' title="bbox 61 1859 857 1896; baseline 0.008 -11"><span class='ocrx_word' id='word_1_495' title='bbox 61 1859 166 1891; x_wconf 81' lang='lat' dir='ltr'><strong>stellis;</strong></span> <span class='ocrx_word' id='word_1_496' title='bbox 184 1866 240 1886; x_wconf 84' lang='lat' dir='ltr'><strong>non</strong></span> <span class='ocrx_word' id='word_1_497' title='bbox 261 1859 295 1887; x_wconf 82' lang='lat' dir='ltr'><strong>de</strong></span> <span class='ocrx_word' id='word_1_498' title='bbox 309 1865 370 1888; x_wconf 90' lang='lat' dir='ltr'><strong>ortu</strong></span> <span class='ocrx_word' id='word_1_499' title='bbox 395 1869 531 1896; x_wconf 83' lang='lat' dir='ltr'><strong>aquarum</strong></span> <span class='ocrx_word' id='word_1_500' title='bbox 559 1866 588 1888; x_wconf 87' lang='lat' dir='ltr'><strong>et</strong></span> <span class='ocrx_word' id='word_1_501' title='bbox 613 1862 857 1895; x_wconf 81' lang='lat' dir='ltr'><strong>inundationibus,</strong></span> 
     </span>
    </p>
   </div>
   <div class='ocr_carea' id='block_1_68' title="bbox 61 1905 856 1941">
    <p class='ocr_par' dir='ltr' id='par_1_68' title="bbox 61 1905 856 1941">
     <span class='ocr_line' id='line_1_68' title="bbox 61 1905 856 1941; baseline 0.006 -10"><span class='ocrx_word' id='word_1_502' title='bbox 61 1905 208 1939; x_wconf 78' lang='lat' dir='ltr'><strong>exquibus</strong></span> <span class='ocrx_word' id='word_1_503' title='bbox 219 1913 268 1932; x_wconf 86' lang='lat' dir='ltr'><strong>eos</strong></span> <span class='ocrx_word' id='word_1_504' title='bbox 280 1913 391 1940; x_wconf 80' lang='lat' dir='ltr'><strong>quoque</strong></span> <span class='ocrx_word' id='word_1_505' title='bbox 407 1907 455 1941; x_wconf 92' lang='lat' dir='ltr'><strong>qui</strong></span> <span class='ocrx_word' id='word_1_506' title='bbox 471 1907 499 1934; x_wconf 93' lang='lat' dir='ltr'><strong>in</strong></span> <span class='ocrx_word' id='word_1_507' title='bbox 515 1907 584 1935; x_wconf 86' lang='lat' dir='ltr'><strong>locis</strong></span> <span class='ocrx_word' id='word_1_508' title='bbox 598 1908 666 1936; x_wconf 89' lang='lat' dir='ltr'><strong>ﬁunt</strong></span> <span class='ocrx_word' id='word_1_509' title='bbox 680 1913 856 1936; x_wconf 64' lang='lat' dir='ltr'><strong>terra&#39;motus</strong></span> 
     </span>
    </p>
   </div>
   <div class='ocr_carea' id='block_1_69' title="bbox 63 1951 859 1988">
    <p class='ocr_par' dir='ltr' id='par_1_69' title="bbox 63 1951 859 1988">
     <span class='ocr_line' id='line_1_69' title="bbox 63 1951 859 1988; baseline 0.009 -12"><span class='ocrx_word' id='word_1_510' title='bbox 63 1951 170 1978; x_wconf 88' lang='lat' dir='ltr'><strong>visione</strong></span> <span class='ocrx_word' id='word_1_511' title='bbox 188 1952 439 1986; x_wconf 85' lang='lat' dir='ltr'><strong>apprehenderunt</strong></span> <span class='ocrx_word' id='word_1_512' title='bbox 449 1953 495 1988; x_wconf 82' lang='lat' dir='ltr'><strong>qui</strong></span> <span class='ocrx_word' id='word_1_513' title='bbox 518 1961 546 1980; x_wconf 91' lang='lat' dir='ltr'><strong>se</strong></span> <span class='ocrx_word' id='word_1_514' title='bbox 571 1953 599 1980; x_wconf 90' lang='lat' dir='ltr'><strong>in</strong></span> <span class='ocrx_word' id='word_1_515' title='bbox 615 1955 810 1983; x_wconf 85' lang='lat' dir='ltr'><strong>mathematica</strong></span> <span class='ocrx_word' id='word_1_516' title='bbox 831 1961 859 1983; x_wconf 92' lang='lat' dir='ltr'><strong>ct</strong></span> 
     </span>
    </p>
   </div>
   <div class='ocr_carea' id='block_1_70' title="bbox 64 1997 858 2036">
    <p class='ocr_par' dir='ltr' id='par_1_70' title="bbox 64 1997 858 2036">
     <span class='ocr_line' id='line_1_70' title="bbox 64 1997 858 2036; baseline 0.008 -13"><span class='ocrx_word' id='word_1_517' title='bbox 64 1997 114 2024; x_wconf 80' lang='lat' dir='ltr'><strong>hac</strong></span> <span class='ocrx_word' id='word_1_518' title='bbox 130 1998 313 2032; x_wconf 82' lang='lat' dir='ltr'><strong>conjecturali</strong></span> <span class='ocrx_word' id='word_1_519' title='bbox 329 2003 390 2026; x_wconf 87' lang='lat' dir='ltr'><strong>arte</strong></span> <span class='ocrx_word' id='word_1_520' title='bbox 407 2004 607 2034; x_wconf 82' lang='lat' dir='ltr'><strong>exercuerunt,</strong></span> <span class='ocrx_word' id='word_1_521' title='bbox 622 2009 637 2028; x_wconf 89' lang='lat' dir='ltr'><strong>a</strong></span> <span class='ocrx_word' id='word_1_522' title='bbox 653 2009 708 2035; x_wconf 88' lang='lat' dir='ltr'><strong>qua</strong></span> <span class='ocrx_word' id='word_1_523' title='bbox 725 2006 858 2036; x_wconf 87' lang='lat' dir='ltr'><strong>tauquam</strong></span> 
     </span>
    </p>
   </div>
   <div class='ocr_carea' id='block_1_71' title="bbox 64 2042 860 2082">
    <p class='ocr_par' dir='ltr' id='par_1_71' title="bbox 64 2042 860 2082">
     <span class='ocr_line' id='line_1_71' title="bbox 64 2042 860 2082; baseline 0.006 -13"><span class='ocrx_word' id='word_1_524' title='bbox 64 2042 98 2068; x_wconf 86' lang='lat' dir='ltr'><strong>ab</strong></span> <span class='ocrx_word' id='word_1_525' title='bbox 114 2043 234 2070; x_wconf 75' lang='lat' dir='ltr'><strong>exitiosa</strong></span> <span class='ocrx_word' id='word_1_526' title='bbox 263 2044 308 2071; x_wconf 90' lang='lat' dir='ltr'><strong>lue</strong></span> <span class='ocrx_word' id='word_1_527' title='bbox 328 2044 458 2082; x_wconf 77' lang='lat' dir='ltr'><strong>liberavit</strong></span> <span class='ocrx_word' id='word_1_528' title='bbox 474 2044 627 2072; x_wconf 77' lang='lat' dir='ltr'><strong>Ecclesium</strong></span> <span class='ocrx_word' id='word_1_529' title='bbox 651 2053 765 2078; x_wconf 86' lang='lat' dir='ltr'><strong>verum,</strong></span> <span class='ocrx_word' id='word_1_530' title='bbox 785 2047 860 2081; x_wconf 90' lang='lat' dir='ltr'><strong>quod</strong></span> 
     </span>
    </p>
   </div>
   <div class='ocr_carea' id='block_1_72' title="bbox 66 2085 858 2127">
    <p class='ocr_par' dir='ltr' id='par_1_72' title="bbox 66 2085 858 2127">
     <span class='ocr_line' id='line_1_72' title="bbox 66 2085 858 2127; baseline 0.008 -13"><span class='ocrx_word' id='word_1_531' title='bbox 66 2088 93 2114; x_wconf 89' lang='lat' dir='ltr'><strong>iu</strong></span> <span class='ocrx_word' id='word_1_532' title='bbox 109 2089 192 2116; x_wconf 86' lang='lat' dir='ltr'><strong>terris</strong></span> <span class='ocrx_word' id='word_1_533' title='bbox 205 2094 347 2117; x_wconf 82' lang='lat' dir='ltr'><strong>versatum</strong></span> <span class='ocrx_word' id='word_1_534' title='bbox 377 2095 429 2121; x_wconf 80' lang='lat' dir='ltr'><strong>est,</strong></span> <span class='ocrx_word' id='word_1_535' title='bbox 449 2091 584 2119; x_wconf 82' lang='lat' dir='ltr'><strong>Verbum.</strong></span> <span class='ocrx_word' id='word_1_536' title='bbox 601 2092 669 2119; x_wconf 84' lang='lat' dir='ltr'><strong>Nam</strong></span> <span class='ocrx_word' id='word_1_537' title='bbox 692 2092 759 2127; x_wconf 83' lang='lat' dir='ltr'><strong>quid</strong></span> <span class='ocrx_word' id='word_1_538' title='bbox 773 2085 858 2121; x_wconf 37' lang='lat' dir='ltr'><strong>‘lucri</strong></span> 
     </span>
    </p>
   </div>
   <div class='ocr_carea' id='block_1_73' title="bbox 64 2135 860 2169">
    <p class='ocr_par' dir='ltr' id='par_1_73' title="bbox 64 2135 860 2169">
     <span class='ocr_line' id='line_1_73' title="bbox 64 2135 860 2169; baseline 0.006 -8"><span class='ocrx_word' id='word_1_539' title='bbox 64 2135 170 2169; x_wconf 74' lang='lat' dir='ltr'><strong>ceperit</strong></span> <span class='ocrx_word' id='word_1_540' title='bbox 189 2135 314 2163; x_wconf 86' lang='lat' dir='ltr'><strong>Ecclesia</strong></span> <span class='ocrx_word' id='word_1_541' title='bbox 342 2137 364 2164; x_wconf 86' lang='lat' dir='ltr'><strong>si</strong></span> <span class='ocrx_word' id='word_1_542' title='bbox 387 2137 518 2165; x_wconf 78' lang='lat' dir='ltr'><strong>didicerit</strong></span> <span class='ocrx_word' id='word_1_543' title='bbox 531 2138 691 2166; x_wconf 90' lang='lat' dir='ltr'><strong>universam</strong></span> <span class='ocrx_word' id='word_1_544' title='bbox 708 2140 860 2167; x_wconf 82' lang='lat' dir='ltr'><strong>motionem</strong></span> 
     </span>
    </p>
   </div>
   <div class='ocr_carea' id='block_1_74' title="bbox 64 2181 860 2215">
    <p class='ocr_par' dir='ltr' id='par_1_74' title="bbox 64 2181 860 2215">
     <span class='ocr_line' id='line_1_74' title="bbox 64 2181 860 2215; baseline 0.006 -8"><span class='ocrx_word' id='word_1_545' title='bbox 64 2181 132 2207; x_wconf 89' lang='lat' dir='ltr'><strong>solis</strong></span> <span class='ocrx_word' id='word_1_546' title='bbox 146 2185 175 2208; x_wconf 86' lang='lat' dir='ltr'><strong>et</strong></span> <span class='ocrx_word' id='word_1_547' title='bbox 190 2181 272 2215; x_wconf 67' lang='lat' dir='ltr'><strong>lunae,</strong></span> <span class='ocrx_word' id='word_1_548' title='bbox 284 2187 312 2209; x_wconf 82' lang='lat' dir='ltr'><strong>et</strong></span> <span class='ocrx_word' id='word_1_549' title='bbox 327 2183 401 2215; x_wconf 63' lang='lat' dir='ltr'><strong>caeli,</strong></span> <span class='ocrx_word' id='word_1_550' title='bbox 415 2187 442 2210; x_wconf 87' lang='lat' dir='ltr'><strong>et</strong></span> <span class='ocrx_word' id='word_1_551' title='bbox 459 2187 541 2210; x_wconf 67' lang='lat' dir='ltr'><strong>terra:</strong></span> <span class='ocrx_word' id='word_1_552' title='bbox 553 2189 581 2211; x_wconf 91' lang='lat' dir='ltr'><strong>et</strong></span> <span class='ocrx_word' id='word_1_553' title='bbox 594 2188 741 2211; x_wconf 88' lang='lat' dir='ltr'><strong>ventorum</strong></span> <span class='ocrx_word' id='word_1_554' title='bbox 751 2190 779 2212; x_wconf 91' lang='lat' dir='ltr'><strong>et</strong></span> <span class='ocrx_word' id='word_1_555' title='bbox 793 2186 860 2212; x_wconf 82' lang='lat' dir='ltr'><strong>stel-</strong></span> 
     </span>
    </p>
   </div>
   <div class='ocr_carea' id='block_1_75' title="bbox 64 2226 860 2269">
    <p class='ocr_par' dir='ltr' id='par_1_75' title="bbox 64 2226 860 2269">
     <span class='ocr_line' id='line_1_75' title="bbox 64 2226 860 2269; baseline 0.009 -17"><span class='ocrx_word' id='word_1_556' title='bbox 64 2226 175 2259; x_wconf 89' lang='lat' dir='ltr'><strong>larum,</strong></span> <span class='ocrx_word' id='word_1_557' title='bbox 202 2233 390 2263; x_wconf 67' lang='lat' dir='ltr'><strong>praeterquam</strong></span> <span class='ocrx_word' id='word_1_558' title='bbox 412 2229 500 2257; x_wconf 92' lang='lat' dir='ltr'><strong>solam</strong></span> <span class='ocrx_word' id='word_1_559' title='bbox 527 2236 690 2269; x_wconf 80' lang='lat' dir='ltr'><strong>pereuntem</strong></span> <span class='ocrx_word' id='word_1_560' title='bbox 714 2237 742 2259; x_wconf 90' lang='lat' dir='ltr'><strong>et</strong></span> <span class='ocrx_word' id='word_1_561' title='bbox 765 2231 860 2259; x_wconf 80' lang='lat' dir='ltr'><strong>falsam</strong></span> 
     </span>
    </p>
   </div>
   <div class='ocr_carea' id='block_1_76' title="bbox 63 2273 861 2313">
    <p class='ocr_par' dir='ltr' id='par_1_76' title="bbox 63 2273 861 2313">
     <span class='ocr_line' id='line_1_76' title="bbox 63 2273 861 2313; baseline 0.009 -15"><span class='ocrx_word' id='word_1_562' title='bbox 63 2273 249 2306; x_wconf 86' lang='lat' dir='ltr'><strong>opinionem?</strong></span> <span class='ocrx_word' id='word_1_563' title='bbox 275 2275 389 2303; x_wconf 87' lang='lat' dir='ltr'><strong>Discens</strong></span> <span class='ocrx_word' id='word_1_564' title='bbox 415 2280 508 2303; x_wconf 85' lang='lat' dir='ltr'><strong>autem</strong></span> <span class='ocrx_word' id='word_1_565' title='bbox 528 2281 557 2304; x_wconf 90' lang='lat' dir='ltr'><strong>et</strong></span> <span class='ocrx_word' id='word_1_566' title='bbox 579 2277 696 2304; x_wconf 87' lang='lat' dir='ltr'><strong>audiens</strong></span> <span class='ocrx_word' id='word_1_567' title='bbox 727 2278 802 2313; x_wconf 89' lang='lat' dir='ltr'><strong>quod</strong></span> <span class='ocrx_word' id='word_1_568' title='bbox 826 2279 861 2306; x_wconf 85' lang='lat' dir='ltr'><strong>ab</strong></span> 
     </span>
    </p>
   </div>
   <div class='ocr_carea' id='block_1_77' title="bbox 908 1675 1702 1712">
    <p class='ocr_par' dir='ltr' id='par_1_77' title="bbox 908 1675 1702 1712">
     <span class='ocr_line' id='line_1_77' title="bbox 908 1675 1702 1712; baseline -0.004 -9"><span class='ocrx_word' id='word_1_569' title='bbox 908 1681 986 1712; x_wconf 76' lang='lat' dir='ltr'><strong>palus</strong></span> <span class='ocrx_word' id='word_1_570' title='bbox 998 1681 1021 1703; x_wconf 73' lang='lat' dir='ltr'><strong>et</strong></span> <span class='ocrx_word' id='word_1_571' title='bbox 1036 1676 1194 1708; x_wconf 77' lang='lat' dir='ltr'><strong>Potestates,</strong></span> <span class='ocrx_word' id='word_1_572' title='bbox 1205 1676 1294 1702; x_wconf 82' lang='lat' dir='ltr'><strong>omnia</strong></span> <span class='ocrx_word' id='word_1_573' title='bbox 1310 1683 1358 1710; x_wconf 82' lang='lat' dir='ltr'><strong>per</strong></span> <span class='ocrx_word' id='word_1_574' title='bbox 1368 1675 1455 1710; x_wconf 80' lang='lat' dir='ltr'><strong>ipsum</strong></span> <span class='ocrx_word' id='word_1_575' title='bbox 1466 1679 1490 1701; x_wconf 79' lang='lat' dir='ltr'><strong>et</strong></span> <span class='ocrx_word' id='word_1_576' title='bbox 1501 1675 1529 1701; x_wconf 76' lang='lat' dir='ltr'><strong>in</strong></span> <span class='ocrx_word' id='word_1_577' title='bbox 1544 1675 1599 1709; x_wconf 76' lang='lat' dir='ltr'><strong>ipso</strong></span> <span class='ocrx_word' id='word_1_578' title='bbox 1610 1678 1702 1700; x_wconf 83' lang='lat' dir='ltr'><strong>creata</strong></span> 
     </span>
    </p>
   </div>
   <div class='ocr_carea' id='block_1_78' title="bbox 907 1719 1703 1757">
    <p class='ocr_par' dir='ltr' id='par_1_78' title="bbox 907 1719 1703 1757">
     <span class='ocr_line' id='line_1_78' title="bbox 907 1719 1703 1757; baseline -0.005 -7"><span class='ocrx_word' id='word_1_579' title='bbox 907 1727 969 1750; x_wconf 78' lang='lat' dir='ltr'><strong>sunt</strong></span> <span class='ocrx_word' id='word_1_580' title='bbox 986 1723 997 1739; x_wconf 86' lang='lat'>&#39;</span> <span class='ocrx_word' id='word_1_581' title='bbox 1014 1732 1021 1756; x_wconf 90' lang='lat'><strong>;</strong></span> <span class='ocrx_word' id='word_1_582' title='bbox 1039 1722 1088 1750; x_wconf 88' lang='lat' dir='ltr'><strong>Dei</strong></span> <span class='ocrx_word' id='word_1_583' title='bbox 1106 1727 1200 1750; x_wconf 87' lang='lat' dir='ltr'><strong>autem</strong></span> <span class='ocrx_word' id='word_1_584' title='bbox 1217 1721 1368 1757; x_wconf 82' lang='lat' dir='ltr'><strong>Apostolus</strong></span> <span class='ocrx_word' id='word_1_585' title='bbox 1382 1721 1478 1749; x_wconf 89' lang='lat' dir='ltr'><strong>dicens</strong></span> <span class='ocrx_word' id='word_1_586' title='bbox 1495 1720 1589 1748; x_wconf 88' lang='lat' dir='ltr'><strong>omnia</strong></span> <span class='ocrx_word' id='word_1_587' title='bbox 1610 1723 1639 1746; x_wconf 87' lang='lat' dir='ltr'><strong>et</strong></span> <span class='ocrx_word' id='word_1_588' title='bbox 1660 1719 1703 1746; x_wconf 88' lang='lat' dir='ltr'><strong>vi-</strong></span> 
     </span>
    </p>
   </div>
   <div class='ocr_carea' id='block_1_79' title="bbox 908 1768 1704 1802">
    <p class='ocr_par' dir='ltr' id='par_1_79' title="bbox 908 1768 1704 1802">
     <span class='ocr_line' id='line_1_79' title="bbox 908 1768 1704 1802; baseline -0.004 -6"><span class='ocrx_word' id='word_1_589' title='bbox 908 1770 1001 1797; x_wconf 82' lang='lat' dir='ltr'><strong>sibilia</strong></span> <span class='ocrx_word' id='word_1_590' title='bbox 1014 1775 1042 1797; x_wconf 84' lang='lat' dir='ltr'><strong>et</strong></span> <span class='ocrx_word' id='word_1_591' title='bbox 1059 1769 1213 1796; x_wconf 87' lang='lat' dir='ltr'><strong>invisibilia</strong></span> <span class='ocrx_word' id='word_1_592' title='bbox 1231 1769 1258 1796; x_wconf 82' lang='lat' dir='ltr'><strong>in</strong></span> <span class='ocrx_word' id='word_1_593' title='bbox 1274 1768 1388 1796; x_wconf 80' lang='lat' dir='ltr'><strong>Christo</strong></span> <span class='ocrx_word' id='word_1_594' title='bbox 1403 1776 1465 1796; x_wconf 87' lang='lat' dir='ltr'><strong>esse</strong></span> <span class='ocrx_word' id='word_1_595' title='bbox 1479 1772 1584 1799; x_wconf 78' lang='lat' dir='ltr'><strong>creata,</strong></span> <span class='ocrx_word' id='word_1_596' title='bbox 1608 1771 1704 1802; x_wconf 86' lang='lat' dir='ltr'><strong>aperte</strong></span> 
     </span>
    </p>
   </div>
   <div class='ocr_carea' id='block_1_80' title="bbox 909 1814 1705 1851">
    <p class='ocr_par' dir='ltr' id='par_1_80' title="bbox 909 1814 1705 1851">
     <span class='ocr_line' id='line_1_80' title="bbox 909 1814 1705 1851; baseline -0.005 -8"><span class='ocrx_word' id='word_1_597' title='bbox 909 1815 1032 1843; x_wconf 79' lang='lat' dir='ltr'><strong>ostendit</strong></span> <span class='ocrx_word' id='word_1_598' title='bbox 1041 1820 1069 1843; x_wconf 90' lang='lat' dir='ltr'><strong>et</strong></span> <span class='ocrx_word' id='word_1_599' title='bbox 1077 1816 1159 1843; x_wconf 87' lang='lat' dir='ltr'><strong>docet</strong></span> <span class='ocrx_word' id='word_1_600' title='bbox 1168 1815 1243 1851; x_wconf 87' lang='lat' dir='ltr'><strong>quod</strong></span> <span class='ocrx_word' id='word_1_601' title='bbox 1254 1815 1312 1851; x_wconf 87' lang='lat' dir='ltr'><strong>ipsa</strong></span> <span class='ocrx_word' id='word_1_602' title='bbox 1325 1815 1409 1843; x_wconf 89' lang='lat' dir='ltr'><strong>etiam</strong></span> <span class='ocrx_word' id='word_1_603' title='bbox 1421 1814 1569 1842; x_wconf 86' lang='lat' dir='ltr'><strong>invisibilis</strong></span> <span class='ocrx_word' id='word_1_604' title='bbox 1578 1817 1705 1840; x_wconf 85' lang='lat' dir='ltr'><strong>creatura</strong></span> 
     </span>
    </p>
   </div>
   <div class='ocr_carea' id='block_1_81' title="bbox 910 1858 1703 1896">
    <p class='ocr_par' dir='ltr' id='par_1_81' title="bbox 910 1858 1703 1896">
     <span class='ocr_line' id='line_1_81' title="bbox 910 1858 1703 1896; baseline -0.004 -8"><span class='ocrx_word' id='word_1_605' title='bbox 910 1861 989 1896; x_wconf 88' lang='lat' dir='ltr'><strong>prius</strong></span> <span class='ocrx_word' id='word_1_606' title='bbox 1005 1859 1121 1896; x_wconf 80' lang='lat' dir='ltr'><strong>ﬁgurata</strong></span> <span class='ocrx_word' id='word_1_607' title='bbox 1137 1865 1166 1888; x_wconf 90' lang='lat' dir='ltr'><strong>et</strong></span> <span class='ocrx_word' id='word_1_608' title='bbox 1179 1861 1250 1888; x_wconf 80' lang='lat' dir='ltr'><strong>facta</strong></span> <span class='ocrx_word' id='word_1_609' title='bbox 1266 1859 1318 1887; x_wconf 81' lang='lat' dir='ltr'><strong>fuit</strong></span> <span class='ocrx_word' id='word_1_610' title='bbox 1333 1861 1360 1887; x_wconf 91' lang='lat' dir='ltr'><strong>in</strong></span> <span class='ocrx_word' id='word_1_611' title='bbox 1380 1859 1493 1887; x_wconf 86' lang='lat' dir='ltr'><strong>Christo</strong></span> <span class='ocrx_word' id='word_1_612' title='bbox 1516 1864 1544 1887; x_wconf 81' lang='lat' dir='ltr'><strong>et</strong></span> <span class='ocrx_word' id='word_1_613' title='bbox 1569 1858 1703 1886; x_wconf 86' lang='lat' dir='ltr'><strong>Ecclesia.</strong></span> 
     </span>
    </p>
   </div>
   <div class='ocr_carea' id='block_1_82' title="bbox 911 1903 1707 1942">
    <p class='ocr_par' dir='ltr' id='par_1_82' title="bbox 911 1903 1707 1942">
     <span class='ocr_line' id='line_1_82' title="bbox 911 1903 1707 1942; baseline -0.005 -8"><span class='ocrx_word' id='word_1_614' title='bbox 911 1906 965 1934; x_wconf 85' lang='lat' dir='ltr'><strong>Sed</strong></span> <span class='ocrx_word' id='word_1_615' title='bbox 977 1907 1011 1934; x_wconf 85' lang='lat' dir='ltr'><strong>de</strong></span> <span class='ocrx_word' id='word_1_616' title='bbox 1027 1906 1188 1934; x_wconf 77' lang='lat' dir='ltr'><strong>ccelestibus</strong></span> <span class='ocrx_word' id='word_1_617' title='bbox 1201 1907 1314 1942; x_wconf 85' lang='lat' dir='ltr'><strong>quidem</strong></span> <span class='ocrx_word' id='word_1_618' title='bbox 1328 1905 1564 1941; x_wconf 86' lang='lat' dir='ltr'><strong>quemadmodum</strong></span> <span class='ocrx_word' id='word_1_619' title='bbox 1582 1909 1611 1931; x_wconf 86' lang='lat' dir='ltr'><strong>et</strong></span> <span class='ocrx_word' id='word_1_620' title='bbox 1625 1903 1707 1931; x_wconf 80' lang='lat' dir='ltr'><strong>Citri-</strong></span> 
     </span>
    </p>
   </div>
   <div class='ocr_carea' id='block_1_83' title="bbox 911 1950 1704 1985">
    <p class='ocr_par' dir='ltr' id='par_1_83' title="bbox 911 1950 1704 1985">
     <span class='ocr_line' id='line_1_83' title="bbox 911 1950 1704 1985; baseline -0.004 -6"><span class='ocrx_word' id='word_1_621' title='bbox 911 1956 984 1980; x_wconf 87' lang='lat' dir='ltr'><strong>stum</strong></span> <span class='ocrx_word' id='word_1_622' title='bbox 998 1957 1026 1979; x_wconf 87' lang='lat' dir='ltr'><strong>et</strong></span> <span class='ocrx_word' id='word_1_623' title='bbox 1041 1951 1194 1979; x_wconf 87' lang='lat' dir='ltr'><strong>Ecclesiam</strong></span> <span class='ocrx_word' id='word_1_624' title='bbox 1211 1951 1375 1979; x_wconf 86' lang='lat' dir='ltr'><strong>describunt</strong></span> <span class='ocrx_word' id='word_1_625' title='bbox 1389 1959 1422 1978; x_wconf 88' lang='lat' dir='ltr'><strong>ac</strong></span> <span class='ocrx_word' id='word_1_626' title='bbox 1434 1950 1612 1985; x_wconf 70' lang='lat' dir='ltr'><strong>prteﬁgurant</strong></span> <span class='ocrx_word' id='word_1_627' title='bbox 1624 1969 1630 1980; x_wconf 89' lang='lat'><strong>,</strong></span> <span class='ocrx_word' id='word_1_628' title='bbox 1649 1957 1704 1976; x_wconf 85' lang='lat' dir='ltr'><strong>non</strong></span> 
     </span>
    </p>
   </div>
   <div class='ocr_carea' id='block_1_84' title="bbox 911 1995 1706 2032">
    <p class='ocr_par' dir='ltr' id='par_1_84' title="bbox 911 1995 1706 2032">
     <span class='ocr_line' id='line_1_84' title="bbox 911 1995 1706 2032; baseline -0.003 -8"><span class='ocrx_word' id='word_1_629' title='bbox 911 2005 1059 2032; x_wconf 87' lang='lat' dir='ltr'><strong>possumus</strong></span> <span class='ocrx_word' id='word_1_630' title='bbox 1068 2001 1165 2032; x_wconf 88' lang='lat' dir='ltr'><strong>aperte</strong></span> <span class='ocrx_word' id='word_1_631' title='bbox 1175 1997 1269 2024; x_wconf 87' lang='lat' dir='ltr'><strong>dicere</strong></span> <span class='ocrx_word' id='word_1_632' title='bbox 1286 1996 1522 2032; x_wconf 88' lang='lat' dir='ltr'><strong>quemadmodum</strong></span> <span class='ocrx_word' id='word_1_633' title='bbox 1535 1995 1706 2030; x_wconf 77' lang='lat' dir='ltr'><strong>intelligatur</strong></span> 
     </span>
    </p>
   </div>
   <div class='ocr_carea' id='block_1_85' title="bbox 911 2041 1704 2078">
    <p class='ocr_par' dir='ltr' id='par_1_85' title="bbox 911 2041 1704 2078">
     <span class='ocr_line' id='line_1_85' title="bbox 911 2041 1704 2078; baseline -0.003 -8"><span class='ocrx_word' id='word_1_634' title='bbox 911 2043 1024 2078; x_wconf 81' lang='lat' dir='ltr'><strong>quidem</strong></span> <span class='ocrx_word' id='word_1_635' title='bbox 1036 2043 1150 2078; x_wconf 75' lang='lat' dir='ltr'><strong>angelus</strong></span> <span class='ocrx_word' id='word_1_636' title='bbox 1162 2042 1196 2069; x_wconf 89' lang='lat' dir='ltr'><strong>iis</strong></span> <span class='ocrx_word' id='word_1_637' title='bbox 1205 2042 1252 2077; x_wconf 88' lang='lat' dir='ltr'><strong>qui</strong></span> <span class='ocrx_word' id='word_1_638' title='bbox 1263 2046 1322 2069; x_wconf 88' lang='lat' dir='ltr'><strong>est:</strong></span> <span class='ocrx_word' id='word_1_639' title='bbox 1334 2043 1424 2078; x_wconf 84' lang='lat' dir='ltr'><strong>magm‘</strong></span> <span class='ocrx_word' id='word_1_640' title='bbox 1438 2042 1542 2069; x_wconf 73' lang='lat' dir='ltr'><strong>consilii</strong></span> <span class='ocrx_word' id='word_1_641' title='bbox 1551 2041 1662 2076; x_wconf 70' lang='lat' dir='ltr'><strong>angelus</strong></span> <span class='ocrx_word' id='word_1_642' title='bbox 1672 2041 1704 2073; x_wconf 68' lang='grc' dir='ltr'><strong>ιθ,</strong></span> 
     </span>
    </p>
   </div>
   <div class='ocr_carea' id='block_1_86' title="bbox 912 2088 1706 2124">
    <p class='ocr_par' dir='ltr' id='par_1_86' title="bbox 912 2088 1706 2124">
     <span class='ocr_line' id='line_1_86' title="bbox 912 2088 1706 2124; baseline -0.001 -8"><span class='ocrx_word' id='word_1_643' title='bbox 912 2093 941 2116; x_wconf 91' lang='lat' dir='ltr'><strong>ct</strong></span> <span class='ocrx_word' id='word_1_644' title='bbox 967 2097 1065 2116; x_wconf 86' lang='lat' dir='ltr'><strong>rursus</strong></span> <span class='ocrx_word' id='word_1_645' title='bbox 1094 2088 1329 2124; x_wconf 90' lang='lat' dir='ltr'><strong>quemadmodum</strong></span> <span class='ocrx_word' id='word_1_646' title='bbox 1359 2088 1563 2124; x_wconf 81' lang='lat' dir='ltr'><strong>archangelns,</strong></span> <span class='ocrx_word' id='word_1_647' title='bbox 1588 2088 1636 2123; x_wconf 89' lang='lat' dir='ltr'><strong>qui</strong></span> <span class='ocrx_word' id='word_1_648' title='bbox 1663 2093 1706 2115; x_wconf 87' lang='lat' dir='ltr'><strong>est</strong></span> 
     </span>
    </p>
   </div>
   <div class='ocr_carea' id='block_1_87' title="bbox 913 2133 1705 2170">
    <p class='ocr_par' dir='ltr' id='par_1_87' title="bbox 913 2133 1705 2170">
     <span class='ocr_line' id='line_1_87' title="bbox 913 2133 1705 2170; baseline 0 -9"><span class='ocrx_word' id='word_1_649' title='bbox 913 2135 1045 2170; x_wconf 78' lang='lat' dir='ltr'><strong>princeps</strong></span> <span class='ocrx_word' id='word_1_650' title='bbox 1055 2135 1218 2170; x_wconf 77' lang='lat' dir='ltr'><strong>angelorum</strong></span> <span class='ocrx_word' id='word_1_651' title='bbox 1232 2135 1307 2169; x_wconf 90' lang='lat' dir='ltr'><strong>ipsos</strong></span> <span class='ocrx_word' id='word_1_652' title='bbox 1318 2134 1402 2162; x_wconf 89' lang='lat' dir='ltr'><strong>etiam</strong></span> <span class='ocrx_word' id='word_1_653' title='bbox 1413 2134 1500 2161; x_wconf 91' lang='lat' dir='ltr'><strong>mittit</strong></span> <span class='ocrx_word' id='word_1_654' title='bbox 1515 2139 1645 2169; x_wconf 88' lang='lat' dir='ltr'><strong>tanquam</strong></span> <span class='ocrx_word' id='word_1_655' title='bbox 1655 2133 1705 2161; x_wconf 90' lang='lat' dir='ltr'><strong>ad-</strong></span> 
     </span>
    </p>
   </div>
   <div class='ocr_carea' id='block_1_88' title="bbox 914 2180 1706 2215">
    <p class='ocr_par' dir='ltr' id='par_1_88' title="bbox 914 2180 1706 2215">
     <span class='ocr_line' id='line_1_88' title="bbox 914 2180 1706 2215; baseline -0.001 -8"><span class='ocrx_word' id='word_1_656' title='bbox 914 2180 1131 2208; x_wconf 85' lang='lat' dir='ltr'><strong>ministratorios</strong></span> <span class='ocrx_word' id='word_1_657' title='bbox 1144 2180 1260 2215; x_wconf 88' lang='lat' dir='ltr'><strong>spiritus</strong></span> <span class='ocrx_word' id='word_1_658' title='bbox 1269 2180 1317 2215; x_wconf 90' lang='lat' dir='ltr'><strong>qui</strong></span> <span class='ocrx_word' id='word_1_659' title='bbox 1327 2180 1353 2207; x_wconf 88' lang='lat' dir='ltr'><strong>ei</strong></span> <span class='ocrx_word' id='word_1_660' title='bbox 1365 2180 1500 2208; x_wconf 85' lang='lat' dir='ltr'><strong>assistunt</strong></span> <span class='ocrx_word' id='word_1_661' title='bbox 1515 2184 1558 2207; x_wconf 89' lang='lat' dir='ltr'><strong>:ct</strong></span> <span class='ocrx_word' id='word_1_662' title='bbox 1569 2180 1706 2215; x_wconf 88' lang='lat' dir='ltr'><strong>quemad-</strong></span> 
     </span>
    </p>
   </div>
   <div class='ocr_carea' id='block_1_89' title="bbox 914 2226 1705 2262">
    <p class='ocr_par' dir='ltr' id='par_1_89' title="bbox 914 2226 1705 2262">
     <span class='ocr_line' id='line_1_89' title="bbox 914 2226 1705 2262; baseline -0.003 -8"><span class='ocrx_word' id='word_1_663' title='bbox 914 2227 1027 2254; x_wconf 89' lang='lat' dir='ltr'><strong>modum</strong></span> <span class='ocrx_word' id='word_1_664' title='bbox 1045 2226 1207 2254; x_wconf 85' lang='lat' dir='ltr'><strong>nominatur</strong></span> <span class='ocrx_word' id='word_1_665' title='bbox 1224 2227 1415 2262; x_wconf 91' lang='lat' dir='ltr'><strong>principium,</strong></span> <span class='ocrx_word' id='word_1_666' title='bbox 1428 2226 1532 2260; x_wconf 89' lang='lat' dir='ltr'><strong>quiest</strong></span> <span class='ocrx_word' id='word_1_667' title='bbox 1552 2226 1579 2253; x_wconf 92' lang='lat' dir='ltr'><strong>in</strong></span> <span class='ocrx_word' id='word_1_668' title='bbox 1597 2226 1705 2260; x_wconf 89' lang='lat' dir='ltr'><strong>princi-</strong></span> 
     </span>
    </p>
   </div>
   <div class='ocr_carea' id='block_1_90' title="bbox 914 2272 1709 2308">
    <p class='ocr_par' dir='ltr' id='par_1_90' title="bbox 914 2272 1709 2308">
     <span class='ocr_line' id='line_1_90' title="bbox 914 2272 1709 2308; baseline -0.003 -8"><span class='ocrx_word' id='word_1_669' title='bbox 914 2273 960 2308; x_wconf 91' lang='lat' dir='ltr'><strong>pio</strong></span> <span class='ocrx_word' id='word_1_670' title='bbox 967 2274 1040 2300; x_wconf 87' lang='lat' dir='ltr'><strong>Deus</strong></span> <span class='ocrx_word' id='word_1_671' title='bbox 1047 2273 1180 2304; x_wconf 83' lang='lat' dir='ltr'><strong>Verbum,</strong></span> <span class='ocrx_word' id='word_1_672' title='bbox 1193 2273 1315 2308; x_wconf 77' lang='lat' dir='ltr'><strong>princeps</strong></span> <span class='ocrx_word' id='word_1_673' title='bbox 1326 2273 1399 2307; x_wconf 77' lang='lat' dir='ltr'><strong>pacis</strong></span> <span class='ocrx_word' id='word_1_674' title='bbox 1413 2277 1437 2299; x_wconf 82' lang='lat' dir='ltr'><strong>et</strong></span> <span class='ocrx_word' id='word_1_675' title='bbox 1446 2275 1523 2307; x_wconf 81' lang='lat' dir='ltr'><strong>pater</strong></span> <span class='ocrx_word' id='word_1_676' title='bbox 1531 2272 1614 2307; x_wconf 83' lang='lat' dir='ltr'><strong>futuri</strong></span> <span class='ocrx_word' id='word_1_677' title='bbox 1625 2280 1709 2299; x_wconf 67' lang='grc' dir='ltr'><strong>δωρη-</strong></span> 
     </span>
    </p>
   </div>
   <div class='ocr_carea' id='block_1_91' title="bbox 64 2313 1710 2353">
    <p class='ocr_par' dir='ltr' id='par_1_91' title="bbox 64 2313 1710 2353">
     <span class='ocr_line' id='line_1_91' title="bbox 64 2313 1710 2353; baseline 0.005 -8"><span class='ocrx_word' id='word_1_678' title='bbox 64 2319 124 2352; x_wconf 85' lang='lat' dir='ltr'><strong>ipso</strong></span> <span class='ocrx_word' id='word_1_679' title='bbox 142 2319 200 2346; x_wconf 86' lang='lat' dir='ltr'><strong>Deo</strong></span> <span class='ocrx_word' id='word_1_680' title='bbox 217 2320 414 2348; x_wconf 79' lang='lat' dir='ltr'><strong>universorum</strong></span> <span class='ocrx_word' id='word_1_681' title='bbox 434 2321 566 2349; x_wconf 79' lang='lat' dir='ltr'><strong>eﬁ‘ectore</strong></span> <span class='ocrx_word' id='word_1_682' title='bbox 589 2322 689 2350; x_wconf 73' lang='lat' dir='ltr'><strong>effecta</strong></span> <span class='ocrx_word' id='word_1_683' title='bbox 717 2328 782 2350; x_wconf 89' lang='lat' dir='ltr'><strong>sunt</strong></span> <span class='ocrx_word' id='word_1_684' title='bbox 803 2324 859 2352; x_wconf 91' lang='lat' dir='ltr'><strong>duo</strong></span> <span class='ocrx_word' id='word_1_685' title='bbox 880 2313 901 2340; x_wconf 75' lang='grc' dir='ltr'><strong>θ</strong></span> <span class='ocrx_word' id='word_1_686' title='bbox 915 2319 934 2346; x_wconf 68' lang='lat' dir='ltr'><strong>li</strong></span> <span class='ocrx_word' id='word_1_687' title='bbox 958 2319 990 2345; x_wconf 89' lang='grc'><strong>¹¹-</strong></span> <span class='ocrx_word' id='word_1_688' title='bbox 1006 2318 1120 2353; x_wconf 75' lang='lat' dir='ltr'><strong>Magnus</strong></span> <span class='ocrx_word' id='word_1_689' title='bbox 1137 2322 1179 2345; x_wconf 68' lang='grc' dir='ltr'><strong>εει</strong></span> <span class='ocrx_word' id='word_1_690' title='bbox 1199 2319 1274 2346; x_wconf 68' lang='grc' dir='ltr'><strong>εηίῐη</strong></span> <span class='ocrx_word' id='word_1_691' title='bbox 1298 2318 1358 2353; x_wconf 64' lang='lat' dir='ltr'><strong>eius</strong></span> <span class='ocrx_word' id='word_1_692' title='bbox 1381 2317 1554 2353; x_wconf 68' lang='grc' dir='ltr'><strong>Ρτῖηοίῐκιιυε</strong></span> <span class='ocrx_word' id='word_1_693' title='bbox 1568 2337 1574 2349; x_wconf 72' lang='grc' dir='ltr'>ν</span> <span class='ocrx_word' id='word_1_694' title='bbox 1591 2323 1617 2344; x_wconf 69' lang='grc' dir='ltr'><em>οῖ</em></span> <span class='ocrx_word' id='word_1_695' title='bbox 1633 2319 1710 2353; x_wconf 51' lang='lat' dir='ltr'><strong>Wo“</strong></span> 
     </span>
    </p>
   </div>
   <div class='ocr_carea' id='block_1_92' title="bbox 63 2365 860 2404">
    <p class='ocr_par' dir='ltr' id='par_1_92' title="bbox 63 2365 860 2404">
     <span class='ocr_line' id='line_1_92' title="bbox 63 2365 860 2404; baseline 0.01 -13"><span class='ocrx_word' id='word_1_696' title='bbox 63 2365 186 2399; x_wconf 86' lang='lat' dir='ltr'><strong>opiﬁcia,</strong></span> <span class='ocrx_word' id='word_1_697' title='bbox 206 2374 293 2394; x_wconf 91' lang='lat' dir='ltr'><strong>unum</strong></span> <span class='ocrx_word' id='word_1_698' title='bbox 310 2367 423 2402; x_wconf 88' lang='lat' dir='ltr'><strong>quidem</strong></span> <span class='ocrx_word' id='word_1_699' title='bbox 441 2376 498 2403; x_wconf 91' lang='lat' dir='ltr'><strong>quo</strong></span> <span class='ocrx_word' id='word_1_700' title='bbox 513 2369 716 2404; x_wconf 86' lang='lat' dir='ltr'><strong>produceretur</strong></span> <span class='ocrx_word' id='word_1_701' title='bbox 735 2371 819 2399; x_wconf 90' lang='lat' dir='ltr'><strong>homo</strong></span> <span class='ocrx_word' id='word_1_702' title='bbox 832 2376 860 2399; x_wconf 83' lang='lat' dir='ltr'><strong>et</strong></span> 
     </span>
    </p>
   </div>
   <div class='ocr_carea' id='block_1_93' title="bbox 65 2410 859 2447">
    <p class='ocr_par' dir='ltr' id='par_1_93' title="bbox 65 2410 859 2447">
     <span class='ocr_line' id='line_1_93' title="bbox 65 2410 859 2447; baseline 0.01 -10"><span class='ocrx_word' id='word_1_703' title='bbox 65 2410 106 2445; x_wconf 87' lang='lat' dir='ltr'><strong>(ut</strong></span> <span class='ocrx_word' id='word_1_704' title='bbox 117 2412 204 2439; x_wconf 86' lang='lat' dir='ltr'><strong>semel</strong></span> <span class='ocrx_word' id='word_1_705' title='bbox 218 2412 321 2447; x_wconf 87' lang='lat' dir='ltr'><strong>dicam)</strong></span> <span class='ocrx_word' id='word_1_706' title='bbox 336 2421 381 2441; x_wconf 88' lang='lat' dir='ltr'><strong>res</strong></span> <span class='ocrx_word' id='word_1_707' title='bbox 394 2415 486 2442; x_wconf 91' lang='lat' dir='ltr'><strong>omnis</strong></span> <span class='ocrx_word' id='word_1_708' title='bbox 507 2423 611 2446; x_wconf 85' lang='lat' dir='ltr'><strong>creata,</strong></span> <span class='ocrx_word' id='word_1_709' title='bbox 634 2416 752 2444; x_wconf 81' lang='lat' dir='ltr'><strong>alterum</strong></span> <span class='ocrx_word' id='word_1_710' title='bbox 765 2423 859 2445; x_wconf 88' lang='lat' dir='ltr'><strong>autetn</strong></span> 
     </span>
    </p>
   </div>
   <div class='ocr_carea' id='block_1_94' title="bbox 65 2458 860 2495">
    <p class='ocr_par' dir='ltr' id='par_1_94' title="bbox 65 2458 860 2495">
     <span class='ocr_line' id='line_1_94' title="bbox 65 2458 860 2495; baseline 0.01 -12"><span class='ocrx_word' id='word_1_711' title='bbox 65 2465 120 2491; x_wconf 83' lang='lat' dir='ltr'><strong>quo</strong></span> <span class='ocrx_word' id='word_1_712' title='bbox 128 2458 201 2485; x_wconf 88' lang='lat' dir='ltr'><strong>bene</strong></span> <span class='ocrx_word' id='word_1_713' title='bbox 216 2463 291 2486; x_wconf 87' lang='lat' dir='ltr'><strong>esset</strong></span> <span class='ocrx_word' id='word_1_714' title='bbox 301 2464 328 2486; x_wconf 90' lang='lat' dir='ltr'><strong>et</strong></span> <span class='ocrx_word' id='word_1_715' title='bbox 341 2460 425 2487; x_wconf 91' lang='lat' dir='ltr'><strong>homo</strong></span> <span class='ocrx_word' id='word_1_716' title='bbox 437 2464 464 2488; x_wconf 91' lang='lat' dir='ltr'><strong>et</strong></span> <span class='ocrx_word' id='word_1_717' title='bbox 480 2461 611 2488; x_wconf 86' lang='lat' dir='ltr'><strong>universa</strong></span> <span class='ocrx_word' id='word_1_718' title='bbox 626 2469 670 2488; x_wconf 87' lang='lat' dir='ltr'><strong>res</strong></span> <span class='ocrx_word' id='word_1_719' title='bbox 679 2467 783 2495; x_wconf 88' lang='lat' dir='ltr'><strong>creata,</strong></span> <span class='ocrx_word' id='word_1_720' title='bbox 797 2471 860 2491; x_wconf 92' lang='lat' dir='ltr'><strong>cum</strong></span> 
     </span>
    </p>
   </div>
   <div class='ocr_carea' id='block_1_95' title="bbox 66 2503 859 2542">
    <p class='ocr_par' dir='ltr' id='par_1_95' title="bbox 66 2503 859 2542">
     <span class='ocr_line' id='line_1_95' title="bbox 66 2503 859 2542; baseline 0.01 -13"><span class='ocrx_word' id='word_1_721' title='bbox 66 2503 122 2537; x_wconf 71' lang='lat' dir='ltr'><strong>ipse</strong></span> <span class='ocrx_word' id='word_1_722' title='bbox 135 2512 250 2532; x_wconf 85' lang='lat' dir='ltr'><strong>carnem</strong></span> <span class='ocrx_word' id='word_1_723' title='bbox 268 2506 402 2541; x_wconf 82' lang='lat' dir='ltr'><strong>suscepit,</strong></span> <span class='ocrx_word' id='word_1_724' title='bbox 413 2507 539 2534; x_wconf 83' lang='lat' dir='ltr'><strong>liberatis</strong></span> <span class='ocrx_word' id='word_1_725' title='bbox 547 2508 679 2535; x_wconf 86' lang='lat' dir='ltr'><strong>omnibus</strong></span> <span class='ocrx_word' id='word_1_726' title='bbox 687 2508 722 2535; x_wconf 91' lang='lat' dir='ltr'><strong>ab</strong></span> <span class='ocrx_word' id='word_1_727' title='bbox 731 2508 859 2542; x_wconf 88' lang='lat' dir='ltr'><strong>interitu,</strong></span> 
     </span>
    </p>
   </div>
   <div class='ocr_carea' id='block_1_96' title="bbox 65 2550 859 2589">
    <p class='ocr_par' dir='ltr' id='par_1_96' title="bbox 65 2550 859 2589">
     <span class='ocr_line' id='line_1_96' title="bbox 65 2550 859 2589; baseline 0.008 -14"><span class='ocrx_word' id='word_1_728' title='bbox 65 2557 127 2576; x_wconf 89' lang='lat' dir='ltr'><strong>cutn</strong></span> <span class='ocrx_word' id='word_1_729' title='bbox 143 2557 173 2577; x_wconf 87' lang='lat' dir='ltr'><strong>ut</strong></span> <span class='ocrx_word' id='word_1_730' title='bbox 186 2550 259 2578; x_wconf 79' lang='lat' dir='ltr'><strong>bene</strong></span> <span class='ocrx_word' id='word_1_731' title='bbox 273 2559 369 2579; x_wconf 85' lang='lat' dir='ltr'><strong>essent</strong></span> <span class='ocrx_word' id='word_1_732' title='bbox 381 2557 552 2588; x_wconf 87' lang='lat' dir='ltr'><strong>acceperunt</strong></span> <span class='ocrx_word' id='word_1_733' title='bbox 570 2562 576 2580; x_wconf 87' lang='lat'>:</span> <span class='ocrx_word' id='word_1_734' title='bbox 594 2554 707 2589; x_wconf 89' lang='lat' dir='ltr'><strong>etquod</strong></span> <span class='ocrx_word' id='word_1_735' title='bbox 724 2558 859 2589; x_wconf 89' lang='lat' dir='ltr'><strong>tanquam</strong></span> 
     </span>
    </p>
   </div>
   <div class='ocr_carea' id='block_1_97' title="bbox 65 2597 862 2635">
    <p class='ocr_par' dir='ltr' id='par_1_97' title="bbox 65 2597 862 2635">
     <span class='ocr_line' id='line_1_97' title="bbox 65 2597 862 2635; baseline 0.006 -13"><span class='ocrx_word' id='word_1_736' title='bbox 65 2597 201 2631; x_wconf 79' lang='lat' dir='ltr'><strong>propheta</strong></span> <span class='ocrx_word' id='word_1_737' title='bbox 219 2597 332 2625; x_wconf 89' lang='lat' dir='ltr'><strong>divinus</strong></span> <span class='ocrx_word' id='word_1_738' title='bbox 347 2598 436 2626; x_wconf 78' lang='lat' dir='ltr'><strong>Moses</strong></span> <span class='ocrx_word' id='word_1_739' title='bbox 450 2600 577 2634; x_wconf 67' lang='lat' dir='ltr'><strong>prtevidit</strong></span> <span class='ocrx_word' id='word_1_740' title='bbox 594 2600 679 2627; x_wconf 85' lang='lat' dir='ltr'><strong>etiam</strong></span> <span class='ocrx_word' id='word_1_741' title='bbox 696 2600 862 2635; x_wconf 87' lang='lat' dir='ltr'><strong>productio—</strong></span> 
     </span>
    </p>
   </div>
   <div class='ocr_carea' id='block_1_98' title="bbox 65 2643 861 2679">
    <p class='ocr_par' dir='ltr' id='par_1_98' title="bbox 65 2643 861 2679">
     <span class='ocr_line' id='line_1_98' title="bbox 65 2643 861 2679; baseline 0.005 -9"><span class='ocrx_word' id='word_1_742' title='bbox 65 2651 126 2670; x_wconf 85' lang='lat' dir='ltr'><strong>nem</strong></span> <span class='ocrx_word' id='word_1_743' title='bbox 143 2652 171 2671; x_wconf 88' lang='lat' dir='ltr'><strong>et</strong></span> <span class='ocrx_word' id='word_1_744' title='bbox 185 2643 330 2679; x_wconf 86' lang='lat' dir='ltr'><strong>opiﬁcium</strong></span> <span class='ocrx_word' id='word_1_745' title='bbox 344 2650 481 2673; x_wconf 76' lang='lat' dir='ltr'><strong>creatura:</strong></span> <span class='ocrx_word' id='word_1_746' title='bbox 505 2646 538 2672; x_wconf 87' lang='lat' dir='ltr'><strong>ad</strong></span> <span class='ocrx_word' id='word_1_747' title='bbox 557 2646 609 2673; x_wconf 89' lang='lat' dir='ltr'><strong>hoc</strong></span> <span class='ocrx_word' id='word_1_748' title='bbox 632 2651 662 2672; x_wconf 87' lang='lat' dir='ltr'><strong>ut</strong></span> <span class='ocrx_word' id='word_1_749' title='bbox 678 2646 748 2674; x_wconf 88' lang='lat' dir='ltr'><strong>bene</strong></span> <span class='ocrx_word' id='word_1_750' title='bbox 771 2646 818 2673; x_wconf 92' lang='lat' dir='ltr'><strong>sit.</strong></span> <span class='ocrx_word' id='word_1_751' title='bbox 834 2652 861 2674; x_wconf 89' lang='lat' dir='ltr'><strong>ct</strong></span> 
     </span>
    </p>
   </div>
   <div class='ocr_carea' id='block_1_99' title="bbox 65 2689 865 2724">
    <p class='ocr_par' dir='ltr' id='par_1_99' title="bbox 65 2689 865 2724">
     <span class='ocr_line' id='line_1_99' title="bbox 65 2689 865 2724; baseline 0.004 -9"><span class='ocrx_word' id='word_1_752' title='bbox 65 2689 193 2716; x_wconf 83' lang='lat' dir='ltr'><strong>scribens</strong></span> <span class='ocrx_word' id='word_1_753' title='bbox 207 2689 446 2724; x_wconf 85' lang='lat' dir='ltr'><strong>quemadmodum</strong></span> <span class='ocrx_word' id='word_1_754' title='bbox 468 2690 501 2717; x_wconf 83' lang='lat' dir='ltr'><strong>ad</strong></span> <span class='ocrx_word' id='word_1_755' title='bbox 530 2690 583 2717; x_wconf 89' lang='lat' dir='ltr'><strong>hoc</strong></span> <span class='ocrx_word' id='word_1_756' title='bbox 605 2695 722 2718; x_wconf 86' lang='lat' dir='ltr'><strong>ntessct</strong></span> <span class='ocrx_word' id='word_1_757' title='bbox 745 2690 865 2718; x_wconf 82' lang='lat' dir='ltr'><strong>deducta</strong></span> 
     </span>
    </p>
   </div>
   <div class='ocr_carea' id='block_1_100' title="bbox 64 2735 867 2772">
    <p class='ocr_par' dir='ltr' id='par_1_100' title="bbox 64 2735 867 2772">
     <span class='ocr_line' id='line_1_100' title="bbox 64 2735 867 2772; baseline 0.002 -11"><span class='ocrx_word' id='word_1_758' title='bbox 64 2736 216 2767; x_wconf 76' lang='lat' dir='ltr'><strong>exstiterit,</strong></span> <span class='ocrx_word' id='word_1_759' title='bbox 235 2735 263 2761; x_wconf 89' lang='lat' dir='ltr'><strong>in</strong></span> <span class='ocrx_word' id='word_1_760' title='bbox 282 2735 339 2769; x_wconf 88' lang='lat' dir='ltr'><strong>ipsa</strong></span> <span class='ocrx_word' id='word_1_761' title='bbox 355 2737 438 2763; x_wconf 84' lang='lat' dir='ltr'><strong>etiam</strong></span> <span class='ocrx_word' id='word_1_762' title='bbox 457 2736 602 2771; x_wconf 83' lang='lat' dir='ltr'><strong>Scriptura</strong></span> <span class='ocrx_word' id='word_1_763' title='bbox 618 2737 806 2772; x_wconf 83' lang='lat' dir='ltr'><strong>iuseruitcjus</strong></span> <span class='ocrx_word' id='word_1_764' title='bbox 821 2746 867 2764; x_wconf 82' lang='lat' dir='ltr'><strong>rc-</strong></span> 
     </span>
    </p>
   </div>
   <div class='ocr_carea' id='block_1_101' title="bbox 65 2781 866 2817">
    <p class='ocr_par' dir='ltr' id='par_1_101' title="bbox 65 2781 866 2817">
     <span class='ocr_line' id='line_1_101' title="bbox 65 2781 866 2817; baseline 0.002 -9"><span class='ocrx_word' id='word_1_765' title='bbox 65 2781 265 2810; x_wconf 84' lang='lat' dir='ltr'><strong>lortuationem</strong></span> <span class='ocrx_word' id='word_1_766' title='bbox 284 2790 331 2817; x_wconf 86' lang='lat' dir='ltr'><strong>per</strong></span> <span class='ocrx_word' id='word_1_767' title='bbox 347 2783 490 2810; x_wconf 84' lang='lat' dir='ltr'><strong>Christum</strong></span> <span class='ocrx_word' id='word_1_768' title='bbox 509 2783 544 2809; x_wconf 91' lang='lat' dir='ltr'><strong>ad</strong></span> <span class='ocrx_word' id='word_1_769' title='bbox 564 2783 617 2810; x_wconf 90' lang='lat' dir='ltr'><strong>hoc</strong></span> <span class='ocrx_word' id='word_1_770' title='bbox 629 2787 664 2814; x_wconf 71' lang='lat' dir='ltr'><strong>ut,</strong></span> <span class='ocrx_word' id='word_1_771' title='bbox 675 2783 746 2810; x_wconf 83' lang='lat' dir='ltr'><strong>bene</strong></span> <span class='ocrx_word' id='word_1_772' title='bbox 758 2783 806 2815; x_wconf 85' lang='lat' dir='ltr'><strong>sit,</strong></span> <span class='ocrx_word' id='word_1_773' title='bbox 819 2783 866 2810; x_wconf 79' lang='lat' dir='ltr'><strong>sed</strong></span> 
     </span>
    </p>
   </div>
   <div class='ocr_carea' id='block_1_102' title="bbox 65 2827 866 2863">
    <p class='ocr_par' dir='ltr' id='par_1_102' title="bbox 65 2827 866 2863">
     <span class='ocr_line' id='line_1_102' title="bbox 65 2827 866 2863; baseline -0.002 -9"><span class='ocrx_word' id='word_1_774' title='bbox 65 2829 135 2862; x_wconf 76' lang='lat' dir='ltr'><strong>styio</strong></span> <span class='ocrx_word' id='word_1_775' title='bbox 150 2827 275 2862; x_wconf 79' lang='lat' dir='ltr'><strong>quodam</strong></span> <span class='ocrx_word' id='word_1_776' title='bbox 289 2828 456 2862; x_wconf 86' lang='lat' dir='ltr'><strong>prophetico</strong></span> <span class='ocrx_word' id='word_1_777' title='bbox 470 2827 647 2862; x_wconf 83' lang='lat' dir='ltr'><strong>obscuroun</strong></span> <span class='ocrx_word' id='word_1_778' title='bbox 660 2832 688 2854; x_wconf 89' lang='lat' dir='ltr'><strong>et</strong></span> <span class='ocrx_word' id='word_1_779' title='bbox 706 2827 866 2863; x_wconf 70' lang='lat' dir='ltr'><strong>allegorico.</strong></span> 
     </span>
    </p>
   </div>
   <div class='ocr_carea' id='block_1_103' title="bbox 100 2915 442 2950">
    <p class='ocr_par' dir='ltr' id='par_1_103' title="bbox 100 2915 442 2950">
     <span class='ocr_line' id='line_1_103' title="bbox 100 2915 442 2950; baseline 0.006 -9"><span class='ocrx_word' id='word_1_780' title='bbox 100 2915 111 2929; x_wconf 87' lang='lat'><strong>‘</strong></span> <span class='ocrx_word' id='word_1_781' title='bbox 128 2915 226 2942; x_wconf 68' lang='lat' dir='ltr'><strong>llatth.</strong></span> <span class='ocrx_word' id='word_1_782' title='bbox 256 2923 321 2944; x_wconf 60' lang='grc' dir='ltr'>χχιι.</span> <span class='ocrx_word' id='word_1_783' title='bbox 335 2916 352 2942; x_wconf 74' lang='grc'>2</span> <span class='ocrx_word' id='word_1_784' title='bbox 367 2924 442 2950; x_wconf 76' lang='lat' dir='ltr'><strong>seqq.</strong></span> 
     </span>
    </p>
   </div>
   <div class='ocr_carea' id='block_1_104' title="bbox 484 2917 709 2946">
    <p class='ocr_par' dir='ltr' id='par_1_104' title="bbox 484 2917 709 2946">
     <span class='ocr_line' id='line_1_104' title="bbox 484 2917 709 2946; baseline -0.004 -3"><span class='ocrx_word' id='word_1_785' title='bbox 484 2917 492 2931; x_wconf 95' lang='grc'><strong><em>⁷</em></strong></span> <span class='ocrx_word' id='word_1_786' title='bbox 510 2917 518 2943; x_wconf 84' lang='grc'><strong>1</strong></span> <span class='ocrx_word' id='word_1_787' title='bbox 533 2917 596 2943; x_wconf 78' lang='lat' dir='ltr'><strong>Cor.</strong></span> <span class='ocrx_word' id='word_1_788' title='bbox 610 2925 647 2946; x_wconf 77' lang='lat' dir='ltr'><strong>ut.</strong></span> <span class='ocrx_word' id='word_1_789' title='bbox 671 2917 709 2943; x_wconf 81' lang='lat' dir='ltr'><strong>l9.</strong></span> 
     </span>
    </p>
   </div>
   <div class='ocr_carea' id='block_1_105' title="bbox 67 2951 435 2983">
    <p class='ocr_par' dir='ltr' id='par_1_105' title="bbox 67 2951 435 2983">
     <span class='ocr_line' id='line_1_105' title="bbox 67 2951 435 2983; baseline -0.003 -5"><span class='ocrx_word' id='word_1_790' title='bbox 67 2952 86 2966; x_wconf 78' lang='grc' dir='ltr'>ιι</span> <span class='ocrx_word' id='word_1_791' title='bbox 104 2951 175 2978; x_wconf 77' lang='lat' dir='ltr'><strong>ibid.</strong></span> <span class='ocrx_word' id='word_1_792' title='bbox 223 2951 243 2966; x_wconf 66' lang='grc' dir='ltr'><strong>ιι</strong></span> <span class='ocrx_word' id='word_1_793' title='bbox 265 2951 365 2983; x_wconf 79' lang='lat' dir='ltr'><strong>Lur.t,</strong></span> <span class='ocrx_word' id='word_1_794' title='bbox 391 2952 435 2978; x_wconf 70' lang='lat'><strong>55.</strong></span> 
     </span>
    </p>
   </div>
   <div class='ocr_carea' id='block_1_106' title="bbox 477 2951 700 2984">
    <p class='ocr_par' dir='ltr' id='par_1_106' title="bbox 477 2951 700 2984">
     <span class='ocr_line' id='line_1_106' title="bbox 477 2951 700 2984; baseline 0 -6"><span class='ocrx_word' id='word_1_795' title='bbox 477 2951 498 2967; x_wconf 84' lang='grc'><strong>¹³</strong></span> <span class='ocrx_word' id='word_1_796' title='bbox 513 2952 580 2978; x_wconf 70' lang='grc' dir='ltr'><strong>1);ιιι.</strong></span> <span class='ocrx_word' id='word_1_797' title='bbox 596 2961 641 2984; x_wconf 71' lang='lat' dir='ltr'><strong>\‘Il,</strong></span> <span class='ocrx_word' id='word_1_798' title='bbox 662 2953 700 2979; x_wconf 71' lang='lat' dir='ltr'><strong>li.</strong></span> 
     </span>
    </p>
   </div>
   <div class='ocr_carea' id='block_1_107' title="bbox 782 3064 797 3083">
    <p class='ocr_par' dir='ltr' id='par_1_107' title="bbox 782 3064 797 3083">
     <span class='ocr_line' id='line_1_107' title="bbox 782 3064 797 3083; baseline 0 0"><span class='ocrx_word' id='word_1_799' title='bbox 782 3064 797 3083; x_wconf 65' lang='grc'><em>0</em></span> 
     </span>
    </p>
   </div>
   <div class='ocr_carea' id='block_1_108' title="bbox 759 2917 984 2952">
    <p class='ocr_par' dir='ltr' id='par_1_108' title="bbox 759 2917 984 2952">
     <span class='ocr_line' id='line_1_108' title="bbox 759 2917 984 2952; baseline -0.004 -9"><span class='ocrx_word' id='word_1_800' title='bbox 759 2917 769 2931; x_wconf 73' lang='grc'>⁸</span> <span class='ocrx_word' id='word_1_801' title='bbox 786 2917 885 2952; x_wconf 74' lang='lat' dir='ltr'><strong>Epltt‘s.</strong></span> <span class='ocrx_word' id='word_1_802' title='bbox 907 2925 924 2945; x_wconf 83' lang='lat' dir='ltr'><strong>I.</strong></span> <span class='ocrx_word' id='word_1_803' title='bbox 945 2917 984 2942; x_wconf 73' lang='grc'><strong>10.</strong></span> 
     </span>
    </p>
   </div>
   <div class='ocr_carea' id='block_1_109' title="bbox 743 2952 1044 2983">
    <p class='ocr_par' dir='ltr' id='par_1_109' title="bbox 743 2952 1044 2983">
     <span class='ocr_line' id='line_1_109' title="bbox 743 2952 1044 2983; baseline -0.007 -4"><span class='ocrx_word' id='word_1_804' title='bbox 743 2952 760 2967; x_wconf 64' lang='grc'><strong>¹²</strong></span> <span class='ocrx_word' id='word_1_805' title='bbox 780 2953 875 2979; x_wconf 55' lang='lat' dir='ltr'><strong>Mulli).</strong></span> <span class='ocrx_word' id='word_1_806' title='bbox 895 2960 984 2983; x_wconf 73' lang='lat' dir='ltr'><strong>\Xt‘llt,</strong></span> <span class='ocrx_word' id='word_1_807' title='bbox 1006 2952 1044 2978; x_wconf 85' lang='lat' dir='ltr'><strong>iS.</strong></span> 
     </span>
    </p>
   </div>
   <div class='ocr_carea' id='block_1_110' title="bbox 917 2365 1706 2402">
    <p class='ocr_par' dir='ltr' id='par_1_110' title="bbox 917 2365 1706 2402">
     <span class='ocr_line' id='line_1_110' title="bbox 917 2365 1706 2402; baseline 0 -10"><span class='ocrx_word' id='word_1_808' title='bbox 917 2367 973 2402; x_wconf 77' lang='lat' dir='ltr'><strong>ejus</strong></span> <span class='ocrx_word' id='word_1_809' title='bbox 984 2374 1036 2392; x_wconf 86' lang='lat' dir='ltr'><strong>mm</strong></span> <span class='ocrx_word' id='word_1_810' title='bbox 1051 2369 1089 2392; x_wconf 78' lang='lat' dir='ltr'><strong>est</strong></span> <span class='ocrx_word' id='word_1_811' title='bbox 1106 2366 1276 2392; x_wconf 76' lang='lat' dir='ltr'><strong>terminus&quot;.</strong></span> <span class='ocrx_word' id='word_1_812' title='bbox 1295 2365 1350 2392; x_wconf 80' lang='lat' dir='ltr'><strong>Aut</strong></span> <span class='ocrx_word' id='word_1_813' title='bbox 1373 2365 1609 2400; x_wconf 84' lang='lat' dir='ltr'><strong>quemadmodum</strong></span> <span class='ocrx_word' id='word_1_814' title='bbox 1623 2365 1706 2392; x_wconf 85' lang='lat' dir='ltr'><strong>intel-</strong></span> 
     </span>
    </p>
   </div>
   <div class='ocr_carea' id='block_1_111' title="bbox 915 2411 1712 2448">
    <p class='ocr_par' dir='ltr' id='par_1_111' title="bbox 915 2411 1712 2448">
     <span class='ocr_line' id='line_1_111' title="bbox 915 2411 1712 2448; baseline -0.004 -8"><span class='ocrx_word' id='word_1_815' title='bbox 915 2413 1033 2448; x_wconf 77' lang='lat' dir='ltr'><strong>ligamus</strong></span> <span class='ocrx_word' id='word_1_816' title='bbox 1050 2413 1138 2447; x_wconf 87' lang='lat' dir='ltr'><strong>ipsam</strong></span> <span class='ocrx_word' id='word_1_817' title='bbox 1148 2416 1311 2447; x_wconf 85' lang='lat' dir='ltr'><strong>potestatem</strong></span> <span class='ocrx_word' id='word_1_818' title='bbox 1320 2412 1367 2448; x_wconf 93' lang='lat' dir='ltr'><strong>qui</strong></span> <span class='ocrx_word' id='word_1_819' title='bbox 1376 2413 1447 2440; x_wconf 87' lang='lat' dir='ltr'><strong>Deus</strong></span> <span class='ocrx_word' id='word_1_820' title='bbox 1457 2417 1500 2440; x_wconf 91' lang='lat' dir='ltr'><strong>est</strong></span> <span class='ocrx_word' id='word_1_821' title='bbox 1512 2411 1618 2439; x_wconf 88' lang='lat' dir='ltr'><strong>habens</strong></span> <span class='ocrx_word' id='word_1_822' title='bbox 1635 2417 1712 2446; x_wconf 80' lang='lat' dir='ltr'><strong>pote-</strong></span> 
     </span>
    </p>
   </div>
   <div class='ocr_carea' id='block_1_112' title="bbox 917 2459 1712 2494">
    <p class='ocr_par' dir='ltr' id='par_1_112' title="bbox 917 2459 1712 2494">
     <span class='ocr_line' id='line_1_112' title="bbox 917 2459 1712 2494; baseline -0.005 -6"><span class='ocrx_word' id='word_1_823' title='bbox 917 2464 1016 2489; x_wconf 84' lang='lat' dir='ltr'><strong>statem</strong></span> <span class='ocrx_word' id='word_1_824' title='bbox 1030 2459 1111 2486; x_wconf 81' lang='lat' dir='ltr'><strong>fortis</strong></span> <span class='ocrx_word' id='word_1_825' title='bbox 1121 2463 1149 2486; x_wconf 90' lang='lat' dir='ltr'><strong>ct</strong></span> <span class='ocrx_word' id='word_1_826' title='bbox 1161 2465 1270 2494; x_wconf 87' lang='lat' dir='ltr'><strong>potens.</strong></span> <span class='ocrx_word' id='word_1_827' title='bbox 1293 2459 1342 2486; x_wconf 79' lang='lat' dir='ltr'><strong>Est</strong></span> <span class='ocrx_word' id='word_1_828' title='bbox 1356 2459 1431 2486; x_wconf 88' lang='lat' dir='ltr'><strong>enim</strong></span> <span class='ocrx_word' id='word_1_829' title='bbox 1451 2459 1512 2494; x_wconf 87' lang='lat' dir='ltr'><strong>ejus</strong></span> <span class='ocrx_word' id='word_1_830' title='bbox 1529 2463 1669 2494; x_wconf 83' lang='lat' dir='ltr'><strong>potestas,</strong></span> <span class='ocrx_word' id='word_1_831' title='bbox 1682 2463 1712 2484; x_wconf 91' lang='lat' dir='ltr'><strong>ut</strong></span> 
     </span>
    </p>
   </div>
   <div class='ocr_carea' id='block_1_113' title="bbox 917 2503 1711 2540">
    <p class='ocr_par' dir='ltr' id='par_1_113' title="bbox 917 2503 1711 2540">
     <span class='ocr_line' id='line_1_113' title="bbox 917 2503 1711 2540; baseline -0.005 -6"><span class='ocrx_word' id='word_1_832' title='bbox 917 2506 983 2534; x_wconf 91' lang='lat' dir='ltr'><strong>dicit</strong></span> <span class='ocrx_word' id='word_1_833' title='bbox 993 2505 1088 2533; x_wconf 88' lang='lat' dir='ltr'><strong>Daniel</strong></span> <span class='ocrx_word' id='word_1_834' title='bbox 1100 2514 1106 2531; x_wconf 82' lang='lat' dir='ltr'><strong>z</strong></span> <span class='ocrx_word' id='word_1_835' title='bbox 1117 2505 1152 2532; x_wconf 84' lang='lat' dir='ltr'><strong>Et</strong></span> <span class='ocrx_word' id='word_1_836' title='bbox 1165 2509 1281 2540; x_wconf 72' lang='lat' dir='ltr'><strong>potestas</strong></span> <span class='ocrx_word' id='word_1_837' title='bbox 1287 2509 1387 2532; x_wconf 63' lang='lat' dir='ltr'><strong>eterna</strong></span> <span class='ocrx_word' id='word_1_838' title='bbox 1396 2513 1454 2540; x_wconf 78' lang='lat' dir='ltr'><strong>qua:</strong></span> <span class='ocrx_word' id='word_1_839' title='bbox 1463 2513 1515 2531; x_wconf 84' lang='lat' dir='ltr'><strong>mm</strong></span> <span class='ocrx_word' id='word_1_840' title='bbox 1524 2503 1667 2540; x_wconf 75' lang='lat' dir='ltr'><strong>prwteribit</strong></span> <span class='ocrx_word' id='word_1_841' title='bbox 1678 2503 1711 2535; x_wconf 85' lang='grc'><strong>¹³;</strong></span> 
     </span>
    </p>
   </div>
   <div class='ocr_carea' id='block_1_114' title="bbox 916 2548 1713 2586">
    <p class='ocr_par' dir='ltr' id='par_1_114' title="bbox 916 2548 1713 2586">
     <span class='ocr_line' id='line_1_114' title="bbox 916 2548 1713 2586; baseline -0.005 -7"><span class='ocrx_word' id='word_1_842' title='bbox 916 2552 980 2579; x_wconf 86' lang='lat' dir='ltr'><strong>data</strong></span> <span class='ocrx_word' id='word_1_843' title='bbox 992 2550 1116 2579; x_wconf 88' lang='lat' dir='ltr'><strong>cstenim</strong></span> <span class='ocrx_word' id='word_1_844' title='bbox 1130 2550 1287 2586; x_wconf 87' lang='lat' dir='ltr'><strong>eipotestas</strong></span> <span class='ocrx_word' id='word_1_845' title='bbox 1297 2550 1324 2576; x_wconf 91' lang='lat' dir='ltr'><strong>in</strong></span> <span class='ocrx_word' id='word_1_846' title='bbox 1338 2549 1408 2577; x_wconf 81' lang='lat' dir='ltr'><strong>ecelo</strong></span> <span class='ocrx_word' id='word_1_847' title='bbox 1417 2553 1444 2577; x_wconf 88' lang='lat' dir='ltr'><strong>et</strong></span> <span class='ocrx_word' id='word_1_848' title='bbox 1456 2549 1484 2576; x_wconf 88' lang='lat' dir='ltr'><strong>in</strong></span> <span class='ocrx_word' id='word_1_849' title='bbox 1498 2548 1614 2577; x_wconf 75' lang='lat' dir='ltr'><strong>terra“.</strong></span> <span class='ocrx_word' id='word_1_850' title='bbox 1627 2548 1713 2575; x_wconf 78' lang='lat' dir='ltr'><strong>Porro</strong></span> 
     </span>
    </p>
   </div>
   <div class='ocr_carea' id='block_1_115' title="bbox 916 2594 1713 2633">
    <p class='ocr_par' dir='ltr' id='par_1_115' title="bbox 916 2594 1713 2633">
     <span class='ocr_line' id='line_1_115' title="bbox 916 2594 1713 2633; baseline -0.005 -8"><span class='ocrx_word' id='word_1_851' title='bbox 916 2603 1009 2626; x_wconf 78' lang='lat' dir='ltr'><strong>autem</strong></span> <span class='ocrx_word' id='word_1_852' title='bbox 1024 2594 1222 2633; x_wconf 82' lang='lat' dir='ltr'><strong>homonymum</strong></span> <span class='ocrx_word' id='word_1_853' title='bbox 1235 2604 1346 2631; x_wconf 86' lang='lat' dir='ltr'><strong>quoque</strong></span> <span class='ocrx_word' id='word_1_854' title='bbox 1363 2596 1454 2630; x_wconf 89' lang='lat' dir='ltr'><strong>ipsum</strong></span> <span class='ocrx_word' id='word_1_855' title='bbox 1471 2595 1610 2630; x_wconf 81' lang='lat' dir='ltr'><strong>intelliges</strong></span> <span class='ocrx_word' id='word_1_856' title='bbox 1622 2594 1713 2621; x_wconf 85' lang='lat' dir='ltr'><strong>Thro-</strong></span> 
     </span>
    </p>
   </div>
   <div class='ocr_carea' id='block_1_116' title="bbox 919 2635 1714 2677">
    <p class='ocr_par' dir='ltr' id='par_1_116' title="bbox 919 2635 1714 2677">
     <span class='ocr_line' id='line_1_116' title="bbox 919 2635 1714 2677; baseline -0.006 -8"><span class='ocrx_word' id='word_1_857' title='bbox 919 2651 984 2670; x_wconf 91' lang='lat' dir='ltr'><strong>num</strong></span> <span class='ocrx_word' id='word_1_858' title='bbox 1014 2651 1020 2668; x_wconf 89' lang='lat'><strong>:</strong></span> <span class='ocrx_word' id='word_1_859' title='bbox 1040 2646 1136 2676; x_wconf 88' lang='lat' dir='ltr'><strong>utpote</strong></span> <span class='ocrx_word' id='word_1_860' title='bbox 1162 2642 1235 2677; x_wconf 81' lang='lat' dir='ltr'><strong>quod</strong></span> <span class='ocrx_word' id='word_1_861' title='bbox 1260 2641 1342 2668; x_wconf 88' lang='lat' dir='ltr'><strong>Pater</strong></span> <span class='ocrx_word' id='word_1_862' title='bbox 1366 2648 1451 2676; x_wconf 86' lang='lat' dir='ltr'><strong>super</strong></span> <span class='ocrx_word' id='word_1_863' title='bbox 1466 2635 1565 2675; x_wconf 56' lang='lat' dir='ltr'><strong>‘ipsum</strong></span> <span class='ocrx_word' id='word_1_864' title='bbox 1585 2639 1714 2674; x_wconf 86' lang='lat' dir='ltr'><strong>quiescat</strong></span> 
     </span>
    </p>
   </div>
   <div class='ocr_carea' id='block_1_117' title="bbox 917 2684 1713 2723">
    <p class='ocr_par' dir='ltr' id='par_1_117' title="bbox 917 2684 1713 2723">
     <span class='ocr_line' id='line_1_117' title="bbox 917 2684 1713 2723; baseline -0.008 -7"><span class='ocrx_word' id='word_1_865' title='bbox 917 2694 1049 2723; x_wconf 83' lang='lat' dir='ltr'><strong>tauquam</strong></span> <span class='ocrx_word' id='word_1_866' title='bbox 1067 2687 1240 2722; x_wconf 77' lang='lat' dir='ltr'><strong>unigenitum</strong></span> <span class='ocrx_word' id='word_1_867' title='bbox 1252 2691 1280 2714; x_wconf 87' lang='lat' dir='ltr'><strong>et</strong></span> <span class='ocrx_word' id='word_1_868' title='bbox 1291 2694 1454 2722; x_wconf 78' lang='lat' dir='ltr'><strong>germanum</strong></span> <span class='ocrx_word' id='word_1_869' title='bbox 1468 2686 1577 2717; x_wconf 76' lang='lat' dir='ltr'><strong>Filium,</strong></span> <span class='ocrx_word' id='word_1_870' title='bbox 1587 2690 1614 2712; x_wconf 86' lang='lat' dir='ltr'><strong>et</strong></span> <span class='ocrx_word' id='word_1_871' title='bbox 1630 2684 1713 2712; x_wconf 91' lang='lat' dir='ltr'><strong>simul</strong></span> 
     </span>
    </p>
   </div>
   <div class='ocr_carea' id='block_1_118' title="bbox 917 2729 1712 2768">
    <p class='ocr_par' dir='ltr' id='par_1_118' title="bbox 917 2729 1712 2768">
     <span class='ocr_line' id='line_1_118' title="bbox 917 2729 1712 2768; baseline -0.006 -7"><span class='ocrx_word' id='word_1_872' title='bbox 917 2734 1000 2761; x_wconf 81' lang='lat' dir='ltr'><strong>etiam</strong></span> <span class='ocrx_word' id='word_1_873' title='bbox 1020 2742 1071 2761; x_wconf 87' lang='lat' dir='ltr'><strong>nos</strong></span> <span class='ocrx_word' id='word_1_874' title='bbox 1096 2734 1180 2761; x_wconf 83' lang='lat' dir='ltr'><strong>faciat</strong></span> <span class='ocrx_word' id='word_1_875' title='bbox 1203 2733 1362 2768; x_wconf 84' lang='lat' dir='ltr'><strong>quiescere,</strong></span> <span class='ocrx_word' id='word_1_876' title='bbox 1383 2737 1571 2767; x_wconf 76' lang='lat' dir='ltr'><strong>congruenter</strong></span> <span class='ocrx_word' id='word_1_877' title='bbox 1590 2731 1615 2758; x_wconf 87' lang='lat' dir='ltr'><strong>ei</strong></span> <span class='ocrx_word' id='word_1_878' title='bbox 1639 2729 1712 2765; x_wconf 87' lang='lat' dir='ltr'><strong>quod</strong></span> 
     </span>
    </p>
   </div>
   <div class='ocr_carea' id='block_1_119' title="bbox 919 2775 1715 2816">
    <p class='ocr_par' dir='ltr' id='par_1_119' title="bbox 919 2775 1715 2816">
     <span class='ocr_line' id='line_1_119' title="bbox 919 2775 1715 2816; baseline -0.008 -9"><span class='ocrx_word' id='word_1_879' title='bbox 919 2782 1052 2816; x_wconf 81' lang='lat' dir='ltr'><strong>scriptum</strong></span> <span class='ocrx_word' id='word_1_880' title='bbox 1068 2784 1110 2807; x_wconf 86' lang='lat' dir='ltr'><strong>est</strong></span> <span class='ocrx_word' id='word_1_881' title='bbox 1127 2788 1133 2806; x_wconf 92' lang='lat'>:</span> <span class='ocrx_word' id='word_1_882' title='bbox 1154 2780 1242 2806; x_wconf 74' lang='lat' dir='ltr'><strong>Venite</strong></span> <span class='ocrx_word' id='word_1_883' title='bbox 1258 2780 1292 2806; x_wconf 78' lang='lat' dir='ltr'><strong>ad</strong></span> <span class='ocrx_word' id='word_1_884' title='bbox 1309 2787 1358 2810; x_wconf 79' lang='lat' dir='ltr'><strong>me,</strong></span> <span class='ocrx_word' id='word_1_885' title='bbox 1374 2787 1463 2806; x_wconf 73' lang='lat' dir='ltr'><strong>onmrs</strong></span> <span class='ocrx_word' id='word_1_886' title='bbox 1485 2778 1529 2812; x_wconf 80' lang='lat' dir='ltr'><strong>qui</strong></span> <span class='ocrx_word' id='word_1_887' title='bbox 1546 2775 1674 2802; x_wconf 72' lang='lat' dir='ltr'><strong>laboratis</strong></span> <span class='ocrx_word' id='word_1_888' title='bbox 1689 2779 1715 2801; x_wconf 76' lang='lat' dir='ltr'><strong>et</strong></span> 
     </span>
    </p>
   </div>
   <div class='ocr_carea' id='block_1_120' title="bbox 919 2823 1713 2861">
    <p class='ocr_par' dir='ltr' id='par_1_120' title="bbox 919 2823 1713 2861">
     <span class='ocr_line' id='line_1_120' title="bbox 919 2823 1713 2861; baseline -0.005 -8"><span class='ocrx_word' id='word_1_889' title='bbox 919 2828 1022 2854; x_wconf 70' lang='lat' dir='ltr'><strong>onerati</strong></span> <span class='ocrx_word' id='word_1_890' title='bbox 1041 2827 1117 2859; x_wconf 73' lang='lat' dir='ltr'><strong>estis,</strong></span> <span class='ocrx_word' id='word_1_891' title='bbox 1151 2830 1174 2852; x_wconf 80' lang='lat' dir='ltr'><strong>cl</strong></span> <span class='ocrx_word' id='word_1_892' title='bbox 1198 2827 1297 2861; x_wconf 72' lang='lat' dir='ltr'><strong>[ariam</strong></span> <span class='ocrx_word' id='word_1_893' title='bbox 1320 2835 1364 2852; x_wconf 78' lang='lat' dir='ltr'><strong>ros</strong></span> <span class='ocrx_word' id='word_1_894' title='bbox 1386 2827 1516 2860; x_wconf 67' lang='lat' dir='ltr'><strong>quiescere</strong></span> <span class='ocrx_word' id='word_1_895' title='bbox 1533 2824 1563 2850; x_wconf 78' lang='lat'><strong>&quot;.</strong></span> <span class='ocrx_word' id='word_1_896' title='bbox 1590 2823 1670 2856; x_wconf 82' lang='lat' dir='ltr'><strong>Quod</strong></span> <span class='ocrx_word' id='word_1_897' title='bbox 1691 2823 1713 2849; x_wconf 82' lang='lat' dir='ltr'><strong>si</strong></span> 
     </span>
    </p>
   </div>
   <div class='ocr_carea' id='block_1_121' title="bbox 1557 2911 1715 2941">
    <p class='ocr_par' dir='ltr' id='par_1_121' title="bbox 1557 2911 1715 2941">
     <span class='ocr_line' id='line_1_121' title="bbox 1557 2911 1715 2941; baseline -0.013 -3"><span class='ocrx_word' id='word_1_898' title='bbox 1557 2921 1612 2941; x_wconf 67' lang='lat' dir='ltr'><strong>suc.</strong></span> <span class='ocrx_word' id='word_1_899' title='bbox 1634 2911 1715 2938; x_wconf 63' lang='lat' dir='ltr'><strong>LXX.</strong></span> 
     </span>
    </p>
   </div>
   <div class='ocr_carea' id='block_1_122' title="bbox 1038 2915 1511 2944">
    <p class='ocr_par' dir='ltr' id='par_1_122' title="bbox 1038 2915 1511 2944">
     <span class='ocr_line' id='line_1_122' title="bbox 1038 2915 1511 2944; baseline -0.004 -3"><span class='ocrx_word' id='word_1_900' title='bbox 1038 2915 1166 2942; x_wconf 62' lang='grc' dir='ltr'><strong>’(ῖτὶιιιςς,</strong></span> <span class='ocrx_word' id='word_1_901' title='bbox 1184 2924 1210 2943; x_wconf 77' lang='grc' dir='ltr'><strong>ι,</strong></span> <span class='ocrx_word' id='word_1_902' title='bbox 1237 2917 1268 2942; x_wconf 72' lang='lat' dir='ltr'><strong>l1:</strong></span> <span class='ocrx_word' id='word_1_903' title='bbox 1318 2915 1393 2941; x_wconf 41' lang='lat' dir='ltr'><strong>&quot;lin</strong></span> <span class='ocrx_word' id='word_1_904' title='bbox 1424 2922 1459 2944; x_wconf 71' lang='lat' dir='ltr'><strong>IV,</strong></span> <span class='ocrx_word' id='word_1_905' title='bbox 1486 2915 1511 2938; x_wconf 79' lang='lat' dir='ltr'><strong>li.</strong></span> 
     </span>
    </p>
   </div>
   <div class='ocr_carea' id='block_1_123' title="bbox 1088 2951 1322 2980">
    <p class='ocr_par' dir='ltr' id='par_1_123' title="bbox 1088 2951 1322 2980">
     <span class='ocr_line' id='line_1_123' title="bbox 1088 2951 1322 2980; baseline -0.009 -2"><span class='ocrx_word' id='word_1_906' title='bbox 1088 2954 1106 2967; x_wconf 54' lang='grc' dir='ltr'><strong>’λ’</strong></span> <span class='ocrx_word' id='word_1_907' title='bbox 1123 2951 1205 2978; x_wconf 70' lang='lat' dir='ltr'><strong>Matth</strong></span> <span class='ocrx_word' id='word_1_908' title='bbox 1230 2960 1265 2980; x_wconf 79' lang='lat' dir='ltr'><strong>xl.</strong></span> <span class='ocrx_word' id='word_1_909' title='bbox 1278 2951 1322 2978; x_wconf 68' lang='lat'><strong>‘28.</strong></span> 
     </span>
    </p>
   </div>
  </div>
