1989 3184
246 224 300 257 8ἓῦ

247 284 331 312 etiam
348 283 387 310 vis
405 288 486 309 nosse
506 288 570 307 eum
594 280 697 306 habere
719 285 766 304 sex
791 276 848 304 alas
865 297 871 308 ,
889 275 953 303 audi
975 283 1038 302 cum
1057 280 1074 306 Α

246 331 294 366 qui
315 330 366 364 ipsi
378 329 447 356 dicit
463 337 469 354 :
486 328 517 355 In
533 327 646 362 tegmine
670 325 777 352 alarum
793 328 902 350 tuarum
921 327 1039 357 protegas

248 385 308 408 me;
319 375 460 402 extendens
477 373 535 400 ulna
547 381 610 400 suas
626 381 668 398 eos
680 371 793 405 suscepit
810 369 841 395 ¹⁶.
854 367 1039 401 Quemadmo-

247 431 313 449 num
339 426 431 448 autem
458 420 504 447 tua:
524 427 585 446 uera
608 418 765 444 illuminans
785 423 889 442 omnem
910 415 1041 442 hominem

249 469 395 495 venientem
412 468 439 494 in
453 466 580 493 immdiuu
600 465 631 496 ”,
646 463 747 490 merito
759 461 852 489 omnia
879 460 1019 495 aspiciens
1034 479 1041 490 .

248 519 364 542 vocatus
383 517 435 545 est,
455 511 664 545 πολυόφθαλμυς
690 509 718 536 id
741 512 794 540 est,
816 508 918 534 multos
938 506 1043 532 habens

249 561 355 588 oculos.
380 560 433 587 Per
464 556 670 592 homonymiam
694 560 788 582 autem
820 553 975 590 appellatus
1001 555 1043 578 est

249 610 333 634 etiam
354 606 497 637 Dominus.
513 604 560 640 qui
574 605 602 631 ili
618 602 794 630 dominantes
809 601 917 628 obtinet
937 599 1042 634 princi-

249 659 343 690 patum
358 662 363 679 τ
381 653 509 679 Dominus
521 651 597 678 enim
609 654 652 677 est
667 650 744 684 fortis
757 654 781 675 et
797 651 898 683 potens,
914 646 1042 673 Dominus

250 707 341 736 patens
355 703 382 728 in
394 700 461 727 bello
480 700 514 726 ’⁸.
531 699 576 728 Ει.
592 697 721 724 Dominus
735 697 862 722 virtutum
879 694 912 720 η.
929 694 973 725 Ει,
990 693 1042 719 Do-

251 749 340 774 minus
357 746 502 774 attissimus
517 746 552 771 ‘°.
568 744 704 777 Quoniam
728 745 823 769 autem
845 741 1044 774 interpretatur

251 792 415 823 Cherubin],
436 790 574 818 multitudo
600 788 755 824 cognitionis
777 795 785 813 :
806 786 879 812 Deus
894 788 987 811 autem
1003 787 1045 810 est

251 837 386 864 Dominus
400 836 602 871 cognitionum,
626 834 684 868 ipse
697 833 771 860 enim
785 829 928 865 cognoscit
951 828 1045 855 omnia

251 889 399 918 antequam
413 882 480 909 [iant
493 882 527 912 “,
542 885 570 908 ct
586 889 593 907 :
611 880 693 907 Nemo
708 878 838 913 cognoscit
862 876 971 903 Patrem
995 874 1045 901 nisi

252 929 336 956 Filius
355 930 396 961 ";
419 928 519 955 merito
542 931 658 954 vocatur
677 925 762 952 etiam
777 922 862 958 859
873 921 1043 952 Cherubim,

251 975 298 1008 qui
316 974 374 1008 ipsa
401 972 526 1000 condidit
550 970 712 999 Cherubim.
736 968 815 995 Sicut
832 967 915 994 etiam
940 972 1042 992 rursus
1061 963 1082 992 Β

252 1018 490 1054 Seraphim,quod
501 1017 698 1051 interpretatur
710 1015 778 1050 ignis
795 1014 891 1042 ardens
899 1018 923 1040 et
939 1014 1046 1040 combu-

253 1066 426 1093 rens:1)eus
451 1063 527 1092 enim
552 1067 663 1095 noster,
687 1061 760 1096 ignis
783 1060 950 1088 comburens
961 1058 984 1074 ’⁸
1004 1061 1047 1084 est

252 1113 380 1140 Christus
397 1120 403 1138 :
420 1115 448 1138 et
467 1110 547 1138 ideo:
570 1109 632 1137 Veni
644 1129 650 1139 ,
668 1108 778 1142 inquit,
799 1108 887 1141 ignem
902 1105 1005 1132 mittere
1019 1104 1047 1130 in

254 1158 396 1186 terram".
422 1157 476 1185 Sed
494 1156 548 1184 hoc
562 1155 675 1190 quidem
698 1160 830 1188 tanquam
845 1160 895 1186 per
906 1151 1047 1186 epitomen

252 1214 328 1234 nunc
342 1205 447 1232 dictum
459 1204 495 1231 sit
507 1201 739 1237 quemadmodum
756 1198 915 1227 referuntur
926 1198 954 1224 in
967 1196 1048 1224 Chri-

254 1259 339 1284 stum,
357 1257 386 1279 et
402 1251 473 1278 facta
490 1250 546 1277 sint
556 1256 620 1276 cum
632 1247 710 1282 prius
725 1245 911 1274 describentia
925 1252 957 1271 ac
980 1250 1050 1278 prm—

254 1297 413 1333 ligurantia.
437 1295 516 1329 Quod
535 1300 627 1322 autem
652 1301 685 1321 ea
705 1299 816 1327 quoque
843 1291 900 1317 sint
919 1288 1049 1316 Ecclesia:

254 1343 441 1378 ixemplaria,
458 1346 486 1369 et
501 1342 589 1376 ipsam
607 1340 685 1374 prius
704 1338 861 1374 signiﬁcent
878 1341 906 1364 et
920 1336 1047 1371 ﬁgurant,

255 1392 290 1418 ab
305 1391 358 1417 hac
383 1388 557 1417 dubitatione
581 1392 608 1414 te
624 1393 723 1413 rursus
739 1384 839 1412 liberat
861 1383 919 1418 ipse
939 1382 1050 1409 divinus

254 1437 405 1472 Apostolus
424 1436 451 1462 in
476 1434 598 1469 Epistola
613 1433 646 1459 ad
667 1432 815 1463 liebrmos,
839 1430 936 1457 dicens
960 1428 994 1455 de
1012 1432 1051 1455 ta-

255 1483 407 1510 bernaculo
425 1479 575 1508 testimonii
595 1483 622 1506 et
633 1479 668 1506 de
682 1477 813 1505 omnibus
829 1476 856 1503 in
874 1482 908 1502 co
921 1479 1050 1502 constru-

255 1529 319 1560 ctis,
333 1528 406 1563 quod
421 1536 452 1555 ea
465 1527 537 1554 facta
550 1525 606 1553 sint
622 1525 649 1552 in
664 1524 778 1559 ﬁguram
790 1521 1050 1552 Eeelesimﬂicens:

256 1576 355 1603 t‘v'oniu
396 1574 550 1608 manufacta
565 1573 699 1607 ingressus
725 1573 763 1596 est
786 1569 905 1597 Christus
927 1575 1051 1594 verorum

257 1620 434 1655 exemplaria,
458 1619 504 1646 sed
520 1619 548 1644 in
570 1618 656 1652 ipsum
676 1614 813 1643 coelum”.
829 1614 930 1643 Diceris
946 1617 1049 1645 autem,

258 1666 442 1700 exemplaria,
472 1663 595 1691 ostendit
624 1662 695 1689 citra
719 1661 801 1689 ullam
828 1659 1048 1690 dubitationem,

259 1719 436 1748 qtmcuuque
450 1709 554 1737 suntin
571 1708 696 1736 Ecclesia
711 1714 772 1735 esse
792 1707 962 1735 imitamenta
975 1704 1052 1732 ordi-

259 1765 326 1785 num
348 1755 513 1784 cmlestium.
539 1754 569 1782 Si
589 1761 656 1789 ergo
673 1753 822 1782 invisibilia
834 1773 841 1786 ,
864 1756 891 1781 et
909 1758 970 1786 quae
987 1755 1052 1778 sunt

260 1803 498 1839 prmstantissima,
521 1805 587 1830 sunt
615 1805 774 1835 comparata
797 1799 831 1826 ad
852 1798 999 1833 imaginem
1024 1801 1053 1825 et

261 1849 377 1884 ﬁguram
394 1846 540 1879 Ecclesia),
555 1853 589 1874 ne
604 1845 639 1874 de
657 1849 756 1872 extero
770 1843 889 1878 amplius
906 1842 1053 1869 dubitave—

261 1897 312 1927 ris,
330 1899 358 1922 et
384 1902 419 1921 ne
440 1894 522 1921 ﬁdem
550 1900 606 1920 non
633 1891 766 1921 habueris
783 1889 857 1925 quod
874 1894 902 1917 et
924 1889 1053 1923 universa

265 1940 418 1972 terrestria,
441 1946 502 1974 qua:
518 1938 619 1972 scripta
639 1940 704 1966 sunt
719 1936 747 1964 in
771 1936 830 1970 lege
847 1934 974 1966 Mosaica,
992 1942 1053 1962 um-

262 1987 341 2014 bram
351 1987 511 2014 habuerunt
527 1990 555 2012 et
570 1985 685 2020 ﬁguram
699 1983 855 2010 futurorum
866 1981 892 2008 in
908 1981 990 2008 nobis
1003 1980 1054 2007 bo-

261 2040 372 2063 narum,
388 2037 419 2060 ut
435 2032 518 2059 docet
538 2031 683 2059 Paulus”.
698 2029 744 2056 Sic
758 2032 800 2056 est
813 2027 887 2055 enim
902 2027 1055 2061 intelligen-

262 2080 339 2110 dum,
356 2078 431 2113 quod
448 2078 516 2106 dicit
530 2077 669 2106 Christus.
688 2074 761 2110 quod
774 2075 828 2102 iota
845 2081 928 2100 unnni
944 2076 967 2099 et
988 2081 1055 2107 apes;

263 2134 347 2158 unus,
375 2133 425 2160 per
449 2132 511 2160 quae
540 2123 711 2158 signiﬁcatur
739 2123 849 2157 signum
878 2120 1054 2152 crucis,i:an

262 2171 405 2206 prieteribit
422 2179 438 2198 α
459 2170 515 2205 lege
537 2170 617 2196 donec
634 2169 724 2196 omnia
743 2167 810 2200 ﬁunt
823 2167 862 2199 ⁸⁷,
877 2166 912 2193 de
926 2166 986 2200 ipso
1000 2166 1055 2193 sci-

261 2218 327 2246 licet
362 2217 467 2245 dictum
505 2220 548 2244 est
579 2220 607 2243 et
641 2214 676 2242 de
706 2213 840 2243 Ecclesia.
871 2212 957 2248 Cujus
980 2211 1056 2239 enim

262 2269 337 2291 esset
360 2265 461 2298 imago,
489 2261 697 2289 tabernaculum
715 2259 885 2291 testimonii,
916 2262 945 2285 et
969 2265 1057 2293 agnus

262 2309 410 2344 paschalis,
427 2313 455 2336 et
476 2307 599 2342 sanguis.
618 2310 646 2333 et
661 2305 798 2340 aspersio,
822 2309 850 2332 et
868 2303 1013 2335 sacriﬁcia,
1029 2308 1058 2330 et

263 2355 347 2390 ignis,
359 2359 387 2382 et
401 2361 575 2390 quacunque
590 2353 658 2379 ﬁunt
672 2360 721 2387 per
739 2351 853 2387 legalem
873 2350 920 2378 Dei
936 2350 1054 2382 cultum,

263 2401 316 2431 nisi
337 2401 440 2429 Christi
458 2405 486 2428 et
510 2399 657 2428 Ecclesiae?
673 2397 752 2427 Unde
775 2398 858 2425 etiam
881 2397 928 2425 oui
951 2396 1052 2424 divinis

302 2482 324 2498 ¹⁸
339 2481 411 2509 Psal.
426 2489 480 2512 va,
492 2480 518 2507 9.
559 2479 663 2507 "Joan.
680 2487 698 2509 ι,
714 2478 740 2506 9.

265 2525 289 2543 xi
299 2536 306 2549 ,
319 2516 364 2543 Q7.
390 2517 412 2532 "
427 2516 507 2543 Deut.
521 2523 555 2547 ιτ,
566 2514 610 2542 24.

266 2551 311 2579 52.
345 2551 367 2567 ¹⁹
380 2551 460 2580 Num.
476 2559 539 2582 xxn,
552 2550 598 2578 ‘28.

781 2478 802 2494 ¹¹¹¹
812 2478 884 2506 Psal.
897 2486 971 2507 xuii.
988 2478 1014 2505 8.

647 2514 670 2530 ³⁸
680 2514 747 2541 Luc.
760 2522 807 2545 xu,
827 2513 869 2540 49.

634 2550 656 2566 ³ο
675 2550 744 2577 Psal.
763 2557 853 2580 cxrut,
870 2549 912 2576 18.

852 221 882 249 S.
904 218 1102 249 ANASTASII
1121 216 1284 247 SINAlei

1055 2478 1075 2493 υ
1089 2476 1157 2504 ibid.
1177 2476 1219 2503 10.

909 2513 932 2528 ’³⁵
945 2513 1029 2540 llebr.
1051 2521 1086 2546 Ix,
1100 2513 1145 2540 2i.

1832 212 1848 242 δ

1091 284 1219 311 sensibus
1243 283 1353 310 ornavit
1374 282 1526 309 Eeclesiam
1548 281 1748 309 celeberrimus
1766 280 1889 316 Cyrilins

1092 331 1119 357 in
1137 329 1351 357 Conmentariis
1368 328 1531 356 Hexaemeri
1556 327 1584 354 in
1601 326 1741 358 Genesim,
1755 325 1823 352 dixit
1837 334 1890 360 per

1093 377 1164 403 hanc
1181 376 1326 402 Mosaicam
1350 374 1521 409 Scripturam
1541 372 1701 408 annuntiari
1723 371 1889 407 mysterium

1091 423 1198 451 Christi
1212 426 1240 449 et
1254 412 1398 449 Ecclesiae.
1418 421 1440 447 A
1454 428 1509 455 quo
1525 419 1674 450 deductus,
1697 422 1726 446 et
1741 426 1757 444 a
1770 425 1826 452 quo
1839 425 1889 444 ac—

1093 475 1172 505 cepta
1188 469 1334 496 occasione
1345 467 1518 499 Ammonius,
1527 465 1738 502 probatissimos
1750 465 1891 499 interpres

1094 515 1225 543 Ecclesiae
1250 514 1452 546 Alexandrinae,
1480 513 1507 539 in
1529 519 1614 547 opere
1636 511 1710 546 quod
1731 510 1892 544 composuit

1094 567 1271 597 paternarum
1295 561 1496 588 sententiarum
1514 558 1687 589 llexaemeri,
1716 556 1784 583 dixit
1800 556 1890 590 pluri-

1095 617 1155 636 inos
1165 609 1221 635 vim
1237 608 1363 635 attulisse
1377 606 1471 634 sensui
1485 605 1633 640 Scripturre
1644 612 1659 630 a
1674 603 1890 637 Deoiuspirane,

1095 656 1141 691 qui
1165 655 1371 683 contenderunt
1395 661 1456 680 eam
1473 660 1527 679 non
1550 658 1612 678 esse
1633 651 1732 678 factam
1751 657 1766 676 a
1783 650 1839 676 Deo
1861 649 1891 675 in

1096 701 1210 734 ﬁguram
1225 699 1366 730 Ecclesia),
1382 697 1429 724 sed
1445 697 1497 724 soli
1511 697 1613 723 litterae
1628 695 1796 723 servierunt.
1813 694 1892 720 lianc

1095 748 1168 774 enim
1177 754 1237 774 esse
1250 753 1360 773 causam
1375 743 1571 771 nonnullorum
1582 741 1777 776 Expositorum
1787 740 1820 766 ab
1829 740 1893 766 aliis

1096 793 1298 824 dissensionis,
1318 792 1388 819 dixit
1401 791 1472 818 idem
1491 780 1664 817 Ammonius.
1678 788 1706 815 Si
1723 788 1797 814 enim
1816 786 1891 821 quod

1097 839 1188 866 omnis
1203 841 1332 866 creatura
1348 837 1419 864 facta
1438 840 1481 863 est
1500 839 1614 870 propter
1635 833 1779 861 hominem
1802 832 1892 859 Adam

1096 887 1124 910 et
1136 883 1232 915 Evam,
1243 881 1346 909 Paulus
1360 880 1393 908 ad
1410 880 1561 908 Ecelcsiam
1584 879 1678 911 refert,
1701 878 1799 906 dicens
1814 887 1819 904 :
1839 876 1892 904 Sn-

1097 932 1261 955 cramcntnm
1277 929 1323 954 hoc
1345 934 1469 961 magnum
1482 930 1529 956 cst,
1545 933 1591 959 ego
1609 928 1697 951 autem
1711 924 1768 950 dico
1779 924 1805 950 in
1815 923 1892 949 Chri-

1097 978 1137 999 sto
1156 978 1180 1000 et
1208 971 1326 1001 Ecclesia
1335 972 1370 1004 *⁸,
1386 972 1446 998 sine
1471 971 1558 998 dubio
1586 970 1678 997 onmis
1694 978 1756 1004 qum
1779 973 1894 1004 propter

1098 1019 1238 1046 hominem
1256 1024 1284 1046 ct
1300 1023 1414 1053 propter
1430 1019 1491 1053 ejus
1511 1018 1656 1052 conjugem
1673 1016 1743 1043 facta
1758 1019 1802 1042 est
1816 1022 1895 1041 crea-

1098 1070 1170 1096 tura,
1199 1064 1319 1091 refertur
1338 1063 1372 1090 ad
1395 1062 1537 1090 Christum
1561 1067 1590 1088 et
1615 1061 1778 1096 Ecclesium.
1805 1058 1894 1092 Atque

1098 1109 1170 1144 quod
1189 1109 1242 1136 hoc
1257 1108 1369 1143 quidem
1387 1112 1581 1142 argumentum
1600 1110 1708 1134 nostras
1722 1105 1795 1132 vires
1812 1111 1896 1138 supe-

1100 1160 1152 1186 ret.
1178 1162 1269 1188 neque
1295 1162 1347 1182 nos
1376 1161 1521 1188 negamus,
1539 1160 1631 1187 neque
1653 1151 1726 1178 ullus
1748 1150 1797 1188 qui
1810 1149 1895 1184 sapit.

1099 1199 1151 1226 Sed
1169 1199 1302 1234 quoniam
1318 1198 1383 1225 hinc
1399 1187 1498 1233 magna
1511 1201 1553 1225 est
1567 1197 1596 1224 in
1617 1195 1741 1224 Ecclesia
1753 1187 1894 1229 gloriatio,

1098 1250 1126 1273 et
1143 1245 1240 1280 quavis
1258 1245 1403 1279 Scriptum
1424 1245 1527 1279 majora
1551 1244 1618 1270 hinc
1635 1242 1736 1276 accipit
1751 1248 1826 1268 arma
1847 1239 1896 1266 ad-

1099 1300 1197 1319 versus
1213 1291 1325 1327 pietatis
1349 1291 1477 1318 inimicos
1496 1291 1543 1325 qui
1558 1297 1619 1317 eam
1636 1287 1895 1318 circumdederunt,

1099 1345 1131 1364 ea
1147 1337 1181 1364 de
1201 1345 1283 1364 causa
1307 1337 1437 1364 invocato
1451 1335 1562 1364 Christo
1586 1335 1683 1362 datore
1710 1332 1824 1362 luminis
1845 1339 1897 1365 per

1100 1392 1178 1411 suam
1189 1383 1334 1418 eonjugcm
1348 1382 1512 1414 Ecclesium,
1529 1382 1576 1417 qui
1590 1381 1751 1412 Balaamiea:
1765 1380 1850 1407 asina:
1858 1379 1895 1410 ‘9,

1100 1431 1258 1466 postulante
1275 1435 1411 1464 tempore,
1428 1437 1460 1456 os
1473 1429 1597 1464 aperuit,
1610 1433 1639 1456 et
1650 1428 1696 1463 qui
1714 1427 1809 1454 multis
1821 1426 1894 1453 iudi-

1100 1477 1172 1512 gnis,
1184 1484 1218 1503 ne
1226 1476 1315 1503 dicam
1330 1475 1472 1508 omnibus,
1485 1475 1616 1510 przeclara
1626 1482 1675 1501 sua
1684 1474 1754 1501 dona
1764 1472 1896 1507 largitur,

1101 1530 1185 1550 ausus
1201 1530 1263 1550 sum
1288 1522 1455 1550 immensum
1477 1521 1531 1548 hoc
1554 1519 1662 1556 ingredi
1683 1519 1808 1554 pelagus,
1834 1522 1898 1553 post

1101 1568 1243 1596 Christum
1264 1573 1346 1595 utens
1372 1567 1549 1603 adjutoribus
1573 1567 1678 1594 sanctis
1695 1565 1742 1600 qui
1760 1568 1825 1591 ante
1845 1571 1898 1591 nos

1102 1619 1292 1650 exposuerunt
1320 1613 1461 1642 Patribus.
1477 1613 1545 1641 Nam
1558 1612 1611 1640 etsi
1634 1611 1782 1639 Mosaicae)
1804 1609 1899 1644 posui-

1102 1669 1164 1689 mus
1185 1665 1250 1688 ante
1267 1660 1439 1696 Seripturam
1457 1658 1646 1694 evangelicum
1658 1677 1666 1690 ,
1690 1657 1724 1684 ad
1746 1655 1898 1691 expositio-

1102 1716 1177 1740 nem,
1197 1715 1252 1736 non
1268 1711 1360 1734 tamen
1383 1706 1496 1741 ﬁguram
1511 1704 1635 1736 veritati,
1659 1710 1750 1738 neque
1769 1702 1898 1729 umbram

1103 1754 1198 1786 rebus,
1217 1761 1308 1788 neque
1319 1753 1491 1787 prmteritum
1509 1749 1712 1786 prarposuimus
1723 1748 1853 1783 praesenti
1863 1748 1897 1774 ad

1104 1800 1270 1832 doctrinam,
1303 1799 1351 1826 sed
1368 1803 1398 1826 ut
1424 1803 1519 1833 aperte
1539 1796 1720 1824 ostendamus
1743 1795 1817 1829 quod
1840 1794 1900 1821 haec

1104 1847 1196 1881 prisca
1208 1851 1236 1873 et
1252 1845 1411 1879 antiquiora
1427 1843 1606 1879 prieﬁgurant
1628 1846 1723 1869 nostra
1740 1841 1856 1875 mystica
1872 1844 1900 1866 et

1105 1899 1203 1918 recens
1218 1895 1325 1922 exorta,
1340 1894 1368 1917 et
1389 1889 1555 1917 adumlirant
1571 1887 1718 1914 veritatem
1735 1885 1825 1913 donec
1840 1885 1900 1919 ipsa

1105 1937 1190 1968 venit,
1205 1941 1233 1964 et
1254 1939 1341 1963 totum
1359 1942 1461 1969 corpus
1483 1938 1585 1962 sancta:
1607 1932 1759 1966 Scriptura:
1780 1929 1901 1957 reddidit

1105 1990 1206 2018 expers
1222 1983 1337 2010 umbrae.
1356 1981 1435 2014 Quod
1461 1981 1483 2007 si
1510 1980 1594 2007 etiam
1618 1977 1723 2012 aliquid
1746 1984 1849 2003 novum
1873 1978 1902 2002 ct

1106 2029 1199 2056 minus
1214 2033 1378 2056 consuetum
1396 2033 1490 2055 nostra
1508 2026 1583 2052 dicat
1604 2024 1706 2055 oratio,
1724 2030 1855 2058 rogamus
1873 2027 1902 2049 et

1106 2074 1288 2105 obsecramus
1318 2078 1372 2102 tam
1396 2076 1547 2108 praesentes
1575 2078 1658 2106 quam
1684 2070 1794 2101 futuros
1830 2067 1901 2095 ﬁlios

1107 2126 1209 2150 sancta:
1226 2120 1368 2152 Ecclesia,
1387 2127 1421 2146 ne
1435 2118 1548 2146 inimico
1559 2122 1588 2144 et
1610 2116 1705 2145 invido
1720 2115 1899 2149 maligneque

1107 2168 1217 2200 animo;
1241 2167 1288 2194 sed
1313 2166 1436 2193 fraterno
1454 2164 1570 2193 audiant
1592 2171 1653 2198 quae
1667 2162 1810 2190 dicuntur.
1823 2161 1900 2188 Nun-

1107 2221 1189 2248 quam
1201 2212 1274 2240 enim
1293 2212 1438 2243 aberrans,
1452 2215 1480 2238 et
1497 2211 1620 2246 perlecta
1644 2217 1739 2238 rerum
1760 2208 1899 2244 cognitio,

1108 2263 1152 2286 est
1174 2258 1261 2285 solius
1278 2257 1338 2289 Dei,
1353 2257 1490 2292 siquidem
1506 2257 1590 2284 etiam
1609 2255 1759 2291 spiritualis
1773 2263 1805 2282 es:
1825 2258 1902 2289 parte

1075 2323 1096 2349 ο
1108 2304 1250 2339 cognoscit,
1266 2308 1290 2330 et
1305 2311 1337 2330 ea:
1354 2308 1430 2338 parte
1444 2303 1571 2338 loquitur,
1584 2307 1613 2329 et
1627 2302 1675 2337 qui
1693 2306 1736 2330 est
1748 2300 1901 2329 secundum

1109 2358 1157 2378 cor
1175 2350 1253 2389 Dei,
1283 2349 1369 2377 David
1398 2350 1544 2384 precatur',
1573 2349 1689 2376 dicens:
1709 2348 1790 2382 Aperi
1814 2345 1901 2374 oculos

1109 2404 1189 2428 meas,
1209 2401 1235 2423 ut
1251 2395 1400 2430 intelligam
1414 2394 1550 2422 mirabilia
1567 2393 1631 2429 legis
1642 2393 1736 2422 tua”.

1258 2477 1280 2491 ὀ
1294 2475 1420 2508 Psal.xn,
1431 2475 1458 2502 6.
1497 2475 1517 2490 "
1530 2475 1599 2501 Dan.
1609 2482 1665 2505 xm,
1681 2473 1731 2508 1.2.7
1751 2471 1900 2508 fliam].

1185 2511 1207 2527 ¹⁶
1219 2511 1304 2539 ilehr.
1319 2519 1352 2544 x,
1369 2511 1394 2543 1,
1415 2506 1418 2508 ⁷
1433 2511 1455 2526 ¹⁷
1470 2509 1567 2537 Matth.
1582 2517 1608 2542 v,
1631 2509 1675 2536 18.
1710 2507 1734 2524 ’⁸
1750 2506 1853 2542 Ephes.
1874 2514 1901 2539 v,
