1977 3239
106 223 161 257 857

672 226 712 256 IN
733 226 1009 258 ΗΕΚΛΕΜΕΠΟΝ.
1031 239 1062 245 -
1085 229 1158 259 LIB.
1178 229 1203 259 Ι.

1700 230 1755 262 858

111 325 1748 341 .__________.________——____

713 403 890 448 LIBER
929 404 1176 451 PRIMUS.

703 510 744 531 DE
766 509 865 531 PRIMO
887 509 940 529 οιΕ
965 509 1167 533 CREATIONIS.

112 652 140 678 1η
159 653 299 691 principio
311 653 370 691 fecit
381 652 451 691 Deus
461 652 554 679 emtum
564 657 588 691 et
605 657 716 679 terram.
733 652 813 691 Terra
822 656 910 678 autent
927 654 946 681 A
963 660 1017 680 non
1035 660 1096 681 esse
1112 659 1214 686 ortum,
1242 659 1270 682 ct
1290 661 1494 691 consequenter
1518 657 1648 685 dixerunt
1672 659 1753 686 simul

146 694 202 715 erat
220 688 362 716 invisibilis
382 693 406 714 et
432 688 605 722 incomposita
620 707 627 717 ,
646 692 670 713 rt
698 687 811 714 (craebra:
831 695 910 718 δημιϊ

145 724 284 758 abyswm,
298 728 323 749 et
336 722 452 759 Spiritus
469 723 517 750 Dei
530 723 662 757 ferebatur
675 731 754 758 super
769 723 908 757 aquam“.

145 791 218 824 Quot
235 796 263 819 et
280 792 377 826 quales
391 791 496 818 fuerint
510 791 656 818 sententiae
664 799 760 818 eorum
774 791 820 825 qui
837 791 907 818 mul-

113 837 146 863 tis
169 840 236 864 ante
251 836 360 864 seculis
376 844 408 863 ea
421 843 482 871 quae
491 842 556 863 sunt
569 836 616 862 hic
630 835 754 871 subjecta
769 843 907 870 exposue-

111 888 188 914 runt,
209 891 302 918 neque
328 883 410 910 nobis
423 882 503 910 facile
528 886 570 910 est
588 882 695 914 dicere,
718 890 770 910 nec
787 882 908 910 auditori

111 930 272 965 expeditum
290 930 399 958 audire.
417 931 486 958 Nam
501 930 536 957 de
552 930 600 957 illo
616 939 622 957 :
639 930 671 958 In
688 930 819 965 principia
837 930 907 964 fecit.

111 976 279 1004 dubitarunt.
304 977 430 1004 nonnulli
452 981 544 1004 utrum
568 977 657 1012 ipsum
673 977 841 1012 principium
858 976 909 1003 lla-

112 1023 178 1050 bcat
201 1023 315 1057 aliquod
332 1023 478 1058 antiquius
500 1023 670 1058 principium
687 1030 721 1050 ex
735 1030 790 1058 quo
806 1022 910 1057 depen—

112 1069 196 1101 deat;
212 1077 246 1096 an
263 1070 300 1097 sit
323 1069 383 1097 sine
398 1070 545 1105 principio.
573 1070 607 1097 Et
628 1070 651 1097 si
671 1070 756 1097 habet
776 1069 907 1104 quidem,

112 1123 167 1143 non
186 1120 279 1150 potest
287 1116 378 1142 vocari
393 1115 630 1151 principium.Sin
644 1121 737 1144 autem
748 1123 803 1143 non
814 1115 907 1148 habet,

112 1162 251 1197 principio
267 1162 375 1190 scilicet
389 1166 466 1189 caret
481 1166 509 1189 et
523 1166 660 1197 tempore.
676 1162 820 1195 Quodnam
834 1162 909 1189 enim

112 1209 165 1244 jam
189 1212 281 1243 potest
294 1215 356 1236 esse
367 1212 477 1243 tempus
493 1212 521 1235 et
539 1198 708 1243 principium
733 1208 759 1235 ei
775 1208 848 1243 quod
863 1215 909 1235 ea-

113 1259 154 1282 ret
171 1255 332 1290 principio?
348 1255 416 1282 Nam
440 1254 611 1289 principium
625 1262 681 1282 non
703 1254 787 1281 habet
804 1253 908 1289 aliquid

113 1308 142 1328 sc
155 1301 247 1336 prius,
264 1305 295 1327 ut
314 1299 344 1328 ﬁt
360 1300 387 1327 in
406 1302 522 1328 materia
538 1305 565 1327 et
579 1300 685 1333 forma;
705 1299 820 1326 materia
833 1299 907 1327 enim

112 1349 154 1373 est
180 1345 258 1380 prior
275 1345 373 1372 forma.
401 1345 536 1373 Similiter
557 1349 585 1372 et
599 1345 766 1372 elementum
790 1352 853 1372 eum
873 1345 909 1372 sit

113 1391 299 1426 compositum
320 1395 348 1418 et
363 1395 470 1418 constet
484 1399 517 1418 ex
536 1391 652 1418 materia
663 1395 692 1418 et
707 1390 805 1422 forma,
824 1390 909 1418 liabet

113 1437 282 1473 principium
296 1458 302 1469 ,
326 1437 470 1464 materiam
488 1441 516 1465 et
538 1437 666 1464 formam.
680 1436 729 1464 E'st
744 1441 848 1468 autem,
868 1437 910 1464 in-

113 1484 224 1519 quiunt,
238 1485 352 1512 materia
364 1485 487 1512 omnium
499 1484 749 1519 principium,cum
761 1484 797 1511 sit
811 1492 854 1511 res
869 1484 911 1511 in.

113 1539 260 1566 corporea,
279 1539 379 1565 expers
393 1531 546 1566 qualitatis,
560 1534 588 1558 et
606 1538 669 1565 quae
683 1530 741 1557 sola
754 1530 910 1564 explicatur

113 1576 233 1607 ratione,
255 1583 312 1603 non
337 1576 411 1603 cadit
428 1579 520 1603 autem
539 1575 592 1602 sub
610 1583 733 1607 sensum.
756 1575 817 1610 ipsa
831 1583 907 1610 ergo,

114 1622 223 1657 inquit,
240 1630 254 1649 a
279 1621 366 1657 ﬁgura
391 1622 482 1657 qualis
504 1621 638 1656 impressa
652 1641 659 1652 .
679 1628 740 1656 qua:
757 1620 845 1648 forma
868 1625 910 1648 est

113 1671 292 1702 Corporatur.
308 1667 341 1694 Et
359 1668 479 1702 primum
496 1667 610 1702 quidem
627 1666 655 1694 fit
671 1667 849 1698 elementum,
863 1670 910 1692 aut

112 1715 210 1745 aether.
225 1718 273 1741 aut
297 1714 377 1749 ignis,
395 1718 444 1741 aut
456 1721 514 1746 aer,
535 1717 583 1740 aut
599 1718 683 1740 terra.
701 1712 817 1744 Deinde,
835 1719 910 1739 com-

113 1760 202 1796 plexis
213 1760 257 1787 his
265 1760 420 1791 clementis,
439 1759 470 1787 fit
486 1759 671 1794 compositum
695 1763 744 1785 aut
758 1758 909 1786 animatum

114 1810 162 1834 aut
177 1806 371 1833 inanimatam.
387 1806 421 1832 Et
447 1806 561 1833 materia
579 1805 691 1841 quidem
706 1809 735 1832 et
749 1804 848 1837 forma,
866 1805 909 1831 in-

114 1853 228 1887 quiunt,
254 1851 288 1878 ad
312 1851 441 1886 principii
457 1850 573 1879 formam
589 1851 676 1886 magis
698 1850 805 1878 accedit
828 1857 909 1885 quam

114 1898 265 1925 elementa.
280 1897 423 1924 Elementa
435 1901 527 1924 autem
536 1897 569 1924 ad
583 1896 713 1932 principii
725 1896 841 1923 formam
854 1903 912 1922 ma-

115 1943 156 1978 gis
166 1942 305 1970 accedunt
317 1950 398 1977 quam
408 1942 460 1969 alia
471 1950 598 1977 corpora.
612 1941 668 1970 Nos
675 1946 767 1969 autem
777 1942 908 1969 dicimus:

962 707 1022 729 esse
1038 699 1210 728 universum.
1241 700 1311 728 Sunt
1333 707 1425 728 autem
1448 703 1532 730 etiam
1549 704 1597 738 qui
1624 704 1755 732 dixerunt

962 745 1052 778 ipsum
1068 753 1129 773 esse
1146 750 1220 772 sorte
1230 750 1258 773 et
1273 754 1349 778 casu,
1361 751 1389 774 et
1403 753 1432 774 ut
1442 748 1554 778 accidit,
1574 753 1679 783 partem
1694 749 1754 784 ejus

960 790 1077 824 primam
1089 795 1178 818 ortam
1197 799 1268 819 esse.
1284 793 1337 819 Alii
1352 797 1444 821 autem
1457 794 1484 820 in
1496 799 1618 829 qualaor
1633 794 1755 821 clemen-

962 840 999 868 ta,
1018 842 1046 863 et
1060 837 1187 872 quintum
1212 845 1314 872 corpus
1327 840 1477 867 :etbereum
1495 840 1656 867 universum
1674 848 1755 868 mun—

961 882 1026 910 dum
1040 883 1212 915 dividentes,
1237 888 1266 911 et
1284 889 1404 919 quatuor
1429 886 1566 914 elementa
1584 886 1624 919 fab
1651 886 1754 914 aethere

961 929 1150 957 administrari
1163 929 1354 958 existimantes
1378 931 1502 964 (:etheris
1519 936 1612 959 autem
1628 939 1673 959 res
1690 932 1753 966 pul-

960 975 1098 1009 cherrima
1116 980 1158 1003 cst
1172 977 1296 1012 cmlum),
1315 977 1342 1004 id
1360 977 1480 1012 primum
1505 981 1598 1004 ortum
1623 986 1685 1005 esse
1712 979 1756 1005 di-

960 1024 1036 1047 cunt.
1051 1020 1106 1048 Nos
1126 1025 1218 1049 autem
1238 1021 1324 1049 divini
1343 1022 1425 1049 lliosis
1438 1022 1513 1057 leges
1532 1026 1560 1049 et
1585 1022 1696 1049 decreta
1710 1030 1754 1049 se-

960 1072 1087 1101 quentes,
1098 1069 1125 1094 in
1135 1069 1263 1103 principio
1271 1067 1363 1096 emtum
1374 1073 1398 1094 et
1407 1073 1508 1094 terram
1517 1068 1598 1095 simul
1611 1067 1681 1095 facta
1693 1075 1754 1095 esse

960 1113 1089 1141 dicimus.
1105 1114 1138 1141 Et
1157 1114 1252 1148 siquis
1262 1114 1321 1142 vult
1332 1114 1429 1141 videre
1442 1114 1608 1149 principium
1630 1114 1753 1141 omnium

960 1160 1164 1192 mandatorum,
1186 1160 1245 1187 lucc
1267 1160 1418 1188 existimet.
1441 1159 1493 1186 Sed
1511 1165 1539 1187 ct
1554 1160 1678 1187 omnium
1693 1168 1755 1194 qum

960 1205 1153 1240 percipiuntur
1185 1205 1370 1240 intelligentia
1382 1225 1389 1238 ,
1408 1205 1577 1240 principium
1593 1210 1637 1232 est
1661 1206 1754 1232 omnia

961 1252 1097 1287 principia
1113 1259 1249 1286 superans
1267 1252 1350 1284 Deus,
1375 1252 1422 1286 qui
1443 1251 1510 1278 fecit
1529 1252 1632 1283 omnia,
1648 1256 1676 1278 ct
1699 1259 1754 1278 non

961 1305 994 1324 ex
1004 1305 1036 1324 ea
1048 1305 1109 1332 qua:
1133 1297 1211 1332 prius
1227 1297 1279 1324 fuit
1299 1297 1426 1327 materia,
1442 1297 1491 1324 sed
1507 1305 1539 1324 cx
1555 1297 1643 1324 nihilo
1655 1297 1757 1332 produ-

962 1343 1002 1370 xit
1012 1348 1038 1370 et
1053 1351 1084 1371 ea
1095 1351 1157 1378 qua:
1166 1344 1269 1371 cadunt
1284 1345 1336 1372 sub
1350 1344 1557 1379 inteHigenliam
1572 1349 1599 1371 et
1609 1345 1755 1371 elementa.

963 1389 1079 1416 Divinus
1095 1394 1187 1416 autem
1203 1394 1231 1416 et
1258 1390 1385 1417 sublimis
1409 1390 1539 1422 Basilius,
1563 1391 1674 1418 solvens
1695 1398 1757 1425 qua:

964 1435 998 1462 de
1022 1435 1157 1470 principio
1178 1435 1298 1463 infertur
1326 1436 1532 1470 objectionem.
1558 1436 1631 1463 dixit
1660 1436 1755 1463 scnsili

963 1481 1069 1509 mundo
1094 1489 1155 1509 esse
1182 1483 1362 1509 vetustiorem
1381 1482 1596 1518 intelligentiam
1621 1483 1756 1509 virtutum

964 1527 1203 1554 constitutionem.
1231 1527 1339 1554 Rursus
1352 1531 1443 1554 autem
1458 1527 1491 1554 ad
1509 1527 1535 1554 id
1548 1528 1620 1562 quod
1642 1527 1761 1562 subjun-

964 1573 1055 1608 gitur:
1070 1573 1139 1600 Fecit
1153 1573 1220 1600 Deus
1235 1573 1329 1600 carlum
1345 1578 1369 1600 et
1383 1577 1494 1606 terram,
1509 1573 1672 1601 dubitarunt
1687 1581 1759 1600 non-

964 1619 1045 1652 nulli,
1062 1620 1108 1654 qui
1128 1624 1193 1647 sunt
1205 1619 1321 1647 diversa:
1336 1627 1350 1647 a
1366 1620 1448 1647 nobis
1468 1621 1686 1648 sententizezcur
1700 1628 1756 1647 non

965 1666 1108 1701 conjunxit
1127 1666 1247 1701 scriptor
1267 1674 1402 1701 aquarum
1430 1672 1458 1695 ct
1478 1667 1654 1694 tenebrarum
1681 1675 1758 1694 crea-

966 1712 1079 1739 tionem.
1095 1712 1230 1740 Przeterea
1241 1713 1275 1740 de
1298 1713 1404 1748 Spiritu
1415 1721 1526 1748 quoque
1539 1713 1586 1748 qui
1600 1713 1758 1748 superiore.

965 1759 1058 1791 batur,
1076 1766 1138 1786 cum
1155 1767 1233 1795 aquae
1252 1759 1365 1795 quidem
1383 1760 1534 1788 vidcantur
1551 1768 1611 1788 esse
1624 1765 1687 1787 ante
1703 1768 1759 1788 coe-

965 1807 1022 1834 lum
1045 1811 1074 1835 ct
1091 1812 1209 1838 terram.
1234 1812 1328 1835 essent
1352 1812 1445 1835 autem
1476 1807 1597 1835 tenebra:
1618 1806 1644 1834 in
1668 1806 1758 1842 abyssi

966 1853 1124 1889 superﬁcie,
1140 1854 1258 1882 maxime
1273 1862 1335 1881 eum
1361 1858 1454 1881 essent
1479 1854 1562 1880 etiam
1580 1853 1701 1880 tenebrae
1714 1853 1760 1880 hie

966 1899 1046 1934 aquis
1056 1899 1274 1934 circumscriptze
1285 1919 1292 1930 ,
1314 1899 1399 1934 860
1410 1899 1548 1934 quomodo
1561 1899 1663 1926 dicitur
1678 1906 1762 1933 super

967 1951 1014 1971 eas
1025 1943 1090 1971 ferri
1115 1944 1235 1979 Spiritus
1254 1949 1366 1971 sanctus
1382 1944 1552 1975 illuminans,
1568 1947 1596 1970 et
1621 1944 1762 1977 quomodo

115 1987 285 2023 principium
316 1987 407 2015 omnia
436 1987 574 2022 principia
605 1995 758 2022 superans,
788 1988 911 2022 primum
928 1998 949 2026 ε
969 1990 1050 2016 simul
1062 1993 1123 2016 erat
1136 1998 1198 2017 cum
1212 1989 1335 2017 tenebris
1346 1989 1394 2016 Dei
1407 1989 1528 2023 Spiritus
1538 1989 1585 2024 qui
1602 1994 1644 2016 est
1664 1993 1761 2015 auctor

116 2034 231 2068 quidem
257 2038 300 2062 est
313 2035 403 2068 Deus;
419 2039 481 2070 post
506 2035 592 2062 Deum
614 2040 719 2068 autem,
744 2034 914 2062 naturalium

116 2088 267 2115 corporum
285 2081 421 2116 principia
431 2086 496 2108 sunt
505 2081 654 2108 elementa.
668 2080 722 2108 Sed
736 2084 914 2108 externorum
934 2071 937 2075 ’

117 2125 349 2160 philosophorum
363 2125 475 2160 quidam
493 2130 558 2153 sunt
574 2125 668 2157 divisi,
686 2129 714 2152 ct
729 2125 793 2152 aliis
802 2124 914 2159 quidem

116 2169 208 2196 visum
221 2173 264 2197 est
285 2169 376 2204 ignem
393 2176 454 2196 esse
471 2169 651 2204 principium,
664 2173 779 2204 propter
792 2168 848 2195 vim
864 2176 916 2203 per

117 2223 146 2242 se
157 2220 185 2241 et
197 2213 279 2241 facile
295 2214 426 2242 mobilem
444 2219 471 2241 et
492 2213 566 2249 quod
581 2217 727 2241 consumat
745 2213 837 2241 omnia
854 2221 915 2248 quae

117 2261 348 2296 apprelienderit.
362 2261 431 2288 Aliis
443 2264 535 2288 autem
555 2268 659 2293 aerem,
675 2264 821 2296 propterea
840 2260 915 2295 quod

118 2308 182 2335 vitae
197 2316 280 2335 causa
301 2308 338 2335 sit
351 2316 384 2335 ex
404 2308 598 2342 respiratione.
613 2307 683 2335 Aliis
693 2311 786 2334 autem
803 2315 913 2342 aquam,

120 2356 236 2389 propter
256 2354 405 2389 genitalem
433 2358 572 2381 naturam.
599 2354 748 2389 Aliquibus
763 2359 856 2381 autem
882 2361 917 2380 ex

120 2399 165 2432 iis,
181 2404 294 2431 terram,
309 2404 457 2435 propterea
473 2400 547 2435 quod
563 2400 682 2435 plurima
700 2401 850 2428 animantia
874 2400 916 2435 gi-

120 2451 241 2481 gnantur
252 2453 286 2473 ex
303 2450 385 2478 terra,
400 2450 428 2474 et
441 2446 468 2473 in
479 2453 540 2473 eam
553 2447 738 2474 resolvantur.

156 2492 236 2519 Plato
254 2496 345 2519 autem
369 2493 454 2519 Deum
477 2497 504 2520 et
522 2494 665 2520 materiam
682 2492 752 2519 dixit
768 2488 829 2520 esse
842 2491 918 2527 prin-

123 2537 195 2572 cipia
213 2537 313 2564 :Illum
340 2537 466 2572 quidem,
486 2541 516 2564 ut
545 2538 632 2565 Deum
647 2541 674 2565 et
694 2537 822 2570 Patrem;
847 2537 918 2565 hanc

123 2587 228 2615 autem,
246 2586 277 2609 ut
289 2591 350 2617 quae
365 2582 498 2617 suscipiat
507 2583 649 2618 opiﬁcium
667 2587 695 2610 et
709 2583 838 2616 formam,
849 2583 918 2610 dixit

124 2633 154 2655 ut
167 2632 297 2660 matrem,
315 2629 459 2657 declinans
475 2637 490 2657 a
505 2629 670 2660 veritate.et
684 2633 771 2656 totum
791 2629 848 2657 Deo
864 2630 918 2656 mi-

967 2035 1051 2062 dandi
1067 2035 1204 2062 luminis?
1221 2035 1261 2062 Ad
1278 2035 1350 2061 hanc
1366 2042 1433 2069 ergo
1444 2034 1629 2069 objectionem
1647 2041 1763 2068 respon-

966 2081 1069 2108 derunt
1094 2080 1207 2114 quidam
1229 2080 1402 2114 expositOres
1436 2080 1521 2114 quod,
1550 2087 1614 2107 cum
1648 2079 1762 2106 dixisset

967 2127 1087 2162 scriptor
1101 2127 1163 2154 coeli
1176 2131 1204 2154 et
1221 2131 1302 2154 terra:
1317 2126 1499 2157 creationem,
1523 2134 1574 2161 per
1588 2129 1711 2153 extrema
1725 2124 1763 2151 si-

967 2173 1024 2200 mul
1036 2171 1247 2207 comprehendit
1261 2175 1376 2199 cunctas
1392 2179 1453 2206 quae
1466 2171 1675 2198 intercedebant
1685 2177 1762 2198 crea-

968 2223 1056 2246 turas.
1069 2217 1123 2245 Sed
1140 2222 1168 2245 et
1184 2217 1249 2244 hinc
1261 2217 1314 2244 alia
1324 2224 1435 2252 quoque
1448 2216 1585 2251 processit
1599 2215 1760 2243 dubitatio:

967 2264 1113 2297 Quomodo
1125 2263 1210 2295 enim,
1227 2263 1327 2298 inquit,
1339 2267 1401 2297 post
1411 2262 1511 2289 corium
1523 2266 1551 2288 et
1565 2265 1668 2289 terram
1684 2261 1762 2288 vide-

969 2315 1014 2338 tur
1029 2311 1102 2343 Deus
1118 2310 1217 2337 fecisse
1228 2308 1339 2336 lucem?
1354 2308 1499 2341 Quomodo
1514 2312 1606 2335 autem
1623 2315 1657 2334 ne
1670 2307 1760 2334 nomi-

968 2360 1015 2383 nat
1032 2354 1143 2390 quidem
1156 2354 1270 2381 omnino
1282 2353 1353 2388 ignis
1371 2352 1566 2380 creationem?
1583 2352 1643 2385 Quo
1661 2351 1688 2379 in
1702 2352 1763 2379 loco

969 2409 1032 2428 eum
1048 2400 1165 2427 dixisset
1178 2399 1402 2435 sapientissimus
1418 2399 1568 2434 Gregorius
1579 2419 1585 2429 ,
1599 2399 1688 2425 lucem
1701 2405 1764 2426 esse

968 2452 1094 2475 naturam
1119 2446 1200 2481 ignis,
1211 2446 1282 2473 alius
1297 2451 1394 2473 contra
1413 2445 1551 2472 dubitavit
1566 2453 1572 2471 :
1589 2445 1621 2471 Et
1633 2452 1714 2479 quam
1728 2444 1765 2470 ob

969 2501 1078 2521 causam
1094 2500 1150 2519 non
1164 2492 1314 2527 appellavit
1338 2492 1428 2527 ignem
1444 2491 1503 2526 ipsa
1529 2490 1694 2525 Scriptura?
1712 2489 1764 2523 Qui

970 2539 1000 2567 fit
1016 2543 1109 2567 autem
1133 2539 1207 2573 quod
1229 2546 1320 2573 neque
1332 2538 1400 2570 urit,
1420 2544 1511 2572 neque
1532 2537 1668 2569 calefacit,
1686 2537 1709 2563 si
1730 2536 1766 2563 sit

970 2586 1042 2621 ignis
1063 2585 1182 2613 natura?
1195 2584 1223 2612 Si
1238 2585 1312 2612 enim
1335 2592 1384 2619 per
1398 2583 1467 2612 duas
1481 2591 1580 2615 voces,
1598 2583 1711 2613 (malum,
1723 2583 1765 2609 in—

970 2639 1063 2666 quam,
1079 2635 1107 2658 et
1121 2635 1232 2662 terram,
1246 2629 1457 2664 comprehendit
1476 2634 1596 2664 quatuor
1617 2629 1765 2659 elementa,

123 2674 198 2701 nime
214 2673 353 2701 tribuens.
370 2672 422 2701 Alii
439 2681 546 2706 rursus,
570 2673 659 2708 logiee
685 2673 772 2709 magis
794 2673 920 2701 conside-
937 2667 959 2693 D
972 2675 1130 2703 invenietur
1146 2675 1192 2701 lux
1203 2674 1330 2709 quintum
1348 2674 1527 2701 elementum.
1542 2673 1588 2701 Sin
1604 2677 1697 2699 autem
1710 2679 1764 2698 non

124 2724 221 2747 rantes
255 2727 339 2754 quam
361 2720 537 2752 naturaliter,
565 2720 697 2748 dixerunt
729 2725 831 2747 terram
859 2727 919 2747 esse

124 2765 295 2801 principium
309 2766 512 2798 universitatis,
527 2769 558 2793 ut
578 2774 639 2801 quin
653 2767 689 2794 sit
702 2770 827 2794 centrum
843 2766 920 2793 orbis

124 2812 260 2840 cmlestis.
277 2811 345 2839 Nam
370 2816 497 2840 centrum
513 2817 556 2839 cst
568 2812 635 2839 orbe
651 2820 699 2839 seu
721 2813 826 2840 circulo
847 2813 920 2840 anti-

125 2859 220 2893 quius.
234 2858 287 2886 Alii
299 2864 392 2886 autcm
405 2863 500 2894 aperte
517 2859 770 2893 pronuntiaverunt
786 2859 919 2886 mundum

439 2915 454 2925 -ι

161 2947 182 2963 ³⁸
199 2949 268 2979 Gen.
285 2959 304 2983 ι,
327 2950 350 2985 1,
367 2952 394 2978 2.

973 2720 1135 2755 conjunxit,
1145 2724 1258 2754 propter
1276 2727 1424 2754 quamnam
1437 2727 1558 2751 causam,
1582 2719 1610 2745 in
1624 2718 1694 2744 caelo
1706 2716 1768 2750 qui~

973 2766 1036 2796 derit
1052 2772 1165 2795 etttcrra
1177 2766 1468 2802 eomprehenditDeus
1478 2767 1579 2801 ignem,
1593 2758 1723 2798 ianquam
1738 2763 1767 2790 in

972 2815 1036 2842 lucc.
1051 2819 1060 2841 ξ
1079 2814 1106 2840 in
1123 2813 1246 2841 tenebris
1257 2817 1348 2840 autem
1365 2820 1419 2840 non
1433 2812 1507 2839 dicta
1534 2814 1576 2838 est
1587 2809 1704 2839 crcatio,
1718 2816 1768 2836 ne-

975 2868 1029 2895 que
1042 2861 1068 2886 in
1079 2860 1192 2895 abysso.
1207 2867 1298 2894 neque
1316 2859 1342 2885 in
1355 2866 1436 2892 aqua,
1451 2864 1540 2892 neque
1555 2856 1582 2883 in
1598 2854 1721 2889 spiritu?
1737 2853 1765 2882 In
