1977 3237
223 223 276 254 8⁵Αεῖ

826 226 856 257 S.
878 226 1078 257 ANASTASII
1101 227 1267 258 SlNAIT/E

1809 226 1864 258 SEO

222 280 324 315 quibus
335 287 398 307 eum
409 284 562 308 armaretur
571 287 687 315 magnus
697 280 816 309 Basilius
826 281 1020 310 adversusMa-
1035 285 1058 313 Α
1074 282 1166 309 uictar
1198 281 1300 308 divina
1321 280 1465 315 Scriptura
1499 279 1584 307 unius
1617 280 1705 307 solius
1733 280 1866 309 elementi

222 325 356 355 niehmos,
374 329 402 352 et
419 324 524 352 diceret
539 324 600 352 illas
617 325 745 352 tenebras
760 333 821 353 esse
841 326 978 354 inereatas
989 332 1017 355 ct

223 378 278 397 non
293 370 463 403 consistere;
477 378 529 398 nec
539 370 590 398 sub
601 379 769 404 mensuram,
786 372 886 406 inquit.
903 373 1016 404 cadunt,

223 423 314 450 neque
326 415 512 443 definiuntur:
527 417 574 443 sed
587 425 649 444 cum
660 417 773 445 fecisset
784 418 856 445 Deus
863 423 942 446 term
956 419 1018 446 lati-

223 461 359 493 tudinem,
368 466 397 488 et
406 469 490 496 super
500 470 559 489 eam
569 462 728 490 inclinasset
742 466 770 490 et
782 464 950 492 extendisset
961 473 1017 492 cte-

222 507 280 534 lum
310 511 440 542 tanquam
458 508 678 540 tabernaculum,
699 510 814 537 secessit
835 510 892 542 lux,
906 514 1016 537 terreno

222 552 327 579 mundo
342 560 357 579 a
369 553 439 580 ccelo
450 553 623 581 adumbrato.
637 554 770 582 Tenebrae
788 563 854 591 ergo
865 556 934 583 nihil
951 562 1017 585 sunt

222 597 297 624 aliud
307 597 359 624 nisi
371 598 468 625 umbra
476 599 611 634 corporis.
624 600 759 628 Praeterea
767 602 936 636 quaesierunt
947 610 1017 630 non-

221 644 291 671 nulli
311 649 404 672 utrum
420 645 509 672 lucem
525 646 597 672 illam
610 654 671 681 qua:
681 648 795 674 secessit
812 653 839 675 et
853 653 962 676 ostensa
973 653 1016 676 est

221 690 257 716 ab
269 690 365 718 umbra
389 691 451 718 coeli
464 712 471 723 ,
486 691 579 719 dicere
590 697 710 727 oportet,
724 701 784 720 csse
796 693 822 720 in
837 699 959 728 tempore
981 703 1015 722 an

221 736 326 767 absque
339 741 473 772 tempore.
486 737 549 764 Etsi
564 737 591 764 in
608 742 739 773 tempore,
751 739 903 773 cujusmodi
912 745 954 767 est
965 741 1016 768 hoc

222 784 332 815 tempus
345 781 418 816 quod
433 781 487 809 fuit
498 787 560 810 ante
569 791 615 810 sex
624 783 700 810 dies?
714 783 761 811 Sin
770 790 862 812 autem
873 785 933 811 sine
947 789 1016 812 tem-

220 833 299 861 pore,
313 833 357 854 est
370 829 546 862 perspicuum
562 829 634 863 quod
646 835 687 856 est
704 830 786 857 etiam
799 830 858 857 sine
867 831 1013 866 principio.

222 872 251 898 Si
261 877 304 899 est
320 877 411 900 autem
423 873 482 901 sine
496 874 643 909 principio,
662 879 703 902 est
716 875 798 901 etiam
812 876 925 903 omnino
940 877 1015 911 ejus-

222 916 296 944 modi
310 921 407 944 utnon
426 918 513 952 possit
525 918 725 946 circumscribi.
749 919 775 946 Si
788 924 879 946 autem
896 929 951 948 non
967 929 1015 956 po-

1071 329 1182 363 (nempc
1203 326 1293 360 teme)
1317 334 1369 354 nos
1383 326 1484 354 docere
1502 325 1686 358 creationem,
1703 333 1759 353 n0n
1769 331 1865 354 autem

1070 379 1199 409 quatuor.
1216 373 1275 401 Lux
1290 373 1365 401 enim
1380 380 1443 400 eum
1460 372 1494 399 iis
1511 379 1566 399 non
1583 377 1814 404 connumeratur,
1835 377 1867 400 ut

1070 419 1168 446 dicunt
1182 419 1200 446 ii
1227 419 1274 454 qui
1287 423 1354 446 sunt
1364 425 1460 445 carum
1476 425 1570 445 rerum
1592 417 1687 452 periti.
1710 417 1865 452 Oportebat

1070 470 1173 496 autem,
1188 473 1285 492 rursus
1299 465 1429 499 inquiunt
1444 464 1507 499 ipsi,
1522 464 1544 491 si
1560 468 1696 491 creatura:
1710 472 1772 498 qua:
1789 464 1866 491 cadit

1070 511 1122 538 sub
1145 517 1287 546 aspectum
1310 511 1383 538 Deus
1404 510 1507 537 inducit
1528 509 1682 544 opificium.
1699 516 1763 536 eum
1781 509 1866 536 simul

1069 566 1132 586 eum
1147 562 1220 585 terra
1237 558 1406 585 constituere
1427 556 1528 584 c‘mlum
1552 556 1625 590 quod
1652 555 1781 588 videtur,
1805 563 1865 583 non

1069 609 1161 631 autem
1174 604 1201 631 id
1211 603 1285 638 quod
1299 611 1354 630 non
1370 602 1490 630 videtur.
1500 601 1554 629 Sed
1570 605 1714 636 utramque
1726 601 1864 636 primoge-

1069 651 1156 678 nitam
1178 649 1380 685 gemellamque
1407 653 1499 675 natam
1513 652 1680 679 creaturam.
1707 651 1735 674 et
1751 655 1814 681 quas
1829 655 1864 675 ne

1069 697 1121 724 sub
1140 701 1281 732 aspectum
1305 695 1417 731 quidem
1436 695 1556 726 caderet,
1583 693 1717 724 occuluit.
1733 701 1794 720 eam
1815 701 1863 719 su-

1069 749 1154 777 perne
1174 746 1202 769 et
1216 740 1322 768 inferne
1334 740 1453 774 quodam
1465 738 1552 766 veluti
1567 738 1728 773 crystallino
1750 741 1779 764 et
1795 737 1865 764 cclc-

1070 788 1140 815 riter
1162 787 1265 815 (luente
1283 794 1418 821 aquarum
1434 785 1568 812 amiciens
1588 784 1767 811 vestimento.
1784 782 1863 816 Quod

1069 833 1180 868 quidem
1196 840 1293 860 rursus
1308 832 1390 859 nobis
1407 831 1488 858 aliam
1508 837 1563 857 non
1581 830 1670 857 levem
1685 828 1759 863 parit
1780 828 1864 855 dubi-

1069 879 1202 907 tationem
1217 887 1225 905 :
1240 886 1339 913 nempe
1355 877 1430 912 quod
1446 876 1499 903 alia
1517 880 1644 903 conlecta
1667 878 1732 901 sunt
1743 881 1864 908 superna

1070 925 1192 960 (arcente
1205 923 1372 952 intermedio
1392 922 1478 949 veluti
1495 921 1650 956 operculo).
1665 928 1701 948 ne
1712 924 1740 947 et
1755 919 1865 946 inferna

223 962 485 995 tcstcircumscribi,
498 964 882 998 quomodocircumscribitur
893 967 970 1001 pulsa
983 967 1017 994 ab
1034 967 1053 993 li
1069 972 1170 1000 intueri
1187 970 1296 1006 possint
1311 977 1446 1005 superna,
1464 975 1554 1003 neque
1565 974 1663 994 rursus
1681 973 1801 1001 superna
1817 973 1863 992 as.

221 1009 319 1036 umbra
334 1010 440 1036 caelesti
450 1010 461 1036 ’ἶ
471 1009 650 1045 Coujungunt
659 1015 751 1037 autem
763 1011 844 1038 etiam
855 1013 1016 1047 przeeedenv

222 1053 297 1080 tibus
326 1054 407 1080 aliam
434 1062 545 1089 quoque
565 1055 746 1089 qumstioncm
776 1057 954 1092 interpretes.
986 1059 1014 1087 Si

221 1098 308 1129 enim.
326 1099 468 1133 inquiunt.
494 1100 662 1134 profundum
688 1109 822 1136 aquarum
844 1103 934 1139 abyssi
957 1110 1017 1132 erat

221 1151 306 1179 super
326 1144 423 1172 faciem
442 1146 579 1174 universzc
599 1152 692 1178 terrae,
711 1157 766 1176 non
787 1150 932 1184 oportebat
955 1159 1015 1178 eam

221 1189 336 1217 omnino
347 1191 480 1225 appellari
499 1196 611 1224 terram,
625 1193 673 1220 sed
690 1202 766 1221 mare
781 1204 787 1222 ε
804 1201 831 1222 et
853 1204 904 1223 cur
917 1197 1016 1225 hume—

222 1239 297 1262 etum
313 1240 393 1262 terrze
407 1237 555 1263 terminum
566 1246 739 1272 superquam
751 1239 872 1268 locatum
885 1246 926 1268 est
936 1246 964 1269 ct
979 1243 1015 1269 si-

222 1285 296 1311 tum.
314 1285 414 1307 terram
434 1282 625 1311 nominamus.
655 1291 709 1310 non
735 1292 822 1318 mare,
849 1295 904 1313 nun
921 1287 1015 1315 habita

222 1327 330 1354 ratione
355 1328 491 1362 subjecti,
507 1329 646 1362 quomodo
659 1335 686 1357 et
703 1330 810 1362 fluvios,
839 1337 868 1360 et
886 1333 973 1365 lacus.
987 1339 1015 1362 et

223 1372 323 1402 fontes,
339 1380 372 1399 ex
393 1374 538 1407 superficie
549 1383 643 1402 carum
656 1384 718 1410 qua:
733 1377 759 1403 in
773 1377 840 1412 ipsis
852 1384 917 1405 sunt
928 1387 1015 1414 aqua-

223 1425 282 1443 rmn
307 1419 540 1447 convcnicntilms
562 1421 644 1448 ctiam
661 1430 756 1449 earum
781 1424 1016 1458 appellationibus

221 1473 253 1491 ex
267 1465 359 1492 divina
376 1465 518 1500 Scriptura
535 1468 693 1496 didicimus.
718 1469 868 1504 Oportebat
888 1472 962 1501 enim
981 1473 1015 1500 il-

223 1518 275 1537 um
292 1520 305 1537 a
322 1512 376 1538 Deo
393 1512 490 1540 factam
515 1514 607 1541 statim
626 1515 660 1542 ah
677 1515 756 1542 initio
769 1521 897 1552 tanquam
911 1519 1015 1546 conde-

224 1564 353 1590 mnatam,
369 1563 396 1585 et
413 1560 511 1595 abysso
529 1566 656 1595 tanquam
673 1561 769 1590 inferis
783 1563 922 1595 traditam,
933 1566 1015 1594 tertio

233 1604 264 1628 lie
280 1613 438 1638 cvsurgere.
455 1605 592 1633 dicendo:
610 1606 788 1642 Cmtgregetur
799 1618 870 1644 aqua
886 1616 1014 1646 lattquam

225 1660 227 1670 ί
243 1661 247 1672 ι
264 1653 492 1685 congregationem
508 1661 600 1683 unum,
614 1657 638 1680 et
651 1659 777 1681 cernatur
790 1656 866 1683 arida
875 1657 906 1682 ³¹.

260 1697 372 1723 lli-ticii-t
389 1706 430 1724 mc
453 1704 562 1733 tempus
577 1700 598 1726 si
614 1701 695 1727 vclim
715 1701 740 1728 in
757 1703 878 1730 taedium
893 1704 1015 1738 proferre

237 1751 363 1769 :II"‘Iirllllt
381 1746 505 1770 ouin'urn
522 1746 690 1773 asscclarum
701 1747 889 1776 dubitationes
904 1754 1015 1784 etquae-

226 1788 326 1815 ~liolt“s
342 1789 375 1815 de
393 1798 438 1816 sex
453 1790 561 1818 diebus.
579 1792 686 1818 Elenim
705 1793 739 1820 de
754 1794 852 1829 abysso
868 1803 884 1829 q
898 1803 928 1821 ta:
944 1795 1014 1822 dici-

225 1838 278 1859 tur.
291 1839 318 1859 ct
334 1835 368 1860 dc
386 1842 456 1869 aqua
472 1844 533 1869 qua:
545 1837 720 1870 nominatur,
743 1839 789 1866 alii
807 1840 919 1874 quidem
930 1840 1016 1868 intel-

222 1879 350 1906 lexerunt
377 1884 507 1915 utrasque
539 1890 624 1916 aquas
653 1891 735 1911 unam
762 1893 824 1912 esse
845 1890 873 1912 et
896 1886 1014 1913 similem

223 1930 359 1952 naturam.
379 1927 431 1953 Alii
451 1932 543 1954 autem
566 1928 707 1959 dixerunt.
725 1930 784 1958 lucc
797 1939 852 1958 non
868 1939 953 1958 unum
976 1932 1015 1959 si-

222 1971 361 2005 gnificare.
378 1972 537 2001 Differentia
552 1975 637 2006 enim,
655 1976 755 2011 inquit,
780 1985 877 2004 eorum
890 1986 951 2012 qua:
967 1986 1014 2005 vc-

223 2017 346 2049 huntur,
379 2019 516 2053 significat
540 2021 689 2049 discrimen
716 2023 919 2051 vehiculorum.
946 2024 1013 2052 Nam

222 2063 353 2097 scriptum
367 2066 478 2098 quidem
499 2073 539 2093 cst
554 2068 682 2095 tenebras
697 2068 867 2103 impendere.
882 2070 1014 2104 Spiritum

222 2114 313 2135 anteiit
333 2119 416 2145 supra
434 2111 511 2139 frrri.
531 2113 562 2139 El
583 2114 708 2145 tetwbrm,
726 2114 827 2149 inquit,
844 2124 924 2150 super
942 2115 1016 2150 abys-

221 2164 290 2182 sum.
309 2156 450 2184 Etdcinllc
467 2157 598 2192 :Spiritus
613 2159 660 2185 Dei
672 2159 806 2194 ferebatur
813 2168 895 2194 supra
904 2169 1013 2195 aquam.

222 2202 338 2229 Maxime
352 2211 414 2230 rum
432 2209 493 2238 post
512 2204 569 2231 lucc
581 2205 715 2239 propheta
726 2212 798 2239 saepe
815 2205 923 2232 fecisset
940 2213 1016 2232 meno

223 2248 324 2275 tionem
343 2257 492 2284 aquarum.
513 2251 587 2284 ipsas
598 2250 711 2285 quidem
738 2251 864 2278 nominat
885 2259 970 2286 aquas
986 2256 1014 2279 et

223 2293 317 2323 maria,
329 2299 356 2320 et
365 2295 602 2329 eougrcgatiunes,
612 2300 636 2321 el
648 2294 748 2327 fontes,
758 2301 783 2322 et
793 2295 892 2323 fluvios
903 2305 909 2322 :
922 2296 1012 2332 abyssi
1031 2311 1050 2337 ί)

220 2345 312 2367 autem
332 2349 504 2376 nequaquam
523 2342 659 2368 meminit.
680 2342 739 2369 Non
764 2343 942 2377 prmtermisit
961 2352 1013 2370 au-

222 2391 276 2413 tem
298 2387 324 2414 in
351 2388 487 2422 profunda
514 2393 544 2415 et
570 2388 704 2415 divinitus
718 2389 781 2416 data
806 2397 855 2416 sua
879 2390 1013 2425 sapientia

222 2432 396 2467 interrogare
411 2433 551 2467 quomodo
566 2434 686 2467 scriptus
703 2438 744 2461 est
763 2435 884 2470 Spiritus
898 2436 946 2463 Dei
967 2444 1014 2463 so-

219 2477 276 2504 lum
293 2479 320 2505 in
338 2479 443 2512 reliqua
456 2479 609 2510 creatione,
629 2485 656 2507 ct
669 2481 901 2509 curnam'dicitur
917 2482 938 2510 is
951 2482 1014 2516 qui-

219 2523 281 2550 dem
299 2523 462 2558 eripvi-ferri,
480 2532 533 2551 non
551 2525 682 2554 insidere.
708 2527 850 2555 Adversus
868 2536 917 2555 eos
930 2528 1013 2555 etiam

219 2569 267 2604 qui
287 2569 417 2596 dixerunt
433 2576 558 2598 sanctum
578 2571 653 2599 illum
671 2580 731 2600 esse
751 2573 884 2609 Spiritum
909 2574 956 2608 qui
971 2575 1012 2600 fc-

220 2615 334 2641 rcbatur
358 2622 441 2650 supra
456 2624 552 2651 aquas,
570 2627 585 2645 a
612 2619 754 2646 nonnullis
780 2625 822 2647 est
843 2619 1009 2646 dubitatum.

221 2660 339 2687 Ubinam
356 2661 390 2688 sit
411 2663 514 2689 crcatio
529 2664 601 2691 aeris
619 2665 666 2699 qui
683 2670 726 2691 est
749 2673 821 2691 unus
837 2673 871 2691 ex
891 2668 1012 2698 quatuor

219 2706 386 2734 elementis?
399 2708 426 2735 Si
442 2708 514 2735 enim
528 2709 699 2742 dederimus,
716 2710 856 2745 inquiunt.
870 2717 933 2736 eum
947 2710 1009 2744 qui-

220 2752 362 2784 demcsse
389 2755 595 2783 sanctissimum
627 2757 704 2783 illum
725 2761 754 2783 et
782 2756 936 2782 increatum
962 2756 1009 2783 Dei

220 2798 352 2833 Spiritum
370 2810 376 2827 :
391 2801 461 2835 ignis
474 2807 566 2829 autem
579 2802 694 2828 otnnino
716 2809 771 2828 non
795 2801 936 2835 profertur
960 2809 1012 2829 nec

220 2845 369 2882 appellatio
381 2856 432 2875 nec
446 2848 563 2879 creatio,
580 2847 720 2882 quomodo
734 2854 785 2874 nec
802 2847 892 2882 abyssi
905 2855 912 2879 ;
936 2848 1012 2875 inve—

1067 1017 1169 1052 piciant
1182 1017 1300 1044 inferna.
1310 1015 1408 1043 Adhuc
1419 1016 1492 1043 enim
1504 1014 1595 1050 primo
1603 1012 1863 1048 etsplcndidissimo

1066 1062 1148 1093 caelo,
1179 1066 1310 1096 tanquam
1337 1061 1456 1096 quodam
1482 1060 1578 1087 divino
1603 1058 1746 1094 proposito
1768 1061 1796 1084 ct
1820 1064 1863 1085 re-

1066 1107 1231 1142 splendente
1244 1107 1367 1141 speculo,
1383 1110 1411 1134 et
1421 1106 1482 1141 ejus
1491 1105 1564 1140 quod
1577 1103 1774 1139 supervehitur
1788 1103 1861 1130 divi—

1067 1162 1117 1181 nos
1131 1153 1253 1189 fulgores
1266 1153 1386 1180 adverso
1402 1152 1548 1187 splendore
1570 1151 1730 1186 repellente,
1747 1150 1782 1177 ad
1806 1149 1860 1177 hoc

1067 1205 1146 1227 utea
1168 1207 1229 1234 qua:
1252 1193 1404 1226 sunt'infra
1425 1198 1574 1228 illuminct,
1586 1197 1684 1224 obruta
1694 1196 1859 1225 etdemersa

1067 1251 1140 1273 terra
1153 1254 1206 1273 non
1221 1250 1330 1281 poterat
1345 1245 1453 1280 (utique
1473 1243 1691 1279 intelligentibus
1702 1242 1799 1275 oculis)
1814 1249 1861 1269 as-

1067 1292 1158 1326 picere
1180 1291 1214 1318 ad
1231 1291 1357 1319 divinum
1383 1299 1503 1326 superne
1525 1290 1632 1321 radium
1647 1289 1695 1323 qui
1716 1288 1749 1315 ad
1772 1287 1860 1323 ipsam

1067 1344 1154 1371 usque
1169 1337 1340 1371 permeabat.
1358 1336 1411 1364 Sed
1424 1336 1554 1371 quoniam
1573 1343 1670 1362 carum
1687 1342 1756 1369 quas
1769 1333 1862 1368 subje-

1066 1383 1155 1410 eimus
1170 1383 1375 1410 dubitationum
1388 1383 1494 1410 exitum
1521 1390 1576 1409 non
1597 1381 1765 1410 invenimus.
1786 1385 1814 1407 et
1832 1379 1860 1406 in

1067 1428 1101 1454 iis
1124 1427 1204 1462 plane
1222 1428 1348 1463 perplexi
1365 1435 1472 1459 sumus,
1503 1433 1531 1455 et
1555 1427 1670 1454 omnino
1688 1426 1860 1455 hmsilamus.

1067 1473 1130 1501 freti
1154 1482 1202 1500 ore
1228 1474 1315 1501 sancti
1343 1473 1466 1508 Spiritus
1480 1482 1487 1500 :
1501 1473 1590 1505 Pauli,
1610 1473 1740 1507 inquam,
1756 1471 1860 1505 lingua,

1066 1528 1128 1555 qua:
1149 1520 1250 1547 dicit“
1266 1520 1338 1555 quod
1366 1528 1540 1554 quaecunque
1560 1523 1625 1546 sunt
1645 1520 1672 1546 in
1690 1519 1760 1553 lege,
1783 1518 1861 1552 prius

1066 1565 1169 1600 scripta
1184 1571 1249 1592 sunt
1266 1565 1292 1592 in
1311 1566 1427 1599 figurant
1441 1564 1543 1592 Christi
1561 1568 1589 1591 et
1607 1563 1696 1598 ipsius
1709 1563 1861 1594 Ecclesiae;

1038 1642 1048 1648 ἢ
1067 1616 1190 1645 accepta.
1207 1610 1229 1637 si
1247 1618 1310 1637 rere
1325 1610 1418 1638 dicere
1429 1614 1550 1645 oportet,
1562 1609 1708 1636 occasione
1726 1617 1759 1636 ex
1776 1608 1861 1642 Papia

1043 1662 1048 1668 '
1067 1656 1127 1682 viro
1143 1656 1296 1683 clarissimo
1313 1656 1530 1690 llierapolitano.
1546 1655 1592 1690 qui
1615 1655 1686 1682 dixit
1701 1655 1728 1682 in
1752 1654 1862 1689 Episte-

1067 1701 1126 1728 thio
1134 1701 1176 1731 ’3‘.
1191 1701 1344 1729 Clemente.
1361 1706 1389 1728 ct
1412 1702 1554 1729 Panthcno
1568 1701 1755 1728 Alexandrino
1768 1707 1862 1728 sacer-

1067 1740 1140 1776 dote.
1151 1753 1178 1775 et
1191 1748 1338 1774 Ammonio
1350 1747 1566 1782 sapientissimo,
1579 1747 1803 1782 interpretibus:
1815 1755 1862 1774 ve-
1875 1774 1878 1775 ,

1068 1796 1156 1818 terum
1168 1797 1195 1818 ct
1207 1784 1360 1826 primorum
1374 1792 1572 1822 conventione.
1584 1792 1631 1826 qui
1648 1797 1739 1819 totum
1753 1792 1861 1820 Hexae-

1067 1845 1162 1864 meron
1174 1837 1371 1865 intellexerunt
1379 1838 1411 1865 de
1420 1837 1533 1865 Christo
1545 1843 1573 1864 ct
1582 1837 1716 1869 Ecclesia,
1727 1843 1789 1872 post
1798 1845 1861 1865 rere

1067 1883 1197 1911 scnsilem
1209 1884 1361 1911 secundum
1377 1884 1496 1911 litteram
1510 1883 1688 1915 creationem,
1699 1884 1767 1910 citra
1778 1884 1861 1911 ullam

1066 1929 1269 1956 dubitationem
1282 1937 1393 1957 sensum
1406 1930 1580 1964 speculantes
1591 1929 1732 1958 Ecclesizc.
1743 1937 1794 1963 pro
1807 1937 1861 1964 qua

1067 1975 1214 2003 universus
1224 1980 1266 2002 est
1278 1976 1365 2002 nostri
1381 1975 1543 2003 certaminis
1558 1983 1666 2010 scopas.
1681 1975 1714 2002 ad
1729 1975 1782 2002 hoc
1792 1982 1862 2010 opus

1066 2021 1273 2048 descendimus.
1297 2021 1432 2048 Caeterum
1460 2022 1580 2048 litteram
1606 2021 1717 2056 quidem
1746 2021 1861 2049 minime

1066 2066 1259 2098 (lissolvcntcs,
1286 2074 1382 2093 verum
1414 2067 1448 2093 al)
1473 2067 1578 2101 optimo
1609 2071 1636 2094 et
1660 2067 1860 2102 benigniSsimo

1067 2119 1163 2140 sancto
1187 2113 1290 2148 Spiritu
1313 2121 1424 2140 sensum
1456 2113 1570 2148 mystice
1595 2113 1762 2140 absconsum
1789 2114 1861 2140 intra

1066 2157 1186 2184 litteram
1215 2158 1408 2192 inquirentes.
1430 2159 1551 2193 primum
1568 2159 1621 2185 hoc
1651 2159 1861 2186 consideramus

1067 2202 1094 2230 in
1108 2203 1284 2237 corporibus.
1301 2203 1486 2236 Quamobrem
1509 2204 1617 2238 linguas
1633 2203 1698 2231 hinc
1721 2211 1775 2230 non
1795 2205 1861 2230 mit—

1067 2252 1127 2276 tant
1143 2249 1371 2283 philosophorum
1396 2249 1519 2284 physici,
1547 2249 1694 2276 audientes
1721 2248 1858 2277 verbum:

1067 2294 1215 2322 Fet-illiciis
1230 2294 1323 2322 cirluut
1337 2301 1361 2322 et
1371 2300 1489 2328 trrrum;
1505 2303 1594 2329 neque
1611 2295 1705 2321 dicant
1718 2295 1804 2321 Deum
1819 2295 1860 2322 fc-

1064 2341 1135 2368 cisse
1146 2341 1207 2367 cmli
1223 2345 1315 2368 ortum
1328 2349 1344 2367 a
1355 2346 1440 2372 terra,
1458 2346 1586 2375 tanquam
1599 2340 1633 2367 ab
1645 2340 1737 2375 aliquo
1749 2345 1870 2378 centro;

1065 2387 1196 2422 quoniam
1227 2391 1365 2418 centrum,
1388 2386 1530 2421 inquiunt.
1545 2390 1588 2414 est
1610 2386 1777 2420 principium
1799 2387 1861 2413 uni-

1065 2440 1153 2460 versae
1171 2432 1294 2467 splncrze.
1317 2432 1377 2459 Non
1402 2432 1475 2459 cnim
1495 2438 1523 2459 ut
1537 2432 1673 2467 contingit
1690 2432 1717 2459 in
1736 2432 1859 2459 homini-

1065 2479 1128 2509 bus.
1145 2479 1192 2513 qui
1219 2487 1273 2505 non
1301 2483 1417 2514 possunt
1442 2487 1533 2514 neque
1557 2479 1692 2506 circulum
1725 2479 1858 2513 dirigere,

1067 2532 1155 2559 neque
1171 2528 1297 2558 torquem
1317 2525 1518 2559 circumagere,
1532 2532 1621 2559 neque
1631 2529 1749 2560 punctos
1762 2523 1860 2551 circuli

1067 2578 1100 2597 ex
1118 2577 1197 2604 sequo
1220 2577 1408 2604 componere,
1429 2578 1519 2604 neque
1545 2570 1645 2596 lineam
1675 2569 1816 2597 inflectere
1833 2574 1861 2596 et

1068 2621 1134 2643 rota:
1147 2617 1265 2643 similem
1284 2616 1404 2646 efficere,
1421 2617 1472 2643 nisi
1491 2621 1617 2643 centrum
1639 2615 1760 2642 medium
1783 2615 1860 2650 prius

1066 2661 1149 2688 fticrit
1165 2661 1297 2688 infixum:
1321 2662 1358 2688 ita
1374 2662 1456 2689 etiam
1470 2662 1593 2689 devenit.
1617 2661 1668 2688 llic
1679 2661 1753 2688 enim
1771 2666 1802 2688 ut
1816 2660 1858 2687 di-

1066 2715 1126 2734 scas
1136 2708 1208 2741 quod
1220 2708 1292 2734 Deus
1302 2716 1356 2735 non
1368 2707 1495 2742 sequitur
1503 2713 1608 2734 natura
1620 2707 1858 2741 consequentiam,

1065 2754 1112 2781 sed
1129 2754 1277 2781 fabricatur
1290 2761 1408 2788 superna
1422 2753 1585 2780 naturaliter
1599 2758 1688 2780 etnon
1699 2752 1859 2783 artificiose,

1065 2801 1132 2827 dicit
1153 2801 1261 2828 Moses:
1276 2800 1351 2827 Fecit
1375 2800 1448 2827 Deus
1470 2799 1616 2834 spha-ram,
1641 2798 1741 2826 deinde
1758 2804 1858 2825 terram

1065 2844 1213 2875 centrum:
1225 2846 1373 2882 Oportcret
1398 2846 1472 2874 enim
1500 2855 1596 2874 revera
1621 2851 1718 2874 contra
1745 2845 1858 2871 dicere:

259 2941 280 2955 “
297 2941 365 2968 Grn.
386 2949 403 2974 ι,
419 2942 444 2968 9.
472 2941 492 2955 ³⁵
510 2940 518 2967 l
536 2940 600 2967 Cor.
614 2949 639 2972 \,
658 2940 673 2967 ϐ
687 2948 764 2975 seqq.
804 2941 834 2955 ³³⁵
856 2939 1013 2974 Ἐπεςτήοιῡ

1066 2939 1135 2974 [nasi
1151 2938 1225 2966 diras
1242 2938 1384 2973 prrlorulc;
1400 2938 1513 2965 \‘idctur
1527 2937 1612 2965 fuisse
1631 2936 1726 2963 titulus
1741 2934 1814 2962 libri.
