1977 3228
85 222 139 255 861

646 228 688 271 !N
707 229 984 260 IIEXAEMEROX.
1004 245 1039 248 —
1059 233 1132 261 LIB.
1154 233 1178 262 I.

1683 229 1735 261 862

85 276 161 304 Fecit
177 277 252 306 Deus
267 283 367 306 (errant
386 285 410 306 et
433 281 525 308 caelum
537 303 544 313 ,
572 289 620 309 seu
635 287 772 315 centrum.
783 288 811 311 ct
827 288 890 310 tunc
906 286 926 312 Α
943 284 969 311 in
995 293 1046 313 suo
1063 285 1161 313 ordine
1192 285 1326 314 collocala
1344 290 1371 312 et
1387 283 1492 312 lnclusa
1509 284 1535 311 in
1555 291 1602 311 sua
1618 291 1737 318 congre-

86 324 241 358 sph:eram.
265 323 333 351 Nam
348 324 370 351 si
382 325 604 360 conjunctionem
623 328 807 361 copulativam
820 328 892 355 acci—

86 370 171 404 piunt
187 369 271 401 illud,
284 374 312 397 et
322 371 402 398 ambo
419 371 515 398 dicunt
531 372 612 399 simul
637 373 708 399 iacta
722 380 794 404 esse,
809 381 890 408 opor~

87 415 165 442 lebat
180 420 272 446 certe.
289 420 319 442 ut
335 416 458 450 ipsorum
472 422 514 444 est
529 418 676 449 sententia,
696 419 773 453 prius
788 419 892 453 signiﬁ-

87 461 147 488 cari
163 460 339 495 principium
354 465 382 488 et
395 469 505 489 causam
518 463 627 494 circuli,
652 471 750 497 nempe
765 469 891 491 centrum

88 515 138 534 seu
154 511 272 538 terram.
291 512 318 534 et
330 507 420 542 magis
432 516 513 542 quam
525 514 631 536 contra.
649 509 676 536 Si
689 514 781 536 autem
798 509 815 535 ii
827 517 892 536 cott-

90 551 226 578 [iteantur
237 559 320 578 omne
337 555 462 579 centrum
477 552 521 586 Iigi
534 560 618 587 super
633 552 745 587 aliquod
757 552 855 579 stabile
864 556 892 579 et

90 597 226 627 solidum.
245 597 324 624 etsic
340 597 530 624 circumscribi
544 598 813 631 circumferentiam,
835 605 890 624 non

90 647 185 670 autem
203 643 288 670 aliter
303 652 309 669 :
329 643 414 670 Deum
429 647 520 670 autem
538 648 688 678 agnoscant
704 651 788 677 super
807 651 891 677 aquas

90 696 152 724 qua:
170 688 240 715 nulli
254 688 386 716 resistunt
398 688 583 720 coneussioni,
600 688 648 715 sed
659 688 753 715 statim
768 687 891 715 fundun-

91 739 138 761 tur
154 738 182 762 et
205 733 416 767 circumﬂuunt,
442 742 496 761 non
515 734 604 761 solum
627 734 754 769 injecisse
772 733 798 760 id
818 733 891 768 quod

90 785 134 809 est
147 781 269 808 densum
283 788 315 808 ac
327 787 421 815 grave,
439 780 486 807 sed
503 780 586 806 etiam
601 780 628 806 in
642 779 685 806 his
697 779 819 806 humidis
828 779 893 806 soli-

91 827 158 854 dare
175 826 388 853 multitudinem
407 834 413 852 ι
430 825 662 860 quemadmodum
679 833 733 852 non
749 832 893 852 concesse-

92 873 150 899 rint
162 880 228 899 eum
243 872 365 899 excitare
382 872 483 899 coelum
509 876 640 906 tanquam
658 872 792 899 fornicem
809 871 892 899 etiam

92 917 201 952 absque
218 922 336 949 centro;
352 925 414 944 nam
429 925 490 952 qure
502 917 574 952 apud
590 917 718 944 homines
731 921 796 944 sunt
815 917 889 951 ejus-

93 949 171 989 modi
193 968 222 990 ut
235 962 294 990 ﬁeri
306 970 361 989 non
376 949 492 997 possint,
506 949 576 996 apud
592 962 678 989 Deum
694 966 810 997 p055unt
819 949 888 989 fieri.
908 949 929 978 Β

92 1007 149 1039 Sed
168 1008 202 1034 ad
218 1009 300 1034 aliam
324 1007 446 1035 eundum
461 1012 503 1034 est
525 1007 635 1038 seriem,
651 1011 679 1034 et
694 1007 889 1042 postulandum

91 1059 135 1081 est
153 1061 169 1080 a
192 1061 315 1087 superna
342 1053 478 1088 sapientia
495 1060 556 1087 quae
580 1052 627 1079 dat
653 1052 782 1079 omnibus
808 1056 891 1087 prout

92 1105 172 1127 recte
200 1103 310 1133 petunt,
325 1104 355 1126 ut
377 1098 457 1126 nobis
483 1099 587 1125 revelct
614 1097 761 1133 mysticum
777 1105 889 1124 sensum

91 1146 138 1180 qui
157 1150 201 1172 est
215 1146 286 1172 intra
297 1144 429 1176 litteram,
446 1152 543 1178 nempe
560 1143 698 1178 quomodo
712 1151 762 1178 per
778 1143 890 1170 univer-

92 1199 151 1218 sam
165 1199 212 1218 sex
226 1191 335 1218 dierum
347 1190 528 1222 creationem,
543 1190 620 1224 prius
633 1189 777 1216 constituit
788 1193 891 1223 etpr:e-

91 1237 223 1272 ﬁguravit
235 1236 351 1271 figuram
366 1241 394 1263 et
408 1236 556 1271 imaginem
570 1235 701 1262 Ecclesim
714 1235 829 1262 Christi.
845 1235 891 1262 Sic

91 1284 169 1310 enim
181 1283 266 1317 dicit:
278 1283 310 1310 In
323 1283 452 1319 principio
463 1283 523 1317 fecit
542 1282 612 1309 Deus
629 1282 722 1309 artum
735 1287 759 1308 et
778 1287 889 1308 terram.

90 1328 202 1356 (Icelum
225 1328 338 1363 quidem
365 1328 447 1355 simul
474 1326 736 1362 comprehendendo
767 1327 892 1354 nominat

90 1382 191 1402 omnes
205 1374 335 1401 cmlestes
348 1379 376 1401 et
392 1373 579 1408 intelligentcs
589 1393 596 1405 ,
622 1377 779 1400 sanctarum
801 1372 890 1398 virtu-

91 1426 152 1448 tum
167 1425 195 1448 et
210 1420 392 1455 intelligentis
409 1419 505 1448 mundi
520 1419 751 1452 constitutiones;
764 1423 794 1445 ut
808 1419 891 1445 intel-

91 1466 162 1500 ligas
180 1472 334 1501 supernum
350 1465 483 1492 mundum
505 1465 583 1501 prius
603 1465 688 1492 fuisse
708 1465 871 1492 fabricatum
883 1485 890 1498 ,

92 1515 283 1546 congruenter
300 1511 360 1538 voci
374 1507 493 1546 theologi
510 1519 571 1546 qua:
584 1511 651 1538 dicit
667 1521 673 1538 :
689 1512 812 1539 Primum
831 1511 893 1546 qui-

93 1558 157 1586 dem
176 1562 269 1585 mente
287 1557 418 1592 cogitavit
430 1558 569 1593 angelicas
579 1557 696 1585 virtutes
712 1562 740 1585 et
754 1557 890 1589 caelestes,

91 1609 122 1632 et
137 1604 271 1639 cogitatio
293 1612 364 1638 opus
385 1604 446 1631 fuit.
471 1604 549 1631 Nunc
575 1609 667 1631 autem
696 1611 796 1630 rursus
816 1604 894 1630 hunc

92 1650 230 1679 mundum
244 1650 376 1677 sensilcm
387 1655 414 1677 ct
425 1650 506 1685 861
524 1650 571 1684 qui
583 1650 807 1683 eernitur,simul
818 1657 893 1677 com-

93 1698 204 1733 plexus,
225 1705 289 1723 cum
301 1696 360 1731 ipso
376 1697 447 1724 cudo
457 1697 540 1724 etiam
555 1697 647 1723 omnia
661 1704 722 1731 quae
742 1704 826 1731 super
839 1700 894 1723 lcr—

93 1752 152 1771 ram
174 1751 237 1770 cum
262 1742 374 1770 homine
390 1743 462 1770 facta
477 1747 541 1770 sunt
563 1747 590 1770 ct
605 1746 680 1775 sunt,
698 1750 752 1774 res,
769 1742 891 1777 inquam,

93 1790 232 1817 animatas
246 1793 275 1816 et
287 1789 437 1816 inanimes.
454 1789 522 1816 Nam
536 1796 599 1816 cum
615 1788 684 1815 dixit
701 1797 707 1815 :
721 1788 754 1815 In
764 1789 894 1824 principio

94 1837 154 1871 fecit
171 1836 244 1863 Deus
259 1835 364 1868 uelum,
377 1836 491 1864 sustulit
504 1840 627 1866 mentem
639 1839 714 1862 tuam
721 1826 760 1862 "ad
776 1834 894 1862 creatio-

95 1891 157 1910 nem
183 1882 300 1917 superni
320 1882 438 1909 ordinis.
462 1881 568 1909 Deinde
593 1889 655 1908 cum
681 1881 844 1916 subjunxit:
860 1881 894 1908 Et

96 1933 208 1960 terram,
225 1927 334 1955 dimisit
348 1932 469 1955 mentem
487 1931 561 1955 tuam
574 1927 607 1954 ad
622 1927 775 1962 posituram
793 1926 894 1953 inferni

95 1973 317 2009 adimplementi,
342 1973 421 2008 cujus
446 1973 605 2000 universam
620 1973 747 2000 exhibuit
767 1980 893 2008 compre-

95 2020 259 2048 hensionem
274 2027 288 2046 a
301 2023 392 2054 parte,
413 2026 513 2053 nempe
531 2027 546 2046 a
559 2023 632 2045 terra
654 2028 659 2045 :
676 2018 779 2045 docens
795 2022 821 2045 te
838 2026 894 2045 non

95 2068 182 2095 solum
197 2074 279 2094 nosse
299 2070 420 2097 terram,
442 2065 490 2092 sed
515 2065 597 2092 etiam
614 2064 713 2091 malum
737 2063 810 2098 quod
833 2071 894 2090 eam

95 2113 180 2141 ambit
207 2120 242 2140 ac
272 2112 397 2139 coutinet
416 2120 422 2137 :
438 2110 642 2146 synecdocltice
662 2109 749 2136 veluti
773 2110 895 2144 quodam

95 2160 214 2187 termino
225 2158 387 2193 complexus
418 2165 466 2192 per
477 2157 545 2184 duas
560 2156 699 2184 dictiones
714 2155 855 2191 opiﬁcium
866 2159 894 2183 et

95 2206 265 2234 creationem
284 2203 378 2231 mundi
391 2204 437 2239 qui
449 2203 582 2238 aspicitur
591 2208 618 2232 et
635 2202 735 2230 mundi
746 2202 793 2237 qui
811 2202 894 2229 intel-

96 2251 201 2287 ligitur,
221 2259 304 2286 quem
319 2251 345 2277 in
355 2251 483 2286 principio
494 2251 559 2279 fecit
578 2251 657 2279 Deus
671 2257 677 2275 :
696 2249 723 2276 in
737 2248 890 2283 principio,

944 331 1124 365 gationczan
1157 339 1212 358 non
1246 339 1294 358 aer
1313 330 1429 365 replevit
1458 330 1678 358 universitatem.
1708 333 1738 355 ut

944 384 1078 410 nusquam
1101 377 1128 403 in
1151 376 1331 403 universitate
1357 376 1562 410 relinqueretur
1588 375 1666 401 locus
1691 382 1738 401 va—

943 430 1012 449 CUUS
1036 430 1042 448 ζ
1062 422 1114 449 hoc
1132 423 1206 449 enim
1235 421 1357 449 fatentur
1382 430 1478 449 omnes
1508 429 1643 455 nusquam
1676 428 1738 447 CSSC

943 467 1035 494 locum
1053 475 1182 498 vacuum,
1199 471 1227 494 et
1247 467 1480 494 cstconsentiens
1500 465 1622 493 omnium
1643 465 1738 499 opinio

943 513 1016 548 quod
1029 521 1076 540 aer
1090 513 1218 548 protinus
1240 513 1369 540 circuivit
1388 512 1611 542 universitatem,
1627 511 1738 546 quando

944 559 1025 587 simul
1041 564 1134 586 coacta
1150 559 1200 586 fuit
1222 567 1292 594 aqua
1307 559 1419 594 abyssi;
1441 566 1475 585 ex
1500 565 1570 592 aqua
1598 557 1683 586 enim.
1709 561 1738 583 ut

944 605 1029 632 semel
1053 605 1154 637 dicam,
1166 605 1311 632 exhalatur
1329 612 1375 632 aer
1393 613 1399 630 2
1418 608 1460 631 est
1480 608 1571 630 autem
1585 603 1607 630 is
1627 609 1739 637 quoque

944 656 1024 686 typus
1039 659 1070 678 ac
1087 651 1173 686 ﬁgura
1189 651 1342 678 divinitatis
1351 658 1410 685 quae
1420 658 1475 677 non
1489 653 1580 684 potest
1591 649 1737 676 exinaniri.

943 697 1086 731 Quomodo
1103 697 1177 725 enim
1193 706 1242 725 aer
1259 702 1301 725 est
1314 697 1416 732 ubique
1431 701 1459 724 ct
1472 696 1568 730 implet
1580 695 1684 727 omnia,
1701 695 1737 721 ita

943 744 1026 771 etiam
1054 744 1147 772 divina
1170 749 1413 778 natura.pr:nsens
1428 743 1455 770 in
1473 741 1653 769 universitate
1677 748 1738 768 eam

945 790 983 817 ita
997 790 1093 824 implet
1108 795 1138 816 ut
1149 790 1287 817 exinaniri
1305 794 1434 824 nequeat.
1447 788 1589 822 Quomodo
1603 787 1676 814 enim
1690 793 1739 813 aer

944 843 999 862 non
1014 835 1087 861 hunc
1102 835 1218 869 implcns
1235 835 1325 862 locum
1340 842 1373 862 ex
1389 834 1435 860 illo
1452 838 1494 860 est
1510 832 1684 864 exinanitus,
1701 832 1738 858 ita

943 880 1026 907 etiam
1041 878 1171 906 divinitas
1192 879 1285 906 omnia
1302 879 1339 906 ita
1355 879 1451 913 implet
1472 882 1502 905 ut
1524 885 1579 904 non
1594 876 1739 904 exinania-

945 929 1001 951 tur.
1013 925 1046 951 Et
1057 924 1197 959 quomodo
1211 932 1258 951 aer
1271 927 1351 951 estet
1369 923 1560 950 tenebricosus
1573 926 1602 950 et
1615 921 1737 954 lucidus,

944 969 1063 1005 primum
1078 974 1171 996 autem
1188 973 1231 995 est
1254 969 1280 995 id
1298 969 1373 1003 quod
1393 973 1434 995 est
1459 967 1683 994 tenebricosum:
1701 966 1738 993 ita

943 1012 1026 1039 etiam
1041 1012 1174 1039 Divinitas
1184 1016 1227 1039 cst
1245 1012 1366 1040 tenebrat
1391 1012 1561 1043 nolentibus,
1585 1011 1631 1037 lux
1646 1015 1738 1037 autem

944 1058 1112 1085 volentibus.
1132 1058 1252 1085 Primum
1267 1063 1360 1085 autem
1374 1062 1416 1085 est
1435 1057 1460 1084 id
1473 1057 1547 1092 quod
1560 1061 1601 1083 est
1619 1055 1741 1083 tenebri—

944 1111 1050 1137 cosum,
1069 1104 1199 1138 quoniam
1217 1105 1337 1139 primtun
1354 1104 1510 1139 ignoratur,
1528 1106 1555 1130 el
1571 1108 1635 1128 tunc
1652 1110 1738 1136 agno-

945 1151 1042 1178 scitur.
1075 1150 1109 1177 Et
1133 1151 1272 1185 quomodo
1297 1158 1345 1177 aer
1368 1149 1454 1176 veluti
1478 1148 1691 1175 intractabiliter
1710 1152 1739 1174 et

945 1196 1144 1224 inscnsibililer
1157 1200 1199 1223 est
1215 1195 1297 1222 etiam
1312 1195 1461 1230 perfectior
1471 1202 1534 1221 cum
1546 1193 1691 1221 scinditur.
1704 1192 1738 1219 ad

945 1243 997 1269 hoc
1014 1245 1045 1268 ut
1069 1245 1228 1276 permoveat
1243 1250 1340 1269 secans
1355 1249 1488 1276 corpora:
1504 1240 1542 1267 ita
1564 1239 1647 1267 etiam
1666 1239 1740 1266 Deus

946 1289 980 1316 iis
996 1289 1043 1323 qui
1059 1288 1149 1323 ipsum
1162 1288 1258 1315 volunt
1272 1287 1393 1314 medium
1406 1286 1556 1321 pervadere
1567 1289 1595 1312 ct
1609 1289 1738 1319 tanquam

944 1341 995 1369 per
1012 1333 1231 1368 penetrationem
1251 1333 1355 1367 (quoad
1369 1333 1428 1367 ejus
1449 1331 1507 1358 ﬁeri
1531 1335 1622 1366 potest
1642 1330 1675 1356 ab
1691 1330 1741 1356 ho-

946 1380 1036 1414 mine)
1048 1380 1072 1407 ei
1090 1379 1227 1406 uniuntur
1243 1378 1424 1410 insensiliter,
1448 1377 1506 1412 ipse
1521 1376 1604 1403 etiam
1616 1375 1741 1410 aperitur

946 1434 1008 1453 cum
1028 1424 1206 1459 perfectione.
1229 1428 1256 1451 et
1269 1424 1316 1459 qui
1337 1424 1414 1451 novit
1438 1424 1495 1458 ipse
1512 1423 1616 1452 scit.ut
1639 1422 1685 1456 qui
1703 1421 1741 1447 sit

946 1470 1100 1497 deiﬁcatus.
1120 1469 1153 1495 Et
1172 1468 1311 1503 quomodo
1329 1475 1388 1498 aer,
1402 1471 1430 1495 et
1445 1467 1518 1502 quod
1536 1471 1579 1494 est
1602 1466 1740 1494 extrinse-

946 1523 994 1543 cus
1007 1516 1131 1543 continet
1141 1519 1168 1542 et
1182 1514 1326 1549 refrigerat
1338 1514 1411 1549 quod
1422 1518 1465 1540 est
1482 1514 1552 1540 intra
1568 1512 1679 1543 animal.
1697 1516 1740 1539 est

946 1566 1038 1589 autem
1051 1561 1138 1596 magis
1151 1560 1325 1587 necessarius
1340 1567 1407 1586 usus
1420 1559 1466 1593 qui
1485 1563 1528 1585 est
1546 1558 1714 1584 intrinsecus
1730 1566 1738 1584 :

947 1608 983 1635 ita
996 1607 1080 1634 etiam
1105 1607 1187 1638 Deus,
1213 1606 1238 1632 id
1268 1605 1380 1640 quidem
1401 1604 1475 1639 quod
1501 1609 1544 1631 est
1567 1603 1740 1629 extrinsecus

945 1653 1067 1681 continet
1092 1652 1190 1679 castris
1213 1651 1386 1686 angelorum,
1411 1654 1441 1676 ut
1459 1649 1505 1684 qui
1528 1649 1583 1676 sint
1605 1648 1740 1675 salutares

944 1699 1069 1735 spiritus,
1087 1699 1134 1726 sed
1148 1702 1175 1725 ct
1191 1705 1241 1734 per
1258 1705 1287 1724 se
1299 1698 1325 1724 in
1344 1697 1418 1731 ipsos
1434 1700 1565 1731 operatur
1576 1694 1740 1722 viviticatio-

943 1753 1006 1773 nem
1020 1743 1332 1772 autrevivillcationem.
1352 1742 1384 1769 lli
1406 1747 1497 1769 autem
1515 1741 1565 1769 soli
1584 1740 1677 1767 divino
1694 1739 1741 1766 illo

943 1791 1088 1826 privamur
1110 1797 1184 1820 aere.
1216 1789 1263 1823 qui
1293 1788 1437 1823 elegerunt
1460 1787 1630 1814 natationem
1657 1793 1741 1820 super

943 1839 1040 1868 pectus
1054 1840 1082 1862 et
1095 1839 1220 1862 ventrem
1235 1842 1284 1868 per
1298 1834 1442 1861 humorem
1459 1832 1565 1867 peccati
1575 1841 1581 1858 :
1591 1835 1655 1858 sunt
1666 1831 1740 1857 enim

945 1881 1100 1915 voluptates
1115 1888 1148 1907 ex
1161 1879 1336 1906 humoribus.
1364 1879 1464 1905 Pectus
1480 1881 1571 1904 autem
1584 1880 1612 1903 et
1633 1879 1739 1905 venter.

945 1927 1017 1954 aeris
1032 1926 1183 1961 propensio
1208 1925 1242 1952 ad
1259 1933 1290 1951 ea
1306 1932 1366 1959 quae
1382 1927 1446 1950 sunt
1461 1922 1512 1949 sub
1530 1926 1666 1949 ventrem.
1686 1919 1740 1946 Sed

944 1973 1059 2003 densum
1078 1971 1224 2006 quemdam
1240 1974 1268 1997 et
1280 1970 1313 1996 ad
1331 1976 1474 2004 vesperam
1490 1967 1604 1994 omnino
1622 1973 1740 2000 vergen-

945 2024 1010 2050 tem,
1022 2016 1246 2052 profundumque
1258 2020 1287 2043 et
1299 2015 1405 2042 tristem
1419 2018 1576 2047 atrumque,
1590 2015 1616 2038 et
1627 2010 1741 2037 omnino

945 2063 1164 2094 tenebricosum,
1183 2070 1232 2096 per
1260 2069 1292 2088 ea
1315 2068 1376 2095 quae
1396 2059 1468 2086 dicta
1502 2062 1567 2086 sunt
1596 2056 1741 2091 descripsit

944 2109 1033 2136 Moses
1059 2107 1193 2135 mundum
1213 2110 1372 2133 terrestrem
1395 2108 1525 2139 opertum
1546 2102 1663 2130 diversis
1681 2102 1742 2136 qui-

944 2156 1060 2183 busdam
1073 2154 1157 2181 vcluti
1172 2152 1369 2188 integumentis
1377 2155 1405 2178 et
1417 2150 1495 2182 velis.
1509 2154 1636 2184 tanquam
1648 2152 1741 2175 coacta

945 2209 1102 2237 compressa
1121 2206 1206 2231 terra,
1234 2204 1264 2226 ut
1286 2206 1347 2233 qua:
1360 2197 1442 2224 simul
1462 2196 1497 2224 sit
1515 2196 1542 2223 in
1560 2194 1743 2226 tenebricosis

944 2253 973 2276 et
985 2249 1012 2276 in
1027 2248 1124 2275 umbra
1145 2246 1244 2274 mortis
1260 2245 1287 2272 in
1319 2243 1499 2272 terrestribus
1516 2242 1598 2270 Erebi
1618 2250 1624 2268 ε
1641 2241 1742 2275 partim

96 2298 220 2333 inquam,
234 2301 361 2332 paterno.
369 2305 465 2332 nempe
478 2298 645 2325 rationeseu
660 2295 752 2322 Verbo
765 2303 772 2321 :
784 2294 817 2322 In
834 2295 891 2330 ipso
909 2297 929 2324 ι)
944 2295 1056 2330 quidem
1071 2293 1204 2321 sull'ocata
1222 2291 1301 2327 aquis
1313 2299 1374 2326 qua:
1390 2290 1415 2317 ei
1441 2294 1506 2316 sunt
1521 2288 1665 2323 impositm,
1681 2295 1744 2321 par-

95 2345 167 2373 enim
184 2349 209 2371 et
221 2352 269 2379 per
285 2344 371 2376 ipsum
386 2345 472 2371 omnia
485 2345 557 2379 facta
570 2347 635 2370 sunt
645 2341 677 2369 “.

127 2391 198 2419 Cum
214 2391 359 2425 hucusque
390 2390 582 2418 constituisset
593 2388 748 2416 ccelestium
759 2392 787 2415 et
804 2392 893 2415 terre-

93 2437 193 2465 strium
210 2436 336 2463 omnium
352 2436 534 2467 creationem,
547 2434 595 2469 qui
624 2442 686 2462 cum
707 2434 780 2461 Most:
797 2434 894 2468 loque-

95 2483 175 2510 batur
204 2483 252 2509 Dci
278 2482 393 2516 angelus
420 2480 521 2508 transit
541 2480 575 2507 ad
596 2480 741 2516 mysticam
761 2479 892 2506 Ecclesia:

94 2519 244 2556 rationem.
257 2527 344 2560 Quam
355 2526 472 2562 quidem
488 2534 587 2554 rursus
599 2527 683 2554 aliam
698 2525 820 2561 appellat
835 2529 893 2552 ter—

94 2583 164 2607 ram,
181 2574 287 2602 etdieit
299 2574 333 2601 de
348 2573 409 2608 ejus
426 2573 601 2609 ignoratione
619 2579 647 2602 et
660 2581 755 2601 errore
770 2573 817 2608 qui
835 2577 894 2600 crat

94 2620 121 2648 in
138 2620 231 2654 initio,
246 2624 321 2646 terra
335 2624 426 2646 autem
443 2623 502 2646 erat
518 2620 656 2647 invisibilis
672 2623 696 2647 et
708 2620 892 2654 incomposita,

94 2670 118 2692 et
134 2666 249 2693 tenebrw
262 2674 343 2700 super
363 2665 499 2701 abyssum,
525 2670 550 2692 et
566 2665 681 2701 Spiritus
698 2665 746 2692 Dei
761 2665 896 2700 ferebatur

92 2720 173 2747 super
195 2720 307 2746 nquam.
337 2711 525 2745 Quaarendum
558 2716 599 2739 est
628 2716 721 2739 autem
738 2721 745 2738 :
765 2711 894 2746 Nunquid

93 2766 156 2785 eam
185 2758 288 2786 coelum
311 2761 340 2785 et
356 2762 430 2785 terra
448 2757 504 2785 sint
521 2757 648 2785 ordinata
671 2761 700 2785 et
717 2757 773 2785 sint
794 2757 822 2784 in
844 2764 895 2783 suo

95 2803 168 2836 loco.
185 2809 214 2831 et
232 2808 368 2838 praeterea
385 2804 509 2831 habeant
524 2803 645 2831 medium
668 2811 748 2831 suum
765 2803 896 2830 interval-

96 2848 152 2875 lum
167 2849 204 2876 ab
221 2849 323 2884 abysso
339 2849 488 2884 repletum.
505 2854 652 2884 postquam
667 2857 696 2876 ea
720 2856 829 2884 quoque
845 2847 895 2874 fuit

132 2937 154 2952 "'
171 2937 280 2965 Coloss.
293 2945 312 2970 ι,
333 2937 374 2964 16.

948 2341 996 2369 tim
1019 2345 1111 2368 autem
1135 2339 1224 2367 offusa
1250 2337 1374 2365 tenebris
1394 2336 1486 2372 abyssi
1503 2344 1516 2371 :7
1527 2334 1626 2361 deinde
1643 2333 1742 2368 spiritu

947 2387 1022 2415 venti
1041 2386 1086 2421 qui
1098 2385 1279 2412 vehementer
1293 2383 1380 2410 fertur
1395 2389 1478 2416 super
1490 2388 1601 2416 aquam,
1614 2380 1648 2407 ab
1661 2379 1743 2405 undis

945 2435 1046 2469 jactata
1061 2437 1089 2459 et
1115 2431 1226 2467 agitata.
1249 2429 1327 2457 Ferri
1344 2429 1430 2460 enim,
1442 2427 1580 2462 signiﬁcat
1594 2427 1743 2453 vehemen-

947 2481 1014 2508 tiam
1032 2485 1124 2507 tnotus
1147 2483 1176 2506 et
1192 2479 1312 2512 impetus
1327 2476 1410 2503 aeris.
1437 2475 1527 2509 Atque
1549 2474 1607 2501 hmc
1630 2472 1743 2508 quidem

946 2532 989 2555 est
1005 2530 1191 2561 congruenter
1214 2524 1311 2551 littera:
1333 2522 1457 2549 Mosaica:
1472 2520 1506 2548 de
1528 2525 1598 2547 terra
1623 2519 1744 2546 crassior

947 2582 979 2602 ac
990 2572 1168 2607 corporalior,
1186 2569 1259 2605 quod
1282 2569 1316 2595 ad
1344 2568 1430 2602 ipsam
1461 2567 1561 2594 attinet
1587 2565 1741 2595 historiam,

948 2618 1081 2646 narratio.
1095 2617 1168 2644 Mare
1184 2615 1325 2650 quoddam
1340 2613 1483 2640 horridum
1505 2620 1537 2639 ac
1553 2611 1741 2642 tenebrosum,

948 2664 1098 2698 multisque
1113 2662 1350 2699 undisjactatum,
1361 2664 1390 2686 et
1402 2664 1486 2686 totam
1497 2657 1643 2693 quamdam
1655 2660 1742 2682 atram

948 2714 1057 2737 noctem
1089 2712 1184 2743 aperte
1208 2707 1371 2734 describens
1398 2710 1486 2733 totum
1518 2703 1615 2731 orbem
1639 2707 1741 2728 terrae:
1769 2720 1771 2722 .

949 2756 1022 2791 quod
1043 2754 1153 2789 quidem
1181 2757 1275 2788 aperte
1296 2757 1324 2779 et
1349 2752 1419 2778 citra
1435 2751 1518 2777 ullam
1542 2747 1742 2775 dubitationem

948 2800 1204 2836 eratprmﬁguratio
1220 2804 1248 2826 et
1260 2799 1350 2833 imago
1370 2796 1475 2832 prioris
1485 2799 1582 2825 status,
1598 2793 1640 2819 vel
1652 2791 1744 2826 potius

949 2845 1186 2882 transgressionis,
1206 2844 1320 2875 erroris,
1345 2847 1373 2869 et
1391 2839 1573 2876 tempestatis,
1584 2842 1613 2865 et
1634 2837 1745 2872 ignora-
