1990 3183
195 205 248 235 86.3

813 198 841 226 S.
863 191 1060 224 ANASTASII
1083 191 1168 220 SlN.\
1174 188 1245 219 ΠΕ

1775 176 1805 206 δί’
1815 175 1826 205 ἱ

151 276 157 296 λ
198 259 282 286 tionis
311 263 389 285 terrae
407 267 412 284 ε
427 265 526 292 nempe
557 256 660 283 ratione
687 254 806 290 pnelitze
843 250 982 279 Eeclcsim.
1000 250 1022 278 Α
1035 247 1211 282 generationis
1231 244 1293 271 Jcsn
1307 242 1402 269 C/n'i:;ti
1427 239 1485 265 I-‘ilu'
1509 237 1642 264 Abraham
1658 235 1697 265 Si‘;
1717 233 1827 260 dicente

1043 293 1067 296 α·
1097 293 1102 296 -
1181 291 1199 296 -τ
1249 289 1254 296 -
1356 288 1361 292 -
1379 287 1384 292 -
1563 282 1601 296 to.
1621 285 1644 296 ιιι
1667 289 1672 294 .
1692 279 1745 296 πίω
1771 286 1827 296 .,,,,,

151 308 155 314 ‘
197 304 259 332 lliec
270 309 341 331 terra
359 309 419 331 erat
435 303 591 334 invisibilis,
606 310 666 336 qua:
680 309 734 328 non
749 300 838 327 solum
847 306 902 324 non
913 296 987 323 vitle—

198 351 292 381 batur,
310 349 358 377 sed
367 357 418 376 nec
429 349 556 381 videbat;
571 349 622 375 hoc
637 352 689 379 est,
705 347 797 373 statim
812 344 915 371 abortu
928 345 988 368 erat

197 391 259 423 sine
274 395 362 423 oculis
373 399 401 422 et
411 403 482 422 eatea
497 404 503 421 :
519 402 599 429 quam
615 392 760 421 excmcavit
771 387 898 426 princeps
911 393 988 415 tene-

198 442 312 468 brarum
336 441 430 469 saeculi
456 441 539 476 hujus
570 439 716 474 impositus
741 444 824 472 supra
858 435 988 471 abyssum

199 487 308 514 ratione
328 487 482 522 pratditam.
508 487 592 521 Aqu:e
609 492 718 520 quoque
734 487 908 518 peccatorum
920 488 989 507 ream

201 533 354 560 obruerunt
380 537 408 560 et
426 533 632 564 demerserunt,
657 535 685 558 et
707 529 842 565 spiritalia
861 526 991 562 nequitia:

201 586 262 613 quae
283 578 428 607 sulllarunt
453 586 501 613 per
524 585 554 604 os
577 576 724 611 serpentis,
746 575 772 602 ei
802 573 991 609 gravissimam

202 625 354 652 attulerunt
364 629 565 659 tempestatem,
579 627 606 650 ct
617 623 798 650 tentatiouum
811 620 886 647 mille
895 619 994 645 ﬂuctus

202 671 369 698 excitarunt.
390 670 467 698 Unde
483 671 566 698 etiam
593 674 692 696 terram
722 675 776 694 non
799 666 888 694 solum
914 664 992 696 dicit,

203 718 331 753 ἀόρατον,
347 717 374 744 id
389 717 709 752 est,a'téupatrov.nempe
727 717 867 741 carentem
878 711 966 738 oculis
986 719 992 737 :

205 762 252 790 sed
266 762 348 789 etiam
363 762 543 794 invisibilem,
561 766 590 788 ut
607 769 667 796 qua:
678 753 738 787 Inon
753 758 894 785 videretur
907 756 995 783 omni-

205 817 250 836 no.
266 809 399 841 Avertam,
419 809 508 844 inquit
536 809 620 840 Deus,
642 807 729 834 oculos
755 813 823 832 meos
838 813 853 830 a
868 803 937 830 vobis
962 802 993 828 “.

207 854 260 881 Sed
275 859 302 882 et
317 862 366 890 per
384 854 455 882 Osee
471 855 549 884 dicit.
573 862 628 881 non
648 853 736 880 solum
763 850 875 882 Judzcis,
900 855 995 876 verum

206 901 289 928 etiam
319 901 369 928 toti
393 900 651 936 generizCIautlam
675 898 762 925 oculos
779 906 847 924 meos
873 906 889 923 a
915 895 995 926 vobis,

208 947 333 979 quoniam
350 946 393 972 ο(ιί
406 954 486 980 opera
503 950 588 972 vestra
612 945 644 970 ’5.
664 943 717 970 Sed
733 951 793 970 eam
807 950 917 977 quoque
933 941 998 969 dicit

207 993 419 1027 incompositam.
443 993 510 1019 Nam
535 1000 597 1018 cum
618 991 646 1018 in
668 998 728 1018 eam
753 990 816 1017 mali
837 988 1000 1023 irrupissent

208 1037 304 1068 fluvii,
320 1044 347 1064 et
368 1037 454 1072 iniqui
478 1037 629 1071 spirassent
652 1036 740 1067 venti,
766 1034 865 1062 cecidit
895 1033 1000 1067 fuitque

210 1084 391 1118 incomposita
415 1088 443 1111 ct
466 1090 521 1110 non
546 1087 707 1110 constructa
725 1089 732 1107 :
751 1080 803 1107 fuit
825 1087 922 1114 magna
943 1079 1002 1113 ejus

211 1131 290 1157 ruina
303 1138 309 1159 ς
328 1134 358 1156 ut
373 1137 433 1164 qua:
445 1138 500 1157 non
511 1132 585 1156 esset
598 1128 731 1155 aulilicata
748 1135 830 1161 supra
847 1132 961 1152 uxorem
975 1128 1003 1151 et

212 1183 338 1210 sponsam
360 1173 474 1206 Christi,
496 1182 594 1208 nempe
609 1181 691 1207 super
712 1177 816 1207 petram
835 1170 898 1198 fidei
916 1169 1001 1197 Petri.

212 1221 242 1247 In
255 1225 295 1248 tot
308 1228 373 1255 ergo
389 1225 416 1248 et
435 1220 519 1246 tantis
541 1219 620 1246 malis
638 1219 747 1253 jaeehat
771 1226 785 1244 c
813 1222 884 1244 terra
913 1217 1004 1252 genita

213 1267 357 1294 hominum
368 1270 478 1298 natura,
496 1265 605 1300 quando
625 1265 698 1292 venit
713 1264 855 1301 plenitudo
874 1263 1005 1298 temporis

214 1319 245 1341 ut
264 1313 471 1340 ascenderctex
490 1317 601 1339 terreno
616 1311 753 1346 profunth
776 1311 960 1345 Voluptatum,
979 1313 1006 1336 et

213 1359 380 1386 liberaretur
401 1359 435 1385 ab
459 1359 537 1393 aquis
563 1366 623 1385 eam
647 1356 857 1389 sutiocantihus,
881 1360 910 1382 ct
934 1359 1007 1382 esset

215 1405 400 1440 tranquillitas
418 1405 553 1434 undarum
565 1412 625 1438 qua:
644 1404 670 1430 in
686 1412 745 1431 eam
760 1403 940 1438 insurgebant
955 1411 961 1428 ε
978 1406 1008 1428 ut

216 1451 280 1480 mali
292 1451 406 1478 silerent
423 1451 509 1482 venti,
525 1454 552 1477 et
564 1449 726 1476 recederent
741 1449 862 1476 tenebrat
880 1448 1009 1483 ignoran-

217 1497 271 1527 tiae.
295 1500 323 1524 ct
345 1497 520 1523 illucesceret
541 1495 671 1530 splendor
697 1495 746 1521 Dei
765 1493 951 1529 cogitationis.
977 1494 1010 1520 Et

218 1543 280 1571 ideo
310 1543 422 1575 cecinit,
451 1542 484 1569 Et
510 1541 579 1568 dixit
603 1542 686 1571 Deus,
712 1540 772 1567 Fiat
795 1540 862 1567 lux:
878 1540 931 1566 hoc
957 1543 1008 1570 est,

1038 293 1165 328 Christo;
1179 291 1231 325 liga
1246 289 1291 316 (ur
1304 288 1361 314 rcni
1377 287 1403 313 in
1418 284 1545 311 mundum
1563 282 1602 314 ‘°;
1620 285 1648 308 et
1667 289 1672 306 :
1689 279 1745 314 Ego
1769 286 1829 304 sum

1040 339 1095 371 lux,
1111 343 1134 364 ct
1150 338 1202 364 vita
1218 342 1240 362 et
1259 334 1413 362 resurrectio
1426 332 1445 346 ’θ’
1460 339 1467 363 ;
1485 330 1531 356 lux
1543 336 1603 364 qua:
1617 335 1681 354 vere
1692 329 1753 353 erat
1769 329 1827 351 orta

1040 385 1074 413 tul
1092 383 1278 411 rcvclationmt
1292 381 1409 416 gentium
1438 385 1498 412 qlae
1517 375 1593 411 prius
1607 377 1687 401 erant
1712 373 1828 399 obtenc-

1041 431 1125 457 hratze
1143 439 1149 455 ε
1164 437 1197 455 cx
1217 428 1317 463 quibus
1333 424 1444 461 papulas
1458 423 1502 458 qui
1521 425 1578 448 erat
1595 421 1623 447 in
1639 419 1751 446 tenebris
1764 417 1829 444 vidit

1042 475 1124 502 lucem
1143 481 1268 508 magnam
1294 472 1314 487 δ’
1328 469 1493 506 cognitionis
1505 489 1511 500 ,
1526 465 1637 502 quando
1648 465 1765 491 uisitauit
1784 471 1830 490 nos

1043 523 1127 549 oriens
1147 529 1178 547 ex
1199 520 1253 547 alto
1279 518 1312 551 ⁸³,
1333 522 1362 545 ut
1379 517 1503 544 illucerct
1525 514 1560 541 iis
1588 513 1633 548 qui
1658 511 1781 538 sedebam
1802 511 1830 538 in

1044 568 1155 595 tenebris
1172 571 1196 592 et
1220 566 1247 592 in
1268 565 1361 592 umbra
1383 563 1475 590 mortis
1501 560 1533 587 ⁵⁵.
1561 558 1638 593 Quod
1661 558 1734 585 eniln
1759 561 1831 583 terra

1043 618 1104 642 erat
1118 613 1144 640 in
1161 612 1240 639 initio
1255 611 1282 638 in
1296 609 1392 637 inferis
1407 608 1517 638 obruta,
1541 606 1567 633 id
1587 605 1664 640 prius
1684 603 1832 637 descripsit

1046 664 1118 687 terra
1140 658 1258 693 genitam
1278 661 1401 683 nostram
1424 658 1551 680 naturam
1570 651 1703 678 sedentem
1720 650 1746 675 in
1759 653 1832 674 (cnc-

1046 708 1099 734 bris
1112 712 1136 733 et
1152 706 1179 732 in
1198 705 1292 732 umbra
1306 703 1397 730 mortis
1410 711 1418 729 :
1432 701 1510 735 cujus
1528 699 1555 726 in
1568 696 1699 725 extremis
1727 699 1831 729 tempo-

1047 753 1124 780 ribus
1138 759 1188 786 per
1210 751 1351 778 Christum
1374 745 1618 775 illuminationem,
1636 742 1714 777 prius
1729 740 1835 767 deseri-

1047 801 1115 827 hens
1135 808 1141 826 :
1159 798 1232 825 Dixit
1249 796 1319 823 Deus
1333 803 1341 821 :
1355 793 1415 821 Fiat
1436 792 1492 823 lux,
1516 796 1540 818 et
1563 791 1632 825 facta
1647 792 1683 815 est
1702 787 1758 820 lux,
1774 794 1835 821 qua:

1048 842 1234 880 praecurrebat
1253 845 1282 868 et
1305 838 1498 875 praetigurabat
1515 843 1607 863 veram
1623 835 1723 864 lucem,
1737 839 1836 866 nempe

1051 890 1154 917 Jcsum.
1170 887 1226 914 ΙΙου
1241 892 1331 914 autent
1346 885 1391 911 hic
1407 886 1536 912 accurate
1552 885 1579 908 et
1598 884 1692 908 exacte
1710 878 1837 905 examina

1053 930 1284 968 quemadmodum
1304 936 1366 956 eum
1384 926 1512 961 superius
1530 924 1644 952 dixisset
1661 931 1668 950 ι
1688 922 1719 948 In
1739 921 1840 956 primi"

1051 982 1092 1016 pio
1110 979 1168 1014 fecit
1180 978 1248 1005 Deus
1267 976 1359 1003 cwlum
1379 979 1402 1001 et
1421 978 1520 1000 terram
1535 991 1544 1004 ,
1562 971 1608 997 hic
1624 977 1680 997 non
1696 968 1764 995 dicit
1781 976 1787 994 :
1804 967 1839 994 Et

1051 1013 1117 1054 fecit
1137 1026 1210 1052 Deus
1234 1025 1324 1051 lucem
1336 1042 1343 1054 ,
1364 1021 1411 1048 sed
1428 1029 1433 1046 :
1449 1019 1482 1046 Et
1504 1018 1570 1045 dixit
1593 1016 1660 1043 Deus
1677 1024 1685 1042 :
1703 1014 1764 1042 Fiat
1781 1013 1837 1045 lux,

1053 1079 1082 1102 ut
1097 1074 1187 1101 discas
1200 1069 1382 1099 differentiam
1399 1065 1549 1094 crcationis
1561 1067 1588 1092 et
1597 1060 1798 1098 generationis,
1811 1063 1840 1086 et

1054 1125 1084 1147 ut
1095 1118 1291 1146 haereticorum
1304 1121 1387 1142 voces
1402 1111 1578 1146 comprimas,
1592 1109 1638 1143 qui
1648 1106 1840 1135 dicuntDcum

1054 1165 1186 1196 Verbum,
1206 1162 1382 1189 nolentemct
1403 1157 1520 1184 invitum
1537 1153 1691 1188 suscepisse
1713 1152 1842 1178 incarna-

1056 1212 1159 1238 tionem
1177 1218 1183 1235 :
1201 1212 1229 1236 et
1238 1206 1313 1242 quod
1333 1208 1479 1239 propterea
1492 1200 1565 1235 quod
1575 1200 1681 1234 iussum
1695 1201 1842 1232 paternum

1056 1266 1111 1285 non
1127 1260 1221 1291 posset
1243 1259 1381 1283 recusare,
1396 1253 1426 1276 ut
1443 1248 1490 1283 qui
1510 1248 1618 1274 Patrem
1634 1247 1749 1274 amaret,
1770 1241 1842 1268 invi-

1058 1308 1102 1331 tus
1114 1308 1204 1330 tamen
1229 1305 1256 1327 et
1278 1303 1308 1325 ut
1334 1297 1381 1332 qui
1402 1295 1487 1322 nollet
1511 1298 1675 1327 repugnare.
1696 1289 1843 1316 humanam

1058 1350 1144 1379 subiit
1164 1352 1299 1376 naturain.
1314 1345 1430 1378 Propter
1443 1341 1496 1367 hoc
1515 1345 1581 1374 ergo
1597 1341 1624 1364 et
1645 1339 1756 1371 propter
1772 1333 1847 1368 ejus-

1058 1397 1132 1425 modi
1146 1395 1212 1422 vitia
1227 1414 1234 1426 ,
1256 1400 1312 1419 non
1336 1375 1406 1417 dixit
1419 1397 1426 1413 :
1439 1387 1473 1414 Et
1488 1385 1554 1414 fecit
1571 1384 1660 1411 lucem
1678 1391 1685 1408 :
1701 1380 1748 1408 sed
1765 1389 1770 1406 :
1788 1375 1846 1405 Fiat

1061 1443 1116 1470 lux.
1134 1441 1162 1468 Id
1179 1439 1252 1468 enim
1276 1436 1351 1472 quod
1373 1434 1402 1461 fit
1426 1441 1481 1461 non
1504 1430 1587 1458 habet
1605 1428 1719 1455 fortasse
1743 1430 1847 1452 conve-

1060 1487 1192 1517 nientiam
1205 1492 1267 1512 cum
1289 1481 1389 1510 all‘ectu
1405 1479 1437 1506 ad
1449 1484 1530 1512 queui
1547 1473 1709 1503 traducitur,
1727 1474 1757 1497 ut
1768 1468 1848 1504 quod

1061 1543 1124 1562 cum
1137 1532 1271 1560 ctiiciente
1285 1527 1399 1555 minime
1410 1523 1558 1552 conveniat
1575 1530 1580 1548 :
1596 1527 1650 1547 non
1661 1518 1701 1546 sic
1711 1521 1803 1543 autem
1819 1523 1850 1542 se

218 1565 279 1571 -υνυ
312 1565 422 1575 “mm,
451 1565 484 1569 --
603 1565 612 1567 -
630 1565 686 1571 ην,
855 1565 859 1566 ν
977 1565 980 1566 ν
1003 1565 1008 1570 ,

217 1587 343 1615 Christus
363 1595 423 1613 vera
448 1586 493 1612 luo;
513 1593 572 1620 qua:
597 1584 733 1611 illuminat
751 1593 856 1610 omnem
877 1583 1009 1610 hominem
1025 1592 1046 1620 (ι
1062 1582 1145 1609 habet
1161 1576 1312 1615 generatio.
1327 1574 1394 1602 Nam
1412 1579 1473 1606 (ιιιω
1486 1572 1665 1604 ἕοηετέιῐὶωτι
1677 1565 1851 1592 multum”

1361 1619 1365 1620 ν
1388 1619 1398 1620 7
1413 1617 1425 1620 Α
1460 1617 1466 1620 -
1667 1615 1673 1620 Α
1695 1609 1769 1620 ,I._._.'
1786 1615 1830 1620 ..-Α

218 1635 362 1662 seuientem
373 1634 399 1659 in
410 1633 535 1660 mundum
549 1631 653 1663 “fiat,
664 1632 769 1658 scilicet
777 1631 870 1658 veniat
884 1630 916 1656 ad
929 1637 1012 1664 gene-

220 1681 365 1713 rationem,
383 1679 528 1713 ellingatur
551 1683 579 1705 et
596 1681 769 1712 corporetur.
791 1677 826 1705 Ut
843 1681 936 1703 autem
961 1675 1011 1702 tibi

219 1726 388 1757 ostenderet,
415 1725 501 1760 magis
520 1732 602 1759 quam
631 1724 723 1751 omnia
746 1731 806 1751 esse
827 1722 1012 1750 necessariam

221 1773 303 1800 Verbi
329 1772 564 1802 incarnationem,
585 1775 612 1798 et
637 1776 749 1806 propter
768 1779 828 1798 eam
853 1770 923 1797 facta
954 1777 1014 1796 esse

221 1819 324 1850 omnia,
333 1819 393 1845 sine
405 1826 459 1852 qua
475 1825 545 1844 vana
557 1822 621 1844 sunt
632 1822 660 1844 et
673 1816 775 1847 inania,
789 1820 903 1850 peccato
916 1816 1014 1842 elIecta

223 1865 332 1893 inutilia
349 1869 377 1892 et
398 1864 432 1891 ad
448 1864 565 1891 nihilum
580 1863 740 1894 redeuntia;
762 1863 854 1889 statim
880 1862 914 1888 ab
937 1861 1015 1888 initio

223 1910 371 1944 Scriptum
387 1909 458 1936 etab
471 1909 537 1943 ipsis
550 1909 692 1943 prcmmiis
713 1908 789 1935 illam
802 1907 850 1934 tibi
867 1907 961 1938 tradit,
971 1907 1016 1934 di-

223 1963 307 1984 cens:
322 1954 355 1982 1η
371 1955 500 1990 principio
514 1955 574 1988 fecit
591 1954 660 1980 Deus
681 1953 774 1981 cwlum
791 1957 815 1980 et
826 1958 946 1984 terram;
968 1960 1017 1979 seu

224 2001 289 2028 fecit
299 2001 327 2027 in
342 2000 478 2035 principio
493 1999 637 2034 temporali
651 2008 657 2025 ε
671 2007 719 2026 seu
735 1999 839 2033 placuit
856 1998 879 2025 ei
895 2003 924 2025 ut
940 1998 1019 2025 lieret

224 2048 325 2074 malum
354 2050 484 2081 tauquam
516 2046 604 2077 Deus,
628 2050 656 2072 et
681 2050 755 2072 terra
782 2048 896 2079 propter
924 2044 1018 2071 Jcsum

227 2093 377 2121 hominem.
398 2092 512 2125 Quando
531 2097 621 2119 autem
648 2092 673 2119 ei
694 2091 798 2126 placuit
823 2091 881 2118 haec
898 2091 1020 2118 creatio?

225 2139 341 2174 Quando
361 2139 446 2174 erepit
475 2138 629 2173 producere
649 2137 770 2168 sensilia.
791 2145 846 2164 non
869 2140 961 2164 autem
988 2144 1020 2164 ea

226 2193 288 2220 qua:
301 2184 404 2219 cadunt
415 2184 466 2211 sub
481 2182 701 2218 intelligentiam.
716 2182 828 2210 Sciebat
838 2181 912 2210 enim
922 2182 979 2209 fore
993 2185 1022 2208 ut

228 2232 286 2259 haec
303 2232 350 2258 illa
366 2235 537 2267 paterentur,
548 2234 576 2257 et
588 2229 658 2257 male
671 2228 845 2256 abicerentur
856 2233 884 2256 et
895 2236 1022 2255 corrum-

229 2281 362 2312 parentur
375 2285 390 2304 a
405 2280 520 2312 peccato
531 2276 596 2303 Adte
610 2285 616 2302 :
634 2280 661 2302 et
675 2283 724 2302 sua
740 2275 910 2310 benignitate
926 2278 954 2301 et
965 2273 1021 2301 cle-

230 2323 332 2351 mentia
347 2322 483 2358 praevenit
496 2322 561 2349 mali
573 2321 647 2356 quod
665 2325 725 2348 crat
738 2328 868 2355 passurus
885 2320 1023 2348 incursio-

230 2377 306 2402 nem,
318 2373 381 2396 ante
393 2368 568 2396 affectionem
583 2371 610 2394 et
633 2367 731 2394 vitium
757 2375 856 2401 parans
876 2366 1024 2393 medicum.

232 2415 382 2450 Propterea
393 2414 476 2441 etiam
489 2413 593 2440 dicitur
609 2412 707 2439 vitulus
721 2413 859 2448 saginatus
873 2412 945 2447 apud
957 2413 1028 2439 divi-

232 2469 299 2488 num
316 2461 418 2488 Lucam
440 2460 474 2486 ³⁸.
497 2458 599 2486 Vilulus
617 2464 746 2493 tanquam
769 2466 833 2486 caro
851 2468 856 2485 :
873 2459 915 2485 vel
930 2463 960 2485 ut
980 2458 1027 2493 qui

232 2506 330 2534 Crueis
352 2506 446 2541 jugum
469 2510 529 2532 erat
545 2509 692 2536 tracturus,
706 2505 846 2540 saginatus
867 2509 971 2535 autem,
997 2509 1026 2531 ut

234 2554 283 2589 qui
300 2554 356 2589 jam
376 2553 442 2581 olim
462 2557 489 2580 et
520 2553 555 2580 ab
579 2553 638 2588 ipso
655 2552 733 2579 initio
754 2551 978 2584 csset,delinitur
1000 2556 1028 2578 ct

235 2600 448 2636 prmdestiuatur
461 2604 490 2627 ut
501 2604 623 2627 nostram
634 2599 739 2626 subiret
752 2603 889 2626 naturam.
913 2597 1028 2631 Quando

236 2654 304 2682 ergo
324 2646 424 2674 cmlum
443 2645 588 2674 constituit
601 2650 630 2673 et
645 2650 747 2672 terram
770 2649 799 2671 et
811 2653 873 2679 qua:
890 2649 954 2672 sunt
967 2652 1028 2671 cum

237 2693 288 2725 eis,
311 2697 377 2721 tunc
396 2692 479 2720 etiam
495 2693 618 2720 contexit
636 2690 796 2726 mysterium
820 2690 1029 2718 incarnationis.

238 2740 279 2768 Ad
297 2740 410 2774 angelos
431 2739 515 2770 enim,
536 2738 603 2765 Adae
624 2737 763 2764 acerbitas
781 2744 835 2764 non
853 2737 904 2764 fuit
918 2737 1030 2764 omissa.

243 2786 320 2814 Unde
337 2787 421 2814 etiam
442 2787 502 2820 ejus
522 2784 674 2812 secundum
693 2791 804 2810 carnem
825 2783 1031 2817 generationem

242 2834 271 2860 in
292 2831 442 2867 Evangelio
464 2830 625 2858 describens
650 2830 812 2860 Matthreus,
835 2829 903 2856 dicit
926 2838 931 2854 :
959 2828 1034 2855 Liber

282 2891 304 2910 ³⁸
320 2892 401 2921 ΙδηΛ,
426 2891 466 2917 lli.
505 2890 527 2905 ³⁵
543 2889 612 2916 Osee
628 2897 664 2920 ix,
680 2889 721 2915 ‘0.
772 2888 792 2902 ³⁷
813 2888 889 2915 Jnaa.
917 2896 934 2916 l.
960 2888 999 2914 ll.

230 2927 267 2977 .l“
287 2925 365 2955 Joan.
380 2935 417 2959 xt,
435 2927 478 2953 ‘23.
518 2926 539 2940 δ’
560 2926 611 2952 lsa.
627 2933 664 2956 ix,
680 2925 705 2950 2.
746 2925 766 2939 ³³
788 2923 854 2950 Luc.
869 2931 887 2954 ι,
904 2923 946 2949 73.

1055 2887 1077 2902 ³³
1097 2885 1163 2912 Luc.
1181 2891 1226 2914 xv,
1243 2881 1287 2907 93.

988 2923 1008 2939 "‘
1028 2921 1095 2950 ibid.
1116 2919 1160 2948 79.

1063 1634 1126 1655 cum
1141 1609 1330 1660 gEIieratione,
1349 1617 1431 1654 862
1444 1617 1616 1648 alterumque
1634 1615 1676 1639 est
1692 1609 1771 1637 alteri
1785 1615 1851 1642 gra-

1063 1678 1122 1700 tum
1141 1657 1178 1698 “et
1196 1672 1352 1702 acceptum,
1379 1663 1515 1697 simulque
1539 1659 1678 1687 exsultant
1702 1660 1730 1683 et
1756 1657 1855 1690 petunt

1064 1717 1263 1754 perfectionem
1279 1722 1286 1740 :
1303 1709 1442 1747 quomodo
1457 1708 1540 1735 etiam
1553 1705 1680 1732 videmus
1698 1702 1771 1729 fetus
1783 1699 1857 1727 exsi-

1065 1744 1078 1754 .~
1088 1744 1108 1746 -γ
1132 1744 1135 1745 ν
1312 1744 1319 1747 .

1065 1764 1200 1793 lientesin
1209 1751 1341 1789 maternis
1354 1755 1450 1785 uteris.
1461 1759 1489 1782 et
1501 1753 1631 1780 festinare
1643 1754 1674 1777 ut
1683 1744 1855 1776 eximantur:

1066 1816 1093 1839 et
1107 1811 1135 1837 in
1148 1808 1258 1844 plantis,
1282 1811 1384 1833 ramos.
1398 1801 1475 1832 folia,
1490 1799 1582 1830 ﬂores,
1605 1795 1721 1825 fructus,
1738 1793 1858 1819 libenter

1067 1842 1290 1885 crescere.Di.\‘it
1316 1857 1394 1884 ergo,
1411 1847 1491 1874 Facta
1514 1848 1552 1871 est
1580 1842 1624 1869 lucc
1644 1849 1651 1868 :
1672 1847 1727 1867 non
1743 1842 1857 1865 autem:

1067 1883 1144 1931 ἔξω
1178 1901 1279 1930 lucem,
1305 1900 1334 1924 ut
1353 1883 1407 1930 iper
1432 1891 1511 1923 illud,
1537 1889 1621 1917 Facta
1644 1890 1692 1919 est,
1723 1883 1862 1918 intelligas

1068 1946 1255 1977 voluntarium
1284 1929 1484 1979 propriumque
1508 1940 1536 1963 et
1563 1931 1751 1962 ltelabundum
1777 1929 1861 1956 Verbi

1070 2003 1132 2023 cum
1151 1995 1230 2022 Patre
1248 1980 1452 2023 beucplacitum
1468 1985 1495 2011 in
1516 1979 1792 2017 lncarnationc,_non
1810 1983 1862 2003 au—

1071 2046 1126 2069 tem
1149 2038 1270 2067 Verbum
1290 2040 1401 2063 carnem
1419 2029 1539 2059 subiisse
1554 2030 1681 2055 coactum
1698 2028 1725 2051 et
1741 2021 1864 2050 necessi-

1072 2093 1127 2116 tate
1141 2085 1290 2113 adductum
1302 2091 1308 2108 :
1319 2080 1450 2108 imluctus
1466 2085 1482 2104 a
1497 2075 1593 2112 veybo,
1614 2071 1695 2099 Facta
1713 2074 1760 2097 est.
1775 2068 1864 2101 Quem

1071 2133 1154 2161 etiam
1174 2129 1272 2158 videns
1296 2127 1377 2153 Pater
1400 2124 1440 2151 sic
1453 2129 1564 2150 carnem
1579 2122 1741 2155 gestantem,
1757 2115 1866 2142 laetatus

1072 2183 1125 2207 est.
1153 2177 1186 2204 Et
1202 2175 1265 2202 ideo
1286 2171 1388 2200 dicitur
1405 2179 1411 2196 :
1427 2168 1461 2196 Et
1482 2167 1546 2194 vidit
1570 2163 1638 2200 quod
1657 2166 1720 2189 esset
1740 2157 1866 2202 bona.'Si

1074 2198 1125 2207 ιι...
1153 2198 1186 2204 μ-
1203 2198 1261 2202 η--
1576 2198 1581 2200 _

1074 2223 1165 2252 omnia
1183 2229 1243 2256 qua:
1263 2218 1328 2247 fecit
1351 2217 1425 2244 Deus
1446 2217 1510 2241 sunt
1527 2211 1606 2239 valde
1632 2198 1868 2241 bona.quon:odo

1075 2279 1130 2298 non
1144 2254 1211 2296 dicit
1229 2266 1370 2300 Scriptura
1386 2263 1446 2289 illas
1465 2258 1606 2299 tenebras,
1630 2262 1690 2290 qum
1707 2256 1787 2280 erant
1803 2254 1869 2277 ante

1073 2318 1246 2348 lueem,esse
1265 2310 1373 2339 bonas?
1395 2307 1449 2335 Sed
1472 2313 1564 2340 neque
1585 2297 1669 2337 aquas
1686 2299 1746 2327 ilias
1770 2297 1869 2326 bonas,

1074 2369 1164 2398 neque
1188 2360 1319 2395 abyssum
1337 2363 1397 2391 qua:
1426 2351 1640 2381 obscurabatur,
1669 2347 1770 2374 bonam
1790 2341 1870 2370 dicit.

1076 2390 1176 2438 Dieens
1183 2390 1249 2443 erg-0
1263 2390 1400 2440 scriptor:
1414 2401 1447 2429 Et
1460 2400 1523 2427 vidit
1542 2398 1608 2424 Deus
1623 2395 1707 2422 lucem
1722 2390 1791 2427 quod
1806 2391 1872 2416 esset

1078 2458 1156 2486 bona,
1170 2440 1291 2482 ostendit
1308 2449 1382 2486 quod
1400 2446 1493 2475 omnia
1517 2444 1563 2472 illa
1580 2449 1640 2477 qua:
1656 2441 1794 2467 venerunt
1808 2440 1873 2462 ante

1079 2510 1172 2530 veram
1202 2500 1293 2527 lucem
1324 2503 1384 2531 quae
1419 2490 1580 2521 illuminavit
1605 2495 1710 2515 omnem
1741 2484 1874 2511 hominem

1080 2548 1226 2575 venientem
1237 2545 1264 2571 in
1279 2544 1346 2570 hunc
1361 2538 1498 2569 mundum,
1520 2539 1549 2563 et
1561 2539 1662 2561 terram
1676 2530 1874 2558 obscurarum,

1082 2595 1247 2623 obruerunt,
1263 2587 1456 2616 demerserunt
1484 2587 1512 2610 et
1537 2579 1787 2608 sufi‘omruntmon
1812 2579 1874 2599 esse

1082 2640 1154 2667 bona
1174 2646 1181 2664 :
1197 2617 1266 2663 adeo
1282 2637 1312 2661 ut
1338 2632 1395 2666 ipsa
1423 2635 1522 2661 carens
1539 2624 1654 2654 lumine,
1682 2617 1832 2648 invlsibilis
1845 2620 1877 2643 et

1085 2682 1266 2719 incomposita
1296 2685 1324 2707 et
1354 2675 1515 2710 inl‘rugifera
1544 2671 1694 2699 sustineret
1717 2663 1877 2693 contrarios

1085 2711 1212 2768 spiritiis,
1228 2727 1274 2763 qui
1297 2729 1361 2753 ante
1373 2724 1464 2751 lucem
1491 2718 1593 2748 Christi
1615 2716 1642 2744 in
1656 2720 1729 2742 terra
1746 2711 1878 2768 obtin'uc-

1087 2755 1154 2805 riint
1176 2773 1360 2803 dominatum.
1383 2769 1412 2796 [ιι
1432 2767 1475 2794 his
1498 2770 1601 2794 autem,
1619 2767 1732 2790 terram,
1755 2755 1878 2789 intellige

1090 2823 1243 2853 hominem.
1254 2818 1332 2848 Unde
1350 2815 1432 2844 etiam
1445 2813 1515 2840 hanc
1528 2810 1628 2837 bonam
1643 2807 1732 2833 lucem
1749 2802 1880 2830 audimus

1340 2876 1360 2891 ³³⁸
1382 2873 1483 2905 Matth,
1499 2879 1526 2902 I,
1547 2870 1555 2896 l
1621 2867 1642 2882 ‘°
1664 2865 1742 2893 Joan.
1764 2869 1811 2893 xu,
1832 2859 1878 2887 ιϐ.
