1977 3234
119 225 173 256 8C5

683 225 722 255 ΙΝ
743 224 1020 255 IIEXAEMERON.
1038 238 1072 242 —
1095 226 1169 255 LIB.
1191 225 1215 255 Ι.

1718 234 1770 264 866

118 281 260 309 dicentem
277 289 283 307 :
300 279 397 308 Omnes
421 280 467 316 qui
486 284 547 308 ante
560 288 601 307 me
620 286 758 314 venerunt,
776 286 836 308 sunt
851 281 922 317 fures
938 284 959 312 Α
974 281 1065 309 lucem
1083 290 1096 310 a
1114 283 1170 310 Deo
1183 283 1314 318 genitam.
1332 283 1410 317 Quod
1423 284 1445 311 si
1458 288 1486 311 ut
1503 290 1544 313 est
1555 294 1771 318 consentaneum

119 331 144 354 et
156 326 276 353 latrones
287 325 322 352 ⁸³.
335 326 406 360 Quid
427 326 509 359 dicis,
526 326 664 353 Domine?
677 326 770 354 Omnes
791 328 836 362 qui
859 330 922 354 ante

120 381 146 402 te
157 376 286 399 venerum
300 377 362 399 sunt
386 372 458 408 [ures
474 378 498 399 et
515 372 652 399 latrones?
670 372 739 399 Num
765 372 841 400 fures
855 378 922 400 sunt

121 423 149 447 et
160 419 298 451 latrones,
314 419 384 446 Abel
403 427 486 454 quem
502 419 598 446 dixisti
616 419 732 454 justum,
757 425 785 446 et
800 418 879 451 Scth,
895 425 924 447 et

122 465 229 498 Enoch,
256 469 285 493 et
299 465 380 493 Noe?
405 465 539 501 Nunquid
562 465 634 492 latro
655 469 698 492 cst
720 464 871 498 Abraham,
896 471 924 494 et

123 511 207 543 Isaac,
219 516 247 539 et
264 512 363 544 Jacob,
380 517 408 539 et
425 511 526 543 Moses,
539 516 566 539 ct
579 511 694 539 Aaron?
709 511 839 548 Nunquid
852 513 924 540 latro

122 562 164 585 est
182 558 281 591 David,
297 558 346 593 qui
361 562 423 586 erat
438 557 592 585 secundum
608 566 657 585 cor
675 562 764 590 tuum,
782 559 830 593 qui
851 559 924 586 Dcus

123 604 171 631 es?
187 604 319 640 Nunquid
340 604 383 631 l‘ur
395 607 436 631 est
450 604 536 635 Elias.
547 604 671 639 quicum
691 608 766 631 tanta
783 605 869 639 gloria
882 608 925 631 est

123 651 303 686 assumptus?
315 650 447 685 Nunquid
459 654 522 677 sunt
531 650 655 678 latrones
667 650 764 682 Isaias,
776 655 804 678 et
817 650 924 683 Daniel,

123 700 151 724 et
166 690 423 732 omncsrprophetze
438 696 486 731 qui
511 695 539 723 in
561 696 670 723 visione
693 700 768 723 tuam
790 697 924 732 praevide-

125 747 189 769 runt
207 740 433 777 prteSentimmet
448 750 508 769 eam
523 747 587 770 ante
606 743 830 770 annuntiarunt?
856 743 925 770 Nam

124 789 143 816 ii
153 797 251 816 omnes
264 793 329 816 ante
346 793 373 816 te
389 788 417 815 in
431 795 514 815 carne
530 792 680 821 venerunt,
695 796 766 823 quos
778 796 850 823 saepe
864 796 925 816 esse

121 835 212 870 justos
231 835 259 862 in
273 835 328 862 tuis
341 834 520 862 sermonibus
532 842 563 862 es
582 838 710 863 testatus.
735 835 865 870 Nunquid
882 835 927 862 fur

123 887 151 910 et
164 883 234 909 latro
253 889 297 909 est
310 881 432 909 Joannes
443 889 612 917 przecursor,
641 883 689 917 qui
706 890 769 910 cum
792 883 925 915 venisset,

124 928 235 956 dicebat
251 937 256 954 :
276 927 350 955 Venit
367 929 411 963 qui
434 932 473 955 est
491 931 553 955 ante
568 937 608 954 me
622 928 664 954 δεῖν
689 929 724 955 Et
748 929 771 956 si
796 933 839 956 est
857 928 902 955 fur
917 948 925 960 ,

125 973 266 1008 quomodo
285 973 319 1000 de
334 981 368 1000 eo
381 973 504 1005 testaris,
521 972 618 1000 dicens
635 982 641 1000 ε
656 973 715 1000 Non
729 975 844 1000 surrexit
858 974 927 1000 inter

125 1024 204 1046 natas
218 1019 361 1046 mulierum
375 1019 465 1054 major
478 1018 582 1046 Joanne
598 1018 720 1054 Baptista
732 1020 773 1046 ‘7?
791 1019 925 1052 Subsiste,

125 1065 227 1100 inquit,
241 1065 288 1100 qui
308 1065 366 1093 haec
376 1060 452 1093 dicis
469 1075 476 1092 ε
493 1073 548 1093 non
568 1066 668 1100 loquor
691 1066 725 1093 de
745 1065 778 1093 iis
798 1066 846 1101 qui
863 1070 926 1093 ante

125 1120 170 1139 me
183 1112 240 1139 nati
253 1116 319 1139 sunt
343 1112 371 1139 in
391 1119 485 1139 carne.
511 1111 565 1140 Sed
586 1111 717 1147 quoniam
736 1112 800 1140 veni
822 1120 837 1139 e
856 1113 926 1140 emlo

124 1159 226 1186 missus
245 1166 261 1186 a
282 1159 364 1186 Patre
387 1166 460 1190 meo,
483 1166 581 1186 omnes
608 1158 656 1194 qui
683 1167 717 1186 ex
734 1158 832 1186 eodem
856 1158 926 1186 coelo

125 1211 188 1232 cum
205 1203 303 1231 eodem
317 1211 403 1238 scopo
416 1207 555 1231 venerunt
571 1210 635 1232 ante
653 1212 707 1236 me,
725 1209 790 1232 sunt
806 1204 883 1232 fures
898 1209 928 1232 et

124 1250 249 1278 latrones
265 1259 272 1277 ε
288 1257 388 1285 nempe
401 1250 568 1278 adversaria:
580 1250 744 1277 Putestates.
760 1250 927 1286 Et-suhjun-

125 1295 164 1331 git
182 1295 291 1329 dicens,
311 1295 371 1322 Non
392 1295 689 1323 audierunteosous“.
705 1295 842 1329 Quasnam
861 1304 928 1324 oves

125 1341 207 1375 dicis,
223 1342 352 1374 Domine,
383 1350 438 1369 non
462 1342 585 1370 audiisse
603 1350 702 1370 vocem
723 1346 753 1370 et
771 1342 926 1370 doctrinam

126 1389 265 1416 malorum
287 1388 473 1424 spirituum?
491 1382 561 1416 Nam
591 1388 614 1416 si
642 1388 677 1415 de
703 1388 807 1416 Iudaeis
835 1388 925 1415 dicis:

126 1435 296 1464 obedierunt
320 1439 348 1462 et
368 1434 560 1463 sacriﬁcarunt
583 1434 745 1467 daemoniis;
766 1435 808 1462 sin
833 1439 927 1462 autem

126 1480 160 1509 de
173 1480 316 1516 gentibus,
328 1488 380 1508 nos
392 1487 491 1508 omnes
510 1480 631 1516 subjecti
652 1480 758 1508 fuimus
770 1485 798 1508 et
811 1481 928 1508 servivi-

126 1527 196 1554 mus'
206 1526 321 1554 diabolo
338 1530 402 1554 ante
418 1530 496 1554 tuum
518 1526 682 1564 adventum,
705 1526 825 1562 principi
840 1527 926 1555 latro-

126 1580 204 1606 num,
220 1576 249 1600 et
261 1572 369 1608 angelis
391 1573 451 1608 ejus
468 1572 549 1600 malis
564 1572 675 1600 furibus
689 1577 849 1600 nostrarum
865 1574 926 1601 ani-

126 1627 246 1647 marum.
268 1619 323 1646 Sed
339 1626 395 1646 non
409 1617 483 1650 dico,
505 1618 607 1654 inquit,
629 1619 663 1646 de
682 1618 863 1646 hominibus:
877 1619 926 1646 sed

127 1664 161 1693 de
178 1665 234 1693 illis
250 1665 402 1701 nonaginta
417 1672 516 1693 novem
536 1665 637 1694 ovibus
651 1675 658 1692 :
672 1665 706 1693 de
723 1666 866 1701 angelicis,
883 1666 926 1694 in-

126 1719 222 1747 quam,
237 1711 428 1739 Potestatibus
446 1711 597 1746 supernis;
623 1711 677 1739 illa:
694 1711 769 1739 enim
786 1719 853 1740 oves
871 1720 927 1740 non

127 1757 278 1784 audierunt
291 1764 386 1784 vocem
400 1755 494 1784 furum
511 1761 539 1784 et
559 1757 711 1785 latronum.
731 1757 802 1791 Quid
820 1763 863 1786 est
877 1766 927 1785 an-

127 1807 182 1830 tem
200 1811 207 1829 :
224 1801 284 1829 Non
307 1802 461 1836 audierunt,
491 1803 546 1830 nisi
570 1803 645 1838 quod
666 1811 715 1839 per
730 1804 783 1832 hoc
799 1804 927 1837 verbum,

127 1848 195 1876 dicit
208 1856 265 1875 non
283 1848 376 1884 lapsos
391 1856 453 1876 esse
462 1849 586 1885 angelos,
598 1857 650 1877 nec
661 1850 709 1877 ulli
722 1850 827 1886 probro
841 1850 928 1879 fuisse

127 1894 274 1922 obnoxios.
289 1894 346 1922 Aut
366 1902 463 1922 rursus
475 1903 528 1923 nos
547 1895 653 1924 docens
666 1916 674 1929 ,
692 1896 774 1924 tacite
792 1896 930 1933 signiﬁcat

127 1941 202 1976 quod
224 1941 253 1968 in
272 1945 396 1976 tempore
408 1948 505 1969 eorum
520 1942 698 1975 defectionis,
714 1951 778 1970 cum
789 1943 830 1971 eis
841 1951 857 1970 a
872 1943 929 1971 Deo

127 1992 203 2016 esset
229 1987 426 2021 excidendum,
450 1987 601 2016 consilium
616 1988 755 2017 dederunt
771 1994 799 2018 et
816 1998 929 2026 sugges—

128 2038 225 2061 scrunt
238 2033 370 2061 omnibus
382 2033 518 2069 angelicis
532 2033 688 2062 virtutibus
704 2039 734 2062 ut
751 2043 766 2062 a
782 2037 838 2063 Deo
858 2035 928 2063 dcti-

128 2084 226 2108 cerent
241 2089 248 2107 :
264 2079 313 2108 sed
329 2088 388 2107 oves
418 2087 467 2108 eos
484 2087 542 2108 non
555 2080 716 2114 audierunt,
739 2081 793 2109 nisi
811 2082 900 2110 solum
912 2090 929 2110 θ

128 2130 203 2154 terra
225 2127 319 2162 genita
343 2126 405 2154 ovis
427 2126 551 2154 hominis
568 2134 630 2162 quae
653 2126 737 2162 periit
755 2131 784 2155 et
802 2127 838 2155 ab
861 2128 931 2163 ipsis

127 2171 180 2199 fuit
192 2172 323 2208 decepta,
341 2179 426 2208 quam
442 2172 619 2205 occiderunt,
639 2178 667 2201 et
678 2178 835 2208 posuerunt
852 2181 928 2202 mor-

128 2222 214 2251 tuam,
232 2218 260 2246 in
273 2218 336 2246 loco
352 2219 512 2251 tenebroso,
537 2219 566 2246 in
581 2218 680 2247 inferis
692 2224 722 2247 et
737 2219 835 2247 umbra
852 2227 929 2247 mor-

127 2263 172 2291 tis.
194 2264 230 2291 Et
247 2264 299 2292 hac
319 2264 354 2292 de
372 2272 455 2292 causa
477 2264 546 2292 dicit
573 2264 690 2293 historia
705 2274 712 2292 :
725 2266 807 2293 Terra
839 2271 929 2294 autem

973 333 1005 353 ea
1019 335 1080 361 qua:
1100 327 1230 354 dicuntur
1252 328 1372 360 mireris,
1393 329 1481 357 dictu
1505 339 1629 365 qmenam
1648 334 1694 362 lux
1708 344 1772 364 cum
1807 349 1812 356 -

973 377 1046 400 esset
1058 373 1129 400 Deus
1145 374 1237 400 statim
1251 374 1401 401 obscurum
1414 380 1441 402 ct
1460 378 1638 405 tenebrosum
1652 381 1772 414 primum

974 425 1055 444 suum
1069 417 1134 445 fecit
1147 426 1227 453 opus,
1243 419 1390 452 mundum,
1401 420 1533 455 inquam?
1546 418 1689 456 Quomodo
1698 427 1772 454 enim

975 463 1126 491 artiﬁciose
1154 473 1272 499 operans
1303 470 1436 500 operatur
1469 467 1496 494 in
1523 469 1606 496 lucc?
1630 470 1685 498 Cur
1710 478 1774 500 ante

974 509 1064 537 lucem
1096 511 1188 545 posuit
1216 511 1365 539 tenebras?
1395 513 1520 548 Deinde,
1541 524 1602 542 eum
1624 517 1700 551 prius
1725 527 1773 553 po-

974 557 1086 590 suisset,
1103 558 1241 592 quomodo
1254 566 1307 586 non
1320 559 1386 586 dicit
1396 561 1628 595 quemadmodum
1641 564 1692 591 ilhe
1705 573 1770 592 con-

976 603 1100 631 stiterint
1117 605 1255 632 tenebrat?
1267 610 1310 632 est
1323 606 1397 634 enim
1416 609 1594 643 perspicuum
1612 611 1684 645 quod
1698 617 1772 639 tene-

976 650 1031 678 bra:
1049 651 1113 678 situt
1127 651 1234 687 signum
1249 660 1297 680 seu
1314 654 1468 689 symbolum
1484 657 1599 690 peccati,
1622 658 1773 686 incrcatunl

976 702 1068 723 autem
1092 702 1134 725 est
1162 702 1305 733 peccatum
1321 704 1349 726 et
1374 701 1487 728 minime
1511 703 1676 730 consistens.
1698 704 1773 737 Quo—

975 742 1058 769 modo
1093 743 1166 770 enim
1190 752 1269 779 aqua:
1304 745 1451 780 caliginem
1475 747 1581 775 habent
1604 757 1636 775 ex
1660 750 1772 784 propria

975 790 1096 817 essentia
1114 799 1120 817 :
1138 791 1174 817 ila
1195 791 1278 818 etiam
1301 792 1384 819 homo
1411 794 1524 828 proprio
1550 799 1578 822 et
1604 803 1658 822 non
1674 801 1774 824 coacto

976 835 1121 869 proposito
1146 843 1195 863 seu
1224 842 1322 871 sponte
1339 838 1404 864 facit
1424 843 1451 866 ct
1475 845 1603 874 procreat
1617 847 1771 876 peccatum.

977 881 1017 908 Tu
1033 886 1124 908 autem
1138 886 1286 917 antequam
1302 884 1397 911 venias
1415 885 1448 911 ad
1468 886 1668 920 exquirendatn
1687 889 1772 915 νεὶιίος

978 935 1040 953 nem
1065 927 1120 954 diei
1139 935 1171 954 ac
1190 929 1290 961 noctis,
1307 930 1386 963 prius
1397 931 1542 958 considera
1559 933 1633 966 quod
1653 935 1774 961 tenebrat

977 976 1059 1000 erant
1076 973 1207 1000 increatae
1223 983 1228 999 :
1245 974 1346 1001 deinde
1374 975 1429 1007 lux,
1450 981 1479 1003 et
1497 982 1592 1011 postea
1615 979 1695 1006 facta:
1709 985 1775 1007 sunt

979 1019 1101 1046 tenebne
1118 1029 1124 1046 :
1141 1019 1223 1054 idque
1242 1019 1316 1046 diem
1345 1022 1470 1049 nominat
1491 1022 1608 1058 Moyses,
1629 1025 1676 1053 sed
1699 1026 1774 1053 diem

977 1073 1032 1092 non
1049 1067 1090 1093 sic
1113 1065 1267 1092 metiuntur
1282 1074 1388 1094 omnes.
1405 1067 1474 1094 Nam
1492 1068 1631 1105 Babylone.
1648 1071 1773 1105 quidem,

977 1111 1012 1139 ab
1027 1115 1091 1138 ortu
1108 1111 1175 1139 solis
1195 1111 1228 1138 ad
1248 1119 1391 1142 occasum.
1410 1113 1484 1140 dicm
1499 1115 1651 1150 accipiunt,
1668 1117 1774 1144 nullam

977 1157 1068 1185 noctis
1079 1157 1213 1185 facientes
1227 1159 1408 1191 mentionem,
1419 1164 1449 1186 ut
1469 1167 1531 1195 qua:
1551 1162 1665 1190 minimc
1679 1164 1775 1191 consi-

977 1206 1040 1233 stat.
1055 1203 1102 1231 sed
1114 1203 1160 1230 fiat
1170 1211 1220 1238 per
1233 1203 1374 1231 accidens.
1386 1204 1506 1241 Egyptii
1519 1211 1623 1239 autem,
1634 1216 1650 1235 a
1659 1216 1774 1244 vespera

977 1249 1172 1276 advenientem
1197 1253 1344 1277 numerant
1376 1249 1461 1283 diem,
1496 1258 1584 1286 usque
1616 1260 1713 1280 rursus
1740 1254 1775 1281 ad

977 1303 1133 1329 vesperam,
1155 1300 1301 1330 propterea
1315 1295 1390 1330 quod
1402 1301 1467 1324 ante
1480 1297 1563 1333 hujus
1584 1299 1777 1327 universitatis

977 1341 1187 1368 exornationem
1203 1345 1232 1368 et
1251 1341 1492 1374 distributionem,
1518 1343 1650 1372 tenebras
1672 1349 1778 1379 ponant

978 1387 1074 1414 mundi
1089 1387 1289 1422 descriptores.
1315 1387 1478 1423 Cujusmodi
1497 1394 1590 1417 autem
1617 1396 1682 1418 sunt
1697 1396 1777 1418 tene-

978 1431 1045 1463 bne,
1078 1432 1230 1460 sensilesne
1249 1440 1343 1460 annon
1365 1433 1524 1469 hujusmodi
1547 1435 1639 1462 :illud
1664 1443 1778 1470 quoque

977 1481 1021 1505 est
1036 1482 1134 1506 nostro
1148 1483 1232 1513 captu
1252 1479 1382 1514 superius
1408 1485 1438 1507 ut
1454 1480 1652 1516 intelligamus,
1665 1486 1694 1508 et
1709 1490 1777 1516 pro-

978 1531 1074 1562 pterea
1089 1532 1199 1555 noctem
1221 1528 1347 1556 nominat
1364 1528 1421 1556 diei
1442 1534 1571 1556 matrem.
1598 1529 1676 1557 Unde
1691 1531 1777 1558 etiam

978 1574 1026 1608 qui
1050 1573 1158 1601 fabulas
1184 1573 1367 1609 scripserunt,
1396 1574 1518 1609 primum
1554 1575 1659 1603 Latona
1683 1581 1775 1604 natam

978 1620 1065 1648 fuisse
1081 1620 1179 1648 dicunt
1201 1621 1326 1654 Dianam,
1342 1621 1444 1649 deinde
1469 1622 1638 1657 Apollinem;
1655 1623 1707 1650 hoc
1721 1628 1774 1656 est,

979 1674 994 1694 e
1011 1671 1102 1694 nocte.
1124 1666 1184 1701 Ipsa
1198 1670 1291 1694 autem
1302 1671 1346 1694 est
1359 1666 1465 1694 Latona
1483 1676 1489 1694 :
1507 1667 1535 1695 in
1549 1668 1608 1703 ipsa
1619 1669 1694 1696 enim
1712 1673 1777 1696 nata

978 1716 1020 1739 est
1031 1711 1146 1743 oblivio,
1157 1716 1185 1738 et
1196 1719 1320 1740 somnus.
1330 1712 1449 1740 Primam
1463 1721 1530 1749 ergo
1547 1718 1676 1748 tanquam
1688 1715 1778 1748 ἆρτω·

980 1767 1038 1794 μιν,
1050 1765 1100 1786 seu
1125 1758 1293 1794 ἀερότωμιν,
1313 1766 1414 1794 nempe
1429 1761 1494 1787 aera
1508 1764 1662 1793 secantem,
1684 1765 1776 1787 natam

978 1812 1039 1832 esse
1055 1805 1166 1838 lunam;
1183 1810 1246 1840 post
1257 1813 1339 1840 quam
1358 1810 1442 1834 natus
1453 1811 1496 1834 est
1511 1807 1595 1834 etiam
1608 1807 1708 1842 Apollo
1723 1816 1729 1834 :
1748 1807 1777 1834 id

978 1854 1031 1883 est,
1043 1851 1058 1877 ό
1069 1851 1124 1878 ἀπὸ
1140 1850 1211 1878 ὅλων
1229 1850 1316 1886 ἥλιος,
1335 1851 1375 1878 sol
1389 1859 1422 1878 ex
1445 1851 1594 1884 universis,
1613 1860 1648 1880 ne
1663 1851 1777 1879 univer—

978 1896 1089 1923 sitatem
1113 1899 1245 1923 exureret
1264 1899 1292 1923 et
1317 1896 1344 1922 in
1371 1895 1477 1923 fumum
1504 1896 1654 1932 redigeret.
1680 1897 1777 1924 Umbri

978 1946 1084 1974 autem,
1103 1949 1170 1977 gens
1187 1942 1291 1975 Italica,
1308 1950 1322 1969 a
1335 1942 1451 1969 meridie
1467 1943 1494 1970 in
1519 1943 1664 1970 meridiem
1679 1943 1778 1970 dicunt

978 1996 1039 2016 esse
1055 1988 1128 2016 diem
1143 1997 1149 2015 :
1168 1996 1259 2023 neque
1275 1988 1349 2015 enim
1365 1989 1496 2016 omnibus
1507 1989 1668 2024 regionibus
1681 1997 1776 2024 parem

978 2042 1091 2061 cursum
1105 2038 1198 2062 servat
1220 2033 1291 2062 dies.
1311 2033 1392 2062 Certe
1409 2034 1483 2062 circa
1502 2035 1587 2061 maria
1610 2034 1733 2062 borealia
1749 2040 1778 2062 ct

978 2080 1108 2112 Thulem,
1125 2087 1179 2106 nox
1201 2083 1244 2106 est
1269 2079 1443 2107 brevissima.
1464 2079 1533 2106 Cum
1557 2079 1631 2107 enim
1657 2080 1698 2107 sol
1719 2080 1778 2115 jam

978 2125 1063 2153 fuerit
1084 2125 1112 2152 in
1139 2132 1251 2156 occasu,
1283 2124 1421 2151 minuitur
1437 2132 1535 2159 parum
1561 2124 1730 2159 splendoris,
1748 2130 1778 2153 ct

977 2170 1071 2198 statim
1085 2177 1182 2197 rursus
1196 2175 1311 2205 apparet
1323 2170 1350 2197 in
1360 2169 1478 2197 oriente.
1491 2169 1675 2197 Athenienses
1683 2175 1779 2198 autem

977 2219 1007 2242 et
1022 2215 1140 2242 Romani
1155 2215 1190 2242 ab
1208 2220 1271 2242 ortu
1296 2222 1385 2250 usque
1407 2215 1441 2242 ad
1459 2222 1588 2243 occasum
1609 2216 1683 2243 diem
1706 2216 1778 2244 deti-

978 2260 1070 2291 niunt,
1090 2265 1120 2287 ut
1132 2260 1201 2288 dicit
1213 2260 1282 2288 Cato
1292 2265 1321 2287 et
1335 2260 1436 2288 Labeo.
1454 2261 1508 2289 Sed
1526 2269 1618 2296 neque
1639 2262 1693 2290 hoc
1709 2271 1779 2298 pra)-

125 2315 184 2338 erat
211 2311 351 2338 invisibilis
385 2314 410 2338 et
433 2311 620 2346 incomposita,
650 2316 675 2338 et
704 2311 817 2339 tenebra
847 2321 927 2348 super
943 2311 1121 2345 υῑεΐειπηε
1153 2306 1180 2333 in
1207 2306 1345 2342 Ρτὶηεῑρὶο
1377 2307 1472 2335 mundi
1493 2308 1655 2341 ετθθιίοηίθν
1677 2317 1780 2344 ηοιιηια

126 2356 250 2392 abyssum
259 2365 271 2384 :
280 2357 358 2385 mala:
366 2362 430 2385 ante
442 2357 650 2391 generationem
666 2357 745 2385 home
759 2357 830 2385 lueis
842 2366 928 2393 super

125 2411 197 2436 eam,
221 2410 323 2438 nempe
345 2402 503 2438 ignorantia
529 2408 559 2430 et
580 2411 671 2431 error.
699 2403 804 2432 Deinde
825 2404 926 2432 eodem

127 2449 220 2482 modo,
244 2449 340 2480 lsraeli
359 2449 438 2483 prius
458 2454 603 2484 ponuntur
626 2450 680 2477 illa':
702 2451 787 2478 trium
815 2451 925 2478 dierum

127 2495 258 2527 tenebrae,
270 2494 408 2522 etdeinde
418 2503 516 2523 rursus
528 2495 598 2523 dies.
606 2495 640 2523 Et
651 2504 748 2524 rursus
757 2501 925 2524 nocturnum

124 2539 237 2568 Pascha:
255 2539 436 2572 sacriﬁcium,
455 2545 486 2568 et
498 2540 558 2568 dies
577 2541 625 2576 qui
639 2541 769 2569 lsraelem
786 2542 848 2577 plus
858 2543 924 2569 illu-

123 2587 243 2614 minavit
258 2594 342 2621 quam
354 2586 403 2621 qui
426 2590 492 2614 tunc
515 2592 706 2622 praecesserat.
728 2588 761 2615 Et
779 2596 877 2616 rursus
895 2588 923 2616 in

123 2632 220 2660 ltubro
237 2632 308 2659 mari
323 2632 428 2666 primas
446 2631 517 2659 dicit
533 2632 666 2660 tenebras
689 2636 796 2668 quartae
825 2633 926 2668 vigilia:

121 2678 225 2710 noctis,
245 2676 348 2704 deinde
370 2668 549 2712 splendorem
577 2677 745 2705 matutinum
762 2682 791 2704 et
807 2678 925 2704 salutem

121 2725 262 2760 populiex
283 2723 433 2758 profundo.
464 2723 569 2751 Eodem
586 2723 669 2751 modo
682 2723 766 2751 etiam
785 2724 813 2750 in
830 2729 924 2752 monte

121 2770 186 2798 Sina
214 2769 294 2804 ponit
315 2768 462 2800 tenebras,
480 2769 626 2804 caliginem
655 2772 683 2796 et
702 2769 866 2804 procellunt;
896 2773 925 2796 et

121 2822 229 2850 poma,
242 2815 291 2842 Dei
308 2818 445 2850 prmecpta
463 2815 554 2842 lueem
567 2815 711 2842 aﬂ‘erentia
727 2825 732 2842 :
748 2815 788 2842 sic
797 2815 842 2842 hic
852 2823 923 2850 quo-

122 2869 175 2897 que
191 2862 271 2897 prius
282 2861 374 2896 posuit
389 2860 516 2888 tenebras
531 2868 614 2896 supra
630 2862 771 2896 abyssum,
783 2867 810 2889 et
824 2862 923 2889 deinde

979 2352 1212 2388 quemadmodum
1239 2360 1302 2380 cum
1327 2353 1401 2381 Deus
1427 2353 1539 2381 fecisset
1573 2354 1779 2383 firmamentum

979 2398 1054 2431 celi,
1074 2398 1117 2425 vel
1136 2399 1230 2433 potius
1248 2398 1348 2426 coelum
1372 2403 1401 2426 et
1422 2404 1535 2434 terram,
1562 2401 1781 2436 prmtermittens

979 2451 1079 2472 ornare
1095 2443 1196 2472 celum
1210 2444 1283 2480 quod
1300 2448 1359 2472 erat
1385 2445 1475 2480 ipsum
1493 2454 1604 2481 quoque
1617 2447 1778 2474 inornatum

978 2494 1006 2517 et
1026 2489 1252 2524 incompositum,
1269 2491 1362 2518 statim
1383 2495 1448 2518 ante
1461 2491 1527 2519 illud
1545 2500 1596 2527 per
1612 2493 1779 2528 scriptorem

978 2536 1137 2571 aggreditur
1152 2536 1248 2564 dicere
1272 2537 1307 2564 de
1336 2542 1422 2570 terra,
1439 2538 1557 2565 dicens:
1576 2538 1657 2566 Terra
1687 2543 1778 2566 autent

977 2589 1036 2611 erat
1049 2584 1186 2611 invisibilis
1203 2588 1228 2611 et
1247 2585 1432 2620 incomposita.
1463 2585 1553 2617 Unde,
1570 2593 1635 2613 cum
1664 2585 1698 2613 ad
1723 2587 1779 2614 hoc

976 2632 1089 2666 quidem
1109 2631 1224 2658 dixisset
1240 2631 1391 2666 interpres,
1408 2632 1482 2667 quod
1505 2633 1634 2660 lsraclem
1661 2633 1728 2668 (qui
1748 2633 1776 2660 in

976 2677 1093 2712 [Egypto
1125 2681 1271 2705 terrestres
1304 2684 1446 2706 creaturas
1478 2679 1623 2706 adorasset
1643 2685 1777 2713 tanquam

977 2724 1060 2757 deos)
1074 2724 1170 2751 volens
1182 2723 1255 2751 Deus
1269 2723 1407 2751 abducere
1423 2733 1436 2752 a
1454 2725 1500 2751 tali
1517 2725 1683 2755 idololatria,
1694 2724 1776 2751 docet

977 2778 1042 2797 eum
1069 2770 1130 2797 illas
1159 2777 1220 2797 esse
1246 2769 1273 2797 in
1299 2775 1374 2797 terra
1391 2775 1544 2798 creaturas.
1574 2770 1652 2796 Alius
1677 2774 1775 2797 contra

977 2815 1090 2851 objecit,
1102 2816 1198 2844 dicens
1219 2825 1226 2842 ε
1244 2815 1297 2844 Sed
1311 2816 1493 2844 nihilominus
1506 2821 1534 2843 et
1548 2815 1699 2843 exercitum
1711 2815 1776 2844 coeli

977 2867 1005 2889 et
1020 2862 1107 2890 solem
1120 2867 1148 2890 et
1163 2866 1237 2890 astra
1259 2862 1386 2890 adoravit
1415 2862 1496 2890 Israel
1509 2883 1517 2895 ,
1537 2866 1566 2889 ut
1586 2861 1682 2888 dicunt
1708 2867 1776 2896 pro-

160 2951 182 2967 ⁸⁵
202 2950 282 2979 Joan.
302 2959 327 2983 ι,
341 2951 366 2978 8.
407 2952 429 2970 δα
449 2951 527 2979 Joan.
546 2958 562 2984 ι,
579 2950 620 2978 27.
666 2932 690 2965 ‘7‘
708 2951 803 2979 Matth.
827 2959 864 2984 ςι,
881 2952 923 2979 ll.

977 2953 984 2966 ‘
1003 2952 1081 2979 Joan.
1099 2960 1124 2985 .v,
1146 2952 1172 2978 8.
