1977 3243
210 197 263 228 8ὓ7

821 195 850 224 S.
872 192 1072 224 ANASTASII
1092 192 1254 223 SINAIT/E

1797 191 1855 223 868

209 251 298 286 pheL'e
311 250 344 276 ".
371 250 401 277 Et
415 249 549 284 deinceps
563 247 686 276 ostendit
698 248 798 275 ctutum
812 247 910 275 fecisse
922 255 1003 275 exor-
1020 250 1039 277 Α
1056 245 1109 276 leo.
1140 250 1169 274 et
1195 246 1256 278 bos,
1280 245 1466 281 cognitionem
1493 245 1521 273 in
1547 244 1628 273 nobis
1652 245 1829 282 eﬂingentcm
1845 257 1853 274 :

209 300 317 327 natum,
332 304 365 323 ne
391 295 480 331 ipsutn
509 295 592 322 Israel
614 295 752 322 adorarct.
778 294 906 321 Nondum
929 294 1002 321 enim

209 341 349 368 occiderat
379 341 427 375 qui
457 339 606 374 aliquando
626 337 677 366 fuit
700 339 815 374 Lucifer,
849 339 894 374 qui
926 347 1004 365 "tunc

209 386 346 413 oriebatur
359 386 391 412 "‘.
418 386 464 412 llla
480 390 572 412 autem
592 389 665 412 terra
682 385 792 421 (homo.
805 385 928 420 inquam)
944 393 1005 419 quae

209 431 298 459 audiit
311 440 317 457 :
335 431 417 458 Terra
434 439 470 462 es.
490 436 514 457 et
529 431 555 457 in
570 435 670 457 terram
688 431 834 462 reverteris,
848 435 964 458 attracta
976 431 1005 458 in

209 477 378 513 profundum
408 476 510 503 cecidit
540 480 690 508 terrarum,
717 477 811 511 spinas
834 481 862 503 et
888 476 1005 504 tribulos

209 523 368 558 germinans
395 523 422 549 in
453 523 583 557 peccatis.
606 523 643 550 Ea
672 523 705 549 de
727 531 826 554 causa,
853 523 887 550 de
910 524 960 550 hac
976 531 1006 550 re

209 570 330 604 scriptor
343 569 450 596 inducit
465 569 630 596 orationem.
645 569 793 604 Propterea
818 574 881 596 ante
905 570 1005 597 cadum

211 621 284 643 terra
301 624 315 643 a
337 616 392 643 Deo
407 621 522 643 ornatur
535 637 542 648 ,
561 615 691 651 quoniam
708 622 772 643 ante
795 617 908 651 angelos
922 620 1005 653 terra,

210 667 239 688 et
256 666 329 688 terra
341 661 426 696 geniti
442 661 569 688 homines
579 662 663 689 Deum
679 669 728 696 per
739 669 850 689 carnem
867 663 1004 690 vidimus:

210 711 239 734 et
265 711 328 733 ante
348 713 480 740 superna,
501 706 609 733 inferna
631 714 785 737 exornans.
807 714 840 733 ea
855 706 1007 734 lmtiﬂcavit

211 757 239 779 et
254 752 431 779 illuminavit.
460 752 531 779 Ante
545 751 688 779 Cherubin
703 757 732 779 et
744 752 880 787 Seraphin
900 761 906 778 :
925 752 1006 787 magi,

212 803 241 826 et
259 798 410 834 publicani,
427 803 455 826 et
466 799 600 832 latrones,
618 803 646 825 et
662 798 833 830 meretrices,
843 803 871 824 et
883 803 1009 832 peccato-

212 852 267 876 res,
293 844 364 872 facic
394 845 428 872 ad
451 844 548 872 faciem
576 845 662 871 Deum
697 844 838 876 viderunt,
863 852 952 878 eoque
978 852 1008 872 se

212 891 390 918 obiectarum.
413 895 440 918 et
466 890 542 917 fruiti
560 895 643 917 sunt:
658 889 758 916 deinde
781 897 844 916 eum
864 890 904 916 sic
920 895 1009 917 trans-

213 936 352 962 miserunt
384 935 535 963 videndum
571 935 700 969 supernis
734 935 899 961 Virtutibus.
930 935 1008 967 Quod

213 987 305 1009 autem
343 989 425 1016 quem
457 989 509 1008 nec
529 981 581 1016 ipsi
614 981 684 1007 beati
707 980 838 1008 viderunt
871 981 960 1015 angeli
981 981 1009 1007 in

214 1029 334 1055 essentia
351 1033 378 1055 et
399 1033 506 1058 natura,
528 1027 575 1054 sed
599 1035 682 1062 quem
700 1028 776 1054 solus
795 1027 848 1054 scit
879 1028 960 1054 Pater
981 1032 1010 1055 et

214 1075 261 1110 qui
279 1074 354 1101 salus
375 1074 427 1101 scit
455 1074 586 1101 Patrem:
604 1082 668 1100 eum
693 1073 783 1108 ipsum
812 1078 876 1100 autc
898 1073 1010 1108 angelos

213 1121 346 1147 viderunt
370 1120 518 1147 carnaliter
548 1120 684 1152 homines,
707 1124 826 1146 testatur
855 1119 939 1146 David
967 1119 1011 1146 di-

214 1174 280 1194 cens
294 1174 301 1192 :
315 1165 416 1193 lenm
435 1166 492 1192 ειεΙί
508 1166 630 1196 Domino,
644 1171 744 1192 terram
761 1170 851 1192 autem
862 1166 932 1192 dedit
946 1165 1011 1198 ﬁliis

214 1214 349 1239 [norninant
367 1213 386 1228 θ’
403 1221 408 1238 :
422 1212 475 1239 hoc
489 1216 585 1246 aperte
599 1211 758 1243 ostendens,
771 1211 844 1245 quod
858 1210 1010 1237 secundum

215 1265 342 1287 naturam
366 1259 457 1285 munia
477 1266 611 1293 superatis
628 1259 738 1289 cmlunt,
761 1263 787 1285 et
809 1258 927 1285 Verbum
953 1265 1010 1284 cm-

215 1306 283 1333 leste
317 1305 401 1332 Filius
421 1305 510 1332 Patris
529 1305 650 1331 cmleslis
666 1311 693 1332 et
722 1313 754 1332 ex
783 1305 864 1336 calo,
893 1304 928 1331 ab
958 1304 1012 1330 alio

215 1351 326 1387 agnosci
341 1359 394 1378 non
409 1350 591 1385 potest.quod
609 1350 707 1377 attinet
726 1351 759 1377 ad
778 1351 937 1381 essentiam,
958 1350 1011 1376 nisi

215 1405 231 1424 a
258 1396 375 1423 Domino
396 1404 402 1422 :
424 1395 546 1422 omnium
575 1395 725 1431 (inquam)
751 1395 867 1422 Domino
893 1395 965 1426 Deo,’
985 1401 1012 1422 et

216 1441 302 1476 gratia
338 1445 513 1468 terrenarum
547 1448 622 1475 patre
646 1449 652 1466 :
676 1440 784 1467 Terram
821 1446 909 1466 autem
942 1439 1013 1466 dedit

216 1488 279 1522 ﬁliis
305 1488 440 1514 hominum
455 1508 462 1519 ,
479 1487 526 1521 qui
551 1491 616 1513 stitit
641 1486 758 1517 inferne,
779 1487 944 1514 naturaliter
966 1494 1014 1521 pa-

217 1541 293 1559 tres:
311 1537 411 1558 terram
429 1536 517 1558 autem
541 1531 622 1561 dedit,
640 1539 687 1558 seu
713 1536 851 1558 terrenam
871 1531 1014 1566 proposuit

219 1578 300 1605 Verbi
334 1577 416 1612 833
449 1577 657 1612 generationem
677 1597 683 1606 ,

219 1624 358 1658 quodnam
391 1624 427 1650 sit
471 1625 531 1658 ejus
571 1623 769 1658 mysterium:
799 1622 846 1649 sed
888 1631 939 1650 nec
986 1622 1012 1649 id

220 1675 306 1697 totum
321 1678 327 1695 :
345 1669 378 1696 de
404 1677 522 1704 superna
547 1675 639 1696 autem
670 1668 859 1704 generatione,
885 1675 938 1695 nec
962 1667 1013 1703 ipsi

220 1720 324 1742 norunt
337 1715 438 1749 angeli.

255 1762 434 1797 Perspicuum
448 1766 489 1788 est
504 1764 595 1788 autem
612 1760 686 1796 quod
704 1759 788 1787 facies
800 1760 908 1787 duabus
921 1763 1016 1794 tegunt

219 1807 280 1838 alis.
298 1805 382 1840 pedes
397 1809 488 1831 autem
506 1804 615 1831 duabus
633 1805 655 1819 θ’
671 1813 677 1830 :
694 1804 747 1831 hoc
758 1809 853 1838 aperte
867 1803 1017 1830 ostenden-

221 1857 262 1878 tes
279 1858 322 1880 rex
338 1858 371 1876 eo
388 1849 461 1884 quod
475 1849 565 1884 typice
587 1853 615 1876 et
630 1848 779 1884 symbolice
807 1847 905 1875 faciem
925 1851 1018 1882 tegant

220 1903 284 1922 cum
298 1894 411 1928 capite),
428 1897 456 1920 et
471 1894 523 1924 sic,
539 1897 670 1926 tanquam
688 1892 714 1918 in
731 1891 857 1927 symbolo
873 1899 950 1918 suam
973 1891 1017 1918 in-

222 1938 403 1972 telligentiam
422 1937 567 1964 dicentes:
581 1936 637 1963 Nos
653 1936 762 1963 etiamsi
795 1939 904 1962 montes
919 1932 1015 1967 si'rnus,

222 1992 274 2011 non
289 1989 380 2011 tamen
396 1983 501 2018 aliquid
523 1986 618 2017 aperte
635 1982 738 2009 scimus
757 1982 791 2009 de
808 1981 916 2009 duabus
936 1988 1018 2016 gene-

223 2029 393 2062 rationibus,
425 2035 495 2063 quas
514 2027 689 2054 ostendimus
723 2035 772 2062 per
794 2027 851 2054 alas
877 2034 939 2061 quae
965 2026 1020 2053 cir-

221 2080 404 2109 cumtegnnt:
428 2083 518 2109 neque
536 2073 698 2100 hominibus
716 2073 750 2100 de
765 2073 799 2100 iis
815 2073 894 2100 effari
919 2080 1018 2107 possu-

223 2128 294 2147 mus.
316 2120 403 2147 Pedes
429 2124 521 2146 autem
548 2119 671 2151 fuerint,
700 2119 833 2146 transitus
863 2117 1019 2152 intelligen-

223 2165 324 2192 tiarum
341 2174 401 2200 qua:
416 2170 481 2192 sunt
498 2173 513 2191 a
540 2164 621 2191 nobis
649 2172 698 2198 per
726 2163 956 2198 impcrtitionem,
985 2163 1020 2190 ad

222 2219 271 2239 vos
286 2211 333 2246 qui
347 2211 416 2238 estis
432 2211 548 2238 extremi
575 2216 603 2238 et
627 2214 686 2245 post
719 2218 770 2237 nos
798 2210 935 2238 collocati.
965 2209 1018 2237 Sed

223 2258 350 2285 Volamus
367 2258 476 2285 duabus
491 2257 543 2284 alis
557 2257 624 2284 solis
639 2265 688 2291 per
702 2256 824 2283 volatum
836 2255 1019 2283 extendentes

222 2304 382 2331 aviditatem
403 2309 429 2331 ct
448 2303 708 2338 propensionem.ct
727 2305 888 2336 perpetuam
909 2305 1023 2328 conten-

223 2348 340 2380 tioncut,
356 2353 384 2374 et
399 2347 608 2382 inquisitionem
630 2346 665 2372 ad
682 2345 845 2372 discendum
860 2345 963 2380 aliquid
987 2345 1022 2373 de

225 2395 267 2421 his
284 2394 392 2420 duabus
404 2392 633 2428 generationibus
657 2391 780 2424 Quarum
793 2391 1022 2426 inquisitionibus

225 2446 354 2474 tanquam
367 2440 448 2466 alatis
465 2446 574 2472 semper
587 2438 711 2471 terimur,
730 2442 759 2464 et
776 2439 884 2466 volatus
897 2440 1019 2474 requiem

226 2487 369 2520 hucusque
386 2493 440 2512 non
469 2485 653 2512 inveniemus.
669 2485 777 2512 Solutio
788 2485 862 2513 enim
875 2486 935 2520 ejus
947 2486 1021 2521 quod

226 2533 371 2567 qumritur.
387 2537 430 2559 est
449 2532 535 2558 veluti
549 2531 674 2566 quautam
689 2532 804 2567 pulchra
819 2533 900 2567 quies
914 2533 1022 2560 volatus

228 2579 328 2606 utentis
341 2579 458 2606 multum
471 2579 592 2606 errantis
619 2579 691 2606 circa
720 2578 746 2606 id
778 2579 852 2614 quod
876 2580 1022 2614 quaeritur.

227 2625 366 2652 Habemus
382 2625 456 2652 enim
472 2625 657 2660 cognitionem
674 2625 792 2652 duarum
808 2625 890 2652 Verbi
907 2633 1024 2660 genera-

227 2671 333 2698 tionum
349 2680 355 2697 :
372 2679 466 2699 earum
488 2675 578 2699 autem
599 2679 774 2707 nequaquam
795 2671 929 2698 habemus
947 2672 1024 2706 agni-

228 2721 342 2749 tionem.
371 2723 399 2745 et
425 2722 572 2753 propterea
603 2725 712 2753 semper
733 2717 870 2744 volamus.
902 2716 1022 2744 Tametsi

226 2765 547 2792 onmiumanimantium
570 2765 699 2792 novimus
727 2765 900 2791 essentiam:
923 2772 1023 2799 nempe

226 2811 366 2839 aeriorum
381 2816 408 2839 et
421 2811 504 2839 etiam
521 2811 709 2841 terrestrium,
724 2809 797 2845 quod
815 2811 852 2837 sit
871 2810 974 2845 aquila,
995 2814 1024 2838 et

262 2877 286 2893 λ’
304 2877 406 2905 Jerem.
423 2886 477 2909 xtx,
494 2877 548 2909 l5;
572 2875 695 2910 Sophon.
727 2883 745 2906 ι,
761 2874 787 2902 5.

225 2913 250 2929 ⁸³
264 2913 292 2948 Si.
304 2912 401 2939 Thom.
412 2917 482 2948 part.
499 2920 516 2942 I,
531 2917 628 2946 quaest.
643 2911 687 2942 57,
706 2914 758 2937 art.
774 2910 799 2936 ὅ.

225 2957 244 2981 ι.
267 2947 309 2975 12.

846 2876 868 2891 ⁸⁸
889 2875 941 2902 lsa.
974 2885 1027 2909 ςιγ,

840 2911 862 2925 "
878 2911 978 2945 Epirus.
1014 2922 1050 2946 Iv,
1060 2913 1086 2945 3,
1098 2913 1124 2939 9.

1056 300 1146 328 neque
1159 293 1213 320 hoc
1227 293 1328 324 solum,
1345 292 1392 319 sed
1412 296 1440 319 et
1455 291 1526 327 quod
1537 296 1580 319 est
1592 292 1715 319 otnnium
1727 292 1858 320 animan-

1058 340 1125 367 tium
1144 339 1415 374 przeslantissimum,
1436 339 1539 365 scimus
1558 338 1709 370 hominem,
1726 344 1754 366 et
1779 339 1855 366 idem

1056 386 1116 420 ejus
1140 393 1250 420 quoque
1270 385 1365 412 vultus
1383 384 1497 419 figuram
1519 385 1546 411 in
1556 385 1638 411 nobis
1652 385 1718 419 ipsis
1731 386 1856 412 circum-

1057 431 1191 464 ferimus;
1208 432 1388 459 Deumaulem
1403 439 1484 458 nosse
1504 435 1531 457 et
1546 431 1649 465 eloqui.
1679 439 1768 466 neque
1798 433 1855 459 ulla

1057 478 1275 513 genita'natura,
1291 485 1342 504 nec
1357 477 1414 511 ipsa
1434 481 1526 504 nostra
1546 477 1662 509 sullicit;
1679 478 1855 512 quandoqui-

1057 526 1120 553 dem
1132 529 1161 552 ct
1175 532 1236 559 qua’:
1249 525 1355 552 inferne
1368 532 1418 559 per
1432 532 1543 551 carnem
1560 525 1630 552 facta
1643 528 1683 551 est
1699 525 1857 559 generatio.

1058 580 1120 599 nem
1134 579 1149 599 a
1166 571 1248 598 nobis
1263 570 1374 606 quidem
1390 570 1536 597 abscondit
1552 570 1624 597 Deus
1637 575 1666 597 et
1683 570 1764 597 Pater
1781 579 1787 596 :
1803 570 1855 598 hoc

1058 619 1132 645 enim
1149 617 1223 652 quod
1243 625 1258 644 a
1273 617 1373 644 sa'culo
1389 617 1417 643 in
1430 617 1561 643 omnibus
1579 616 1744 643 absconsum
1766 617 1856 644 fuerat

1059 665 1234 700 mysterium,
1255 662 1334 690 vobis
1357 663 1420 690 filiis
1442 662 1586 690 hominum
1600 662 1677 689 dedit
1697 663 1794 697 primis
1810 661 1853 689 div

1060 711 1194 738 scendum
1213 714 1259 741 :et
1278 719 1328 746 per
1338 715 1458 737 vestram
1475 709 1625 736 Ecclesium
1647 708 1699 736 hoc
1714 718 1764 736 nos
1777 715 1851 744 post-

1059 764 1091 784 ea
1118 757 1280 792 agnovimus
1294 757 1326 783 ⁵³.
1346 756 1423 789 Quod
1441 757 1463 783 si
1482 760 1595 791 propter
1625 764 1656 783 ea
1675 764 1736 791 qua:
1757 756 1858 783 dicun-

1061 806 1105 828 tur
1120 801 1288 832 extimcscis,
1304 808 1320 827 ο
1335 801 1456 831 auditor,
1471 800 1505 827 ab
1522 800 1575 827 hoc
1603 805 1677 826 metu
1705 805 1730 827 te
1756 800 1857 827 libr-rat

1060 845 1163 872 Paulus
1185 845 1305 872 dicens:
1332 844 1412 871 Nunc
1438 844 1524 874 enim.
1548 843 1649 878 inquit.
1674 844 1799 871 ascendit
1827 849 1858 872 ut

1061 895 1192 926 appareat
1218 890 1392 924 principibus
1418 895 1446 917 et
1472 890 1657 924 potestatibus
1684 898 1733 924 per
1763 891 1858 917 Eccle~

1060 937 1127 964 siam
1151 937 1184 962 ".
1206 936 1283 963 Unde
1299 935 1382 962 etiam
1404 936 1558 963 ascendens
1575 941 1688 970 stupore
1703 936 1794 963 aﬂecit
1812 943 1859 963 su-

1061 990 1161 1017 pernas
1173 986 1323 1017 potestates
1339 983 1366 1008 in
1389 982 1468 1009 caelis
1486 990 1547 1016 qua-
1563 981 1737 1013 dnbitahant,
1759 989 1859 1017 rogan-

1062 1033 1103 1056 tcs
1121 1036 1167 1055 eas
1183 1036 1243 1063 quae
1269 1028 1350 1055 simul
1374 1035 1436 1054 cum
1466 1028 1581 1054 Domino
1607 1027 1807 1062 ascendebant,
1830 1035 1858 1056 et

1061 1074 1193 1102 dicebant
1209 1083 1215 1101 ε
1232 1073 1297 1106 Quis
1311 1077 1348 1100 cst
1362 1075 1409 1100 istc
1423 1082 1468 1100 rex
1488 1074 1582 1108 gloria:
1600 1074 1644 1101 "?
1662 1075 1751 1109 [νίψω.
1773 1083 1858 1110 quam

1061 1119 1235 1146 admirabilia
1269 1124 1332 1146 sunt
1351 1119 1482 1146 miracula
1498 1124 1525 1146 et
1543 1119 1614 1146 dona
1633 1129 1694 1154 qnze
1716 1119 1788 1147 Deus
1809 1122 1859 1147 do-

1062 1165 1406 1192 navithmnanmnaturze
1432 1165 1459 1192 in
1488 1173 1520 1192 ea
1550 1165 1698 1193 hal-itausl
1728 1167 1858 1195 homines

1062 1211 1167 1246 angelis
1182 1211 1266 1237 Deum
1279 1211 1462 1238 ostenderunt
1488 1219 1570 1246 quem
1599 1213 1674 1246 prius
1696 1220 1750 1239 non
1776 1213 1856 1240 vidc-

1063 1256 1150 1283 bant!
1171 1254 1303 1283 miracula
1316 1257 1608 1291 incomprehensibilia
1627 1259 1633 1284 l
1662 1258 1745 1285 Deum
1774 1266 1857 1286 suum

1063 1302 1175 1338 hymnis
1188 1302 1377 1347 ee/lcbrabant,
1399 1307 1426 1330 et
1447 1311 1501 1330 non
1528 1304 1670 1336 ridebant.
1700 1310 1760 1340 qlia»,
1783 1307 1858 1334 cele-

1064 1349 1182 1376 brabant
1197 1349 1203 1376 l
1227 1349 1363 1376 Ferebant
1381 1358 1443 1377 eum
1461 1351 1508 1385 qui
1535 1351 1702 1384 vehebatur,
1726 1350 1832 1380 Throni
1850 1363 1857 1387 ;

1063 1400 1089 1422 et
1106 1403 1160 1422 non
1175 1395 1307 1422 videbant
1322 1402 1403 1431 quem
1419 1396 1554 1424 ferebant.
1573 1397 1731 1425 Adorabant
1751 1403 1779 1425 ct
1800 1399 1856 1433 glo-

1064 1439 1330 1467 riﬁeabantassidue
1352 1445 1380 1467 et
1408 1440 1477 1467 citra
1497 1440 1649 1472 silentium,
1680 1450 1728 1468 sex
1753 1443 1811 1469 alas
1832 1448 1859 1470 et

1064 1486 1166 1513 nmttos
1178 1479 1273 1512 ocuios
1287 1485 1416 1513 habentia
1433 1494 1440 1518 ;
1466 1490 1493 1513 et
1519 1494 1574 1514 non
1601 1488 1859 1516 animadvertebant

1065 1539 1146 1566 quem
1169 1531 1306 1558 ornabant
1335 1531 1474 1559 laudibus.
1502 1531 1593 1560 Flexis
1622 1534 1714 1569 itaque
1742 1536 1860 1570 genibus

715 1576 748 1603 ad
787 1576 1048 1615 coguosceudumc
1065 1576 1225 1611 cupiebant,
1256 1575 1406 1608 sitiebant,
1432 1576 1566 1609 orabant,
1594 1580 1734 1614 supplices
1762 1586 1860 1614 postu-

1065 1622 1161 1649 labant
1177 1621 1272 1650 videre
1284 1631 1347 1650 eum
1364 1623 1410 1658 qui
1431 1631 1486 1651 non
1508 1624 1628 1655 videtur.
1654 1626 1779 1660 aspicere
1797 1635 1861 1654 eum

1065 1668 1112 1703 qui
1131 1676 1185 1695 non
1203 1669 1276 1696 cadit
1290 1670 1342 1697 sub
1359 1676 1512 1705 aspectum,
1528 1676 1575 1698 aut
1592 1672 1674 1699 etiam
1697 1673 1786 1700 solum
1803 1678 1864 1700 tan-

1066 1720 1149 1747 quam
1159 1713 1186 1739 in
1196 1714 1309 1748 speculo
1318 1719 1345 1741 et
1353 1715 1496 1750 :rnigmate
1508 1715 1534 1742 in
1543 1723 1605 1742 eum
1622 1717 1718 1744 oculos
1731 1717 1862 1753 deﬁgere,

1066 1763 1160 1786 etnon
1178 1764 1316 1794 poterant.
1331 1762 1559 1796 proptereaquod
1578 1762 1611 1789 ad
1634 1758 1757 1789 divinam
1768 1771 1862 1791 essen-

1068 1803 1133 1830 tiam
1150 1805 1364 1839 appropinquari
1391 1813 1445 1832 non
1472 1811 1573 1841 potest.
1602 1815 1691 1841 neque
1717 1815 1748 1835 ea
1773 1812 1863 1842 potest

1068 1850 1278 1884 comprehendi.
1295 1850 1373 1884 Quod
1387 1851 1409 1878 si
1431 1851 1455 1878 ei
1477 1852 1551 1886 quod
1569 1853 1672 1879 dicitur
1691 1861 1745 1880 non
1761 1854 1863 1887 credis,

1068 1903 1085 1922 ο
1104 1895 1199 1926 homo.
1215 1895 1279 1922 audi
1299 1895 1411 1923 Petrum
1437 1896 1595 1924 dicentem:
1610 1897 1681 1925 Data
1706 1903 1767 1925 sunt
1795 1901 1864 1926 dona

1069 1941 1218 1968 hominibus
1237 1942 1271 1973 ",
1285 1942 1313 1969 in
1333 1951 1393 1977 qum
1404 1943 1556 1970 desiderant
1570 1943 1658 1979 angeli
1668 1945 1818 1979 prospicere
1830 1946 1862 1978 ⁸⁷.

1069 1990 1097 2014 et
1119 1995 1173 2014 non
1191 1992 1352 2022 potuerunt,
1387 1989 1612 2024 quandoquidem
1644 1989 1764 2017 humana
1792 1995 1864 2019 terra

1071 2037 1137 2061 tunc
1160 2038 1220 2060 erat
1239 2034 1396 2066 invisibilis,
1418 2034 1489 2062 infra
1509 2035 1537 2062 in
1569 2036 1708 2070 profundo
1736 2037 1864 2064 tenebra-

1071 2086 1133 2106 rum
1157 2079 1283 2114 peccati,
1307 2085 1337 2107 ut
1356 2087 1417 2115 qua:
1443 2085 1516 2107 esset
1545 2081 1738 2116 incomposita.
1766 2082 1866 2116 Quaru-

1071 2125 1166 2152 obrcm
1182 2130 1210 2152 et
1224 2125 1346 2160 ignotum
1357 2130 1417 2153 erat
1431 2126 1543 2159 coitum,
1560 2131 1589 2154 et
1605 2135 1659 2154 non
1671 2133 1798 2155 ornatum
1821 2128 1865 2155 lir-

1072 2177 1241 2199 mamentum
1258 2173 1284 2199 in
1298 2173 1388 2207 primo
1403 2173 1459 2200 die.
1475 2173 1509 2200 Et
1524 2174 1646 2201 secundo
1662 2175 1707 2202 die
1732 2183 1795 2201 cum
1821 2183 1866 2202 su-

1073 2216 1208 2250 spexisset
1221 2220 1249 2244 et
1263 2217 1349 2244 veluti
1367 2225 1402 2244 ex
1419 2218 1536 2245 mortuis
1549 2219 1722 2253 respirasset.
1739 2225 1763 2245 et
1777 2219 1865 2246 lucem

1036 2264 1057 2291 1)
1072 2260 1235 2294 aspexisset.
1253 2260 1414 2296 etSpiritus
1438 2261 1509 2288 facta
1532 2267 1606 2289 esset
1631 2263 1782 2297 particeps,
1805 2268 1833 2290 et
1852 2271 1866 2289 a

1076 2304 1155 2331 malis
1168 2305 1248 2339 aquis
1262 2305 1378 2332 liberata
1392 2309 1466 2332 esset
1487 2309 1516 2332 et
1537 2306 1670 2338 tenebris,
1699 2311 1726 2334 et
1747 2307 1866 2334 frttctum

1074 2349 1333 2384 germinassetquae
1345 2349 1422 2384 prius
1441 2354 1499 2376 erat
1526 2349 1710 2385 infrugifera;
1741 2355 1807 2377 tunc
1835 2351 1868 2378 de

1075 2397 1174 2420 θελξιεΓο
1184 2398 1314 2427 posteam
1323 2397 1351 2419 et
1365 2397 1527 2420 exornatum
1540 2393 1591 2420 fuit
1607 2394 1720 2426 emtum,
1731 2394 1868 2422 exhilara-

1079 2444 1191 2474 tumque
1207 2439 1274 2470 sole,
1285 2439 1350 2466 luna
1364 2444 1392 2466 et
1403 2439 1508 2472 stellis;
1524 2444 1652 2467 ornatum
1664 2440 1800 2475 (inquam)
1819 2441 1868 2467 fuit

1075 2486 1198 2516 Christo,
1211 2485 1335 2513 Ecclesia
1349 2490 1378 2513 et
1392 2487 1507 2517 sanctis,
1521 2491 1616 2521 utpote
1630 2487 1703 2521 quod
1721 2487 1798 2514 illum
1810 2487 1868 2522 qui-

1077 2532 1139 2559 dem
1153 2539 1263 2566 semper
1280 2531 1430 2566 fulgentem
1458 2536 1629 2567 exceperunt
1655 2537 1763 2560 mentes
1788 2533 1870 2561 βαδιε-

1078 2582 1135 2606 stes
1151 2586 1214 2606 cum
1232 2585 1315 2605 carne
1332 2578 1547 2611 ascendentem;
1567 2579 1696 2607 laetantur
1710 2585 1803 2606 autem
1832 2580 1869 2606 si-

1078 2625 1133 2651 mul
1160 2632 1223 2651 cum
1252 2625 1386 2657 Ecclesia,
1414 2629 1443 2652 et
1467 2633 1530 2653 cum
1555 2626 1660 2653 sanctis
1684 2625 1870 2660 resplendent.

1077 2669 1259 2703 Quainobrem
1275 2678 1403 2705 superna:
1412 2671 1564 2698 Potestates
1572 2671 1652 2698 valde
1660 2676 1688 2698 et
1696 2671 1872 2698 vehementer

1078 2715 1242 2749 defendunt,
1266 2715 1386 2750 diligunt
1403 2721 1428 2743 et
1445 2721 1594 2753 protegunt
1610 2716 1761 2743 humanum
1776 2724 1870 2751 genus.

1077 2766 1105 2789 et
1126 2770 1175 2796 pro
1191 2770 1225 2789 eo
1241 2767 1324 2790 orant
1339 2768 1367 2790 et
1394 2763 1582 2793 intercedunt.
1601 2763 1732 2797 quoniam
1754 2771 1804 2797 per
1825 2771 1872 2790 nos

1078 2808 1183 2843 dignati
1203 2812 1268 2835 sunt
1282 2808 1377 2835 videre
1406 2809 1479 2844 quod
1499 2816 1550 2844 per
1566 2816 1596 2836 se
1624 2816 1681 2836 non
1713 2814 1871 2844 potuerunt.

1063 2878 1106 2906 12.
1163 2877 1184 2892 ’τ
1206 2875 1277 2904 Psal.
1307 2876 1438 2904 unum.
1495 2876 1518 2892 "
1547 2876 1647 2904 ΕΖΝ-11.

1741 2874 1776 2902 ‘33
1797 2884 1872 2904 seno.

1164 2884 1184 2892 ἰ
1208 2884 1277 2904 I'sat.
1307 2884 1382 2904 cvnt.
1397 2884 1438 2904 to.
1495 2884 1517 2892 υ
1548 2884 1647 2904 tuzccn.
1697 2884 1776 2907 1,·ιο
1797 2884 1862 2912 chq

1164 2913 1185 2927 “'
1202 2912 1272 2938 l’sal.
1293 2919 1366 2943 \tht,
1391 2913 1431 2938 |0.
1471 2912 1480 2926 '
1506 2912 1650 2946 ifplu-s.rv,
1748 2912 1862 2940 "ll‘eu

1748 2913 1768 2926 Γ
1783 2912 1792 2938 ι
1805 2913 1864 2940 l‘ctr
