1977 3268
103 225 158 257 669

106 282 140 309 Et
151 281 212 309 haec
225 280 338 316 quidem
359 280 395 308 ad
408 279 610 308 ostendendum
626 286 740 315 propter
755 288 902 315 qttamnam

105 333 220 354 causam
234 329 309 353 terra
320 325 374 352 fuit
386 329 482 353 ornata
495 330 559 352 ante
568 325 669 352 caelum
681 326 708 352 in
720 325 815 352 mundi
826 333 903 353 crea-

106 371 192 399 tione.
201 371 347 404 Quoniam
363 377 455 398 autem
473 378 528 397 non
548 371 637 398 soltnn
659 371 832 398 adversarius
850 371 903 398 Po-

108 421 232 450 testatcs,
253 417 301 444 sed
315 417 389 452 ipsas
405 417 486 444 etiam
504 425 638 452 aquarum
664 417 902 452 congregationes,

107 471 178 499 saepe
199 468 281 491 vocat
295 464 441 499 Scriptura
453 469 539 498 aquas
549 467 578 491 et
592 464 706 499 abyssos
729 471 813 498 super
836 471 904 498 quas

107 511 167 538 sitat
180 514 246 537 sunt
261 510 339 537 mala:
364 510 496 542 tenebra’,
514 517 628 537 necesse
647 515 689 537 est
705 515 734 537 ut
749 510 784 537 de
800 510 844 537 his
856 509 906 536 ad-

108 555 244 583 ducamus
267 555 431 591 prophetica
453 555 622 582 testimonia.
645 555 717 582 Dicit
738 555 830 590 itaque
851 555 904 582 Da-

108 601 154 629 vid
172 602 311 637 :Abyssus
332 601 454 637 abyssum
472 602 577 628 inuocat
591 601 624 634 ",
643 605 672 628 et
686 601 720 628 ad
736 601 784 628 Dei
802 601 905 635 cogita-

109 647 214 675 tionem
227 655 304 675 nunc
321 648 484 675 adhortatur
496 647 622 675 Judaeum
645 647 772 683 abyssus,
799 647 825 674 id
851 651 903 679 est,

110 693 262 721 multitudo
275 693 400 729 gentium
417 701 477 728 quae
487 694 566 729 pritts
574 697 654 720 erant
664 694 759 721 otl'usa:
770 693 902 720 tenebris.

108 739 241 768 Nonnulli
264 740 340 767 enim
366 740 436 766 duas
454 747 590 774 aquarum
604 739 805 774 appellationes
824 739 905 766 intel-

110 785 239 814 lexerunt
267 786 302 814 de
329 786 439 813 duobus
464 786 595 821 populis:
626 786 755 822 abyssum
792 785 905 821 quidem

111 834 245 868 populum
277 832 413 868 gentium,
437 840 520 867 super
553 840 636 867 quem
669 837 734 860 sunt
759 833 903 866 tenebrze;

111 887 211 914 aquam
231 884 335 910 autem,
353 878 522 911 Jndteorum,
541 887 626 914 super
653 887 735 913 quem
764 879 905 906 ferebatur

112 923 234 959 Spiritus
251 924 352 952 divinae
365 924 525 959 Scriptum.
538 925 586 952 sed
598 933 654 952 non
674 925 846 960 quiescebat.
866 925 904 952 De

111 969 156 996 his
166 972 258 995 autem
276 968 356 1003 aquis
370 968 474 996 dictum
490 973 533 996 est
547 978 554 996 :
576 969 734 1005 Egredietur
757 978 828 1005 aqua
847 971 905 996 vina

110 1022 142 1041 ex
155 1013 317 1046 Jerusalem,
333 1014 470 1041 dimidium
485 1015 541 1049 ejus
553 1015 581 1042 in
607 1024 698 1048 mare;
723 1017 838 1051 primum
865 1016 906 1042 di-

110 1060 222 1086 midium
232 1062 324 1086 autem
337 1060 394 1094 ejus
412 1061 439 1087 in
453 1069 526 1087 mare
541 1060 664 1088 ultimum
676 1062 709 1088 ¹¹⁸.
725 1061 802 1089 Sicut
821 1062 904 1089 etiam

109 1104 211 1131 clatnat
229 1103 358 1132 llabacnc
380 1104 538 1139 propheta:
567 1104 601 1131 Et
625 1105 751 1132 induxisti
772 1106 800 1132 in
831 1112 906 1131 mare

109 1157 190 1185 equos
205 1154 263 1177 tuas
276 1150 413 1177 turbantes
427 1159 512 1185 aquas
528 1150 627 1177 multas
644 1151 679 1184 '°,
699 1159 786 1186 equos
801 1150 905 1178 Christi

110 1195 220 1226 dicens,
238 1200 351 1223 sanctos
365 1196 478 1232 angelos
489 1201 517 1223 et
539 1197 689 1231 apostolos.
715 1197 794 1225 Unde
821 1198 905 1224 etiam

111 1242 139 1268 in
154 1249 272 1269 ascensu
299 1243 399 1270 horum
424 1251 560 1278 equorum
586 1243 699 1270 turbalw
722 1249 783 1270 sunt
807 1244 904 1279 abyssi,

111 1287 257 1314 multitudo
272 1289 375 1315 sonitus
389 1297 521 1324 aquarum
538 1289 573 1316 “.
604 1289 638 1316 Et
663 1289 732 1316 illud
751 1297 757 1316 :
787 1290 907 1317 Laudate

111 1333 254 1360 Dominum
271 1341 303 1360 ea:
318 1339 402 1367 terra,
417 1335 544 1362 dracones
557 1339 581 1362 et
595 1344 685 1363 omnes
699 1336 785 1371 abyssi
797 1337 906 1368 “,can-

111 1384 185 1407 tatur
200 1380 235 1408 de
260 1380 400 1415 gentibus.
423 1381 558 1408 Dracones
584 1386 676 1409 autem
706 1382 784 1414 dicit,
810 1390 906 1410 eorum

110 1426 255 1462 principes
268 1426 315 1461 qui
329 1427 407 1461 prius
423 1433 503 1455 erant
515 1427 564 1454 feri
581 1427 831 1456 etinhumani..l:un
843 1437 906 1456 cum

111 1477 151 1500 tot
166 1473 223 1500 sint
236 1473 405 1505 testimonia,
420 1481 454 1500 tte
466 1474 576 1501 mireris
588 1474 662 1509 quod
679 1474 753 1501 dicat
778 1475 812 1502 de
839 1482 907 1502 con-

110 1520 271 1555 gregatione
285 1519 409 1555 gentium
424 1528 485 1555 qua:
498 1521 574 1555 prius
589 1525 649 1547 erat
662 1521 750 1548 oll'usa
768 1521 908 1548 tenebris?

110 1566 235 1593 Τρητὸν-ιε
250 1569 329 1593 erant
348 1574 427 1601 super
453 1567 585 1602 abyssum.
615 1566 686 1594 Ante
711 1567 800 1594 lucem
827 1571 908 1594 erant

111 1612 235 1639 tenebrat
251 1611 415 1647 impietatis,
429 1613 551 1639 tenebrat
573 1612 698 1640 libidinis
715 1618 744 1640 et
769 1613 906 1648 intempe—

110 1658 355 1690 rantiae,tenebra:
372 1658 545 1691 idololatriae,
577 1664 606 1686 et
632 1658 756 1686 omnium
788 1659 906 1686 aliorum

111 1709 305 1739 peccatorum,
325 1708 390 1731 ante
401 1705 587 1739 praesentiam,
608 1705 733 1739 inqnatn,
752 1709 780 1731 et
805 1705 908 1732 adven-

110 1754 169 1776 tum
186 1756 259 1776 vera:
283 1749 366 1780 lucis,
394 1757 494 1784 nempe
521 1749 633 1777 Christi.
660 1750 808 1784 Propterea
832 1751 906 1777 enim

110 1795 256 1831 Scriptura
273 1796 403 1823 tenebras
417 1796 506 1823 solum
528 1797 607 1831 ponit
625 1802 687 1824 ante
706 1798 796 1825 lucem
812 1806 818 1826 ;
840 1805 908 1832 quo-

111 1841 185 1868 niam
204 1841 282 1876 pritts
297 1848 409 1869 eramus
423 1841 451 1868 in
465 1849 572 1872 errore.
604 1842 705 1869 deinde
729 1843 908 1870 transivimus

110 1887 144 1914 ad
165 1887 268 1914 luct'm.
286 1887 435 1922 Propterea
454 1888 530 1922 prior
544 1893 586 1915 est
601 1888 644 1914 lex
660 1888 844 1920 tenebricosa,
860 1889 909 1916 de-

110 1932 176 1960 inde
205 1932 397 1968 Evangelium.
427 1933 576 1968 Propterea
608 1934 685 1968 prior
707 1938 749 1961 est
781 1942 906 1970 vespera,

111 1979 213 2007 deinde
230 1980 300 2007 dies.
323 1980 393 2008 llinc
410 1980 470 2016 lege
490 1985 532 2008 est
552 1983 733 2007 constitutum
754 1985 784 2007 ut
804 1981 909 2016 incipe-

113 2032 190 2055 retur
205 2035 220 2055 a
236 2035 352 2062 vespera
370 2027 515 2054 Dominica
527 2035 533 2059 ;
547 2027 679 2061 quoniam
702 2035 716 2054 a
732 2033 821 2054 morte
839 2028 907 2055 obs-

112 2082 179 2101 eura
195 2073 383 2109 processimus
402 2073 435 2100 ad
453 2074 541 2100 lucem
565 2074 787 2101 resurrectionis.
805 2073 833 2101 Si
851 2073 908 2102 hme

111 2125 204 2147 autem
220 2127 276 2146 non
297 2119 334 2146 ita
353 2119 498 2151 haberent,
516 2119 595 2146 valde
608 2125 682 2146 esset
698 2119 858 2147 indecorum
881 2124 909 2148 et

112 2164 168 2191 Deo
185 2172 240 2191 non
263 2164 444 2195 conveniens,
470 2164 615 2191 nominare
634 2165 762 2192 tenebras
780 2170 843 2193 ante
863 2167 907 2193 ln-

112 2215 172 2235 cem
189 2228 196 2240 ,
213 2212 242 2235 et
255 2207 350 2235 statim
379 2208 415 2234 ab
442 2207 522 2234 initio
551 2208 722 2236 constituere
750 2214 907 2237 creaturam

111 2253 262 2278 obscuram
278 2258 310 2277 ne
329 2251 514 2278 tenebrosum.
534 2251 611 2279 Unde
627 2260 689 2279 eum
702 2261 756 2279 non
771 2255 908 2288 potuisset

112 2295 286 2322 Manichzeus
306 2294 365 2322 hme
378 2295 418 2322 sic
431 2295 594 2330 intelligere,
609 2296 679 2323 duos
688 2296 814 2324 nominat
831 2297 908 2331 deos,

114 2343 245 2369 tenebras
258 2346 287 2369 et
303 2342 393 2369 lucem
409 2351 415 2374 ;
433 2346 460 2370 et
478 2347 541 2370 ante
558 2343 699 2371 Christum
716 2344 817 2377 lucem,
830 2347 909 2381 ponit

112 2389 319 2418 adversarium,
338 2388 385 2423 qui
401 2393 445 2415 est
456 2389 591 2416 obscttrus
608 2398 640 2417 ac
655 2391 818 2419 tenebrosus
832 2401 839 2425 ;
858 2400 910 2420 nos

113 2439 206 2462 autem
223 2441 272 2462 eas
287 2442 358 2469 quas
376 2434 498 2462 diximus
518 2435 681 2471 anagogicas
697 2436 831 2464 facientes
845 2446 911 2465 con-

115 2481 313 2516 templationes
329 2501 336 2512 ,
356 2481 477 2508 litteram
505 2489 559 2509 non
591 2482 778 2511 dissolvimus.
804 2484 883 2512 Absit
903 2486 909 2512 ε

115 2527 171 2554 imo
183 2534 251 2555 vero
264 2532 359 2562 aperte
373 2528 568 2562 cognoscimus
597 2529 670 2563 quod
701 2531 822 2557 tenebrte
847 2539 911 2558 sen-

115 2573 180 2599 siles
195 2576 280 2601 erant
296 2579 381 2606 super
393 2572 523 2607 abyssum
538 2573 680 2605 sensilem,
691 2577 719 2600 et
731 2574 851 2608 Spiritus
863 2575 911 2603 Dei

116 2618 261 2646 ferebatur
292 2625 377 2652 super
406 2625 505 2652 aquant
533 2619 686 2651 sensilem;
710 2620 768 2647 sive
797 2621 912 2655 spiritus

117 2664 190 2691 aeris
217 2670 302 2698 quem
320 2662 463 2690 nominare
479 2668 593 2690 ventum
610 2665 662 2691 scit
674 2666 847 2693 consuetudo
861 2666 912 2693 ho-

118 2710 235 2741 minum,
253 2709 314 2735 sive
335 2703 455 2743 Spiritus
471 2713 583 2737 sanctus
597 2718 604 2741 ;
617 2712 695 2745 prius
710 2711 869 2746 significans
885 2716 914 2739 et

118 2755 283 2783 describens
296 2754 412 2790 gratiam
425 2755 513 2782 sancti
529 2755 659 2790 Spiritus.
673 2756 817 2784 Ambobus
839 2757 914 2784 enim

118 2806 160 2830 est
169 2810 260 2838 opus;
273 2809 373 2837 nempe
386 2806 413 2830 et
426 2801 502 2829 aerio
514 2803 625 2837 spiritu,
637 2809 668 2830 ut
677 2803 860 2831 instarcrucis
874 2804 916 2831 in—

119 2847 206 2882 spiret
221 2849 250 2876 in
274 2855 374 2883 aquam
401 2848 597 2884 baptismatis;
628 2854 658 2877 et
687 2854 783 2878 sancto
798 2849 914 2886 Spiritu,

154 2906 178 2924 ⁵⁸
208 2908 281 2936 Psal.
303 2915 357 2939 xu,
373 2908 398 2936 8.
439 2908 462 2925 "
474 2908 588 2935 Zachar.
610 2917 664 2940 xw,
679 2909 704 2936 8.
762 2909 783 2926 ‘°
807 2909 910 2937 llabae.

121 2943 142 2958 ⁸³
157 2944 238 2971 Jaan.
255 2951 294 2976 tn,
315 2944 340 2970 5.
380 2944 401 2958 ⁸³
426 2944 505 2970 Joan.
525 2952 571 2977 vn,
590 2945 635 2977 53,
661 2945 704 2972 59.

668 224 709 254 ΙΝ
727 223 1006 254 ῙΙΕΧΛΕΜΕΒΟΝ.
1027 235 1060 242 ἀ-
1080 223 1154 253 LIB.
1175 223 1202 254 Ι.

920 1634 942 1663 C

1697 224 1750 256 870

919 283 941 310 Α
957 285 987 307 ut
999 279 1164 307 sanctificet.
1180 280 1329 314 Propterea
1344 279 1419 307 enim
1441 280 1558 308 fortasse
1584 281 1630 309 hic
1653 290 1750 310 rursus

955 330 1018 361 post
1033 325 1163 353 tenebras
1174 325 1314 353 examinat
1327 334 1426 360 aquam
1440 330 1469 353 et
1480 326 1619 361 spiritum,
1630 327 1683 355 hoc
1695 335 1748 360 est,
1779 356 1786 362 ,

955 376 1018 407 post
1030 377 1186 406 peccatum,
1208 371 1337 406 baptismi
1356 372 1596 399 illuminationem.
1619 373 1685 400 Nam
1697 374 1750 400 sic-

955 421 986 444 ut
1017 421 1147 451 tanquam
1170 425 1254 451 super
1283 417 1417 452 piscinam
1446 418 1577 452 aliquam,
1606 418 1750 445 constituit

956 462 1028 490 Deus
1042 461 1176 496 Spiritum
1203 470 1285 497 super
1310 471 1421 497 aquam,
1450 463 1485 490 ita
1511 464 1603 490 statim
1627 464 1750 499 praecipit

955 513 1017 543 post
1031 509 1089 536 haec
1105 509 1211 538 dicens,
1226 508 1286 535 Fiat
1302 509 1347 535 lux
1363 509 1607 541 illuminationum,
1632 514 1657 536 et
1679 511 1750 544 facta

955 558 992 581 est
1008 554 1053 581 lux
1069 554 1311 581 illnminationum.
1325 555 1402 582 Unde
1417 555 1500 582 etiatn
1519 555 1564 582 hic
1596 555 1622 582 in
1654 556 1751 590 primis

956 600 1089 627 discimus
1118 600 1280 635 mysterium
1319 599 1464 626 Trinitatis
1507 601 1533 627 itt
1572 594 1748 634 baptismate,

956 645 1067 680 quando
1080 645 1147 672 dicit
1163 653 1171 670 :
1190 645 1301 671 Etdixt‘t
1316 645 1405 677 Deus,
1426 646 1507 680 plane
1537 654 1544 672 :
1578 646 1655 672 l’nter
1690 645 1749 672 Fiat

957 691 1003 718 lux
1016 711 1023 721 ,
1039 691 1091 718 hoc
1106 695 1159 723 est,
1175 691 1303 718 Christus
1319 695 1450 726 appareat
1467 692 1495 718 in
1520 695 1594 718 terra
1615 696 1642 718 et
1665 691 1749 725 Spiri-

957 742 1001 764 tus
1018 738 1066 764 Dei
1080 742 1197 765 sanctus
1210 738 1256 772 qui
1275 738 1417 765 ferebatur
1439 745 1524 773 super
1545 746 1655 772 aquam.
1681 733 1749 764 Cum

956 783 1009 811 hoc
1021 784 1155 818 mysterio
1173 783 1257 810 vitam
1276 792 1386 819 quoque
1406 785 1461 811 Deo
1474 789 1577 819 gratam
1606 784 1749 811 discimus.

956 829 1104 863 Postquam
1117 834 1209 856 autem
1226 829 1320 857 datutn
1348 835 1400 862 est,
1431 825 1532 865 inquit,
1550 830 1694 864 baptisma,
1723 834 1752 856 et

956 884 1017 911 qure
1030 879 1072 903 est
1093 876 1120 902 in
1138 883 1171 903 eo
1197 876 1265 903 ﬁdes
1291 882 1419 912 tanquam
1441 878 1551 912 aliquod
1568 878 1750 911 signaculum,

957 921 1027 954 Fiat,
1044 922 1143 957 inquit,
1162 922 1207 949 lux
1222 931 1230 949 :
1252 923 1278 949 id
1295 928 1348 955 est,
1366 929 1526 951 exerceatur
1543 924 1673 959 operibus
1695 924 1751 951 vita

922 957 941 984 Β
956 967 1013 995 Deo
1028 969 1116 1002 grata,
1133 968 1205 995 sicut
1220 969 1265 995 lux
1278 969 1374 996 lucens
1394 977 1486 996 coram
1502 971 1670 1001 hominibus,
1685 977 1751 997 con-

956 1018 1088 1048 gruenter
1104 1012 1216 1040 Christo
1233 1013 1279 1047 qui
1296 1014 1335 1040 sic
1354 1014 1434 1042 dixit.
1460 1016 1546 1048 Quam
1573 1016 1656 1042 etimit
1686 1024 1750 1042 enm

955 1058 1082 1090 vidisset,
1102 1057 1218 1085 laudat:
1252 1057 1324 1085 Vidit
1341 1059 1426 1090 enim,
1455 1059 1556 1094 inquit,
1584 1060 1656 1086 Deus
1687 1060 1751 1087 vita:

956 1104 1065 1136 lucem;
1080 1109 1109 1130 et
1122 1103 1191 1131 dixit
1204 1111 1210 1129 :
1225 1103 1299 1131 Bona
1319 1109 1372 1132 est.
1386 1105 1493 1132 Laudat
1503 1110 1606 1135 autent.
1617 1106 1748 1140 qnoniatn

957 1151 1112 1178 delectatur
1123 1151 1280 1185 ltnjttsmodi
1299 1151 1370 1178 luce.
1391 1151 1438 1178 Est
1452 1152 1525 1178 enim
1541 1152 1670 1186 gaudium
1689 1161 1752 1186 pro-

957 1201 1018 1232 pter
1035 1205 1120 1224 unum
1142 1203 1316 1232 peccatorem
1329 1205 1410 1232 quem
1425 1198 1550 1236 per-nitet.
1566 1198 1750 1231 Quamobrem

958 1248 1088 1278 tanquam
1099 1244 1168 1279 jam,
1181 1249 1208 1271 et
1222 1253 1236 1271 a
1251 1244 1314 1275 title,
1329 1249 1357 1271 et
1371 1253 1386 1271 a
1411 1244 1466 1271 vita
1494 1245 1575 1274 bona.
1597 1245 1751 1271 illnntinala

958 1292 1084 1315 creatura
1100 1293 1127 1315 et
1143 1289 1177 1316 ab
1196 1297 1228 1316 ea
1250 1289 1278 1315 in
1294 1289 1433 1324 baptismo
1445 1289 1579 1324 separatis
1591 1298 1652 1324 qtne
1675 1290 1702 1316 in
1720 1297 1752 1316 ca

957 1339 1036 1362 erant
1051 1335 1155 1370 peccati
1172 1335 1296 1363 tenebris
1305 1340 1334 1362 ct
1351 1335 1565 1367 incredulitatis,
1581 1336 1672 1363 statim
1684 1336 1753 1362 sub-

955 1381 1049 1416 junxit
1064 1381 1187 1415 Scr-iptor
1202 1381 1298 1408 dicens
1314 1390 1320 1407 :
1335 1381 1370 1408 Et
1383 1383 1517 1416 separavit
1532 1382 1601 1408 Deus
1617 1383 1687 1410 inter
1709 1382 1752 1408 lu-

958 1435 1014 1453 cem
1038 1430 1061 1452 et
1083 1427 1153 1453 inter
1182 1427 1313 1459 tenebras,
1348 1435 1410 1461 qua!
1435 1433 1513 1454 erant
1541 1435 1624 1462 super
1655 1435 1753 1462 aquam

958 1472 1062 1507 abyssi.
1079 1471 1158 1504 Quod
1178 1472 1430 1507 praesigniliearnnl
1452 1473 1534 1499 etiant
1555 1473 1608 1499 ilice
1626 1473 1687 1500 dua:
1707 1482 1751 1501 vo-

959 1519 1051 1547 lucres
1063 1527 1124 1554 qnzc
1142 1520 1249 1547 emissze
1264 1525 1328 1547 sunt
1343 1528 1375 1547 ex
1392 1528 1455 1546 arca
1481 1520 1538 1549 Noe
1553 1529 1559 1546 :
1590 1521 1662 1547 unde
1688 1521 1755 1548 licet

959 1565 1054 1592 videre
1086 1565 1142 1592 illic
1169 1574 1279 1600 quoque
1303 1567 1410 1600 priores
1433 1573 1493 1593 esse
1514 1565 1653 1592 tenebras.
1675 1565 1755 1592 Prior

959 1612 1033 1637 enim
1065 1618 1165 1638 corvus
1186 1611 1311 1637 evolavit
1338 1618 1421 1645 super
1451 1618 1546 1645 aquas.
1575 1610 1689 1637 Etcum
1711 1611 1754 1638 vel

959 1656 1111 1683 sutiocatus
1135 1661 1208 1684 esset
1238 1660 1266 1683 et
1292 1657 1422 1690 periisset
1454 1656 1617 1683 tenebrosus
1644 1663 1754 1689 corvus,

959 1702 1052 1734 Satan,
1065 1706 1112 1729 aut
1121 1702 1204 1729 etiam
1215 1702 1248 1729 ad
1261 1702 1475 1729 crassitudinem
1498 1702 1584 1738 864
1592 1707 1619 1730 et
1635 1703 1756 1730 carnali-

960 1751 1042 1775 tatem
1056 1747 1217 1775 adhzesisset
1233 1749 1299 1781 (non
1311 1748 1385 1774 enim
1400 1753 1516 1782 possunt
1528 1756 1625 1776 omnes
1651 1756 1757 1776 sermo-

958 1801 1021 1820 nem
1048 1792 1170 1828 capere),
1189 1798 1256 1820 tunc
1280 1793 1402 1828 Spiritus
1428 1793 1486 1825 Dei,
1511 1794 1638 1820 columba
1659 1801 1756 1829 super-

959 1840 1111 1873 ferebatur,
1125 1841 1223 1867 volans
1244 1849 1327 1876 super
1343 1849 1452 1876 aquam,
1472 1849 1526 1868 non
1542 1841 1686 1869 inveniens
1714 1850 1757 1869 re-

959 1887 1054 1922 quiem
1071 1886 1189 1921 pedibus
1211 1886 1280 1917 suis,
1311 1890 1341 1913 ιιι
1367 1886 1576 1914 tabernaculum
1607 1887 1702 1922 ﬁgeret
1727 1887 1756 1915 in

960 1933 1083 1965 homine,
1107 1937 1155 1959 aut
1178 1932 1347 1958 inhabitaret
1373 1937 1401 1959 et
1427 1932 1623 1964 inatnbnlaret,
1646 1933 1755 1960 etiamsi

959 1979 1052 2006 omnia
1083 1974 1218 2005 montium
1249 1978 1392 2004 cactnnitta
1423 1982 1516 2004 essent
1546 1977 1664 2005 detecta.
1690 1978 1756 2011 Quae

960 2025 1071 2059 quidem
1091 2023 1285 2058 significabant
1313 2022 1417 2057 peccati
1443 2022 1616 2049 inﬁrmorum
1642 2023 1756 2051 eviden-

961 2072 1026 2098 tiam
1047 2075 1075 2098 ct
1092 2070 1304 2105 impudentiam,
1319 2074 1346 2096 et
1362 2069 1421 2096 vitii
1446 2070 1559 2097 nimiam
1590 2071 1752 2105 elationem,

959 2117 1076 2152 ejusque
1090 2116 1246 2143 indttratam
1261 2120 1288 2142 et
1301 2116 1430 2142 callosam
1448 2116 1616 2143 vecordiam.
1628 2117 1662 2143 Et
1687 2117 1753 2144 ideo

960 2162 1109 2191 columba.
1138 2169 1236 2196 nempe
1272 2160 1392 2196 Spiritus
1420 2161 1480 2193 Dei,
1506 2161 1648 2188 ferebatur
1673 2170 1758 2197 super

960 2218 1071 2245 nquam.
1093 2209 1170 2236 lianc
1187 2216 1286 2243 aquam
1312 2213 1340 2236 et
1364 2207 1496 2242 Spiritum
1523 2213 1645 2236 sanctum
1671 2209 1756 2236 veluti

960 2255 1106 2291 quamdam
1120 2254 1192 2281 inter
1206 2261 1236 2281 se
1253 2254 1380 2280 habentia
1395 2254 1587 2289 cognationem
1612 2259 1711 2281 natura
1727 2259 1757 2282 et

963 2301 1201 2336 coniunctionem,
1228 2299 1255 2326 in
1269 2299 1387 2326 diversis
1404 2299 1473 2326 locis
1488 2299 1570 2326 simul
1587 2299 1665 2334 ponit
1682 2299 1756 2327 Scri-

963 2352 1054 2382 ptura.
1069 2347 1103 2373 Et
1136 2345 1198 2372 ideo
1221 2345 1290 2372 dicit
1314 2345 1448 2372 Dominus
1472 2345 1622 2372 Nicodemo
1640 2354 1646 2372 :
1661 2346 1758 2378 Amm,

965 2401 1042 2420 amen
1056 2392 1114 2419 diro
1133 2391 1188 2421 tibi.
1204 2391 1254 2418 nisi
1269 2391 1326 2425 quis
1347 2391 1450 2426 genitus
1479 2391 1558 2425 fuerit
1585 2400 1632 2426 per
1659 2401 1758 2427 aquam

965 2443 990 2466 et
1007 2438 1147 2474 Spiritum,
1166 2445 1217 2464 non
1234 2437 1344 2464 intrabit
1361 2437 1388 2463 in
1404 2445 1514 2472 regnum
1530 2437 1656 2465 malorum
1672 2439 1704 2466 “.
1725 2439 1760 2466 Et

966 2492 1064 2511 rursus
1081 2492 1088 2510 τ
1106 2483 1156 2516 Qui
1178 2483 1258 2510 credit
1289 2484 1316 2510 in
1349 2491 1400 2515 me,
1429 2483 1497 2510 sicut
1524 2484 1591 2510 dixit
1608 2484 1758 2520 Scriptura,

966 2531 1038 2565 ﬂuuii
1054 2538 1086 2557 ex
1102 2531 1158 2565 ejus
1173 2535 1263 2556 uentre
1278 2531 1361 2565 ﬂuent
1374 2537 1451 2565 aqua:
1479 2531 1544 2557 vim
1558 2539 1568 2563 ;
1595 2532 1642 2558 hoc
1671 2536 1760 2558 autem

966 2577 1113 2604 dire/tutde
1124 2576 1227 2610 Spiritu
1244 2585 1323 2611 quem
1341 2576 1474 2609 accepturi
1486 2582 1562 2603 erant
1582 2577 1714 2604 credentes
1734 2579 1762 2604 in

965 2632 1025 2650 cum
1035 2623 1068 2649 “‘.
1083 2623 1315 2658 l’salmograpltus
1330 2630 1440 2656 quoque
1451 2622 1494 2649 his
1509 2624 1707 2650 convenienter
1719 2624 1762 2651 di-

965 2669 1002 2695 cit
1019 2676 1024 2694 :
1048 2667 1166 2694 Luudate
1178 2675 1249 2699 eum,
1259 2666 1316 2693 coeli
1332 2666 1468 2699 vadorum,
1482 2674 1506 2694 et
1522 2677 1598 2703 aqua:
1612 2677 1669 2704 quw
1684 2677 1764 2703 super

966 2716 1043 2740 cretes
1058 2718 1120 2740 sunt
1131 2713 1240 2740 laudent
1256 2721 1349 2740 nomen
1364 2713 1480 2745 Domini,
1493 2715 1619 2748 quoniam
1634 2719 1672 2740 est
1687 2713 1762 2740 (παῖε

970 2764 1056 2786 tatam
1074 2759 1107 2785 “'.
1120 2759 1159 2786 Ea
1174 2759 1208 2786 de
1226 2767 1309 2786 causa
1326 2764 1471 2787 terrestres
1488 2764 1515 2786 et
1531 2760 1658 2786 rmleslrs
1677 2767 1764 2793 aquas

969 2806 1057 2840 magis
1069 2805 1266 2832 obtenebratas
1277 2805 1404 2832 nominat
1426 2805 1581 2839 Scriptura,
1596 2804 1676 2831 nobis
1699 2812 1764 2839 pec-

969 2857 1032 2879 cato
1046 2849 1237 2879 difﬂuentibus
1255 2852 1384 2879 tenebras
1400 2851 1505 2886 peccati
1534 2850 1684 2878 ostendens
1698 2850 1766 2878 insi-

1089 2911 1108 2927 "
1132 2912 1203 2939 Psal.
1222 2919 1310 2944 LXX“,
1333 2911 1414 2939 16-18

927 2313 948 2338 υ

939 2919 979 2943 nt,
1007 2911 1050 2938 iii.
1089 2911 1108 2927 "
1132 2912 1203 2939 Psal.
1222 2919 1310 2944 LXX“,
1333 2911 1414 2939 16-18
1476 2911 1498 2926 ⁸¹
1513 2910 1581 2938 Psal.
1602 2917 1708 2944 cnvtn,
1736 2910 1766 2945 ἰε

745 2946 766 2961 ⁸³
792 2946 862 2972 l‘sal.
892 2954 998 2978 (κω-ιιι,
1024 2949 1050 2973 t.
