1977 3256
239 213 270 242 ὅτ
277 211 286 242 1
845 215 874 243 S.
895 213 1031 243 ANASTA

1084 214 1098 243 Ι
1117 214 1151 243 SI
1157 213 1204 243 NA
1211 213 1281 244 lT;E

1824 215 1878 245 £72

239 270 315 294 dere.
331 266 477 301 Separat-it
490 270 580 294 tamen
594 262 667 294 Deus
693 267 764 294 inter
790 267 880 295 lucem
901 273 929 295 et
949 273 1027 296 tene-
1044 274 1065 301 Α
1080 268 1252 304 operatione.
1269 272 1297 295 et
1311 270 1336 295 te
1351 267 1561 302 apprcltcndeut
1577 267 1699 295 tenebrae
1709 267 1837 304 caliginis
1850 274 1878 297 et

241 314 314 344 ιιι-ηε,
331 312 453 347 expulsis
476 321 491 340 a
517 314 597 340 nobis
619 314 803 348 potestatibus
827 315 1029 346 tenebrarum;

240 367 346 394 ponens
362 364 487 387 nostrum
505 360 784 395 medium'parietem,
807 362 968 395 angularem
993 361 1032 388 la-

239 404 331 438 pideut
348 403 488 432 Christum
504 405 557 438 ;dc
574 413 628 440 quo
644 406 726 433 etiam
741 406 894 442 subjuugit,
908 407 1004 434 dicens
1024 415 1030 433 :

242 450 344 477 i'ocavit
368 450 463 482 lucem,
481 451 561 483 diem,
589 456 614 477 et
644 451 765 478 tenebras
791 453 891 479 vacavit
917 455 1030 479 noctem.

239 495 298 523 Lux
311 497 471 531 est,inquit,
488 505 569 532 quem
581 498 664 525 etiam
678 498 750 525 diem
764 506 832 525 voco
844 507 851 526 :
868 506 928 532 qua:
939 503 1033 526 autem

238 542 264 569 ei
282 543 465 570 adversantur
478 544 606 571 tenebras
622 548 731 571 noctem
749 544 867 579 appello.
886 545 938 571 Et:
965 545 1031 572 Am-

239 589 329 615 bulate
343 590 424 616 donec
441 589 524 616 lucem
537 590 654 622 habetis;
670 591 739 617 venit
755 598 818 623 nox,
834 591 938 626 quando
956 598 1032 616 nemo

240 639 323 670 potest
337 637 442 670 operari
458 636 490 662 ⁸⁸.
507 636 564 663 Nos
577 636 650 663 enim
665 643 722 663 non
737 644 833 663 sumus
860 636 909 663 ﬁlii
930 636 1046 670 noctish

240 681 287 708 sed
301 680 355 707 diei
368 681 482 708 Christi.
498 681 550 714 Qui
569 682 642 708 enim
658 681 801 709 dormiunt
817 689 944 709 somnum
968 689 1033 716 pec-

242 727 308 760 cati,
325 727 353 753 in
369 728 458 754 noctis
471 727 595 754 tenebris
612 727 754 754 dormiunt
771 732 817 754 :et
832 728 879 762 qui
893 727 1032 754 inebrian-

240 775 295 804 tur,
310 779 406 799 rursus
422 771 449 798 in
472 772 529 807 ipsa
549 777 630 799 nocte
653 772 827 799 incbriantur
843 780 876 799 ex
900 772 1032 807 peccatis,

239 818 312 844 sicut
324 818 405 845 docet
418 818 519 845 Paulus
532 818 564 845 ⁸⁷.
581 818 614 845 Et
626 819 726 853 factum
736 823 773 844 cst
784 826 884 853 vesper,
897 822 921 844 et
933 818 1033 852 factum

239 868 277 889 est
294 872 371 890 mane
386 864 440 890 dies
454 873 533 891 unus.
550 864 609 891 Non
625 863 695 890 dixit
710 873 715 890 :
737 863 798 890 Dies
825 863 949 898 primus;
972 863 1030 895 sed,

239 909 393 941 Diesuuus,
410 918 465 936 non
480 909 544 936 duo.
573 909 626 936 Hoc
658 910 813 944 mysterium
841 917 967 944 magnum
995 914 1033 936 est

240 959 351 989 (vesper
372 959 401 982 et
416 957 519 987 mane),
538 963 584 990 ego
603 960 690 982 autent
707 955 764 981 dico
778 955 806 981 iu
822 954 925 982 Clu-isto
940 959 964 981 ct
981 954 1032 982 Ec-
1048 950 1068 978 Β

239 1000 318 1027 rlcsia
337 1001 371 1032 ⁸³,
387 1009 447 1034 qum
461 1001 611 1035 aliquando
629 1006 691 1028 erat
708 1009 807 1035 vesper
824 1001 985 1030 obscurum.
1004 1001 1030 1028 ei

238 1049 329 1073 autem
342 1045 417 1072 ttnita
428 1053 493 1072 vera
505 1047 565 1073 luce
579 1048 691 1073 fuerunt
701 1046 757 1072 duo
770 1046 798 1072 in
811 1054 923 1073 carnem
936 1053 1029 1078 unam,

239 1091 266 1118 in
282 1099 366 1118 unum
381 1091 453 1118 lucis
478 1091 551 1119 diem
575 1092 622 1126 qui
646 1091 785 1118 illuminat
807 1099 918 1119 omnem
941 1092 1032 1118 homi-

239 1145 301 1164 nem
325 1137 482 1164 venientem
501 1138 529 1164 in
548 1137 682 1164 tnuudum
711 1137 774 1164 ﬁdei
804 1137 919 1164 Christi.
944 1138 1031 1170 Quem

238 1182 340 1211 deinde
365 1182 484 1210 initiavit
507 1182 656 1217 baptismo,
671 1191 733 1210 eum
752 1183 859 1210 diceret
874 1192 881 1209 :
896 1183 930 1210 Et
945 1182 1031 1218 Spiri-

239 1233 281 1256 tus
305 1228 354 1255 Dei
379 1228 513 1263 ferebatur
539 1236 619 1263 super
645 1237 740 1263 aquas,
762 1236 812 1263 per
839 1228 974 1263 Spiritum
1003 1232 1031 1256 et

238 1283 337 1310 aquam
352 1275 442 1310 ipsum
458 1275 608 1302 ostendens
624 1284 629 1301 :
644 1282 693 1309 pcr
708 1282 790 1309 quem
805 1279 833 1302 et
853 1275 943 1309 ipsum
962 1283 1031 1310 pur~

238 1320 312 1354 gavit
326 1319 361 1346 ab
387 1319 510 1354 antiquis
539 1319 679 1349 sordibus,
694 1323 722 1346 et
748 1319 844 1346 docuit
867 1321 1031 1355 mysterium

239 1365 469 1400 regenerationis,
481 1365 546 1400 quia
563 1365 650 1392 dixit:
668 1365 730 1392 Fiat
743 1365 799 1398 lus,
815 1374 865 1401 per
881 1367 955 1401 quod
970 1375 1032 1394 ver—

239 1412 304 1438 bum
331 1415 359 1438 et
382 1411 481 1438 bonam
505 1412 589 1439 vitam
603 1411 638 1439 ab
659 1419 693 1439 co
708 1413 808 1447 exegit,
823 1420 884 1447 qua:
900 1417 1031 1448 tauquam

240 1457 285 1483 lux
298 1457 388 1484 luceat
402 1461 465 1484 ante
480 1457 577 1484 faciem
592 1457 670 1491 ejus:
688 1465 723 1483 ne
735 1458 877 1492 contingat
891 1465 954 1484 cum
970 1465 1031 1486 esse

239 1503 347 1537 pigrum
359 1502 394 1529 ad
408 1498 571 1529 iutensosct
583 1502 764 1530 vehementes
778 1503 895 1530 sudores
909 1504 1030 1537 virtutis,

240 1552 270 1574 ut
297 1548 345 1582 qui
372 1555 428 1575 non
447 1548 483 1574 sit
504 1548 650 1575 habiturus
665 1555 782 1576 coronas
798 1553 936 1576 tantorum
949 1550 1032 1578 sudo-

239 1601 299 1620 rum
324 1602 443 1628 qunrum
475 1598 539 1621 sunt
563 1594 714 1629 participes
729 1594 814 1621 futuri
829 1595 876 1630 qui
893 1595 1029 1624 laborant.

239 1639 308 1665 Eum
336 1631 418 1667 docet
445 1640 527 1667 etiam
556 1640 717 1674 mysterium
749 1640 972 1672 resurrectionis.
1003 1645 1031 1668 et

239 1685 307 1712 dicit
322 1694 329 1712 :
344 1686 383 1713 Ne
396 1691 476 1721 putes
489 1685 522 1712 ad
537 1686 644 1712 nullum
657 1685 768 1713 lucrum
782 1685 832 1713 tibi
847 1693 908 1714 esse
921 1686 1029 1714 reditu-

239 1739 270 1758 ra
285 1732 446 1759 certamina.
467 1732 526 1759 Non
544 1733 580 1760 ita
603 1733 676 1765 erit;
697 1731 745 1760 sed
763 1732 818 1760 erit
833 1732 883 1759 tibi
903 1740 1030 1768 vespera,

239 1785 290 1812 per
303 1782 419 1806 mortem
434 1778 540 1805 scilicet
554 1783 695 1806 contracta
711 1786 717 1804 :
734 1782 763 1806 et
777 1777 889 1806 vacabis
903 1778 938 1806 ab
955 1779 1031 1806 omni

1085 314 1230 341 caecitatis.
1249 313 1351 341 Deinde
1365 318 1461 347 postea
1482 313 1528 339 ﬁet
1549 313 1597 340 tibi
1611 321 1692 340 mane
1708 322 1714 340 :
1733 322 1835 350 nempe
1849 319 1879 342 et

1084 361 1140 388 illic
1169 366 1212 389 est
1237 361 1297 388 dies
1314 354 1545 392 resurrectionis,
1571 363 1599 387 et
1618 361 1748 387 exoriens
1771 362 1812 388 sol
1829 362 1878 397 qui

1083 405 1157 433 cadit
1168 405 1221 433 sub
1243 404 1464 440 intelligentiam,
1490 404 1578 430 sol'vet
1597 404 1877 437 mortalem‘noctcm,

1082 455 1111 478 et
1132 455 1159 478 te
1177 451 1289 478 vocabit
1309 454 1339 477 ut
1353 449 1565 484 espcrgisearis,
1583 452 1611 476 et
1625 450 1666 476 sic
1681 449 1790 477 videbis
1805 450 1880 477 divi-

1083 505 1149 524 num
1169 497 1237 524 illud
1263 504 1343 523 mane
1370 496 1443 530 quod
1469 496 1581 530 quidem
1608 495 1698 523 Moses
1723 496 1880 524 nominavit

1083 542 1167 570 diem.
1179 542 1274 577 Neque
1288 541 1357 568 dixit
1367 541 1440 568 diem
1454 541 1573 575 primum
1588 549 1595 567 ε
1609 541 1682 576 quod
1694 541 1782 576 magis
1794 549 1879 576 opor—

1083 589 1171 619 tebat,
1194 592 1223 615 et
1236 588 1311 615 diem
1323 591 1479 614 extremum
1500 595 1648 614 recensere
1662 588 1810 614 oratione:
1827 588 1877 614 sed

1084 634 1216 669 quoniam
1231 634 1322 669 typice
1338 634 1527 668 praenarrubat
1544 633 1622 660 illum
1641 633 1779 665 futurum,
1793 642 1878 668 quem

1083 687 1139 707 non
1155 679 1311 707 metiuntur
1324 679 1399 706 horae
1413 683 1443 706 et
1454 683 1567 714 puncta,
1586 682 1614 705 et
1627 679 1676 713 qui
1689 683 1771 705 nocte
1790 679 1878 706 inter-

1084 725 1244 760 rumpitur,
1268 725 1317 752 sed
1338 729 1381 752 est
1403 728 1556 760 perpetuus
1584 729 1613 751 et
1636 724 1796 757 continuus,
1812 732 1878 752 eum

1087 771 1243 799 nominavit
1255 779 1354 804 unum,
1368 771 1455 806 utqui
1469 778 1579 804 semper
1590 770 1718 797 similiter
1735 774 1763 797 et
1778 770 1878 798 eodem

1084 817 1167 845 modo
1183 826 1212 845 se
1232 817 1333 845 habeat
1349 826 1355 844 :
1374 822 1405 845 et
1424 825 1479 844 non
1493 817 1625 852 primum,
1637 821 1787 852 propterea
1803 817 1878 852 quod

1084 872 1137 892 nec
1150 864 1263 894 omnino
1276 864 1525 892 circumscribatur
1538 864 1647 891 ultimo.
1666 864 1791 891 Primum
1803 865 1879 892 enim

1083 915 1114 938 et
1124 911 1253 938 ultimum
1266 914 1332 937 sunt
1343 909 1482 944 ejusmodi
1494 913 1526 936 ut
1537 909 1695 937 referantur
1705 909 1739 936 ad
1751 909 1858 944 aliquid
1870 918 1877 936 :

1083 957 1140 984 illic
1159 961 1253 984 autent
1272 956 1341 984 nihil
1362 956 1416 984 tale
1432 956 1513 991 quale
1528 956 1620 982 oritur
1636 955 1778 982 Christus.
1797 956 1879 983 lnvc-

1082 1003 1144 1031 nies
1178 1007 1270 1030 autem
1299 1010 1348 1030 eos
1379 1002 1463 1029 etiam
1495 1002 1543 1036 qui
1563 1006 1628 1029 sunt
1647 1006 1729 1028 extra
1748 1001 1879 1036 gratiam,

1081 1045 1177 1074 eadem
1215 1047 1273 1074 fere
1308 1046 1413 1074 dicere.
1454 1045 1617 1081 PythagOrei
1649 1046 1724 1073 enim
1757 1046 1878 1080 primum

1082 1092 1156 1119 diem
1181 1092 1297 1124 mensis,
1322 1099 1379 1119 non
1397 1091 1529 1125 primum,
1549 1091 1598 1118 sed
1616 1091 1735 1118 similem
1752 1091 1878 1118 nomina—

1083 1142 1146 1164 runt
1160 1146 1167 1164 :
1181 1145 1247 1170 non,
1260 1142 1290 1165 ut
1299 1137 1409 1172 opinor,
1422 1137 1528 1164 visione
1540 1137 1780 1172 apprehendentes
1791 1136 1876 1163 vitam

1083 1183 1158 1210 illam
1176 1183 1408 1215 indissolubilem,
1428 1183 1476 1210 sed
1489 1183 1599 1210 interim
1614 1190 1674 1209 eam
1692 1183 1733 1209 sic
1746 1183 1877 1210 nomina-

1082 1233 1193 1256 verunt.
1209 1228 1330 1264 [Egyptii
1345 1235 1457 1264 quoque
1483 1236 1561 1256 sacra
1590 1228 1697 1255 ratione
1722 1228 1876 1256 draconem

1082 1275 1130 1309 qui
1150 1279 1226 1302 vorat
1239 1275 1354 1302 caudam
1367 1275 1527 1310 insculpunt
1539 1275 1566 1301 in
1579 1273 1778 1309 pyramidibus,
1790 1279 1877 1301 teter—

1082 1328 1145 1348 nam
1162 1324 1190 1348 et
1205 1321 1377 1348 individuam
1395 1320 1641 1348 circumactionem
1657 1319 1812 1347 divinarum
1831 1328 1876 1346 rc-

1082 1374 1144 1394 rum
1164 1366 1371 1402 signiﬁcantes;
1387 1366 1537 1394 draconem
1551 1366 1626 1393 enim
1642 1366 1670 1393 iu
1688 1365 1755 1393 deos
1770 1365 1876 1392 retere-

1083 1412 1293 1448 bantEgyptii.
1317 1412 1444 1447 Orpheus
1466 1417 1560 1440 autem
1581 1412 1669 1439 Deum
1688 1411 1801 1438 vocabat
1825 1419 1876 1445 μο-

1083 1458 1320 1490 va'isa,unitatem,
1343 1457 1370 1485 id
1390 1462 1443 1490 cst,
1469 1457 1654 1485 individuum.
1682 1457 1776 1491 Neque
1801 1456 1877 1483 enim

1083 1503 1277 1538 sesquialtera,
1292 1509 1340 1530 aut
1354 1503 1546 1538 sesquitertia,
1561 1508 1610 1530 aut
1631 1503 1723 1537 aliqua
1743 1502 1796 1530 alia
1813 1510 1879 1536 pars

1083 1549 1194 1576 numeri
1209 1554 1253 1576 est
1266 1549 1294 1576 in
1307 1549 1377 1584 ipso.
1394 1549 1489 1576 Differt
1509 1553 1603 1576 autem
1629 1548 1722 1575 unitas
1746 1547 1781 1574 ab
1809 1554 1878 1579 uno,

1083 1600 1223 1630 quatenus
1234 1596 1416 1631 archetypum
1430 1595 1524 1622 diﬂert
1536 1594 1570 1621 ab
1588 1594 1718 1630 imagine.
1730 1594 1880 1628 Exemplar

1083 1642 1197 1676 quidem
1208 1646 1251 1669 est
1262 1642 1364 1673 unitas,
1379 1641 1495 1668 unitatis
1507 1645 1600 1668 autem
1615 1641 1820 1668 imitamentum
1834 1644 1879 1667 est

1083 1696 1170 1716 unum
1187 1697 1193 1715 :
1210 1688 1349 1723 quomodo
1363 1688 1403 1715 sol
1414 1692 1456 1714 est
1478 1686 1680 1713 imitamentum
1703 1687 1788 1713 unius
1816 1686 1881 1713 uni-

1085 1735 1162 1766 tatis,
1179 1734 1257 1766 Jesu,
1281 1734 1402 1768 inquam.
1423 1732 1478 1768 Ipsi
1492 1732 1528 1759 sit
1541 1732 1630 1767 gloria
1651 1735 1680 1760 et
1699 1733 1826 1766 potentia
1851 1732 1880 1759 in

1085 1780 1185 1807 saecula
1199 1780 1372 1807 saeculorum.
1388 1779 1487 1805 Amen.

784 1962 965 2007 LIBER
1001 1961 1329 2008 SECUNDUS.

798 2064 808 2069 ‘
822 2059 863 2079 DE
879 2058 1026 2080 SECUNDO
1042 2057 1096 2078 DIE
1112 2057 1312 2083 CREATIONIS.

272 2197 368 2225 ‘Primo
389 2197 433 2224 die
457 2197 559 2224 factum
587 2202 629 2224 est
656 2197 748 2224 velum
773 2197 927 2232 superioris
954 2196 1028 2228 cadi,
1047 2197 1068 2224 D
1084 2197 1173 2232 posito
1190 2197 1241 2224 sub
1255 2206 1324 2233 aqua
1342 2198 1520 2232 ﬁrmamenti,
1538 2202 1589 2227 sub
1602 2201 1670 2233 sole,
1682 2201 1805 2236 inquam.
1817 2203 1878 2238 ejus

234 2243 312 2278 quod
343 2243 546 2278 appropinquat
574 2241 692 2270 Sanctus
721 2246 891 2274 sanctorum,
916 2250 971 2276 quo
989 2242 1030 2268 in-

237 2290 318 2317 troiit
331 2298 486 2325 precamur
496 2297 546 2324 pro
557 2289 638 2316 nobis
648 2289 777 2317 Christus
788 2289 820 2316 δ’.
834 2289 873 2316 Ea
884 2288 918 2316 de
935 2296 1028 2320 causa,

234 2335 272 2362 dc
286 2339 397 2367 caetero,
412 2334 535 2362 secundo
549 2333 594 2360 die
616 2333 645 2360 lit
676 2334 829 2361 secundum
853 2338 881 2361 et
907 2335 1030 2361 exterius

235 2381 340 2410 Velum.
352 2379 425 2413 quod
437 2379 541 2406 dicitur
555 2388 561 2406 :
575 2379 782 2406 Firmamentum
799 2380 827 2406 in
839 2379 924 2406 medio
941 2387 1030 2414 aqua:

235 2424 310 2458 quod
331 2423 442 2457 quidem
460 2428 503 2450 est
523 2424 726 2451 ﬁrmamentum
747 2423 810 2451 ﬁdei
832 2424 859 2451 in
875 2423 1028 2452 Christum.

236 2470 298 2497 Non
311 2469 410 2496 fuisset
424 2474 518 2496 autem
531 2469 586 2496 hoc
597 2469 712 2501 factum,
724 2469 777 2496 nisi
792 2470 870 2504 prius
881 2474 944 2497 nata
956 2474 1030 2497 esset

236 2516 287 2543 lux
303 2524 310 2542 :
336 2523 436 2550 nempe
456 2520 601 2550 postquam
623 2515 720 2542 datum
737 2515 790 2542 fuit
801 2514 946 2550 baptisma,
962 2515 1031 2542 ﬁdes

235 2560 375 2595 sequitur.
392 2559 450 2587 Non
476 2561 505 2587 ﬁt
529 2565 620 2588 autem
645 2566 723 2588 extra
743 2568 842 2595 aquam
865 2561 918 2587 hoc
938 2560 1030 2588 ﬁrma-

236 2610 373 2638 mentum,
399 2606 447 2634 sed
468 2606 495 2633 in
518 2606 611 2634 medio
632 2615 710 2642 aqua:
721 2606 844 2634 omnium
859 2606 981 2641 gentium
996 2613 1031 2634 ex

236 2660 270 2679 ea
285 2656 456 2686 concretum,
474 2653 604 2688 quoniam
620 2653 680 2688 fecit
691 2653 760 2680 Deus
773 2651 888 2679 salutent
901 2653 928 2679 iu
945 2654 1030 2681 medio

237 2702 316 2725 ιρι-ηε
346 2698 380 2730 ⁷ο,
405 2703 501 2733 utpote
526 2699 573 2733 qui
589 2698 756 2726 habitaverit
775 2698 803 2724 in
817 2697 908 2725 medio
926 2699 1030 2726 terreni

237 2743 309 2771 uteri
327 2744 449 2779 Virginis
467 2753 473 2771 π
490 2749 519 2772 et
531 2745 650 2772 salutem
666 2744 762 2771 mundi
774 2743 873 2771 fecerit
887 2750 1030 2779 compacto

237 2790 411 2818 ﬁrmamento
434 2791 522 2818 sancti
542 2792 586 2819 sui
603 2791 730 2826 corporis
753 2791 781 2818 in
796 2790 889 2818 medio
904 2790 1031 2819 incorru-

227 2841 290 2871 ptae
308 2837 441 2871 matricis,
472 2838 556 2866 fontis
583 2838 646 2866 vitae
665 2838 765 2872 puellae
788 2837 835 2865 Dei
867 2838 984 2871 Matris;
1002 2844 1030 2866 ct

313 2904 390 2931 Joau.
409 2913 446 2932 tv.
463 2905 498 2934 ιζ
518 2914 563 2942 nt.
579 2905 624 2933 '55.
658 2905 692 2942 7"
712 2894 832 2942 l'Th‘ss.
863 2913 888 2937 τ,
906 2906 932 2932 'l.
972 2906 994 2921 η
1020 2906 1031 2933 1

1083 2915 1120 2933 0:.
1139 2915 1164 2939 γ,
1178 2908 1222 2934 3‘2.
1263 2908 1286 2923 ⁸³
1306 2907 1385 2935 ΙΙ-’ὺικ
1413 2915 1449 2940 vt,
1469 2907 1514 2934 ‘20.

238 2938 257 2955 ’θ’
275 2939 370 2967 Σήίλιιὶι.
389 2948 442 2973 xvt,
463 2941 506 2967 18.
546 2941 568 2956 ⁷⁷
589 2941 685 2968 Matth.
703 2949 728 2974 tr,
750 2940 790 2968 lii.

1084 2243 1251 2270 divinitatis.
1274 2244 1302 2271 In
1315 2244 1368 2271 hoe
1387 2245 1571 2278 ﬁrmamento,
1589 2247 1652 2277 ﬁde,
1670 2247 1792 2282 inquam,
1809 2249 1878 2276 :ch-

1085 2288 1177 2315 ﬁcavit
1202 2289 1306 2319 lunam.
1327 2290 1487 2321 Ecclesiam,
1509 2291 1604 2319 dicens
1622 2291 1680 2319 fore
1694 2297 1725 2319 ut
1738 2299 1822 2328 parur
1837 2295 1880 2321 in-

1084 2333 1153 2368 ferni
1169 2342 1220 2360 non
1239 2336 1415 2369 prmalcrcnt
1430 2336 1555 2363 adversus
1570 2345 1629 2364 eam
1648 2338 1682 2365 ".
1697 2339 1775 2366 Unde
1794 2341 1877 2367 etiam

1085 2378 1191 2406 ﬁrmata
1207 2379 1258 2406 fuit
1271 2380 1298 2406 in
1311 2380 1403 2407 medio
1421 2388 1569 2415 aquarum.
1590 2383 1755 2412 inconcussa
1774 2385 1801 2412 in
1820 2394 1878 2413 me-

1084 2424 1138 2452 diis
1153 2424 1295 2457 ﬂuctibus,
1316 2426 1417 2458 ventis,
1435 2428 1575 2462 procellis,
1587 2434 1614 2456 et
1627 2430 1874 2458 innumerabilibus

1085 2471 1299 2506 tempestatibus
1311 2473 1470 2507 passionum
1493 2478 1521 2501 ct
1547 2474 1693 2502 hieresum.
1720 2475 1766 2504 Sic
1792 2477 1876 2504 etiam

1083 2526 1132 2546 eos
1147 2518 1192 2554 qui
1220 2526 1280 2546 eam
1306 2518 1490 2552 aediﬁcarunt,
1516 2520 1590 2547 misit
1618 2525 1748 2553 tanquam
1767 2530 1827 2549 oves
1850 2524 1877 2548 in

1086 2565 1172 2592 medio
1192 2564 1317 2600 luporum
1334 2566 1376 2592 ἠε
1393 2566 1528 2598 virorum,
1550 2566 1673 2601 inquam,
1691 2568 1738 2602 qui
1755 2568 1830 2595 caede
1847 2576 1877 2595 ac

1085 2611 1218 2650 sanguine
1234 2611 1406 2638 delectantur
1420 2620 1427 2641 ς
1441 2611 1536 2639 dicens
1553 2621 1558 2638 :
1581 2612 1612 2639 In
1640 2613 1724 2640 medio
1745 2622 1877 2648 aquarum

1085 2657 1133 2691 ﬁat
1159 2656 1370 2691 firmamentum,
1394 2665 1493 2693 nempe
1511 2658 1579 2685 ﬁdes
1604 2659 1681 2686 ﬁrma
1697 2659 1875 2694 praedicetur,

1084 2711 1120 2731 ne
1132 2703 1253 2738 amplius
1279 2703 1473 2732 discindantur
1497 2705 1694 2740 agitenturque
1717 2710 1747 2733 et
1771 2706 1877 2733 diﬂ'un-

1085 2749 1187 2777 dantur
1213 2757 1302 2784 aquae,
1314 2750 1441 2785 gentiles,
1470 2749 1532 2776 aliis
1546 2750 1659 2784 quidem
1674 2751 1832 2778 dicentibus
1847 2758 1876 2778 se

1085 2803 1145 2823 esse
1165 2796 1251 2828 Petri,
1266 2796 1328 2823 aliis
1341 2803 1410 2824 vero
1427 2795 1515 2826 Pauli.
1528 2796 1590 2823 aliis
1609 2804 1675 2824 vero
1690 2797 1791 2832 Cephea
1807 2805 1814 2824 :
1829 2797 1874 2824 sed

1087 2841 1212 2870 ﬁrmetur
1227 2850 1325 2869 corum
1346 2849 1431 2870 mare.
1450 2845 1478 2867 ut
1492 2849 1542 2876 ego
1556 2843 1694 2870 ambulem
1715 2851 1800 2878 super
1816 2844 1877 2878 eius

1563 2908 1584 2923 ⁷⁵
1612 2907 1681 2937 Psal.
1697 2917 1791 2940 eum,
1815 2909 1858 2937 12.
