1977 3246
73 206 121 235 S73

620 204 655 232 [Ν
678 201 952 232 llEXAEllERON.
969 215 1000 218 —
1014 203 1085 231 LIB.
1110 202 1148 230 ll.

1649 193 1700 223 δτι

73 270 154 297 aquas
170 266 198 288 et
224 262 375 289 inhabitcm
390 266 418 289 et
433 261 601 288 inambulem
619 260 645 286 in
660 259 792 287 cordibus
807 266 856 286 co-
874 264 892 287 Α
909 267 962 285 non
981 264 1072 286 autent
1089 263 1186 285 natura
1204 267 1210 284 ε
1227 264 1338 284 necesse
1352 260 1393 282 est
1407 255 1442 281 ob
1454 259 1568 289 typlcas,
1585 251 1632 279 sed
1647 260 1699 278 uno

75 316 130 334 rum
146 308 173 334 in
193 308 285 334 medio
300 316 378 342 aqua:
389 308 467 339 virm,
486 306 538 333 ﬁde
556 315 562 332 :
580 310 607 332 et
626 313 704 340 aquae
732 309 857 335 mortua},

74 353 272 381 incredulitate.
300 353 368 380 Nam
383 353 405 380 si
423 358 465 380 est
486 351 616 384 inﬁdelis,
631 356 775 386 separetur
788 351 860 376 ziza-

75 401 116 428 nia
133 409 147 427 a
167 401 273 431 tritico,
293 400 371 434 palea
383 407 398 426 a
413 407 484 434 pane
500 407 506 425 :
528 398 589 425 Non
602 398 676 424 enim
689 397 748 424 ueni
759 401 788 423 ut
798 397 860 423 mi!~

75 452 151 473 (erant
172 454 265 480 pacem
291 446 313 460 ⁷³
330 445 400 472 lucis
415 445 449 471 ad
469 443 607 474 tenebras,
625 442 674 470 sed
692 446 721 469 ut
740 441 860 468 facerem

75 491 273 526 separationcm
288 490 316 517 in
331 489 422 517 medio
440 488 589 524 serpentis.
607 488 635 515 Si
652 492 755 519 autem,
774 491 805 514 ut
819 492 862 514 est

75 540 307 566 consentaneum,
337 542 393 561 non
421 533 582 561 verisimilis
610 533 739 560 videatur
760 532 860 563 oratio,

76 581 185 608 ostendo
200 581 250 608 tibi
264 582 291 607 in
302 580 418 615 singulis
436 587 482 607 sex
511 579 631 611 dierum,
656 579 741 606 Deum
764 577 862 604 fecisse

76 627 188 661 aliquam
223 626 383 661 hujusmodi
421 625 644 660 scparationem:
673 624 862 658 exemplorum

78 673 261 704 multitudine,
278 672 360 703 forte,
378 671 586 698 telibcraturus
601 670 636 697 ab
656 669 861 697 incredulitate.

77 720 163 746 Primo
173 727 240 754 ergo
258 718 302 745 die
320 718 389 745 facta
405 723 446 745 est
458 717 596 752 separatio
608 715 679 743 lucis
691 723 706 742 a
719 715 842 742 tenebris
854 723 861 746 ;

77 765 125 791 hoc
135 765 191 796 die,
206 765 278 792 facta
293 768 334 792 est
347 764 488 798 separatio
499 770 578 797 aqua:
595 766 623 790 et
648 769 744 796 aquae;
771 760 862 791 tertio,

76 811 206 845 separatio
229 816 309 837 terrae
323 810 357 837 ab
375 809 454 844 aquis
470 818 478 843 ;
493 812 604 844 quarto,
618 807 755 842 separatio
780 805 864 833 lumi-

76 857 179 884 narium
191 858 266 884 inter
277 856 350 884 diem
365 861 393 883 ct
410 860 519 884 noctem
535 864 542 888 ;
559 859 637 882 sexto
652 854 708 887 die,
722 852 864 880 distinctio

76 907 102 930 et
113 902 212 929 divisio
226 902 371 930 hominum
384 906 413 928 et
426 902 582 928 volucrum.
596 899 675 933 Quod
685 899 708 926 si
719 906 775 926 non
785 898 864 926 facile

77 948 212 980 admittas,
234 955 286 982 per
309 947 401 975 omnia
425 946 576 982 signiﬁcari
589 945 755 972 divisionem
771 943 866 971 Eccle-
881 929 902 956 Β

77 994 121 1021 sia:
134 994 168 1021 ab
183 1001 282 1020 errore
296 997 326 1020 et
339 992 544 1024 incredulitate,
558 991 604 1019 dic
617 990 685 1018 mihi
696 997 816 1026 quanam
831 988 865 1015 de

77 1048 165 1073 causa,
179 1044 227 1067 aut
240 1039 310 1075 quid
323 1047 395 1074 opus
409 1044 471 1066 erat
481 1039 538 1066 Deo
558 1045 604 1066 res
617 1038 690 1064 inter
707 1044 737 1064 se
748 1036 866 1071 conjun-

77 1093 147 1120 gere.
161 1089 190 1113 et
206 1085 310 1113 deinde
327 1093 376 1112 eas
390 1092 406 1112 a
423 1091 453 1112 se
471 1091 601 1118 separare
613 1081 737 1111 secundo
748 1080 866 1109 ordine?

78 1131 131 1160 Hoc
142 1132 217 1159 enim
238 1135 283 1159 est
302 1131 412 1167 signum
438 1129 553 1158 artiﬁcis
577 1129 690 1157 minime
719 1127 864 1164 ingeniosi.

78 1177 143 1205 Dicit
153 1177 228 1205 enim
245 1185 252 1204 :
271 1177 308 1204 Et
321 1177 382 1212 fecit
398 1176 601 1210 ﬁrmamentum
614 1175 696 1207 Deus,
712 1173 759 1209 qui
775 1173 869 1201 ﬁrma-

79 1223 115 1250 vit
130 1227 230 1250 terram
248 1222 374 1249 hominis
388 1229 473 1257 super
496 1221 630 1256 piscinam
647 1228 654 1247 :
680 1224 709 1247 et
729 1218 867 1254 separavit

80 1269 146 1296 Deus
157 1269 183 1296 in
198 1269 294 1296 medio
306 1275 386 1303 aquae
401 1276 465 1303 qua:
478 1271 539 1295 erat
551 1275 636 1302 super
645 1266 866 1294 ﬁrmamentum:

80 1313 111 1340 Et
122 1314 218 1348 factum
233 1317 272 1340 est
289 1314 326 1340 sic
344 1317 369 1340 et
383 1312 484 1339 vocavit
504 1311 574 1338 Deus
599 1310 798 1344 ﬁrmamentum
817 1317 868 1336 cce-

81 1360 131 1386 tum
143 1368 151 1392 ;
162 1364 186 1386 et
201 1359 268 1386 vidit
281 1359 350 1385 Deus
365 1357 434 1393 quod
450 1363 514 1384 esset
534 1356 641 1383 bonum.
659 1354 730 1388 Quid
754 1361 868 1381 necesse

80 1410 134 1432 erat
153 1405 207 1438 die,
228 1412 337 1440 quaeso,
354 1404 446 1431 facere
461 1403 513 1430 hoc
525 1401 677 1430 secundum
693 1400 784 1428 velum
796 1409 802 1426 :
813 1407 869 1427 ca:-

80 1451 281 1486 lutn,inquam,
299 1450 374 1485 quod
405 1449 509 1476 dicitur
536 1447 765 1475 ﬁrmamentum?
786 1446 868 1474 Suﬁiv

79 1497 162 1524 ciebat
178 1498 256 1524 enim
274 1496 394 1531 primum
414 1496 515 1523 cmlum
531 1495 564 1522 ad
577 1495 660 1522 situm
673 1493 739 1521 solis
756 1497 784 1520 et
797 1493 868 1520 lunae

79 1549 104 1571 et
114 1545 257 1572 stellarum
271 1543 307 1571 ad
323 1542 531 1570 illuminandam
547 1546 659 1569 terram.
671 1541 699 1568 Si
711 1545 804 1568 autem
816 1540 869 1566 hoc

79 1590 184 1616 omnino
200 1596 319 1616 necesse
334 1591 395 1615 erat
406 1587 477 1619 ﬁeri,
492 1594 544 1614 cur
560 1594 615 1614 non
631 1585 784 1613 secundum
798 1591 868 1619 quo—

78 1642 126 1668 quc
141 1636 245 1662 ccelum
270 1635 342 1662 sicut
362 1633 483 1669 primum
502 1632 554 1660 fuit
573 1632 722 1667 indigena:
740 1631 789 1658 sed
807 1635 868 1658 tan-

78 1688 154 1714 quam
169 1689 203 1708 ex
226 1680 321 1715 aliqua
342 1683 458 1706 externa
472 1679 596 1714 regione,
612 1679 702 1713 ipsum
721 1678 820 1705 extulit
835 1684 868 1704 ex

80 1729 147 1752 terra
159 1730 186 1752 et
199 1733 233 1752 cx
249 1726 310 1760 ejus
320 1725 408 1760 guttis
420 1724 432 1750 ?
447 1724 606 1758 Superioris
618 1730 683 1758 ergo
696 1722 759 1750 cmli
772 1726 868 1749 natura

79 1770 367 1806 incomprehensibilis
388 1769 456 1797 mihi
474 1769 585 1796 videtur
608 1768 710 1795 habere
726 1772 821 1803 typum
837 1774 869 1794 ac

79 1816 185 1852 ﬁguram
226 1816 384 1844 divinitatis
420 1814 628 1850 inaspectabilis
655 1819 684 1842 et
714 1814 870 1848 incompre-

79 1862 239 1891 hensibilis:
279 1862 483 1890 ﬁrmamentum
510 1865 612 1893 autem,
642 1860 718 1896 quod
749 1860 783 1887 ab
814 1860 869 1886 imo

79 1909 204 1941 ascendit,
227 1908 315 1936 habet
341 1908 456 1943 ﬁguram
476 1906 580 1934 Christi
607 1905 787 1933 humanitatis
820 1913 869 1933 seu

79 1954 172 1981 carnis.
203 1954 287 1988 Aqua
312 1958 403 1980 autem
423 1961 485 1987 quae
512 1960 574 1979 cum
600 1959 634 1979 eo
651 1951 686 1979 ab
701 1952 758 1979 imo
772 1958 869 1978 ascen--

79 2000 115 2026 dit
147 2007 176 2028 et
217 2000 373 2034 intercepta
416 1999 470 2026 fuit
509 1998 538 2025 in
579 1997 671 2025 medio
710 1997 810 2032 primi,
841 2000 870 2024 et

80 2046 146 2080 quod
174 2045 289 2081 proprie
318 2048 362 2072 est
384 2043 448 2072 caeli
469 2049 498 2071 et
515 2043 598 2079 hujus
615 2042 780 2070 ﬁrmamenti
796 2041 870 2076 quod

79 2090 194 2117 ascendit
220 2090 259 2118 ab
288 2089 367 2117 imo:
398 2089 534 2116 describit
552 2088 700 2123 imaginem
721 2087 870 2122 impolluta;

79 2136 154 2172 865
168 2137 228 2172 ejus
251 2136 351 2164 animae
364 2143 427 2171 qua:
438 2140 481 2162 est
502 2135 593 2162 media
610 2135 683 2162 inter
696 2134 869 2161 divinitatem

79 2186 103 2208 et
124 2183 213 2210 carnis
230 2181 447 2209 crassitudinem
468 2185 562 2215 utpote
585 2182 658 2216 quod
685 2181 741 2208 sint
764 2179 792 2207 hi
814 2180 870 2207 duo

79 2227 134 2253 cteli
157 2236 213 2254 :ex
234 2227 338 2261 quibus
357 2226 476 2254 alterum
497 2226 610 2260 quidem
629 2230 671 2254 est
692 2224 868 2260 aspectabile,

78 2273 186 2300 alterum
208 2281 278 2300 vero
299 2281 353 2300 non
375 2272 450 2300 cadit
464 2272 517 2300 sub
538 2278 695 2307 aspectum.

109 2318 171 2353 Ejus
180 2319 256 2354 quod
269 2318 372 2346 dictum
386 2324 428 2346 est
438 2318 516 2345 testis
528 2323 572 2346 cst
583 2316 738 2354 Gregorius
751 2317 780 2344 in
791 2316 875 2344 rebus

78 2363 172 2392 divinis
183 2366 348 2400 prmclarus,
357 2365 453 2392 dicens
466 2365 573 2392 Domini
586 2366 711 2393 animam
720 2371 780 2392 esse
791 2364 876 2391 inter-

80 2411 189 2438 mediam
209 2411 283 2438 inter
298 2411 469 2438 divinitatem
485 2415 513 2438 et
529 2411 624 2439 carnis
637 2410 851 2440 crassitudinem
867 2419 872 2436 :

79 2457 161 2484 anima
180 2458 255 2485 enim
273 2463 301 2484 et
315 2465 386 2492 aqua
405 2457 537 2484 dicuntur
556 2457 637 2491 signa
658 2458 724 2484 vitae
739 2458 766 2484 in
781 2457 875 2483 divina

79 2502 222 2537 Scriptura.
231 2503 299 2531 Vide
307 2504 379 2530 enim
389 2503 462 2538 quod
471 2503 572 2531 coelum
582 2505 699 2537 quidem
709 2504 839 2539 superius
847 2508 874 2531 et

77 2549 141 2581 quod
164 2557 218 2576 non
235 2549 309 2576 cadit
324 2550 375 2576 sub
392 2553 544 2584 aspectum,
559 2554 662 2577 natura
683 2549 720 2576 ab
733 2549 816 2577 initio
828 2559 875 2577 vo-

77 2597 159 2619 catum
176 2598 218 2620 est
241 2595 352 2621 cmlum.
377 2595 594 2621 Firmamentum
619 2600 714 2622 autem
731 2596 874 2623 materialc

76 2638 140 2669 quod
156 2639 190 2665 ab
205 2639 260 2666 imo
276 2640 408 2670 ascendit,
424 2648 477 2666 non
493 2646 593 2667 natura
614 2643 648 2668 ah
666 2641 748 2670 initio
768 2643 874 2671 factum

75 2686 112 2707 (νει
126 2684 225 2710 coelum
245 2693 251 2710 :
269 2685 315 2711 sed
340 2689 401 2719 post
424 2685 556 2712 unionem
575 2692 659 2720 quam
687 2687 786 2715 habuit
809 2696 874 2716 cum

76 2729 137 2754 t't‘leo
151 2735 250 2757 natura
269 2731 471 2765 inaspectabili,
489 2736 556 2758 tunc
572 2732 663 2766 ipsum
683 2741 798 2770 quoque
814 2743 875 2763 cm-

76 2770 125 2797 lum
139 2779 180 2800 est
195 2776 371 2809 appellatum.
388 2776 441 2802 Sed
462 2777 595 2810 quoniam
613 2784 738 2806 sanctum
755 2786 875 2815 quoque

76 2816 171 2847 Christi
187 2829 288 2856 corpus
308 2822 484 2850 deilicatione
500 2827 529 2850 et
545 2824 647 2852 unione
663 2825 770 2854 dicitur
786 2826 874 2859 Deus,

109 2909 130 2925 ⁷³
147 2910 239 2937 Matth.
260 2920 284 2942 κ,
381 2914 404 2929 ⁷⁸
421 2915 494 2943 Psal.
510 2926 604 2951 cxvm,
616 2921 659 2947 75.

250 2957 385 2989 l‘arnoL.
410 2962 469 2991 Gn.
496 2964 567 2993 LXX
578 2966 656 2996 XIX.

698 2923 719 2938 ⁷⁵
733 2922 830 2950 Exod.
850 2926 1011 2956 xxxttl,21.

910 305 1061 335 naturales.
1084 313 1145 339 qum
1169 305 1249 331 dictze
1271 306 1336 330 sunt
1359 308 1452 329 rerum
1477 300 1648 329 traditiones,
1675 299 1701 324 id

911 351 1002 378 dicere
1036 352 1238 378 ﬁrmamentum
1269 348 1342 384 quod
1368 348 1468 374 factum
1493 350 1535 372 est
1556 353 1588 371 cx
1613 345 1702 378 aquis.

912 397 978 424 Erat
992 397 1108 432 abyssus
1120 396 1297 423 tenebrarum
1313 394 1402 424 sedes.
1421 393 1513 419 homo.
1529 391 1595 424 Qua?
1611 394 1702 417 autem

912 450 961 478 per
976 442 1116 470 Christum
1139 441 1257 468 exaltata
1274 445 1317 467 est
1339 446 1432 474 supra,
1449 438 1498 464 Dei
1514 437 1583 464 lucis
1601 436 1680 462 sedes
1698 444 1704 460 ε

913 488 1039 516 considet
1051 489 1134 516 etiam
1151 495 1214 514 cum
1229 495 1262 514 eo
1274 485 1426 513 individue.
1444 484 1481 511 De
1495 483 1537 510 his
1553 483 1578 509 in
1595 481 1706 510 Christo

913 534 999 561 unitis
1022 533 1099 562 caelis
1122 541 1170 560 seu
1193 532 1300 559 naturis
1323 532 1427 558 dictum
1450 534 1492 556 est
1517 528 1584 556 illud
1609 537 1616 554 :
1642 527 1708 554 ϐινιί

913 584 1044 607 enervant
1058 579 1173 615 gloriam
1190 579 1235 605 Dei
1249 587 1257 605 :
1271 578 1323 604 hoc
1337 582 1389 606 cst,
1403 581 1508 603 natura:
1521 574 1623 602 Christi
1640 582 1709 607 prm-

915 627 1009 654 dicant
1028 631 1056 653 et
1076 627 1191 661 gloriam
1213 625 1300 660 ipsius
1314 624 1362 651 Dei
1376 622 1515 658 Unigcniti
1528 622 1576 656 qui
1591 628 1624 648 ex
1642 620 1709 655 ipsis

914 675 942 697 et
961 671 987 697 iu
1005 670 1072 705 ipsis
1089 670 1290 701 consideratur,
1307 673 1334 696 et
1348 673 1501 703 paternam,
1515 673 1579 693 eum
1595 665 1707 700 quidem

914 722 942 744 ct
958 723 988 745 ut
1005 717 1090 744 Deum
1116 717 1299 748 declarantcs,
1321 720 1350 742 et
1375 719 1406 742 ut
1430 713 1570 741 hominem
1595 712 1642 747 qui
1666 715 1710 739 cst

915 764 996 791 simul
1013 765 1041 791 in
1057 765 1117 799 ipso
1132 765 1215 792 Deus.
1231 764 1360 791 Mannum
1379 767 1470 790 autem
1487 762 1546 797 ejus
1563 761 1708 791 facturam,

915 817 977 836 cum
992 813 1134 844 oporteret
1146 816 1220 842 cum,
1238 813 1406 843 tangentem,
1424 815 1474 842 per
1489 815 1518 835 se
1533 806 1643 842 operari
1660 815 1666 832 :
1681 806 1709 833 in

915 855 1058 882 miraculis
1074 855 1220 882 annuntiat
1237 855 1442 882 firmamentum
1459 863 1465 881 :
1482 854 1534 881 hoc
1549 858 1602 885 est,
1616 853 1662 888 qui
1682 853 1710 880 in

916 910 949 929 eo
964 902 1088 929 cernitur
1106 901 1199 928 homo.
1213 901 1264 928 Per
1279 909 1341 928 cum
1357 901 1431 928 enim
1447 900 1615 935 operabatur
1629 899 1712 926 mira-

917 946 978 974 cula
1001 946 1165 978 divinitatis,
1190 954 1271 980 quem
1286 954 1301 973 e
1324 952 1397 973 terra
1420 947 1594 973 sustulerunt
1614 946 1711 973 dicen-

918 996 971 1019 tem
990 1000 996 1017 :
1012 991 1107 1018 Manus
1123 995 1175 1018 lure
1191 991 1307 1026 fecerunt
1323 999 1363 1018 me
1376 995 1400 1017 ct
1414 990 1612 1024 plasmaueruut
1625 999 1666 1017 me
1676 991 1710 1022 7‘,

917 1037 1123 1064 ﬁrmamentum
1149 1044 1165 1064 a
1188 1037 1369 1072 corruptione
1393 1037 1427 1064 ad
1460 1037 1710 1072 incorruptionem.

918 1081 996 1110 Unde
1011 1082 1112 1110 omium
1136 1082 1248 1117 quidem
1272 1082 1363 1109 carnis
1376 1082 1438 1117 ejus
1452 1081 1525 1116 quod
1539 1081 1660 1113 videtur,
1679 1083 1714 1108 ex

918 1128 1035 1156 humore
1050 1133 1132 1156 terra
1145 1137 1152 1155 :
1168 1136 1268 1163 nempe
1284 1136 1318 1156 ex
1342 1129 1475 1164 sanguine
1495 1128 1635 1156 terrestris
1648 1128 1714 1156 Vir-

918 1173 990 1209 ginis
1004 1173 1057 1202 sibi
1073 1174 1190 1207 editum,
1207 1174 1326 1201 ﬁrmavit
1342 1181 1390 1201 seu
1412 1174 1551 1210 compegit
1564 1173 1599 1201 ad
1618 1174 1714 1200 incor—

919 1219 1088 1254 ruptionem,
1111 1219 1241 1255 quoniam
1259 1225 1301 1247 est
1316 1220 1364 1248 Dei
1382 1227 1456 1247 caro.
1473 1220 1533 1247 Non
1556 1220 1630 1247 enim
1652 1227 1716 1247 cor-

920 1270 1000 1300 rupta
1016 1271 1069 1298 est,
1083 1270 1131 1294 aut
1149 1266 1264 1298 interiit,
1280 1266 1388 1293 etiamsi
1409 1273 1443 1294 ea
1462 1274 1523 1301 qua:
1546 1270 1611 1294 sunt
1632 1271 1716 1293 natu-

921 1320 957 1340 ra:
970 1316 1065 1340 secuta
1079 1317 1121 1340 est
1135 1313 1218 1340 etiam
1242 1313 1268 1339 in
1285 1320 1378 1340 cruce.
1398 1313 1467 1340 Nam
1489 1312 1541 1340 etsi
1567 1312 1613 1339 Dei
1638 1319 1714 1343 caro,

919 1364 979 1388 erat
1001 1365 1093 1388 tamen
1114 1360 1197 1387 etiam
1221 1364 1326 1387 nostra.
1353 1360 1473 1387 Alteram
1497 1363 1600 1390 autem,
1616 1366 1716 1394 nempe

919 1413 981 1440 quae
991 1406 1144 1440 intercepta
1159 1409 1212 1437 est,
1225 1409 1255 1432 ut
1265 1404 1370 1432 dictum
1384 1409 1437 1435 est,
1456 1405 1547 1432 media
1564 1405 1635 1432 inter
1646 1405 1716 1432 duos

920 1451 1005 1479 cmlos
1023 1459 1029 1478 :
1046 1451 1109 1478 dico
1131 1455 1224 1478 autem
1248 1450 1380 1480 animam.
1398 1455 1428 1477 ut
1442 1450 1547 1478 dictum
1561 1455 1613 1482 est,
1629 1450 1716 1477 sumit

921 1497 948 1524 in
969 1504 1018 1524 sua
1034 1496 1165 1528 essentia,
1184 1501 1214 1523 ut
1228 1503 1289 1531 qua:
1314 1504 1369 1522 non
1394 1503 1465 1530 opus
1488 1496 1604 1522 haberet
1621 1498 1651 1520 ut
1667 1495 1714 1520 tir-

921 1548 1055 1573 maretur,
1071 1550 1104 1569 eo
1127 1542 1201 1577 quod
1217 1543 1277 1577 ejus
1292 1545 1390 1568 natura
1415 1541 1528 1568 minime
1552 1548 1714 1575 corrumpau

882 1597 904 1627 ρ
921 1593 976 1621 tur,
992 1596 1044 1616 nec
1060 1589 1086 1615 in
1102 1596 1162 1615 eam
1179 1588 1258 1615 cadat
1274 1588 1410 1614 interitus.

958 1634 987 1662 Si
1007 1639 1100 1662 autem
1115 1635 1202 1666 voles,
1216 1641 1272 1661 non
1289 1634 1408 1668 accipies
1431 1633 1465 1661 dc
1487 1634 1544 1660 sola
1566 1640 1648 1660 carne
1664 1633 1717 1660 Do-

922 1680 990 1707 mini
1007 1680 1161 1707 secundum
1185 1679 1399 1712 ﬁrmamentum,
1421 1687 1520 1715 nempe
1543 1687 1646 1711 aerem,
1667 1679 1714 1705 sed

922 1725 1004 1752 etiam
1020 1725 1054 1753 de
1067 1726 1127 1761 ejus
1141 1725 1295 1753 divinitate.
1311 1725 1456 1758 Quomodo
1468 1724 1542 1752 enim
1557 1732 1606 1751 acr
1621 1724 1716 1759 implct

922 1772 1026 1803 omnia.
1049 1777 1077 1799 et
1093 1772 1185 1800 nullus
1205 1777 1247 1799 est
1270 1772 1347 1799 locus
1363 1779 1397 1799 eo
1414 1779 1533 1804 vacuus;
1552 1771 1654 1798 dicitur
1666 1778 1716 1797 au-

924 1823 978 1845 tem
997 1823 1024 1845 et
1039 1818 1074 1845 ab
1089 1818 1213 1845 externis
1230 1818 1308 1846 locus
1322 1825 1407 1852 capax
1422 1817 1546 1844 omnium
1565 1822 1593 1844 et
1607 1817 1653 1851 qui
1669 1824 1719 1851 po-

924 1867 978 1890 test
991 1863 1084 1890 omnia
1101 1864 1243 1898 suscipcrc
1256 1872 1262 1889 :
1279 1867 1321 1890 est
1336 1868 1429 1890 autem
1444 1864 1527 1890 etiam
1541 1863 1715 1898 perspicuus.

923 1909 1028 1935 nullius
1046 1916 1131 1943 capax
1154 1909 1257 1944 ﬁgurm,
1273 1913 1301 1936 et
1318 1909 1531 1943 inaspectabilis.
1550 1909 1597 1935 sed
1614 1909 1718 1935 faciens

923 1954 1035 1988 quidem
1052 1959 1082 1981 ut
1099 1963 1142 1982 res
1157 1955 1305 1982 videantur
1319 1962 1381 1982 cum
1405 1955 1463 1989 ipse
1478 1956 1592 1982 omnino
1606 1963 1660 1982 non
1680 1955 1719 1981 vi-

923 1999 1023 2027 deatur
1037 2008 1043 2026 :
1058 2000 1094 2026 ita
1107 2001 1191 2027 etiam
1203 2001 1397 2027 universorum
1416 2001 1488 2027 Deus
1505 2001 1600 2035 implet
1615 2002 1717 2030 omnia.

923 2049 951 2072 et
966 2045 1058 2072 nullus
1074 2049 1117 2072 est
1139 2046 1217 2073 locus
1231 2053 1266 2073 eo
1281 2053 1395 2073 vacuus.
1412 2046 1472 2073 Non
1494 2050 1536 2073 est
1550 2047 1624 2073 enim
1640 2055 1718 2074 crea-

925 2094 985 2118 tura
1000 2098 1061 2125 quae
1075 2099 1108 2118 ex
1125 2091 1184 2126 ipso
1204 2099 1259 2118 non
1275 2092 1311 2119 sit
1326 2092 1493 2127 conspicua;
1510 2096 1552 2119 est
1568 2097 1659 2119 autem
1675 2101 1720 2120 ca—

924 2144 975 2172 pax
991 2137 1114 2163 omnium
1129 2137 1175 2172 qui
1191 2141 1318 2172 quaerunt
1332 2137 1568 2172 comprehendere
1582 2146 1641 2165 eam
1658 2146 1719 2173 qua:

923 2191 957 2210 ex
975 2183 1034 2218 ipso
1049 2183 1159 2211 exsistit
1173 2183 1386 2215 deiﬁcationcm,
1403 2188 1587 2218 congruenter
1601 2184 1626 2210 ei
1645 2185 1718 2219 quod

924 2237 940 2256 a
955 2229 1029 2256 Mose
1045 2229 1150 2256 dictum
1175 2233 1217 2256 est
1233 2239 1238 2256 :
1255 2230 1302 2256 Est
1324 2230 1394 2256 lorus
1419 2230 1491 2264 apud
1509 2239 1548 2256 me
1561 2232 1594 2262 ⁷⁵,
1620 2239 1719 2265 nempe

891 2275 910 2302 D
927 2274 1044 2302 facultas
1058 2275 1227 2309 suscipiendi
1252 2280 1278 2302 te
1301 2279 1328 2302 et
1347 2279 1401 2301 tua.
1419 2275 1554 2308 Quidnam
1571 2280 1660 2302 autem
1677 2282 1719 2302 ιςι

923 2322 998 2349 aliud
1014 2330 1048 2349 co
1065 2322 1152 2357 magis
1177 2323 1364 2357 perspicuum,
1381 2323 1427 2356 qui
1452 2323 1650 2357 propemodum
1668 2323 1718 2349 ob-

923 2367 1045 2394 caecabat
1059 2368 1155 2394 oculos
1171 2368 1370 2403 discipulorum
1396 2369 1422 2395 in
1447 2369 1577 2395 That-or?
1603 2369 1650 2396 Est
1669 2378 1718 2396 alt—

924 2418 979 2440 tcm
1002 2413 1107 2441 nullius
1124 2421 1208 2448 capax
1237 2414 1338 2450 ﬁgurae,
1365 2409 1434 2442 adeo
1455 2419 1485 2441 ut
1510 2416 1611 2442 nullam
1636 2416 1718 2442 aliam

924 2459 1058 2494 suscipiat
1071 2459 1198 2490 formam.
1215 2465 1344 2495 tanquam
1364 2461 1479 2488 fortnam
1497 2461 1522 2488 in
1539 2463 1663 2489 materia.
1679 2463 1718 2489 .-\d

926 2504 984 2532 haec
1006 2508 1098 2531 autem
1123 2507 1241 2538 accedit,
1262 2507 1335 2541 quod
1359 2511 1401 2534 cst
1427 2508 1640 2542 inasptctalﬁlis.
1666 2508 1717 2541 Qui

926 2551 999 2578 cnim
1016 2559 1099 2586 supra
1113 2552 1172 2586 ejus
1187 2556 1283 2586 pcctus
1297 2553 1425 2580 recubuit
1440 2553 1509 2580 dixit
1524 2563 1529 2580 :
1546 2554 1627 2581 Deum
1644 2563 1719 2581 nemo

927 2597 990 2624 vidit
1005 2605 1124 2632 unquam
1140 2598 1172 2624 ’°.
1189 2598 1223 2624 Et
1238 2597 1301 2624 facit
1321 2599 1444 2632 quidem,
1464 2604 1492 2626 ut
1507 2600 1559 2627 alia
1576 2601 1719 2628 vidcantur

928 2643 961 2669 ab
982 2643 1015 2670 iis
1031 2644 1078 2678 qui
1092 2643 1195 2670 habent
1209 2644 1327 2670 validam
1345 2646 1445 2672 mentis
1459 2647 1693 2680 perspicacitalem
1711 2656 1717 2672 τ

930 2693 1024 2723 utpote
1048 2690 1155 2724 angeli;
1171 2690 1271 2717 cmlum
1293 2695 1321 2717 et
1336 2683 1465 2718 universa
1479 2697 1616 2723 creatura,
1634 2693 1720 2719 undr-

930 2744 992 2763 nam
1008 2741 1036 2763 ct
1053 2737 1284 2771 quemadmodum
1303 2737 1373 2764 facta
1396 2739 1451 2765 sit:
1468 2738 1525 2772 ipse
1547 2743 1638 2764 autem
1664 2746 1718 2764 non

929 2782 1077 2817 subjicitur
1095 2783 1346 2818 comprehcnsioni,
1363 2792 1452 2818 neque
1475 2784 1598 2812 cernitur
1621 2785 1720 2810 modus

931 2828 990 2863 cjus
1005 2828 1141 2855 essentiar.
1159 2827 1215 2856 lloc
1233 2837 1342 2864 quoque
1359 2838 1413 2856 non
1430 2834 1454 2856 tc.
1471 2834 1624 2864 praetereat,
1645 2830 1718 2863 quod

1053 2925 1074 2939 7“
1087 2923 1163 2951 Joan.
1180 2932 1196 2955 ι,
1216 2923 1254 2950 l8.

1537 2967 1576 2997 28
