1990 3183
265 163 316 192 875

262 268 326 290 sunt
343 264 369 290 in
387 269 471 295 terra,
498 265 533 291 ita
550 266 632 292 etiam
651 266 722 293 Deus
741 268 884 299 accedens,
907 277 954 295 eos
969 270 1055 296 viviti-

262 316 306 336 cat
322 310 368 344 qui
388 310 483 336 vivunt
496 319 528 337 ex
543 311 648 338 ratione
664 321 670 338 :
687 313 808 347 angelos,
826 314 948 348 inquam,
964 321 990 342 et
1005 316 1055 342 lto~

263 357 349 383 minus
364 365 369 383 :
384 357 430 383 sed
448 361 475 384 et
498 365 546 384 eos
571 358 653 384 etiam
677 359 722 392 qui
744 364 807 386 sunt
824 360 937 388 belluini
952 362 982 388 in
998 362 1056 388 sola

261 413 309 431 eos
326 412 493 431 conservans
510 405 630 432 essentia
648 416 654 432 :
672 415 726 433 non
744 407 837 442 tttiqtte
860 409 892 435 ad
916 417 963 436 eos
980 418 1057 437 acce-

261 451 337 481 dens,
355 455 382 477 et
406 459 467 477 cum
491 453 532 478 eis
550 453 695 479 transiens.
715 453 791 486 Quod
811 454 833 480 si
854 455 935 481 etiam
954 455 1055 482 intelli-

260 505 308 530 gas
329 497 362 523 de
378 497 481 531 augt-iis
509 502 536 524 et
553 498 725 526 dmmonibus
751 500 817 526 illud
842 509 847 526 :
868 500 902 526 Et
923 503 1055 535 separauit

262 543 331 569 Deus
349 544 376 569 in
398 543 483 569 mctlio
504 552 580 578 aqua:
603 553 661 579 r/uw
684 550 722 571 est
747 546 793 572 sub
818 546 1004 580 firmamento,
1032 553 1056 574 et

262 598 340 625 aqua:
355 598 413 624 qua:
429 595 466 616 est
480 599 562 625 supra
583 591 800 625 ﬁrnmmcnlum;
824 593 892 620 nihil
916 593 1054 629 intelligis,

258 637 333 670 quod
348 636 513 671 diserepet-:1
527 638 638 672 pietate.
655 639 787 665 Nonnulli
801 644 892 666 autem
908 640 960 667 hoc
974 641 1055 668 etiam

258 684 384 710 referunt
398 683 432 710 a'l
446 683 516 710 duos
533 685 659 719 populos,
676 693 775 720 netnpe
790 691 816 712 et
833 686 866 713 ad
882 694 931 713 nos
945 687 1055 721 quidem

260 739 364 760 stantes
379 734 426 767 qui
443 733 511 760 lirmi
527 741 623 760 sumus
636 741 667 760 ac
685 734 798 761 stabiles
810 742 892 768 super
906 735 978 761 Petri
992 734 1055 760 futt-

260 780 431 810 damentunt,
447 784 474 806 et
490 779 562 806 illitis
584 779 646 806 ﬁdei
664 780 832 807 itntnobilem
847 780 1029 807 constatttiam
1047 789 1053 805 :

259 830 287 852 et
311 825 345 852 ad
361 826 470 852 Jud:cos
487 826 534 860 qui
552 825 724 857 cecidcrttnt,
740 830 767 853 et
786 827 902 860 subjecti
926 831 988 853 sunt
1011 826 1053 852 in—

260 871 353 898 feriori
379 872 561 899 ﬁrmamento.
581 872 673 898 Potest
697 877 788 899 autent
804 872 856 898 hoc
870 880 980 906 quoque
997 871 1052 898 dici

259 918 293 944 de
318 917 398 944 nobis
412 922 440 944 et
455 917 488 944 de
509 918 674 944 adversariis
691 927 697 944 :
714 925 838 951 magnam
857 918 930 944 enim
952 917 1054 944 dieme-

259 971 326 990 num
352 963 558 990 mttltitudinem
582 963 722 998 separavit
746 964 817 990 Deus
836 963 949 990 veniens
972 972 1054 998 super

215 1016 218 1019 ‘
259 1015 361 1036 terram
383 1013 410 1035 et
424 1017 472 1035 eos
494 1009 568 1036 misit
591 1010 616 1036 in
634 1009 781 1044 abyssum;
795 1017 894 1044 nempe
908 1010 960 1037 sub
974 1015 1053 1037 terrte

259 1057 463 1083 ﬁrmamentum
478 1063 533 1090 quo
548 1056 622 1082 missi
639 1061 703 1082 sunt
726 1056 763 1082 illi
780 1056 826 1090 qui
850 1060 914 1082 sunt
938 1056 1052 1090 ingressi

259 1102 286 1129 in
305 1110 416 1137 gregem
435 1109 592 1136 porcorum,
608 1107 637 1128 ttt
651 1109 713 1128 cum
734 1102 879 1136 pauciores
894 1106 986 1129 essent
1000 1102 1052 1128 ini--

256 1149 332 1180 mici,
348 1156 398 1176 nos
414 1153 487 1175 recte
504 1153 531 1175 et
546 1157 580 1175 cx
597 1149 698 1175 virtute
720 1148 803 1175 vitam
822 1155 974 1182 ageremus.
995 1149 1052 1175 Ali-

258 1195 369 1229 quando
389 1194 529 1228 separavit
544 1195 626 1221 etiam
645 1194 758 1228 angelus
772 1193 820 1220 Dei
839 1194 866 1220 in
884 1194 962 1224 mari,
977 1198 1053 1220 stans

259 1241 286 1267 in
302 1241 392 1268 medio
410 1239 519 1267 lsraelis
533 1244 560 1266 ct
574 1239 775 1274 {Egyptiorunu
790 1244 819 1266 ιιι
831 1243 989 1266 servaretur
1004 1247 1052 1274 p0-

260 1287 340 1320 pnlus
363 1286 422 1315 Dei.
441 1285 656 1320 prmsignilicans
679 1285 768 1319 magni
786 1285 895 1311 consilii
919 1284 1051 1318 Angelum

256 1334 305 1367 qui
325 1341 374 1359 nos
390 1336 450 1360 erat
472 1333 640 1359 liberaturus
655 1340 670 1358 a
687 1339 767 1357 mantt
785 1331 897 1357 diaboli.
917 1330 1052 1357 Suavissi-

260 1386 321 1405 ntus
337 1382 428 1404 autem
454 1377 628 1412 Nyssmorum
650 1376 812 1410 Gregorius,
837 1376 1050 1410 intelligentiam

260 1425 395 1452 intellexit
410 1425 579 1452 Potestatutn
596 1431 655 1451 esse
670 1430 805 1457 aquarum
824 1423 1049 1457 disiunctionem.

259 1471 325 1497 Nam
340 1471 409 1497 alias
420 1470 532 1505 quidem
553 1470 698 1497 constituit
713 1470 785 1496 Deus
798 1469 826 1495 in
840 1469 917 1496 cwlis
929 1468 962 1494 atl
978 1468 1050 1494 divi-

259 1525 321 1543 natn
337 1516 576 1551 glorificationem,
590 1515 696 1550 aliquas
711 1521 801 1542 autem
817 1514 850 1541 ad
865 1513 1049 1540 ministerium

259 1563 285 1589 iu
304 1567 374 1589 terra
389 1562 587 1589 convenienter
603 1562 626 1588 ei
642 1561 689 1596 qui
707 1561 773 1587 dicit
788 1568 835 1587 cas
848 1560 1048 1587 administralo-
1064 1575 1084 1603 C

258 1609 310 1634 rios
328 1609 435 1643 spiritus
454 1608 498 1641 qui
516 1609 656 1633 mittuntur
677 1607 711 1633 ad
727 1607 809 1633 nostri
831 1606 1006 1632 ministerium
1025 1609 1049 1631 et

259 1653 370 1680 salu/em
386 1654 420 1680 ⁷⁷.
438 1654 533 1681 Videte
557 1653 640 1684 eniml
667 1652 756 1686 inquit
775 1651 911 1683 Christus,
938 1659 969 1677 ne
989 1659 1050 1677 cott-

260 1700 382 1725 temnatis
402 1707 482 1724 unum
500 1706 530 1724 απ
547 1697 648 1732 pusillis
664 1698 710 1731 qui
729 1697 755 1723 in
772 1705 814 1723 me
838 1696 953 1723 credunt
967 1705 973 1722 :
987 1697 1049 1722 Dico

260 1746 329 1772 enim
342 1744 499 1779 vobis,qnorl
513 1742 598 1778 angeli
611 1751 702 1768 eorum
718 1746 841 1776 perpetuo
856 1742 941 1768 vitlem
957 1742 1050 1776 faciem

260 1791 349 1818 Putris
366 1791 415 1817 mei
432 1791 476 1825 qui
493 1794 529 1816 est
547 1790 573 1815 in
591 1789 660 1815 ariis
678 1789 710 1814 ⁷³.
729 1788 757 1814 Si
777 1793 867 1814 aulctn
887 1787 1047 1822 interrogas,

259 1842 287 1863 et
306 1837 443 1872 quomodo
463 1836 547 1862 Deum
566 1843 641 1862 nemo
656 1834 718 1861 vidit
736 1834 875 1868 unquam?
889 1833 959 1860 scias
976 1833 1049 1868 quod

261 1883 288 1908 in
318 1882 386 1908 Filio
410 1886 538 1915 tanquam
561 1881 588 1907 in
610 1880 702 1914 aliquo
723 1878 817 1905 divino
840 1879 951 1913 speculo
974 1878 1050 1905 vide-

261 1934 322 1954 mus
336 1927 450 1958 gloriam
474 1925 571 1957 Patris,
589 1928 773 1959 congruenter
784 1923 808 1950 ei
822 1922 894 1957 quod
917 1923 1049 1957 scriptum

260 1978 302 2000 est
316 1982 321 1999 :
336 1972 386 2004 Qui
401 1980 440 1998 me
456 1972 529 2002 vidit,
546 1971 608 1998 ritlt'l
628 1974 651 1996 et
663 1970 783 2001 Putrem,
799 1969 867 2003 quod
882 1976 927 2003 ego
950 1969 999 1995 sint
1023 1969 1049 1994 in

262 2019 351 2048 Patre,
368 2023 392 2044 et
406 2018 485 2044 Pater
498 2019 524 2044 iu
541 2025 580 2043 nte
593 2017 624 2042 ⁷⁵⁵.

295 2065 432 2100 lntciligcs
462 2065 545 2091 etiam
572 2063 689 2090 duarum
716 2070 848 2096 aquarum
873 2061 1048 2094 divisionem,

258 2112 347 2146 justus
368 2111 414 2145 qui
431 2114 594 2144 separentur
608 2117 622 2135 a
644 2108 846 2143 peccatoribus,
863 2108 924 2134 illos
938 2108 1050 2142 quidem

260 2157 306 2190 qui
325 2157 469 2191 rapiuntttr
486 2156 512 2182 in
532 2154 652 2182 nubibus
664 2162 746 2189 supra
764 2153 982 2186 fundamentum,
999 2153 1050 2180 hos

260 2211 325 2229 vero
341 2202 387 2236 qui
410 2201 479 2228 intra
502 2201 727 2228 transmittuntur
747 2200 780 2226 ad
821 2198 933 2226 inferos.
952 2199 1050 2226 Nescio

857 167 886 195 Β.
909 167 1105 195 .\.\'.\ST.\Sll
1128 170 1159 196 Si
1169 170 1290 198 .‘{.\lT.li

263 218 333 244 sicut
354 225 401 244 aer
416 222 457 244 est
481 219 632 246 \i\itic.\l:n~
657 220 799 247 luminum
826 227 852 248 et
878 231 972 249 eorum
999 233 1052 258 qua

1109 227 1181 259 quod
1201 233 1264 253 sunt
1283 229 1368 254 sancti

1842 173 1903 206 876

1396 230 1483 262 ςιιςμιπίἱ
1503 230 1526 256 in
1553 231 1632 262 coelo,
1649 235 1720 265 quod
1746 240 1800 259 non
1827 233 1913 260 cadi:

1109 273 1159 298 sub
1183 278 1334 307 aspectum,
1361 275 1411 301 hoc
1429 281 1531 303 suntet
1553 277 1735 309 lirnmmcnto,
1753 279 1855 311 stellte;
1875 284 1912 306 et

1109 318 1134 344 in
1159 319 1291 351 Ecclesia,
1308 322 1405 347 Silllt‘ll.
1424 322 1451 348 Si
1471 328 1561 349 autem
1588 323 1613 349 in
1633 324 1741 359 hymnis
1765 325 1911 352 ltavidicis

1107 364 1203 391 audias
1228 365 1310 392 etiam
1333 366 1408 392 t'u‘los
1436 367 1569 401 ra’lorltnt,
1599 369 1655 396 huic
1680 376 1722 396 est
1747 371 1911 404 proprietas

1107 411 1206 445 linguze
1230 413 1380 445 llehraieze,
1404 422 1463 448 quae
1481 415 1621 448 singulare
1641 423 1711 450 stepe
1728 417 1851 443 nominat
1874 418 1909 443 in

1109 458 1216 491 plurali.
1249 458 1364 491 Quando
1391 464 1481 486 autem
1504 461 1583 487 audis
1600 461 1715 487 I‘aulum
1741 467 1847 496 raptum
1865 462 1911 488 nd

1108 505 1214 530 lrrlium
1227 505 1317 531 ra‘lum
1327 513 1334 535 ;
1344 505 1463 539 primum
1477 506 1575 532 emittm
1586 507 1710 534 existima
1722 515 1781 534 esse
1795 516 1908 539 acrem,

1108 555 1292 583 congruenter
1309 551 1333 577 ei
1349 551 1421 585 qttod
1436 551 1538 578 dicitur
1552 561 1558 578 :
1574 552 1642 579 Novi
1664 561 1759 580 omnes
1774 554 1910 580 volucres

1108 598 1179 628 colli,
1195 598 1246 624 hoc
1261 602 1302 623 est
1316 599 1386 625 aeris
1401 607 1407 624 :
1423 598 1522 626 deinde
1539 599 1690 626 sccundtttn
1704 601 1815 631 emlum,
1832 601 1907 627 stel-

1109 644 1212 674 larum;
1238 648 1266 670 et
1285 644 1406 675 tcrtittm,
1432 651 1591 678 supremum
1610 646 1708 672 cmlum
1728 647 1905 681 angelorum.

1109 689 1215 716 Etenim
1232 689 1257 716 in
1273 690 1402 716 exteriori
1420 695 1494 724 parte
1511 692 1604 726 templi
1619 692 1705 719 stabat
1721 701 1815 726 magna
1830 694 1907 719 mul-

1108 734 1197 761 titudo
1212 735 1332 767 israclis,
1348 736 1374 762 itt
1393 736 1552 763 interiorth
1571 743 1662 764 autent
1685 739 1735 764 soli
1763 739 1906 773 ingredie—

1107 780 1207 807 bantur
1224 781 1392 813 sacerdotes,
1409 783 1435 808 in
1451 790 1510 809 eam
1525 791 1584 817 qum
1598 787 1639 809 est
1656 783 1727 810 intra
1746 785 1903 811 secundum

1106 827 1216 858 velum,
1242 827 1316 853 solus
1341 827 1473 861 pontifex.
1500 828 1642 859 Quomodo
1664 829 1745 855 etiam
1772 829 1798 855 in
1822 830 1905 856 ctelis

1107 872 1240 903 invenies,
1255 872 1281 898 in
1294 873 1423 899 exteriori
1438 873 1548 907 quidem
1562 874 1631 900 cmlo
1643 879 1670 901 ct
1684 875 1756 908 quod
1769 879 1811 901 est
1825 875 1902 909 apud

1110 925 1158 943 nos
1175 926 1180 943 :
1199 917 1225 944 in
1245 917 1426 948 ﬁrmamento,
1445 918 1566 952 iuqttam,
1582 918 1658 945 aerio
1674 927 1679 944 :
1693 919 1836 945 volnerum
1852 928 1903 954 ge-

1109 971 1174 990 nera
1188 963 1268 990 simul
1284 964 1398 993 versari.
1415 972 1476 998 quae
1493 964 1647 997 signiﬁcant
1661 966 1796 999 gregaiem
1815 965 1903 991 Israe—

1109 1008 1141 1034 lis
1156 1008 1361 1035 multitudinem
1378 1017 1384 1034 :
1404 1009 1474 1035 intra
1491 1009 1691 1036 firmamentum
1715 1015 1806 1036 atttetn
1824 1011 1901 1044 quod

1108 1060 1230 1089 apparet,
1245 1059 1272 1081 et
1287 1054 1392 1089 ingredi
1417 1060 1444 1082 et
1466 1055 1565 1090 degere
1582 1060 1609 1082 et
1633 1056 1736 1082 servire
1758 1064 1789 1082 ac
1807 1056 1902 1082 colere

1109 1100 1291 1133 intelligentes
1313 1101 1481 1132 Potestates,
1509 1107 1536 1128 et
1558 1101 1630 1128 forte
1654 1102 1736 1128 etiam
1759 1103 1900 1136 justorum

1107 1145 1220 1172 animas.
1238 1145 1327 1180 Supra
1345 1146 1497 1173 secundum
1512 1147 1610 1173 malum
1629 1147 1779 1181 (quodnam
1795 1148 1831 1174 sit
1847 1155 1901 1174 att-

1106 1195 1160 1218 tem
1173 1199 1229 1218 non
1245 1191 1392 1226 intelligo),
1407 1192 1459 1218 hoc
1476 1196 1517 1218 est
1532 1192 1683 1219 secundum
1698 1193 1801 1224 velum,
1817 1200 1903 1220 nemo

1105 1242 1146 1264 est
1163 1238 1301 1272 ingressus
1317 1237 1370 1264 nisi
1385 1239 1460 1265 solus
1474 1246 1555 1265 vertis
1571 1239 1694 1265 Pontifex
1709 1239 1835 1266 Christus
1850 1240 1901 1274 qui

1105 1289 1146 1311 est
1164 1284 1286 1318 pontifex
1306 1284 1456 1311 secundum
1473 1284 1598 1311 ordinem
1615 1285 1826 1312 Melchisedech.
1843 1286 1902 1312 Su-

1105 1331 1198 1365 perius
1214 1335 1305 1357 autem
1322 1331 1421 1357 ccelum
1435 1331 1563 1357 existimo
1579 1338 1638 1357 esse
1660 1331 1738 1357 sinus
1754 1336 1899 1366 paternos.

1105 1376 1144 1402 Tu
1164 1380 1255 1403 autem
1271 1377 1384 1411 quando
1399 1376 1520 1404 audieris
1535 1377 1621 1403 Deum
1645 1385 1705 1404 esse
1725 1383 1753 1404 et
1770 1378 1900 1405 habitare

1104 1422 1130 1448 in
1146 1422 1232 1454 caelis,
1246 1430 1279 1448 ex
1291 1422 1384 1448 divina
1403 1421 1556 1456 Scriptura,
1575 1427 1622 1449 aut
1639 1431 1699 1450 csse
1717 1423 1787 1449 intra
1802 1424 1897 1450 velum

1103 1467 1255 1494 secundum
1272 1476 1277 1493 :
1292 1474 1326 1494 ne
1345 1467 1513 1493 intellexeris
1537 1467 1642 1502 aliquas
1659 1468 1897 1503 circumscriptio-

1103 1523 1162 1546 nes,
1178 1520 1206 1542 et
1220 1516 1321 1542 locales
1336 1515 1528 1547 habitationes,
1547 1519 1574 1542 et
1587 1514 1853 1549 transmigrationes,
1868 1521 1897 1542 et

1104 1568 1243 1591 ascensus.
1259 1565 1286 1587 et
1302 1568 1437 1595 egressus.
1453 1560 1520 1586 Nam
1535 1567 1597 1587 cum
1621 1560 1655 1586 sit
1676 1560 1788 1587 humilis
1801 1565 1829 1586 et
1844 1561 1895 1587 ab-

1101 1606 1173 1641 jecta
1199 1610 1290 1633 nostra
1309 1611 1416 1637 Ilallll‘a,
1435 1614 1497 1633 Cllm
1513 1613 1555 1638 ριι,
1574 1609 1656 1640 prout.
1675 1610 1719 1632 ρει
1735 1614 1821 1640 ςζψιικ
1843 1615 1895 1633 au~

1103 1653 1206 1684 dientli,
1223 1653 1344 1687 loquitur
1361 1652 1480 1686 Spiritus
1496 1656 1616 1678 sanctus.
1634 1651 1698 1686 Ejus
1714 1653 1894 1686 autemquod

1103 1699 1231 1730 dicimus,
1255 1699 1333 1726 testis
1349 1703 1390 1725 est
1415 1698 1495 1726 nobis
1520 1698 1657 1732 proposita
1676 1698 1816 1732 Scriptura
1834 1698 1894 1724 Mo-

1103 1746 1186 1777 saica,
1206 1753 1266 1779 quae
1282 1744 1402 1771 continet
1417 1744 1541 1778 quaedam
1558 1752 1650 1771 crassa
1662 1744 1748 1771 verba
1768 1749 1795 1770 et
1818 1744 1893 1770 indi-

1103 1800 1155 1826 gna
1170 1792 1223 1818 Deo
1241 1791 1286 1825 qui
1299 1798 1354 1817 non
1371 1794 1460 1825 potest
1473 1790 1665 1817 circumscribi
1681 1799 1688 1816 :
1701 1798 1762 1825 quin
1780 1791 1894 1825 quidem

1104 1839 1191 1866 Moses
1207 1846 1261 1864 non
1272 1845 1287 1864 a
1301 1837 1383 1864 domo
1396 1845 1444 1863 sua
1464 1837 1588 1871 protulit,
1604 1837 1650 1864 sed
1663 1837 1744 1868 Deus,
1757 1845 1819 1864 cum
1835 1837 1895 1871 ipse

1103 1892 1152 1919 per
1177 1889 1286 1911 sanctos
1309 1884 1420 1918 angelos
1443 1883 1470 1909 in
1493 1889 1585 1910 monte
1604 1883 1678 1911 Sinai
1700 1883 1759 1911 hmo
1782 1884 1894 1910 locutus

1103 1935 1176 1957 esset
1192 1930 1218 1956 in
1235 1929 1422 1956 tabernaculo.
1439 1929 1490 1956 Sed
1507 1937 1557 1955 nec
1569 1937 1670 1956 nomen
1683 1937 1763 1956 suttm
1779 1929 1894 1956 omnino

1104 1977 1195 2011 posuit
1216 1976 1305 2002 Moses
1320 1975 1348 2002 in
1371 1975 1430 2010 ejus
1445 1975 1635 2010 inscriptione,
1652 1980 1681 2002 tit
1699 1975 1821 2002 fecerunt
1837 1983 1893 2003 ete-

1104 2022 1153 2048 teri
1185 2021 1327 2056 prophetze
1359 2021 1387 2047 in
1419 2020 1497 2047 libris
1528 2028 1639 2048 Silarum
1672 2021 1892 2056 prophetiarum.

1103 2067 1186 2103 866
1195 2067 1271 2100 Quod
1288 2072 1379 2093 autem
1393 2066 1481 2101 angeli
1500 2067 1557 2093 lucc
1572 2071 1721 2094 narrarunt
1735 2067 1813 2098 Mosi,
1827 2067 1893 2094 audi

1104 2114 1217 2141 Paulum
1233 2113 1369 2140 dicentem
1387 2112 1413 2139 in
1434 2112 1553 2146 Epistola
1576 2112 1610 2138 ad
1626 2112 1752 2139 llcbrteos
1771 2112 1804 2138 de
1820 2112 1895 2139 Scri-

1104 2162 1183 2193 ptura
1198 2158 1266 2192 legis
1280 2157 1402 2184 Mosaica:
1419 2166 1425 2183 :
1443 2157 1471 2184 Si
1490 2158 1558 2183 enim
1571 2157 1615 2191 qui
1630 2164 1676 2191 per
1689 2155 1797 2191 angelos
1809 2156 1894 2183 dictus

1104 2209 1140 2230 est
1156 2212 1254 2234 sermo,
1269 2203 1317 2237 fuit
1332 2199 1424 2236 ﬁrmus
1440 2206 1465 2228 et
1477 2202 1579 2229 stabilis
1591 2202 1624 2228 ⁸ο.
1639 2201 1771 2228 Similiter
1784 2206 1812 2228 et
1827 2201 1894 2228 bea-

259 2249 332 2275 euim
347 2249 412 2282 quid
430 2252 594 2281 essetopus,
609 2249 640 2272 ut
652 2253 729 2280 aquae
744 2245 882 2272 ferrentur
897 2253 979 2279 supra
996 2253 1051 2272 etn—
1069 2254 1088 2282 ο
1105 2255 1148 2277 ius
1174 2249 1330 2284 stephanus
1357 2249 1384 2275 in
1411 2248 1485 2275 Actis
1509 2248 1697 2282 apostolorum
1727 2247 1760 2274 ad
1783 2247 1894 2274 Judagos

260 2295 326 2321 lum.
343 2294 412 2320 Num
427 2293 536 2319 volebat.
556 2293 629 2318 Deus
641 2295 672 2318 ut
685 2290 814 2325 angelica)
830 2293 980 2324 potestates
1002 2298 1052 2317 ve-

259 2345 404 2368 scerentur
430 2338 569 2373 piscibus?
594 2338 645 2370 Qui
673 2338 747 2364 enim
772 2345 805 2364 ex
829 2336 908 2370 aquis
933 2336 1052 2363 ﬁrmavit

260 2387 370 2417 (mlum,
393 2391 420 2412 et
443 2393 526 2419 super
547 2392 632 2418 aquas
654 2383 798 2418 suspendit
816 2388 926 2414 terram,
945 2387 1052 2417 poterat

260 2433 342 2459 etiam
359 2432 417 2458 sine
437 2439 507 2467 aqua
530 2430 723 2457 indissolubile
738 2430 878 2457 custodire
897 2430 1053 2456 ﬁrmamen-

261 2483 318 2504 tum
342 2477 424 2504 etiatn
445 2485 477 2503 ex
504 2477 564 2511 igne
589 2476 664 2502 solis.
690 2475 810 2502 Dttorum
831 2482 896 2510 ergo
917 2475 1050 2502 ctelorum

262 2529 366 2551 tantum
379 2523 586 2550 fabricationem
600 2521 748 2549 didicimus
760 2529 792 2547 ex
807 2529 881 2547 sacra
896 2520 1048 2554 Scriptura,

261 2574 288 2600 itt
305 2578 397 2608 typum
415 2580 446 2599 ac
463 2572 575 2605 ﬁguram
599 2570 715 2596 duorum
739 2569 861 2595 velorum
879 2567 973 2601 templi
990 2575 1050 2601 qua:

260 2620 415 2653 signiﬁcant
436 2619 503 2645 duas
528 2621 640 2644 naturas
660 2616 734 2646 .lcsu,
749 2619 777 2642 et
799 2614 915 2641 duorum
932 2615 1049 2648 populo-

262 2674 333 2697 rum,
350 2670 377 2693 et
390 2666 506 2692 duarum
529 2664 715 2691 Ecclesiarum
739 2670 745 2688 :
769 2669 906 2695 superme,
931 2661 1050 2695 inquam,

260 2713 424 2742 Jerusalem,
444 2717 471 2738 et
493 2715 603 2741 nostrae,
623 2708 756 2736 ﬁdelium.
779 2707 856 2740 Quod
880 2707 952 2733 enim
971 2715 1052 2741 supe-

260 2759 326 2785 riori
346 2759 415 2785 corio
431 2758 501 2784 Deus
517 2761 558 2783 est
574 2756 607 2782 ad
635 2755 743 2784 lumen,
769 2754 820 2780 hoc
837 2753 906 2780 coelo
927 2753 1050 2780 infcriori

260 2808 303 2830 est
326 2805 376 2834 sol,
399 2808 424 2829 et
445 2803 617 2829 ﬁrmamento
642 2800 780 2831 Ecclesitc,
807 2799 995 2833 Evangelinm.
1020 2800 1051 2826 l-lt

297 2894 318 2909 ⁷τ
338 2893 420 2921 llebr.
439 2901 457 2926 t,
480 2892 520 2919 ll.
559 2890 581 2906 ⁷⁸
598 2890 692 2918 Matth.
711 2897 786 2922 xvut,
803 2889 844 2916 10.

883 2890 905 2905 ⁷³
923 2889 999 2916 Joan.
1019 2895 1073 2920 xtv,
1092 2887 1119 2919 9,
1140 2886 1179 2913 ll).

1103 2296 1186 2323 verba
1206 2295 1320 2326 faciens,
1334 2294 1443 2321 dicebat
1463 2294 1497 2320 de
1514 2294 1586 2320 Mosa
1601 2303 1606 2320 :
1628 2293 1676 2320 llic
1689 2297 1726 2319 est
1744 2294 1788 2328 qui
1800 2293 1849 2328 fuit
1865 2294 1893 2319 in

1104 2341 1222 2368 Ecclesia
1236 2341 1263 2367 in
1278 2339 1419 2367 solitudine
1434 2347 1491 2366 cum
1518 2339 1613 2374 angelo
1627 2340 1671 2374 qui
1689 2339 1854 2373 loquebatur.
1868 2343 1894 2364 et

1102 2390 1127 2414 in
1145 2391 1232 2413 tuante
1253 2385 1328 2416 Sina,
1353 2389 1377 2412 rt
1395 2393 1453 2411 cum
1474 2385 1593 2419 putribus
1612 2386 1721 2416 nostris,
1734 2385 1777 2420 qui
1793 2384 1894 2418 accepit

1103 2433 1182 2459 verba
1202 2433 1261 2459 vitae
1282 2435 1310 2458 ut
1332 2431 1407 2457 dare!
1432 2431 1504 2457 nobis
1519 2431 1553 2457 9‘.
1578 2431 1646 2457 Ecce
1661 2435 1753 2465 aperte
1769 2430 1862 2456 audivi
1878 2437 1893 2456 a

1105 2479 1199 2509 Paulo.
1216 2478 1365 2512 Stephano.
1378 2477 1519 2512 apostolis,
1532 2483 1591 2503 esse
1607 2476 1718 2511 augt-los
1729 2475 1776 2510 qui
1804 2483 1895 2502 enun-

1105 2526 1208 2551 tiarunt
1231 2523 1331 2549 librtttn
1347 2522 1461 2550 Genesis
1476 2522 1542 2548 Mosi
1565 2527 1613 2549 :et
1628 2530 1658 2548 ea
1679 2522 1713 2548 de
1735 2529 1816 2548 causa
1837 2529 1893 2548 non

1104 2569 1244 2604 insetipsit
1257 2576 1319 2595 cum
1335 2576 1384 2595 suo
1403 2567 1522 2594 nomine.

1140 2617 1270 2643 Prteterea
1288 2622 1341 2640 non
1357 2618 1398 2641 cst
1414 2614 1465 2640 hoc
1482 2621 1591 2648 quoque
1614 2612 1892 2647 prtetcrmittentlum,

1103 2661 1334 2696 quemadmodum
1357 2660 1431 2686 hunc
1447 2660 1519 2686 diem
1542 2659 1686 2693 appellarit
1708 2658 1861 2685 secundum
1886 2667 1892 2684 :

1102 2707 1229 2734 existimo
1247 2711 1337 2732 autent
1353 2706 1378 2732 id
1395 2713 1454 2732 esse
1478 2706 1577 2732 factum
1594 2709 1656 2739 apte
1672 2703 1752 2730 simul
1774 2708 1800 2729 et
1816 2711 1892 2730 vero.

1103 2753 1129 2780 Si
1144 2753 1216 2780 enim
1231 2753 1302 2779 Deus
1324 2760 1377 2778 non
1395 2751 1456 2778 illeo
1478 2751 1606 2777 formavit
1621 2751 1759 2777 hominem
1782 2754 1812 2775 ut
1828 2757 1894 2783 pro.

1103 2804 1162 2833 pter
1186 2799 1273 2832 ipsum
1296 2798 1410 2824 subit-ns
1435 2797 1525 2823 (‘t‘ttt‘is
1548 2796 1711 2831 patibulum,
1737 2795 1891 2822 amet-retur

1219 2887 1242 2902 ⁸ο
1257 2886 1339 2913 Πριιιο.
1360 2894 1388 2919 n,
1404 2887 1430 2913 ἓ.
1470 2886 1489 2902 εί
1508 2885 1568 2913 Act.
1589 2893 1634 2917 vtt,
1651 2884 1694 2912 58.
