1977 3230
50 244 84 277 ’ἲῖ
576 244 615 273 1N
637 242 914 273 HEXAEMERON.
931 255 964 260 ~
984 244 1057 274 LIB.
1079 243 1136 273 llI.

1623 242 1677 272 873

34 301 131 337 injuria
147 305 195 327 :ct
206 301 256 331 sic,
269 308 315 335 per
327 308 357 327 se
371 305 396 327 ct
411 308 475 327 suos
488 299 640 334 discipulos
651 301 684 327 ad
697 308 727 328 se
738 300 831 328 trahe-
845 314 868 342 Α
881 300 1016 327 Mosaicos
1028 305 1055 326 et
1069 300 1248 335 propheticus
1259 303 1285 326 ct
1298 299 1444 326 Davidims
1463 307 1614 328 Semnones.
1629 301 1679 326 al:-

35 352 73 374 rct
85 347 242 374 humanum
259 355 364 381 genus:
379 347 426 374 sed
443 351 472 373 ut
485 346 543 381 ipsc
557 347 603 381 qiti
623 347 713 375 fuerat
728 348 829 374 forma-

34 399 86 425 tus,
100 393 200 420 ﬁrmus
213 397 336 420 maneret
347 400 380 420 ac
393 393 500 420 stabilis
511 393 538 420 in
555 393 588 421 iis
603 401 664 428 qua:
680 394 704 420 ei
719 393 830 420 fuerant

36 441 135 468 tributa
161 441 190 467 in
215 440 301 472 Edon,
329 439 441 466 minime
466 439 500 466 ab
522 440 562 466 eis
582 440 741 467 abstractus
760 449 766 466 :
783 440 829 467 ille

35 495 98 514 vero
110 494 174 514 cum
191 494 246 513 non
260 486 468 520 permansisset,
483 485 573 513 victus
585 490 628 513 est
639 491 667 513 et
681 487 784 522 cjectus
796 494 829 513 ex

36 532 117 563 Edeu,
131 532 337 566 damnatusque
351 530 385 558 ad
403 531 610 566 corruptionem
624 536 652 559 et
665 532 808 559 interitum
821 541 827 558 :

37 579 123 613 itaque
134 578 283 612 oportebat
292 577 387 604 venire
401 577 493 612 aliqua
506 577 645 612 prioribus
657 577 738 604 bonis
749 577 829 612 longe

38 625 155 655 meliora,
170 632 203 651 ea
219 628 311 650 autem
333 628 423 654 erant,
439 624 498 658 ejus
515 623 563 658 qui
586 631 637 650 nos
650 627 694 651 cst
711 623 828 651 fabrica-

38 675 77 697 tus
92 670 220 696 humana:
241 673 345 696 naturae
363 669 513 703 susceptim
529 669 563 696 Et
579 676 652 696 nunc
666 669 700 696 ab
717 669 772 696 imo
786 677 829 696 as-

36 716 150 743 cendens
164 716 272 742 aerium
288 716 490 742 ﬁrmamentum
506 723 540 742 ex
553 716 632 750 aquis
653 719 743 747 teme,
758 723 829 750 quo-

39 763 117 795 niam,
141 762 301 789 humanitas
324 769 375 796 per
390 761 532 788 Christum
554 766 597 788 est
618 766 770 796 assumpta,
787 765 830 789 est

35 807 110 834 simul
127 814 190 833 cum
208 813 308 841 magno
329 810 358 833 ct
379 806 468 840 primo
486 805 567 835 caelo.
584 813 646 832 cutn
669 805 763 837 Verbi,
788 805 829 833 in-

36 861 122 888 quam,
141 852 299 883 divinitate,
320 851 442 878 assidue.
464 851 498 878 Et
520 851 579 878 hzec
602 851 674 878 facta
695 857 760 879 sunt
786 859 829 879 se-

36 899 139 930 cunda,
173 902 204 925 ut
224 898 325 933 prima,
340 897 545 925 medicamento
576 897 713 930 adhibito,
746 906 826 926 ettra-

37 948 137 971 rentur.

882 344 995 378 quando
1016 345 1128 379 quidem
1147 345 1273 379 accipere
1296 351 1384 379 aquas
1406 351 1456 377 pro
1477 345 1616 377 gentibus,
1631 344 1681 370 ali-

882 391 995 425 quando
1017 396 1110 419 autem
1134 399 1183 426 pro
1207 390 1420 420 tentatiouilms,
1444 390 1593 424 aliquando
1617 398 1681 416 vero

883 444 933 471 pro
945 437 1047 464 divinis
1061 437 1224 472 disciplinis.
1245 443 1272 465 et
1291 445 1339 472 pro
1351 440 1447 464 sancto
1463 437 1577 470 Spiritu,
1591 441 1615 462 ct
1632 444 1681 470 pro

882 484 969 518 gratia
995 484 1177 519 baptismatis.
1209 484 1354 517 Quomodo
1380 483 1465 510 ctiam
1496 484 1597 510 malum
1628 484 1680 510 ali-

882 528 994 562 quando
1021 529 1134 563 quidcm
1162 530 1299 563 significat
1325 530 1414 563 ipsum
1442 529 1645 555 ﬁrmamentum
1672 537 1678 554 :

882 573 1031 608 aliquando
1053 580 1145 601 autem
1170 575 1254 601 etiam
1281 577 1409 601 emit-stes
1439 575 1608 602 l'otcstates.
1633 579 1681 600 aut

881 620 966 647 etiam
979 628 1028 648 cor
1042 629 1125 647 otnnc
1142 629 1225 656 super
1236 622 1309 656 quod
1325 622 1395 648 "HIS
1411 620 1571 655 requiescit.

918 666 1023 693 Montes
1052 675 1164 702 quoque
1197 667 1291 694 multis
1326 668 1414 694 «undis
1453 667 1678 702 intelliguntur:

882 712 1060 747 accipiuntur
1101 714 1175 740 enim
1217 722 1267 748 pro
1310 714 1388 741 cadis
1430 718 1454 740 et
1500 721 1548 747 pro
1585 713 1680 740 lierlc~

882 757 932 789 sia,
950 763 978 785 et
993 766 1042 793 pro
1056 759 1173 793 angelis,
1189 766 1216 786 et
1230 767 1281 794 pro
1296 760 1386 791 altari,
1400 765 1429 785 ct
1450 767 1499 793 pro
1511 759 1680 785 adversariis

881 804 1074 838 potestatibus,
1089 809 1117 831 et
1135 812 1184 838 pro
1198 810 1292 832 sancta
1308 805 1418 839 Virgine
1431 809 1456 831 et
1472 805 1519 830 Det
1534 803 1679 838 genitrice.

882 850 1016 877 Similiter
1029 850 1113 877 etiam
1129 851 1205 877 iluvii
1219 856 1248 878 et
1260 852 1361 883 fontes,
1377 854 1405 878 et
1427 851 1537 885 plantae,
1553 855 1579 877 et
1594 855 1678 879 terra.

881 899 909 922 ct
927 896 1060 927 tenebrm,
1083 897 1172 923 nubes
1195 901 1224 923 et
1247 897 1322 924 venti
1341 902 1388 924 :et
1413 902 1443 924 ut
1466 898 1550 924 scmel
1575 897 1678 927 dicam,

880 942 972 969 omnis
992 943 1169 977 aspectaliilis
1185 948 1214 970 et
1234 951 1295 978 quze
1309 944 1361 970 sub
1376 949 1519 978 aspectum
1536 952 1588 970 nou
1606 944 1681 971 cadit

67 990 217 1025 Propterea
241 989 302 1016 dies
325 989 463 1016 secundus
485 993 514 1015 et
530 988 603 1016 actio
619 988 740 1016 secunda
756 988 827 1016 dici-
844 989 866 1016 Β
880 994 1008 1016 creatura
1023 989 1202 1016 multifariam
1216 990 1366 1024 multisque
1380 991 1470 1017 modis
1486 990 1680 1024 intelliguntur

38 1041 87 1067 tur.
102 1036 259 1064 Servatoris
281 1036 409 1063 humana:
426 1040 532 1062 natune
553 1035 704 1070 susceptio.
729 1035 828 1068 Quam,

37 1083 77 1118 qui
100 1083 164 1109 hinc
187 1087 217 1110 et
239 1082 317 1110 illinc
336 1082 467 1110 discrevit
484 1082 608 1108 lldelium
629 1086 658 1109 et
675 1082 828 1109 inﬁdelium

39 1137 116 1163 aipias
130 1136 178 1163 per
193 1129 399 1155 ﬁrmamentum
415 1127 479 1154 ﬁdei
501 1135 507 1152 τ
523 1126 748 1154 Christianorum
769 1127 830 1155 dies

39 1172 203 1206 signiﬁcavit.
233 1172 356 1207 Apparet
379 1176 475 1199 autem
499 1171 551 1199 hoc
577 1179 688 1206 quoque
714 1172 828 1207 pulchre

39 1217 190 1256 dicendum,
209 1218 286 1253 quod
310 1226 365 1245 non
381 1218 418 1244 sit
437 1217 587 1245 recusanda
605 1219 826 1246 memorabilium

41 1264 215 1298 interpretum
232 1265 344 1291 diversa
357 1264 384 1291 in
403 1263 506 1291 divinis
518 1264 671 1299 Scripturis
681 1266 805 1300 acceptio
819 1275 826 1292 ε

41 1317 70 1335 ο(
86 1310 141 1344 ipso
162 1310 238 1337 enim
264 1309 401 1337 divinitus
417 1309 552 1344 inspirato
568 1309 759 1342 fundamento,
776 1311 828 1338 hoc

42 1355 119 1382 facere
142 1355 305 1383 didicimus.
331 1355 409 1383 Unde
430 1355 515 1383 etiam
539 1362 649 1390 aequum
667 1360 710 1382 est
729 1356 827 1383 audire

878 1041 893 1060 a
909 1034 1011 1062 divinis
1024 1035 1151 1062 Patribus
1164 1043 1199 1063 ne
1213 1035 1305 1070 inopia
1316 1035 1485 1071 cognitionis
1501 1036 1602 1063 labore:
1616 1035 1680 1071 Spi-

879 1080 950 1107 ritus
963 1085 1085 1113 sanctus,
1101 1089 1157 1108 non
1174 1082 1282 1114 valens,
1298 1082 1371 1109 sicut
1385 1083 1476 1117 pluvia
1494 1083 1606 1117 plantis,
1630 1083 1680 1109 do-

879 1135 944 1154 nare
967 1127 1105 1155 diversam
1121 1128 1237 1162 gratiam
1256 1129 1283 1155 in
1299 1129 1451 1156 esculentis
1466 1136 1563 1155 eorum
1582 1129 1680 1156 fructi-

880 1173 930 1200 ltus
944 1182 950 1200 :
964 1177 1007 1200 est
1024 1174 1098 1201 enim
1119 1174 1190 1201 facie
1210 1175 1364 1210 multiplex,
1379 1176 1551 1210 multamque
1565 1180 1591 1202 ct
1604 1183 1681 1202 eant-

879 1218 942 1246 dem
969 1219 1076 1246 habens
1099 1219 1189 1246 luccm
1213 1228 1284 1255 aqua
1316 1221 1416 1249 divina:
1439 1221 1589 1256 Scriptnrze
1618 1230 1681 1256 quae

879 1266 998 1292 scaturit
1013 1273 1046 1292 ex
1070 1274 1126 1293 uno
1145 1267 1221 1294 fonte
1242 1267 1330 1294 sancti
1349 1267 1480 1302 Spiritus.
1496 1268 1526 1294 Ei
1542 1268 1628 1302 gloria
1652 1273 1682 1295 et.

880 1313 1005 1346 potentia
1020 1312 1047 1339 in
1062 1313 1162 1340 sarcula
1181 1314 1355 1341 saeculorum.
1373 1314 1471 1341 Amen.

601 1547 779 1607 LIBER
818 1546 1100 1592 TERTIUS.

614 1652 654 1672 DE
672 1653 790 1674 TERTIO
808 1653 860 1674 DlF.
878 1651 1082 1674 CHRATIONIS.

71 1795 182 1824 Primum
196 1797 311 1833 quidem
325 1796 427 1824 librum
439 1796 503 1830 feci,
524 1806 541 1825 ο
558 1798 722 1834 Theophile,
734 1797 769 1827 de
791 1798 826 1826 iis
839 1799 860 1830 α
877 1798 1011 1832 ραιὶοηειη
1030 1798 1134 1825 unum?
1159 1797 1217 1825 Una
1239 1803 1306 1832 ergo
1322 1797 1498 1832 congregatio
1515 1802 1569 1825 tota
1593 1807 1675 1834 aqua,

44 1849 91 1874 quae
105 1843 190 1877 primo
205 1843 254 1870 die
267 1851 280 1870 a
297 1843 352 1871 Deo
371 1843 441 1871 facta
454 1849 518 1872 sunt
533 1853 540 1871 :
553 1845 601 1880 qui
614 1845 719 1873 dicitur
731 1845 824 1872 Domi-

45 1887 116 1914 uicus.
128 1889 186 1922 Quo
202 1897 270 1917 cum
287 1889 379 1916 omnia
392 1897 426 1917 ex
438 1890 527 1918 nihilo
542 1891 577 1918 ad
595 1891 648 1919 hoc
660 1896 690 1919 ut
701 1891 757 1919 sint
772 1891 821 1918 de-

44 1932 147 1962 duxisset
165 1935 252 1968 Deus,
269 1935 303 1962 de
314 1940 415 1963 caetero
433 1941 564 1971 tanquam
576 1945 665 1965 massa
680 1938 773 1972 aliqua
795 1938 822 1965 in

45 1979 114 2006 frusta
127 1980 247 2009 dissecta
266 1981 401 2008 mundum
425 1982 580 2010 constituit.
596 1983 663 2010 Post
684 1983 758 2011 diem
771 1984 825 2011 Do-

45 2023 167 2057 minicum,
185 2031 317 2061 tanquam
339 2027 373 2054 ad
391 2027 544 2055 secundum
561 2036 670 2056 sacrum
685 2029 822 2056 scalarum

46 2069 149 2103 gradum,
170 2072 202 2099 ad
232 2072 396 2100 ﬁrmamenti
419 2073 595 2102 altitudinem
620 2075 820 2109 promovimus.

47 2113 107 2143 Nunc
120 2123 205 2145 autem
218 2119 249 2146 in
264 2119 311 2145 illo
323 2119 357 2146 ad
372 2127 508 2154 aquarum
524 2120 700 2149 latitudinem
716 2125 744 2148 et
758 2129 822 2156 pro-

47 2158 186 2192 funditatem
209 2169 240 2193 et
262 2165 463 2200 longitudinem
487 2167 653 2196 audebimus
677 2168 820 2200 accedere,

45 2204 162 2237 Christum
185 2211 321 2238 habentes
345 2211 561 2246 gubernatorem
583 2214 657 2248 apud
684 2213 793 2240 Patrem
812 2221 820 2239 :

47 2254 153 2286 tanquam
173 2257 301 2291 opiﬁcem
322 2261 350 2284 ct
366 2257 393 2284 in
412 2258 574 2293 operatione
588 2266 697 2294 parem,
715 2267 822 2295 germa.

47 2303 154 2334 numque,
172 2307 199 2329 et
213 2311 279 2330 vere
296 2303 421 2338 ejusdem
436 2307 573 2335 essentim.
607 2308 639 2335 Et
652 2306 721 2333 dixit
739 2306 820 2337 Deus,

47 2343 199 2384 Cotlgrt‘gt’lur
218 2360 290 2387 aqua
310 2360 369 2387 quae
384 2357 422 2379 est
435 2354 482 2380 sub
501 2355 566 2382 mlo
588 2356 616 2382 in
632 2355 822 2389 congregatio-

48 2396 91 2417 νιέηι
111 2401 194 2428 tumin,
209 2402 232 2423 ct
258 2403 389 2432 appareat
407 2399 494 2425 arida.
516 2399 671 2433 Memento,
691 2407 708 2426 0
723 2399 821 2432 lector,

49 2442 79 2462 tm:
93 2438 192 2472 divisse.
208 2443 282 2477 quod
299 2452 351 2471 non
368 2444 551 2474 dissolventes
572 2445 699 2475 litteram
721 2446 822 2474 transi-

875 1852 962 1871 unttm
987 1852 1063 1872 mare
1087 1848 1144 1872 ῐοῐέὶ
1165 1843 1251 1871 facies
1268 1848 1358 1876 terrae,
1376 1852 1462 1871 unttm
1483 1844 1572 1875 Ιίιιιιδ.
1589 1853 1674 1872 υιιιιιιι

875 1890 989 1926 pelagus
1003 1894 1199 1926 congregatum
1216 1899 1222 1916 :
1241 1894 1269 1917 ct
1285 1890 1426 1924 quomodo
1447 1890 1519 1917 dicis
1535 1899 1542 1917 τ
1560 1891 1677 1927 Congre—

875 1935 1170 1971 getur?Congrcgetur
1184 1936 1270 1967 enim,
1295 1935 1399 1963 dicitur
1419 1940 1447 1963 et
1472 1936 1502 1963 ﬁt
1520 1936 1546 1963 in
1570 1937 1678 1972 disper—

876 1982 924 2009 sis.
942 1982 970 2009 Si
985 1990 1052 2017 ergo
1068 1982 1268 2009 convenienter
1279 1982 1390 2014 litterae,
1403 1982 1518 2010 Judaice
1541 1983 1677 2017 intellige-

875 2036 942 2056 mus
958 2028 1099 2064 proposita
1114 2037 1120 2054 ε
1135 2036 1188 2056 nec
1211 2028 1237 2055 in
1253 2028 1297 2055 his
1314 2027 1416 2055 factum
1432 2034 1476 2055 est
1496 2029 1543 2056 Dei
1563 2031 1676 2057 manda-

875 2081 944 2103 tum.
960 2074 1043 2110 Atqui
1059 2073 1222 2102 testiﬁcatur
1233 2074 1378 2109 Scriptura
1399 2074 1493 2102 divina
1508 2075 1603 2103 dicens
1617 2086 1623 2103 :
1641 2077 1676 2103 Et

876 2122 975 2156 factum
993 2125 1030 2148 est
1054 2121 1093 2148 ita
1105 2120 1209 2148 :etiam
1226 2120 1248 2147 si
1275 2121 1300 2147 in
1324 2120 1430 2148 ultimis
1451 2122 1622 2156 temporibus
1638 2123 1675 2150 ita

875 2168 977 2194 factum
990 2171 1042 2194 est.
1057 2166 1127 2194 Nam
1144 2165 1224 2193 initio
1247 2165 1273 2193 in
1288 2174 1359 2201 aqua
1375 2167 1499 2194 sensibili
1516 2168 1618 2195 factum
1633 2175 1675 2196 ist

876 2218 971 2240 contra
989 2220 1071 2248 quam
1093 2213 1167 2240 Deus
1182 2212 1336 2244 mandarat,
1355 2213 1378 2239 si
1395 2213 1515 2240 litteram
1538 2216 1672 2249 sequaris.

876 2260 936 2294 Ipse
948 2259 1023 2287 enim
1037 2259 1105 2291 dixit
1120 2268 1126 2285 :
1140 2258 1321 2294 Congregetur
1333 2267 1404 2294 atque
1420 2268 1478 2295 quia
1493 2266 1531 2288 est
1548 2262 1595 2288 sub
1610 2263 1674 2289 rrrlo

875 2306 903 2332 in
918 2306 1149 2340 congregationem
1162 2313 1244 2331 unum
1257 2313 1266 2331 :
1279 2310 1410 2340 tanquam
1424 2307 1458 2334 de
1472 2315 1525 2335 una
1540 2309 1674 2336 mandans

876 2359 947 2386 aqua
962 2355 990 2379 et
1004 2359 1058 2378 ttna
1071 2351 1302 2386 congregatione;
1318 2358 1490 2389 congregata:
1505 2360 1598 2382 autem
1608 2363 1674 2384 sunt

875 2405 954 2432 aquae
966 2398 993 2424 in
1009 2397 1111 2425 multas
1124 2398 1363 2433 cungrcgationes,
1374 2408 1428 2427 non
1443 2405 1535 2433 autem
1548 2403 1575 2429 iu
1591 2412 1673 2430 unum

876 2444 1132 2480 congregationem.
1147 2444 1241 2479 Neque
1254 2445 1290 2472 ob
1303 2445 1328 2472 id
1344 2446 1417 2480 quod
1431 2447 1548 2475 dicimus
1561 2455 1675 2477 contur-

48 2486 92 2507 mus
102 2484 129 2510 ad
141 2494 190 2513 non
205 2488 323 2523 scriptos
335 2497 432 2516 sensus
443 2491 612 2526 anagogicos
625 2501 630 2518 :
645 2491 697 2519 sed
710 2499 725 2518 a
736 2491 823 2519 Paulo
840 2499 862 2527 ι)
877 2493 958 2520 betur
971 2491 1082 2519 auditor
1097 2500 1103 2517 :
1118 2491 1176 2526 ipsa
1197 2492 1271 2518 enim
1285 2492 1379 2520 divina
1401 2493 1545 2528 Scriptura
1568 2496 1619 2523 hoc
1635 2502 1674 2523 te-

48 2529 126 2575 f‘:“_::lili
140 2533 182 2566 qui
198 2533 265 2560 dicit
281 2543 287 2560 ε
305 2535 405 2562 Littera
429 2537 522 2562 occidit
536 2538 559 2553 ³¹
574 2539 662 2567 :sieut
675 2541 758 2567 etiam
777 2548 823 2567 oe-

51 2572 216 2606 tiilitJiidmoS.
242 2579 277 2606 Ea
302 2580 335 2617 de
358 2588 450 2614 causa,
477 2587 539 2616 post
566 2582 704 2615 litteram,
722 2584 827 2620 qumri-

49 2623 94 2664 llttlS
110 2622 183 2650 etiam
200 2625 326 2660 spiritum
348 2627 395 2660 qui
414 2635 463 2661 per
484 2628 605 2655 litteram
621 2631 824 2662 adumbratttr,

50 2668 68 2688 ιιι
78 2664 170 2695 Christo
185 2677 275 2699 autem
299 2672 439 2707 impletur.
465 2674 534 2701 Ecce
560 2676 636 2703 cnitn
663 2684 725 2704 cttm
749 2685 826 2711 aqua

48 2714 278 2758 r"Nicongregata,
302 2724 430 2754 essetque
455 2720 613 2753 individua,
638 2728 666 2749 ct
683 2725 825 2758 quodanh

49 2756 110 2807 πωςῘο
130 2765 248 2798 tanquam
277 2773 351 2793 mare
376 2774 463 2793 unum
489 2768 676 2800 consisteret,
702 2778 735 2798 ex
763 2777 824 2803 quo

48 2806 129 2851 «’tltrutin
151 2808 244 2838 factum
267 2811 360 2839 divisit
379 2813 599 2847 ﬁrmatuentum,
621 2815 738 2844 alterunt
757 2817 825 2851 qui-

48 2845 93 2895 415th
106 2859 187 2887 supra,
203 2858 319 2885 alterum
338 2867 403 2885 vero
420 2860 492 2887 infra
511 2870 516 2887 :
531 2862 671 2896 quomodo
683 2863 749 2891 dicit
768 2863 825 2889 βο-

49 2898 126 2931 ίιιίίιυς,
138 2900 306 2939 Cattgrcgl-lilr
319 2915 389 2942 aqua
406 2915 466 2942 qum
479 2911 516 2934 es!
530 2908 577 2935 sub
589 2909 650 2935 cu‘lo
663 2909 688 2936 in
702 2917 818 2944 conf/rc-

61 2963 75 2977 "
89 2965 107 2993 Π
119 2967 174 2998 Cor.
188 2980 224 3006 tu,
242 2975 266 3003 6,

879 2543 977 2566 statur.
993 2538 1143 2574 Subjunxit
1155 2538 1228 2565 enim
1245 2538 1364 2573 scriptor
1380 2539 1497 2568 dicens:
1515 2542 1547 2568 Et
1565 2551 1675 2577 ροιιῃνιι-

878 2590 941 2620 gata
961 2589 999 2612 est
1017 2592 1085 2619 aqua
1107 2593 1165 2619 quw
1186 2589 1224 2610 es!
1245 2585 1292 2611 sub
1313 2585 1386 2617 rario,
1407 2587 1434 2613 in
1458 2591 1674 2623 rongrcgulioum

878 2640 950 2658 suas.
968 2631 1037 2658 Ecce
1052 2638 1106 2657 non
1125 2630 1191 2657 dicit
1208 2639 1214 2656 :
1228 2632 1254 2657 in
1275 2633 1505 2667 rougrcgarioncm
1517 2643 1592 2661 suam
1609 2644 1674 2662 con-

879 2683 988 2713 gregata
1003 2683 1046 2704 est
1057 2685 1138 2712 aqua,
1150 2677 1209 2709 sed,
1223 2679 1249 2704 in
1261 2679 1477 2713 rougregutioncs
1487 2689 1549 2707 sum:
1563 2682 1672 2711 multas,

880 2725 974 2752 multm
1002 2733 1090 2759 aqum,
1115 2724 1221 2751 effecta:
1249 2725 1342 2751 multa:
1370 2728 1609 2761 congregationes.
1636 2729 1673 2754 liv

879 2771 925 2797 illa
941 2770 1015 2797 enitn
1041 2778 1095 2796 una
1117 2771 1204 2804 prima
1220 2771 1432 2806 congregatione
1449 2777 1477 2798 ct
1501 2774 1569 2800 mari
1593 2775 1675 2799 unius

879 2825 968 2851 aqum,
984 2817 1078 2844 multa:
1091 2824 1178 2851 aqum.
1194 2817 1280 2843 multa
1297 2819 1382 2845 maria
1406 2819 1475 2845 facta
1493 2825 1557 2846 sunt
1571 2828 1577 2846 :
1596 2821 1674 2847 multi

880 2864 959 2891 lacus
975 2863 1144 2893 suntdivisi.
1162 2863 1239 2889 multi
1259 2863 1348 2889 fontes
1358 2863 1438 2890 divisi
1456 2869 1519 2890 sunt
1532 2865 1558 2891 in
1574 2866 1676 2892 multm

882 2909 993 2941 ﬂuvios.
1017 2910 1093 2944 Aqua
1112 2909 1157 2936 illa
1179 2916 1240 2943 qua:
1263 2909 1339 2943 prius
1364 2914 1423 2936 erat
1440 2915 1602 2946 congregata
1623 2912 1675 2939 sub
