1977 3243
55 233 104 268 881

610 240 651 270 ΙΝ
673 240 995 272 ΗΕΚΑΕΜΕΠΟΝ-
1009 242 1082 272 LIB.
1104 242 1161 271 IlI.

1657 242 1710 272 8⁸2

55 301 133 319 suam
151 293 185 323 “.
205 292 368 328 glorificans
390 301 453 321 cunt
472 295 519 329 qui
539 295 625 330 ipsam
644 297 822 328 illuminmit.
836 303 863 325 et
880 304 901 332 Α
917 299 1112 334 receptaculis.
1126 299 1222 329 alveis,
1235 298 1378 325 canalibus
1396 303 1423 325 ct
1437 299 1710 334 congregationiibus.

59 339 189 367 dissolvit
204 340 385 368 altitudinem
406 341 560 375 phantasia:
577 343 665 377 ipsius
677 344 789 378 gentilis
804 345 863 372 ido—

61 386 188 412 lolatrize.
213 385 253 412 De
272 385 324 412 hac
349 385 448 422 abysso
476 394 612 421 aquarum
630 388 739 415 ratione
760 389 862 424 pracdi-

63 438 150 460 taruto
173 434 249 460 Deus
268 433 364 468 glorim
382 434 488 460 tonavit
503 442 553 469 per
568 434 749 470 Evangelium
767 444 773 462 ι
791 435 864 463 Deus

62 479 192 507 Dominus
223 489 306 515 super
333 489 419 516 aquas
439 481 539 509 multas
554 482 577 498 ’“
591 487 728 517 etgentes
752 483 864 510 inenar-

65 526 175 553 rabiles.
201 526 390 559 Quamobrem
416 535 512 555 rursus
538 528 671 556 Dominus
697 528 865 556 inhabitabit

66 572 213 604 diluvium,
232 573 260 600 in
280 581 334 600 una
359 574 585 609 congregatione,
603 579 631 602 et
650 575 759 603 sedebit
772 575 865 602 Domi-

68 624 117 642 nus
127 624 213 650 super
225 616 317 651 ipsum
330 621 459 652 tanquam
472 626 557 652 super
569 619 662 646 sedem
675 620 864 655 requiescens,

70 670 185 696 regnans
201 670 287 697 super
311 663 402 697 ipsum
420 663 447 690 in
463 664 608 692 sacculum.

100 707 148 735 Die
162 716 230 743 ergo
250 708 334 735 tertio
351 708 417 736 fecit
437 709 509 736 Deus
522 717 609 744 aquas
622 710 649 736 in
667 709 864 745 congregatio-

68 762 128 782 nem
154 762 250 781 ouant.
267 754 476 788 Quamobrem?
498 755 635 788 Quoniam
663 761 723 788 post
743 757 863 790 primum

67 802 140 830 diem
152 802 317 834 Mosaicum,
332 806 360 830 et
373 802 527 830 seenndum
539 803 644 829 cultum
658 803 864 837 propheticum,

69 848 149 875 tertio
167 848 223 881 die,
246 856 298 875 nos
320 853 418 882 gentes
441 853 614 884 congregatm
631 856 726 876 sumus
742 849 769 876 in
783 856 864 876 unam

68 895 129 922 ﬁdei
139 895 382 930 congregationem
394 903 443 930 per
454 903 582 929 sagenam
596 895 748 930 Evangelii.
763 895 866 928 Quant-

66 941 162 967 ohrctn
191 941 303 968 dicebat
322 941 407 968 etiam
430 940 560 968 Christus
573 941 619 976 qui
637 942 720 968 tertio
741 941 786 968 die
803 949 865 968 sur-

69 987 140 1013 rexit
163 995 178 1013 a
205 987 322 1014 tnortuis
346 996 352 1013 :
381 987 463 1014 llodtc
490 992 514 1014 et
536 996 596 1014 cras
621 987 689 1022 facio
715 988 791 1022 signa
816 988 836 1002 ’"
858 996 864 1013 τ

67 1042 133 1060 cccc
158 1033 214 1059 duo
237 1033 307 1060 dies.
328 1032 411 1068 Signa
431 1037 523 1060 autem
539 1033 618 1064 dicit.
635 1041 696 1068 quze
716 1033 788 1060 facta
802 1038 867 1060 sunt

67 1080 93 1106 in
111 1079 240 1114 ,Ἑρ-βω,
259 1087 320 1113 qua:
339 1079 367 1106 in
389 1079 512 1111 deserto,
529 1083 558 1106 ct
581 1087 643 1114 qua;
668 1088 718 1114 per
742 1080 844 1107 .‘liosem
859 1089 879 1106 εκ

66 1125 217 1158 sunthaec,
246 1130 276 1152 ut
306 1126 392 1153 semel
421 1125 525 1157 dicam,
543 1125 624 1160 primi
647 1125 716 1153 diei.
745 1125 866 1154 Secundi

65 1176 168 1204 autem,
186 1180 249 1207 qua:
262 1180 313 1207 per
328 1172 417 1199 Etiam
433 1177 461 1199 et
475 1172 617 1204 Elismum,
629 1177 658 1200 et
671 1172 719 1207 qui
734 1171 868 1206 deinceps

65 1219 154 1246 secuti
172 1223 238 1245 sunt
265 1218 428 1253 prophetas.
448 1218 544 1246 Tertio
566 1222 660 1246 autem
677 1218 725 1245 die
743 1219 802 1254 ejus
817 1218 865 1245 ad-

65 1269 166 1291 ventus
193 1265 256 1292 dies
281 1264 392 1292 lucidus
415 1265 570 1299 perficitur,
604 1265 652 1300 qui
674 1265 797 1292 ostendit
819 1272 868 1299 per

66 1311 259 1346 Evangelia-nt,
277 1311 433 1346 perfectum
449 1316 477 1339 et
497 1311 629 1339 omnibus
644 1311 769 1341 numeris
785 1311 866 1339 abso-

63 1357 152 1384 lutum
169 1358 231 1392 ejus
249 1358 375 1385 studium
395 1366 401 1384 :
419 1363 462 1386 est
480 1358 555 1385 enim
571 1358 700 1386 Christus
722 1358 868 1393 plenitudo

64 1411 95 1430 ac
117 1404 357 1438 complementum
382 1404 451 1439 legis
472 1404 685 1439 prophetarum.
710 1403 744 1430 Et
766 1404 868 1431 Paulus

64 1449 142 1479 dicit.
169 1449 223 1476 Lex
239 1454 278 1476 est
297 1450 373 1476 omni
392 1457 425 1477 ex
442 1455 521 1484 parte
538 1450 657 1485 perfecta
677 1459 686 1477 :
706 1457 807 1484 nempe
824 1450 868 1477 lex

63 1495 165 1523 Christi
177 1505 183 1522 :
193 1505 240 1530 ego
251 1502 341 1523 autem
352 1505 399 1531 per
414 1497 497 1536 legem
508 1497 543 1530 θ’,
555 1496 685 1524 videlicet
703 1496 866 1529 Mosaicam,

63 1542 155 1570 servio
172 1542 223 1578 legi
239 1543 357 1577 peccati.
371 1542 449 1570 Unde
457 1542 541 1570 etiam
566 1551 628 1578 qua:
646 1543 674 1570 in
690 1543 765 1571 Cana
785 1543 868 1572 facta:

63 1594 129 1616 sunt
154 1589 270 1624 nuptim,
294 1589 371 1616 factm
397 1596 463 1616 sunt
489 1589 571 1616 tertio
589 1589 654 1616 die:
671 1589 747 1617 Cana
769 1592 867 1618 autem

64 1636 271 1671 interpretatur
289 1640 415 1663 creatura
435 1645 443 1667 ,-

64 1683 230 1714 scendentc,
255 1683 334 1710 factm
353 1687 419 1709 sunt
441 1683 612 1717 incorrupta:
630 1683 737 1717 nuptiae
754 1683 869 1711 uniunis

65 1730 150 1757 Verbi
172 1734 203 1756 et
224 1733 329 1756 nostra:
354 1733 470 1756 naturae.
487 1729 518 1756 lu
536 1729 581 1756 his
599 1729 707 1763 nuptiis
725 1729 808 1756 tertio
825 1729 869 1756 die

66 1776 188 1811 primum
201 1775 366 1802 miraculum
378 1774 508 1802 Christus
525 1775 591 1802 fecit
610 1774 637 1801 itt
663 1783 736 1809 aqua
748 1775 782 1807 ’³,
798 1783 870 1810 quo-

67 1822 141 1849 niam
156 1821 242 1848 tertio
251 1820 297 1848 die
308 1828 407 1856 aquam
419 1820 543 1855 gentium
553 1820 733 1855 congregavit
749 1820 775 1846 in
786 1828 869 1847 unam

67 1867 329 1904 congregationem,
346 1875 410 1895 eum
428 1875 489 1894 eam
501 1871 718 1894 transmutasset
728 1874 793 1894 vera
805 1867 871 1895 vitis

67 1915 102 1941 ah
118 1922 192 1949 aqua
208 1914 236 1940 in
251 1913 344 1940 vinum
357 1914 469 1945 laetitia,
483 1913 510 1940 in
522 1913 784 1948 congregationibus
801 1914 869 1945 suis,

67 1969 168 1996 nempe
183 1961 211 1987 in
227 1960 345 1996 lapideis
367 1964 454 1995 petra:
466 1959 654 1987 Ecclesiarum
677 1959 794 1994 bydriis,
809 1967 870 1994 qum

68 2008 186 2042 capiunt
202 2007 275 2034 circa
291 2007 360 2034 duas
384 2009 515 2033 metretas
533 2005 637 2032 veteris
652 2008 680 2032 et
699 2005 764 2032 novi
785 2009 870 2032 testa-

68 2054 155 2080 menti
173 2062 180 2079 :
200 2058 248 2080 aut
268 2058 333 2084 tres,
351 2052 475 2088 mysterii
491 2050 638 2078 Trinitatis
655 2051 704 2078 Dei
722 2051 770 2085 qui
787 2051 870 2078 tertio

68 2101 114 2127 die
136 2100 311 2128 resurrexit:
329 2100 376 2134 qui
395 2099 441 2126 die
467 2098 550 2127 tertio
574 2097 642 2126 dicit
663 2107 670 2124 :
689 2097 871 2132 Congrcgctur

69 2155 141 2180 aqua
169 2154 229 2181 qua:
249 2151 285 2172 est
302 2146 349 2172 sub
373 2145 438 2172 corio
472 2146 499 2172 in
518 2153 600 2172 unum
625 2143 868 2179 congregationem.

69 2192 137 2218 Nam
167 2192 262 2218 multa:
296 2199 385 2226 nuper
420 2195 499 2218 erant
529 2197 625 2225 aqum,
660 2189 811 2224 multteque
843 2193 871 2216 et

67 2237 250 2264 exsecranda:
269 2245 413 2272 synagogze
436 2245 469 2264 ac
495 2236 727 2272 congregationes
749 2240 872 2262 extensa:

67 2292 155 2318 super
179 2288 266 2310 totam
289 2282 386 2310 faciem
408 2288 497 2310 terrm.
514 2282 609 2317 Aquas
636 2289 711 2309 nunc
731 2281 804 2313 dico,
820 2281 871 2309 do-

67 2335 161 2364 gmata
176 2332 206 2356 et
223 2329 384 2364 disciplinas
401 2329 507 2356 alienas
530 2337 546 2356 a
562 2328 677 2363 pietate,
704 2328 752 2355 sed
770 2335 869 2363 aquam

67 2383 131 2410 quze
154 2374 292 2402 interimit
317 2375 449 2409 gentilem
479 2374 648 2406 doctrinam,
679 2374 869 2409 astrologiam,

67 2421 288 2449 divinationem.
303 2421 381 2456 Aqua
394 2420 511 2448 fusionis
524 2421 677 2456 sanguinis,
693 2428 763 2456 aqua
779 2429 871 2448 amara

68 2467 211 2495 haeretica:
227 2467 330 2501 lingua»,
345 2467 507 2502 prnriginis,
530 2475 601 2502 aqua
613 2467 731 2495 obscura
749 2470 776 2494 et
800 2466 872 2494 diffi-

67 2514 132 2542 cilis
158 2513 194 2541 ad
245 2513 495 2548 interpretandum.
520 2513 737 2548 Superstitionis
768 2513 871 2540 Graeca:

68 2561 165 2588 multm
179 2565 246 2588 sunt
262 2566 349 2594 aqure;
366 2560 445 2587 multi
463 2559 549 2590 ﬂuvii.
570 2559 648 2586 multi
664 2559 869 2586 submersorcs.

68 2607 124 2634 Iste
144 2607 266 2633 docebat
285 2615 338 2634 non
363 2614 423 2633 esse
451 2607 550 2638 Deum,
580 2606 626 2632 hic
650 2613 705 2632 non
730 2612 792 2632 csse
809 2613 872 2639 pro.

70 2653 236 2680 vidcntiam.
259 2652 312 2679 Iste
339 2652 506 2689 prmdicabat
523 2652 589 2679 solis
607 2651 808 2682 adorationcm.
826 2652 871 2679 hic

69 2699 215 2726 adoranda
232 2698 326 2733 ligna:
345 2703 373 2726 ct
398 2699 451 2726 istc
477 2698 594 2726 docebat
620 2698 724 2732 ligneas
743 2698 871 2725 fabricari

70 2751 190 2778 statuas,
212 2750 240 2772 et
266 2745 310 2772 hic
333 2745 424 2780 ignem
454 2745 586 2777 adorare;
604 2744 676 2771 alius
691 2743 819 2770 initiabat
845 2744 871 2770 in

58 2785 216 2828 unysteriis
243 2791 367 2818 libidinis
384 2797 412 2818 et
427 2790 657 2826 intetnpcrantim.

108 2838 156 2864 lizc
176 2842 242 2864 sunt
266 2838 360 2872 primm
383 2842 407 2863 et
431 2837 540 2864 steriles
564 2840 589 2861 et
613 2843 666 2862 non
683 2835 820 2870 potabilos
845 2839 871 2861 ct

72 2885 228 2911 mortifera-
249 2892 326 2917 :tslure
342 2885 416 2910 orbis
434 2890 570 2911 terrarum
601 2886 705 2909 stantes
726 2883 751 2908 in
777 2882 872 2908 multis

108 2941 130 2956 ⁵⁸³
156 2941 258 2967 liaiuw.
303 2946 340 2967 III.
397 2943 436 2970 lit,
489 2944 509 2957 ³η
531 2943 601 2970 Ι“›;ι1.
628 2952 717 2975 “vt”,
734 2944 758 2969 7..

71 2979 94 2993 θ’
121 2978 183 3004 At‘t.
207 2985 234 3007 tt,
254 2977 280 3002 3.
354 2977 420 3004 tl'id.
440 2979 513 3005 illi.

819 2945 838 2958 Ἠ
857 2943 922 2970 Luc.
940 2951 996 2975 xm,
1023 2942 1065 2968 ΤΠ.

914 352 942 372 et
959 353 1021 380 qnze
1040 350 1104 372 sunt
1126 352 1263 380 synagoga
1289 352 1337 371 seu
1364 345 1540 379 congregatio
1564 345 1711 379 Apollinis,

915 399 1057 426 synagoga
1077 391 1201 422 Saturni,
1218 399 1356 426 synagoga
1382 391 1535 421 Ammonis,
1554 397 1581 418 et
1598 391 1650 418 alia
1665 391 1712 419 Sc-

915 436 1030 471 rapidis,
1042 445 1178 472 synagoga
1188 437 1266 468 Julii,
1278 444 1415 472 synagoga
1426 437 1566 469 MerCurii,
1577 444 1711 472 synagoga

916 482 1021 517 Pythiae
1043 487 1083 516 et,
1097 483 1202 510 Dianae.
1219 483 1276 510 Nec
1297 483 1348 510 hoc
1365 483 1467 515 solum,
1483 483 1530 510 sed
1554 483 1638 510 etiam
1660 483 1707 509 im-

915 527 1003 562 proba
1018 527 1145 560 Judaica,
1161 528 1264 555 Christi
1285 528 1398 556 inimica
1413 532 1439 556 ct
1466 527 1513 555 Dei
1541 528 1711 555 adversaria.

915 574 1033 609 Propter
1057 575 1106 602 has
1135 583 1200 610 ergo
1228 575 1327 610 impias
1347 582 1498 610 synagogas
1513 579 1540 602 et
1564 582 1713 609 COttgt't‘gt‘r

916 621 1016 653 tiones,
1033 626 1062 648 et
1086 629 1148 656 qtae
1170 622 1197 648 in
1215 621 1256 648 eis
1277 625 1341 648 sunt
1358 621 1524 656 populorum
1544 625 1571 648 et
1587 622 1712 656 gentimn

915 667 1100 694 cxsccrandas
1128 667 1291 702 disciplinas
1317 673 1346 695 et
1374 668 1524 700 doctrinas,
1545 668 1617 694 Deus
1634 668 1713 703 jubet

917 720 1014 747 magna
1036 720 1103 740 voce
1117 713 1212 741 dicens
1233 723 1239 740 :
1255 713 1437 750 Congregclur
1451 723 1521 748 aqua
1537 722 1596 748 quw
1614 720 1650 740 est
1666 715 1712 741 sub

917 758 981 786 cwlo
1007 759 1034 786 in
1050 767 1134 785 unatn
1149 759 1210 786 fidei
1228 760 1479 794 congregationem.
1498 760 1586 793 Quam
1600 759 1712 795 quidem

916 811 1013 832 vocem
1035 804 1139 832 Christi
1164 805 1223 837 Dei,
1249 813 1313 833 cum
1339 806 1494 833 audiissent
1521 811 1549 833 et
1579 814 1667 840 aquae,
1687 811 1714 832 et

918 850 997 882 ﬁnes,
1012 857 1112 884 genera
1126 850 1269 878 barbarica
1283 861 1288 877 :
1304 851 1444 885 quomodo
1455 856 1520 878 tunc
1535 852 1561 878 in
1573 851 1714 879 creatione

918 895 1026 927 mundi,
1050 903 1128 930 aqua:
1144 896 1232 928 lluxze,
1255 902 1329 924 metu
1348 905 1379 924 ac
1406 902 1535 929 tremore,
1550 905 1648 932 magno
1666 897 1715 924 im-

919 946 984 976 petu
1007 942 1126 969 fluentes
1137 942 1316 972 festinabant.
1334 944 1493 976 currebant,
1513 944 1713 976 accclerabant,

919 995 973 1015 non
994 989 1192 1023 exspectabant
1209 996 1238 1015 se
1256 989 1375 1016 invicem
1394 993 1424 1016 ut
1442 988 1470 1015 in
1491 997 1573 1015 unam
1597 997 1714 1023 congre-

918 1038 1050 1069 garentur
1073 1039 1100 1061 et
1115 1039 1294 1061 moverentur
1311 1034 1564 1069 congregationem,
1578 1034 1713 1066 boreales,

918 1079 1065 1112 australes,
1092 1080 1290 1111 occidentales,
1314 1079 1467 1107 orientales
1481 1079 1557 1107 orbis
1579 1084 1713 1107 terrarum

920 1126 1000 1154 unda:
1020 1131 1047 1153 et
1073 1127 1175 1154 ﬂuenta
1194 1135 1200 1152 :
1220 1134 1249 1153 se
1267 1126 1386 1153 invicem
1415 1126 1617 1161 prmvenicntes
1633 1132 1662 1154 et
1687 1127 1714 1154 in

920 1173 1020 1200 ﬂuctus
1037 1177 1225 1208 assurgentes,
1244 1178 1374 1208 tanquam
1392 1173 1425 1200 ab
1440 1173 1533 1208 aliquo
1548 1174 1672 1202 violento
1687 1180 1715 1201 ct

920 1219 1017 1247 divino
1047 1219 1147 1255 spiritu
1165 1224 1193 1247 et
1212 1220 1260 1255 qui
1282 1227 1366 1254 super
1390 1219 1463 1254 ipsas
1477 1219 1626 1253 ferebatur,
1647 1225 1715 1247 acta:

920 1270 948 1293 et
973 1267 1108 1302 impulsam,
1137 1272 1167 1294 ut
1194 1274 1247 1293 una
1270 1265 1446 1301 congregatio
1471 1270 1498 1293 et
1525 1274 1600 1293 mare
1622 1259 1716 1294 essent

920 1320 1016 1340 omnes
1037 1321 1117 1348 aqua:
1131 1317 1220 1340 terrm.
1244 1313 1282 1339 Ita
1300 1313 1366 1340 licet
1385 1312 1480 1340 videre
1496 1319 1592 1339 omnes
1607 1318 1713 1347 gentes,

919 1362 947 1384 et
961 1359 1080 1385 maxime
1093 1358 1141 1384 illo
1153 1358 1198 1384 die
1214 1357 1402 1388 Pentecostes,
1415 1357 1449 1384 ab
1461 1357 1505 1384 illa
1517 1365 1585 1384 voce
1596 1358 1716 1385 violenta

920 1409 981 1437 quze
997 1403 1071 1429 facta
1087 1407 1131 1430 est
1145 1402 1261 1437 spiritus
1279 1402 1326 1437 qui
1342 1411 1417 1429 nunc
1434 1403 1517 1430 etiam
1531 1403 1619 1430 fertur
1634 1412 1715 1438 supra

920 1448 1052 1483 gentilcm
1072 1448 1182 1475 fidelem
1205 1456 1315 1483 aquam,
1343 1457 1404 1483 qua:
1431 1454 1596 1484 congregata
1618 1454 1659 1476 est
1689 1449 1715 1476 in

921 1503 1003 1522 unatn
1020 1495 1083 1522 ﬁdei
1103 1496 1358 1530 congregationem,
1375 1500 1403 1523 et
1417 1497 1492 1523 unita
1514 1496 1541 1523 in
1565 1504 1646 1523 unam
1663 1496 1715 1523 Ec—

921 1542 1011 1569 clesia:
1033 1541 1234 1577 eotnpaginem,
1251 1547 1461 1569 concurrentes.
1482 1542 1550 1569 Vide
1568 1541 1641 1569 enim
1660 1549 1714 1568 non

921 1589 1009 1615 solum
1035 1588 1128 1621 rebus,
1153 1588 1201 1615 sed
1217 1588 1301 1616 etiam
1317 1587 1385 1622 ipsis
1402 1587 1496 1615 verbis
1516 1591 1714 1615 consonantem

468 1636 496 1663 in
522 1644 576 1671 qua
599 1640 740 1668 creatura,
765 1643 801 1663 eo
815 1637 867 1664 de-
883 1638 904 1666 C
921 1640 948 1662 et
973 1635 1185 1663 convenientem
1214 1634 1347 1662 unionem
1371 1634 1481 1662 illarum
1515 1641 1661 1669 aquarum,
1689 1638 1716 1660 ct

922 1682 1020 1709 harum
1044 1681 1188 1716 gentilium
1216 1689 1361 1716 aquarum.
1380 1680 1500 1716 Spiritus
1514 1681 1560 1716 qni
1576 1679 1718 1708 ferebatur

922 1736 1005 1763 super
1024 1736 1135 1763 aquam,
1152 1733 1219 1756 tunc
1238 1730 1296 1763 ipse
1312 1727 1422 1763 spirans
1437 1735 1484 1755 cas
1501 1727 1591 1762 coegit
1606 1732 1635 1754 et
1646 1726 1717 1754 nniit

922 1776 949 1802 in
969 1783 1051 1802 unam
1068 1775 1309 1810 congregationem
1325 1783 1330 1800 :
1352 1779 1379 1801 et
1395 1774 1441 1801 hic
1458 1774 1516 1808 ipse
1532 1773 1653 1808 Spiritus
1671 1773 1716 1800 adn

921 1821 1037 1848 veniens
1062 1826 1089 1848 et
1112 1821 1233 1856 spirans.
1254 1821 1320 1848 fecit
1345 1820 1468 1855 gentium
1493 1819 1635 1846 unionem.
1660 1819 1718 1846 illic

923 1868 1056 1902 scriptum
1080 1872 1123 1894 est
1143 1875 1149 1893 :
1181 1866 1297 1902 Spiritus
1317 1866 1414 1893 insedit
1431 1875 1440 1893 :
1463 1869 1492 1892 et
1515 1865 1561 1893 hic
1584 1865 1716 1899 scriptum

922 1918 963 1941 est
975 1923 981 1940 :
995 1913 1068 1941 Sedit
1083 1922 1163 1949 super
1185 1921 1401 1947 unumquemque
1420 1913 1538 1947 ipsorum
1551 1911 1666 1947 Spiritus
1683 1912 1715 1937 νλ.

923 1959 951 1987 in
968 1960 1014 1987 illo
1036 1959 1127 1994 primo
1143 1959 1197 1991 die.
1225 1959 1313 1994 ignem
1340 1959 1414 1985 Deus
1428 1958 1492 1985 fecit
1508 1967 1514 1984 :
1528 1963 1556 1985 et
1575 1959 1602 1985 in
1620 1957 1716 1984 eodem

922 2006 1013 2040 primo
1039 2006 1084 2033 die
1111 2005 1254 2032 Dominico
1271 2005 1300 2031 in
1315 2004 1416 2039 linguis
1439 2003 1526 2039 igneis
1551 2003 1661 2030 advenit
1676 2003 1718 2029 ln-

923 2058 987 2078 men
999 2050 1120 2085 Spiritus
1134 2050 1232 2077 sancti.
1252 2049 1312 2076 Illic
1337 2049 1471 2083 scriptum
1486 2053 1529 2076 est
1549 2057 1555 2075 :
1578 2048 1717 2075 Tertiodie

922 2101 1084 2132 congregata
1100 2100 1137 2123 est
1153 2104 1223 2131 aqua
1240 2103 1248 2122 :
1264 2095 1309 2122 hic
1320 2095 1488 2129 congregatis
1506 2101 1538 2121 ex
1552 2095 1625 2121 omni
1641 2099 1717 2128 genta

923 2152 982 2180 qua:
994 2148 1032 2171 est
1047 2143 1095 2170 sub
1112 2143 1175 2170 crrlo
1191 2142 1362 2169 unanimiter.
1379 2140 1481 2168 Omnes
1494 2149 1572 2175 aqua:
1588 2140 1716 2176 gentiles,

923 2189 1029 2223 Parthi,
1056 2190 1135 2221 Medi,
1159 2194 1183 2216 ct
1210 2188 1347 2219 Elamila’,
1374 2192 1398 2214 ct
1428 2190 1473 2222 qui
1501 2187 1658 2214 habitabant
1690 2189 1716 2214 in

922 2236 1124 2272 Mesopotamia,
1144 2235 1290 2270 Jttdtraqttc
1317 2238 1341 2261 et
1360 2234 1540 2269 Cappadocia,
1572 2233 1668 2264 Paulo,
1693 2238 1717 2260 rc

923 2283 997 2314 Asia,
1019 2282 1135 2318 Phrygia
1148 2285 1171 2309 et
1186 2281 1357 2316 Pamphylia,
1372 2280 1540 2316 Afggptoque
1551 2285 1574 2306 et
1597 2280 1717 2316 partibus

923 2329 1012 2365 Libym
1023 2337 1081 2364 qum
1099 2332 1137 2355 cst
1160 2329 1230 2355 circa
1243 2327 1386 2364 Cyrenam,
1398 2327 1522 2357 Romani.
1539 2332 1563 2354 ct
1577 2327 1675 2359 Juda’i,
1693 2332 1717 2353 et

925 2375 1067 2410 Prosclgti.
1102 2374 1191 2402 Cretes
1205 2380 1230 2401 ct
1248 2374 1348 2402 Arabes
1371 2375 1405 2401 ⁸⁸³.
1426 2373 1478 2407 Qui
1491 2373 1603 2409 quidem
1623 2381 1719 2401 omnes

923 2430 985 2450 cum
1010 2422 1164 2450 andiissent
1195 2429 1291 2450 vocem
1316 2430 1377 2457 qua:
1404 2422 1474 2449 facta
1501 2426 1545 2450 est
1574 2431 1607 2449 ex
1637 2423 1716 2453 cudo,

924 2472 1057 2502 tanquam
1081 2475 1214 2502 aquarum
1232 2476 1237 2493 :
1254 2472 1309 2494 tota
1326 2467 1486 2498 multitudo,
1509 2467 1590 2494 simul
1606 2467 1719 2494 fuerunt

924 2514 1080 2549 congregati
1095 2514 1121 2540 in
1134 2515 1217 2541 domo
1231 2514 1277 2540 ubi
1291 2517 1370 2540 erant
1382 2513 1511 2548 apostoli.
1527 2512 1623 2547 Papzel
1637 2519 1717 2546 quam

924 2564 988 2587 sunt
1013 2560 1054 2587 ha:
1074 2568 1118 2586 res
1142 2560 1233 2588 novas!
1252 2559 1326 2586 Nihil
1354 2558 1440 2586 refert
1456 2566 1490 2585 an
1513 2558 1622 2585 dicatur
1644 2557 1717 2592 quod

924 2610 1089 2640 congregata
1113 2610 1140 2631 et
1161 2605 1275 2632 confusa
1301 2604 1353 2631 fuit
1372 2608 1428 2631 tota
1449 2604 1493 2631 illa
1521 2603 1674 2631 multitudo
1691 2604 1717 2630 in

925 2650 1006 2677 domo
1016 2650 1216 2684 apostolorum.
1229 2649 1314 2684 868
1327 2648 1396 2676 Illud
1408 2649 1482 2676 cnim
1500 2657 1506 2676 :
1521 2648 1637 2683 Confusa
1652 2648 1718 2683 fuit:

920 2696 999 2722 valde
1010 2696 1141 2723 convenit.
1154 2701 1183 2722 ut
1200 2701 1262 2730 apte
1273 2700 1300 2722 et
1311 2695 1445 2723 decenter
1459 2695 1570 2722 dicatur
1581 2694 1615 2721 de
1627 2694 1715 2728 aquis.

922 2741 1041 2768 Ratione
1055 2741 1130 2768 cnim
1147 2740 1276 2776 praeditis
1291 2744 1357 2768 tunc
1371 2740 1452 2775 aquis
1465 2744 1493 2767 ct
1505 2740 1607 2767 Christi
1626 2739 1716 2772 pisca-

921 2788 1046 2817 toribus.
1072 2792 1185 2822 proptcr
1211 2794 1292 2814 unam
1316 2786 1541 2821 przcdicationcm
1563 2783 1716 2811 connnunis

921 2834 989 2860 vita.

957 2881 1068 2907 Christo
1091 2889 1157 2913 ergo
1179 2880 1295 2907 Domino
1325 2879 1401 2905 γςιινῐιι
1434 2877 1560 2902 cognoui!
1592 2875 1683 2902 dicere
1706 2886 1711 2902 ε

1117 2942 1138 2957 "3
1157 2942 1233 2968 non.
1258 2949 1300 2967 κη.
1328 2941 1366 2967 Ξῖν.
1412 2940 1432 2952 “'1
1452 2939 1530 2964 .iunn.
1554 2945 1579 2965 ει.
1604 2936 1614 2963 i
1637 2943 1713 2970 seqq.
