1977 3239
271 295 452 330 (ἔοησνεςμιιυν
480 304 549 329 aqua
575 303 633 330 quia
652 300 689 321 est
707 295 753 321 sub
778 294 843 320 cwlo
861 295 888 320 in
904 303 984 321 unum
1000 304 1063 322 ron-
1080 299 1100 325 Α

271 341 467 375 greguliancm.
482 340 662 376 Congregetur
674 349 755 375 aqua.
771 340 922 374 piscatores
932 341 1007 367 cititn
1021 349 1067 375 pa-

270 388 339 414 ravi.
362 388 538 422 Congregetur
548 395 615 421 aqua
631 394 639 412 :
672 387 771 413 Petrus
782 386 868 418 enim,
884 386 940 420 jam
957 394 1067 413 crucem

272 438 403 467 tanquaut
419 441 524 460 retttutn
544 432 656 467 itttingit
678 433 705 459 in
730 433 801 460 mari
827 432 979 459 mundano.
997 433 1067 460 Con-

271 484 394 513 grcgetur
418 488 500 514 aqua,
531 485 624 514 parata
638 484 682 506 est
696 479 771 506 enim
784 487 884 514 sagena
905 479 1000 506 Verbi.
1015 479 1068 506 Ac-

273 526 431 552 cutnttlelur
445 534 527 560 aqua,
546 533 601 552 non
620 530 712 559 potest
729 525 804 552 enirn
827 525 916 560 frangi
935 531 1001 552 rcte.
1018 526 1069 552 Ac-

273 571 377 598 celerct
391 579 472 606 aqua,
490 571 592 598 adsunt
604 571 678 598 ettim
698 571 816 606 scaphae.
829 570 968 597 Convenit
986 578 1068 604 aqua,

272 618 408 644 festinam
430 617 504 644 enim
526 617 574 651 qui
597 617 752 651 baptizant.
767 617 844 651 Aqua
868 616 1069 647 sanctificctur,

273 661 408 696 ])l“.l‘\'Cllil
418 662 492 689 ettim
508 662 664 689 Pnecttrsor
679 662 713 689 ad
725 670 807 697 quem
820 663 971 690 currebant
986 662 1070 689 etiattt

275 716 353 741 aqum
367 708 551 742 populorum:
569 714 597 735 et.
613 708 884 740 circumcurrebant,
901 708 975 743 quod
990 708 1025 735 ab
1038 716 1072 734 co

275 758 513 787 congregarentur
529 758 558 780 et
576 754 831 780 aecumularetttur.
845 754 894 780 Ille
916 761 1073 788 przecursm'

275 803 401 824 veterum
423 806 569 832 aquarum,
601 798 653 825 fuit
675 799 759 825 etiattt
781 806 936 833 praacursor
957 804 985 825 et
1007 807 1073 832 pro-

276 851 399 876 gratttma
419 843 502 877 hujus
526 844 716 877 pra-cursoris,
734 843 876 878 figuraque
892 848 920 869 et
940 843 1073 870 indicium

276 896 411 922 aquarum
432 889 607 916 credentium
635 893 663 916 et
687 889 795 915 ratione
821 889 1014 923 pra-ditarum,
1038 889 1073 916 ad

276 933 418 960 Christum
433 934 649 960 accurrentium.
666 934 717 960 Per
732 933 810 961 illum
823 934 970 968 antiquum
990 942 1074 968 aqua-

278 987 339 1005 ruttt
357 987 558 1013 przecursorent
575 979 719 1006 constituti
738 984 803 1006 sunt
819 979 910 1007 fotttes
928 987 1073 1014 aquarum,
1092 974 1112 1000 Β

277 1029 305 1051 et
320 1025 440 1051 revelata
457 1029 522 1051 sunt
534 1024 713 1052 fundantettta
725 1025 802 1052 orbis
815 1030 896 1053 terra;
915 1035 922 1051 '.
940 1034 990 1060 per
1001 1025 1075 1052 hunc

277 1078 481 1105 praecursorem
506 1078 641 1106 aquarum
664 1071 820 1106 gentilium.
840 1071 947 1098 firmata
967 1075 1032 1098 sunt
1048 1077 1076 1098 et

278 1123 371 1145 creata
392 1117 573 1145 fundamenta
592 1118 723 1145 Ecclesia:
749 1118 827 1145 orbis
845 1124 993 1145 terrarutn.

265 1204 269 1207 .
315 1164 369 1191 Illa:
392 1171 470 1198 aqua:
496 1169 632 1190 currentes
655 1164 816 1191 revelarunt
850 1172 900 1199 per
925 1164 1076 1191 vehemen—

280 1217 334 1236 tetn
350 1217 462 1237 cursum
476 1218 573 1237 otnnes
586 1214 694 1237 montes
703 1210 750 1244 qui
767 1210 845 1245 pritts
865 1211 931 1238 tecti
946 1212 1074 1237 luerunt:

281 1256 527 1291 prtesignificantes
543 1256 747 1283 Prwcursorem
770 1256 903 1290 gentium,
922 1256 1077 1283 revelantes

281 1308 308 1329 ιιι
329 1302 510 1331 ostendentes
531 1305 641 1329 montes
666 1302 769 1329 Christi
796 1302 992 1334 Ecclesiarum,
1016 1309 1078 1336 qua:

282 1350 361 1383 prius
387 1348 551 1384 tegebantur
563 1353 592 1376 et
607 1348 815 1376 suffocabantur
827 1357 841 1375 a
857 1349 991 1376 tenebris.
1005 1351 1075 1376 Ante

282 1396 360 1422 illum
383 1403 585 1430 praecursorem
609 1403 756 1429 aquarum,
780 1399 857 1429 petra
874 1403 958 1431 super
976 1400 1077 1422 terram

284 1450 339 1469 non
368 1442 588 1477 cognoscebatttr
609 1451 615 1468 :
638 1446 667 1468 et
683 1447 747 1469 ante
763 1442 965 1469 l’raecursorem
995 1450 1078 1476 aqua-

284 1497 344 1515 rum
373 1488 531 1523 gentilium,
558 1488 702 1515 Christum
728 1488 837 1517 Petram
867 1495 922 1515 non
950 1488 1079 1523 cognovi-

284 1542 309 1561 111
315 1542 356 1561 US.

319 1580 374 1607 Illae
390 1588 468 1615 aqua:
484 1584 657 1615 congregatae
679 1584 758 1607 terra:
770 1579 859 1606 lucent
872 1579 1055 1606 ostenderunt
1072 1587 1078 1604 :

284 1633 312 1654 et
335 1626 363 1655 itt
388 1634 526 1653 concursu
548 1633 683 1660 aquarum
703 1625 849 1661 gentilium
874 1630 953 1652 ortus
970 1630 1013 1652 est
1040 1625 1080 1651 sol

286 1672 410 1707 iustitire.
436 1672 506 1699 Ante
520 1672 598 1699 illum
615 1665 822 1706 praecursorem
837 1678 983 1705 aquarum,
1004 1670 1082 1697 volu-

287 1719 386 1746 crisin
411 1723 486 1747 terra
510 1727 566 1746 non
584 1718 731 1749 habitavit,
751 1723 779 1745 ct
803 1721 867 1744 alite
890 1716 1082 1751 congregatio-

288 1774 351 1792 netu
377 1772 477 1792 cursus
490 1764 626 1800 gentium,
644 1763 765 1798 Spiritus
783 1763 870 1789 sancti
886 1761 1013 1789 coluntba
1028 1768 1083 1787 noti

289 1810 426 1838 habitavit
444 1811 472 1838 in
488 1810 581 1838 nobis.
609 1810 680 1837 Ante
698 1810 772 1836 illam
799 1816 878 1842 aqua:
892 1806 1084 1842 congregatio-

290 1866 364 1889 nem,
380 1862 452 1885 terra
470 1857 547 1884 ttullo
560 1856 643 1884 modo
654 1856 775 1883 fructum
789 1854 932 1886 ostendit;
945 1853 1085 1888 quomodo

291 1911 341 1931 nec
356 1907 419 1930 ante
432 1902 676 1937 congregationem
690 1900 795 1928 Christi
813 1899 944 1928 Ecclesia:
962 1899 1083 1925 fructuut

290 1949 414 1987 possedit
426 1949 546 1976 ltttt‘nana
559 1953 670 1979 natura,
686 1955 785 1982 netnpe
802 1946 932 1973 virtutes.
949 1945 1002 1972 Per
1016 1952 1084 1971 con-

290 1995 478 2031 gregationem
503 1994 599 2030 primae
616 2002 704 2028 aqum,
722 2000 821 2028 panem
839 1992 924 2019 ltottto
938 1991 1059 2019 comedit
1078 1999 1084 2016 :

290 2047 319 2070 et
337 2043 364 2069 itt
387 2041 602 2077 congregatione
619 2045 725 2073 nostra,
750 2047 851 2074 nempe
873 2038 1008 2073 gentium,
1032 2045 1088 2064 coe-

291 2090 370 2117 lestis
394 2090 475 2117 cibus
499 2090 527 2116 in
552 2089 645 2116 cibum
672 2087 810 2122 apparuit.
828 2091 857 2112 et
881 2085 1004 2112 coelestia
1030 2084 1088 2111 lnec

292 2136 384 2163 omnia
409 2136 481 2164 bona
505 2140 659 2163 nascuntur
676 2140 756 2161 terrae
771 2132 903 2160 hominis.
923 2130 1088 2166 Propheticc

293 2183 362 2210 dixit
380 2183 451 2210 Deus
469 2192 475 2209 :
494 2182 674 2217 Congregetur
690 2186 759 2213 aqua
784 2186 844 2214 qum
861 2182 898 2204 est
917 2177 964 2204 sub
979 2176 1043 2203 caelo
1060 2177 1088 2202 in

293 2230 523 2265 congregationem
552 2237 645 2257 unam.
671 2232 695 2253 et
721 2229 852 2261 appareat
879 2225 968 2251 arida.
995 2223 1088 2251 Tertio

294 2281 387 2304 autem
403 2276 459 2307 die,
474 2284 507 2302 ex
520 2273 659 2310 profundo
676 2272 783 2307 profert
795 2276 898 2298 terram
915 2271 998 2302 Deus,
1012 2270 1089 2304 prius

294 2325 391 2356 .tperte
410 2320 573 2347 describens
588 2318 693 2346 Christi
711 2317 796 2344 triutn
811 2317 921 2344 dierum
938 2316 972 2343 ab
990 2315 1086 2343 inferis
1105 2320 1126 2348 υ

296 2365 530 2393 resurrectionem
554 2372 568 2390 e
596 2368 669 2391 terra
684 2362 783 2398 genita:
799 2367 900 2389 nostrae
924 2365 1038 2393 natura},
1054 2368 1087 2387 ne

296 2411 416 2445 amplius
438 2414 546 2439 maneat
563 2409 650 2437 arida.
671 2409 810 2443 Appareat
827 2413 855 2434 et
872 2408 1012 2435 reveletur
1027 2415 1088 2442 quae

296 2463 357 2484 erat
378 2456 457 2483 arida
473 2460 500 2483 et
526 2455 688 2490 infrugifera
710 2455 822 2490 gentilis
844 2454 978 2485 Ecclesia,
998 2462 1059 2489 qua:
1074 2461 1089 2479 a

297 2505 353 2532 Deo
378 2502 528 2537 aliquando
543 2503 634 2529 fuerat
646 2501 792 2533 absconsa,
813 2505 843 2528 ut.
858 2509 920 2536 quae
933 2500 1003 2530 facta
1019 2505 1091 2528 esset

298 2550 372 2576 nuda
387 2549 422 2576 ab
440 2548 548 2575 insidiis
564 2547 678 2575 diaboli.
701 2548 839 2582 Appareat
861 2555 923 2582 qua:
939 2550 999 2573 erat
1013 2545 1091 2574 arida

298 2599 326 2621 et
341 2593 451 2621 deserta
473 2597 501 2620 et
526 2593 634 2624 sitiens,
649 2592 779 2627 quoniatn
802 2592 830 2618 itt
859 2592 971 2620 deserto
999 2590 1092 2625 erupit

298 2649 381 2676 aqua,
401 2648 435 2668 ne
458 2640 577 2675 amplius
605 2644 717 2667 maneat
744 2639 830 2666 arida.
849 2639 998 2672 Appareat,
1013 2641 1041 2664 ct
1057 2637 1091 2664 ad

299 2689 404 2717 fontem
414 2688 477 2715 vitae
487 2687 645 2721 veniatqute
652 2686 704 2714 fttit
716 2686 780 2713 olint
788 2684 899 2720 gentilis
908 2683 1091 2715 Samaritana,

299 2734 394 2763 ferens
407 2733 533 2769 hydriam
549 2733 647 2759 animae
662 2731 695 2757 ad
716 2735 830 2765 puteum
845 2729 993 2755 viventem.
1012 2727 1096 2754 Sedet

301 2781 376 2807 cnim
399 2780 528 2808 Christus
545 2787 605 2806 catn
632 2781 808 2811 exspectans.
821 2775 960 2809 Appareat
977 2773 1056 2800 arida
1068 2777 1097 2800 et

302 2834 363 2861 qua:
375 2826 511 2862 profluvio
522 2825 591 2853 male
605 2823 750 2851 laborabat
765 2820 908 2855 sanguinis
921 2819 1094 2850 idololatrize,

304 2876 334 2900 ut
345 2873 498 2900 exsiccetur
514 2872 603 2898 fluxus
617 2868 759 2903 sanguinis
771 2867 818 2902 qui
841 2865 980 2896 currebat,
996 2870 1025 2892 ct
1038 2873 1097 2892 sca-

1095 1643 1116 1671 C

341 2962 364 2979 ’°
385 2961 451 2989 Luc.
470 2969 498 2992 tt,
523 2959 567 2986 32.
607 2959 627 2973 ’⁷
652 2957 720 2984 an.
750 2963 775 2988 x,
805 2955 845 2982 i0.

857 239 886 268 s.
908 239 1108 269 ANASTASII
1129 230 1293 270 SlNAlTﬁS

884 2953 906 2969 ³⁵
929 2952 1025 2980 Matth.
1052 2960 1090 2986 ιιι,
1116 2952 1142 2979 8.

1117 297 1201 323 turiat
1225 295 1364 329 scaturigo
1387 291 1571 327 baptismatis.
1598 289 1736 324 Appareat
1762 286 1855 317 arida,
1873 294 1924 312 au—

1120 344 1190 369 ferte
1212 341 1314 368 malum
1346 339 1511 374 operculum
1536 335 1652 371 pudoris
1675 334 1785 361 animm.
1812 332 1923 359 Solvite

1121 387 1316 414 itttertttediatn
1332 384 1438 420 peccati
1452 382 1612 411 maceriem,
1631 389 1691 414 qua:
1706 380 1794 406 Deum
1808 378 1845 405 ab
1863 378 1922 412 ipsa

1120 437 1238 468 separat.
1256 431 1395 466 Appareat
1409 437 1471 463 qum
1486 432 1556 456 tecta
1574 431 1635 453 erat
1659 433 1714 452 non
1732 424 1858 458 amplius
1872 431 1925 449 ca:—

1122 479 1231 506 cnticns
1256 487 1262 504 :
1285 477 1332 504 sed
1358 476 1498 505 videatur,
1522 472 1653 508 quoniatn
1678 472 1754 497 visus
1778 474 1823 496 est
1848 469 1924 495 Deus

1121 526 1237 552 deorunt
1252 524 1280 551 ιιι
1303 523 1381 550 Sion.
1403 520 1533 555 Respirct
1551 519 1585 545 de
1607 522 1709 545 caetero
1735 521 1764 542 et
1787 514 1925 542 ascendat

1122 581 1155 598 ex
1182 570 1320 606 profmtdo
1344 567 1509 604 ignorantia:
1527 573 1589 600 qure
1603 564 1657 591 fuit
1673 561 1828 596 aliquando
1844 560 1925 587 arida

1123 618 1258 649 Ecclesia,
1284 621 1313 644 et
1337 615 1456 650 accipiat
1480 613 1574 640 radios
1590 610 1712 638 cmlestis
1732 609 1819 638 Solis.
1835 612 1866 633 ut
1880 606 1925 632 di-

1123 665 1196 692 citur
1221 663 1323 698 pluvia.
1345 661 1496 689 Reveletur
1521 657 1610 687 arida,
1634 655 1765 690 quoniam
1782 653 1873 680 lumen
1890 652 1926 679 ad

1124 709 1313 736 reuelationem
1329 707 1446 742 gentium
1461 706 1484 721 νδ
1501 703 1624 733 advenit,
1644 706 1671 728 et
1688 706 1797 734 tempus
1821 704 1866 726 est
1890 698 1926 724 de

1124 761 1226 782 czetero
1255 760 1286 781 ut
1319 755 1375 788 ipsa
1399 757 1482 780 exuat
1509 756 1536 778 ct
1559 751 1681 783 deportat
1705 746 1837 774 tenebras
1864 753 1927 779 qua:

1125 806 1190 828 sunt
1215 801 1254 827 illi
1270 799 1417 834 itnpositze,
1440 803 1470 824 ut
1483 805 1530 824 cas
1552 796 1605 823 sibi
1622 795 1723 822 habeat
1740 793 1885 827 subiectas
1897 797 1926 818 et

1124 846 1302 874 conculcatus
1318 850 1345 871 et
1360 844 1411 871 sub
1432 851 1461 870 se
1486 841 1665 868 trausmissas
1680 839 1715 865 ad
1737 838 1882 873 abyssum,
1897 842 1926 863 et

1125 892 1221 918 audiat
1242 900 1248 917 :
1278 890 1346 917 Ecce
1368 890 1428 916 dedi
1449 889 1494 915 tibi
1519 891 1675 922 potestatum
1699 884 1824 911 calcandi
1847 890 1925 916 super

1128 938 1248 964 tenebras
1260 938 1281 953 ’⁷
1296 945 1357 971 qua:
1369 934 1519 970 aliquando
1535 938 1615 960 erant
1639 939 1724 965 supra
1747 935 1772 957 te
1789 930 1887 964 posita}
1899 933 1926 955 et

1127 983 1177 1010 tibi
1192 982 1325 1013 adversae,
1345 988 1419 1007 nuttc
1431 985 1524 1007 autent
1544 982 1609 1005 sunt
1623 976 1766 1012 subjectae.
1781 975 1851 1002 Nam
1870 974 1924 1000 vim

1126 1036 1213 1064 passae
1231 1027 1363 1054 Ecclesia:
1377 1030 1406 1053 et
1427 1033 1488 1060 qua:
1503 1024 1647 1051 submersa
1673 1025 1733 1049 erat
1758 1026 1787 1048 et
1806 1020 1859 1047 sub
1876 1027 1923 1054 pe-

1126 1075 1218 1105 dibus,
1234 1073 1378 1108 subjiciam
1390 1076 1418 1099 ct
1435 1078 1533 1098 omnes
1551 1076 1639 1104 aquas
1654 1072 1803 1095 terrestres
1822 1071 1851 1093 et
1867 1073 1923 1092 cm-

1127 1121 1211 1148 lestcs
1226 1128 1232 1146 :
1250 1119 1417 1146 exsiccatum
1441 1121 1569 1144 naturam
1586 1120 1614 1142 et
1631 1121 1742 1141 cantem
1759 1111 1884 1139 ltontinis
1898 1111 1926 1138 in

1127 1164 1361 1194 extertninatione
1378 1167 1406 1190 et
1422 1161 1580 1197 privatione
1593 1159 1679 1187 fontis
1695 1159 1759 1185 vita:
1775 1156 1899 1192 paradisi
1917 1163 1926 1182 :

1127 1221 1187 1240 eam
1214 1211 1334 1239 efferens
1358 1217 1443 1244 super
1464 1214 1574 1235 onmem
1597 1205 1784 1241 principatum
1809 1208 1838 1230 et
1865 1210 1926 1229 om-

1127 1267 1190 1286 nem
1205 1261 1381 1292 potestatem,
1400 1256 1428 1282 in
1444 1255 1546 1288 throno
1557 1252 1720 1280 Cherubino
1735 1250 1761 1277 ei
1773 1249 1929 1276 ostendens

1128 1305 1176 1332 Dei
1203 1303 1301 1331 faciem
1329 1302 1376 1336 qui
1400 1305 1516 1336 propter
1543 1299 1631 1333 ipsam
1659 1295 1772 1324 advertit
1797 1294 1929 1321 Christus

1130 1351 1214 1380 Deus.
1239 1350 1305 1385 quia
1322 1347 1413 1375 dicit:
1437 1346 1620 1380 Congregetur
1643 1350 1714 1377 aqua
1741 1349 1802 1376 qua:
1822 1344 1860 1366 est
1880 1339 1928 1366 sub

1127 1395 1192 1422 caelo
1215 1395 1244 1421 in
1264 1393 1494 1428 congregationem
1510 1398 1592 1417 unam
1612 1391 1767 1423 :appareat
1787 1386 1877 1416 arida,
1898 1389 1930 1411 ut

1129 1446 1193 1469 ante
1209 1440 1309 1468 coelum
1325 1442 1443 1466 ornetur
1460 1436 1549 1464 arida.
1562 1436 1681 1469 Propter
1697 1441 1759 1460 eam
1770 1432 1846 1460 enim
1862 1431 1931 1458 exiit.

1130 1489 1154 1515 is
1177 1488 1226 1522 qui
1244 1486 1374 1517 seminat,
1397 1484 1431 1511 ad
1457 1481 1653 1511 scminandum
1666 1484 1694 1507 et
1712 1478 1888 1514 irrigandum
1901 1482 1931 1503 et

1131 1533 1285 1562 ornandum
1297 1531 1415 1559 aridam.
1426 1530 1527 1557 Semen
1536 1528 1611 1556 enim
1623 1531 1666 1554 est
1676 1530 1816 1561 paratum,
1830 1531 1930 1557 nempe

1131 1579 1311 1614 Evangelium
1326 1587 1332 1604 :
1349 1580 1496 1612 promptus
1520 1579 1549 1601 et.
1573 1573 1675 1601 alacris
1696 1576 1738 1599 est
1760 1570 1928 1600 seminator,

1134 1633 1232 1659 nempe
1247 1624 1375 1651 Christus
1388 1631 1394 1648 :
1411 1621 1531 1656 operarii
1549 1624 1616 1647 sunt
1631 1617 1731 1653 parati,
1752 1623 1854 1650 nempe
1867 1622 1932 1649 apo-

1134 1671 1198 1699 stoli
1212 1679 1218 1696 :
1239 1676 1377 1697 messores
1394 1667 1486 1702 probi,
1501 1670 1567 1693 sunt
1581 1665 1711 1692 doctores
1719 1673 1733 1689 νε
1748 1663 1837 1689 boves
1854 1661 1933 1695 impi-

1133 1718 1186 1754 gri,
1212 1716 1231 1743 ii
1254 1715 1302 1750 qui
1326 1721 1438 1742 crucem
1462 1712 1557 1739 ferunt
1580 1721 1586 1737 :
1619 1711 1713 1744 iugum
1743 1712 1852 1742 aptum,
1878 1713 1933 1732 non

1134 1751 1209 1790 enim
1232 1761 1298 1788 terit
1324 1759 1427 1787 collare
1451 1767 1457 1784 :
1476 1757 1548 1784 bene
1563 1755 1755 1791 germinarunt
1782 1751 1932 1781 naturalia,

1135 1808 1274 1843 aspiciunt
1296 1806 1370 1833 enim
1396 1805 1467 1831 bene
1483 1808 1619 1831 contatam
1642 1802 1779 1828 virtutum
1806 1797 1933 1825 altitudi-

1136 1863 1209 1882 nem.
1232 1853 1369 1888 ltegioncs
1381 1852 1516 1887 gentium,
1529 1853 1594 1877 sunt
1604 1849 1672 1875 albze
1687 1853 1715 1875 et
1730 1855 1806 1881 pura:
1824 1846 1932 1872 anitttte.

1135 1901 1178 1928 Ad
1201 1907 1320 1928 messem
1334 1897 1540 1933 importandam
1563 1896 1618 1923 lata
1634 1898 1676 1921 est
1689 1898 1717 1920 et
1731 1892 1824 1926 ampla
1838 1891 1935 1918 Eccle-

1137 1949 1184 1976 sia:
1202 1955 1265 1975 area
1283 1956 1288 1973 :
1308 1947 1379 1973 bene
1394 1943 1512 1972 laborati
1532 1946 1596 1969 sunt
1619 1940 1701 1971 sulci,
1717 1939 1843 1973 Baptista
1859 1937 1934 1965 enitn

1137 2001 1185 2021 eos
1210 1991 1344 2027 proscidit
1367 1999 1374 2016 :
1398 1989 1456 2024 agri
1478 1991 1544 2015 sunt.
1564 1985 1689 2021 frugiferi
1707 1993 1713 2011 ε
1733 1983 1824 2010 Facite
1847 1982 1935 2013 enim,

1136 2039 1229 2074 inquit
1240 2038 1309 2073 ipsc,
1321 2036 1422 2071 fructus
1439 2035 1531 2069 dignos
1547 2032 1708 2067 paenitentia;
1721 2030 1754 2056 ”.
1772 2029 1810 2056 De
1835 2032 1936 2055 extero

1138 2084 1280 2120 aperiatur
1300 2087 1328 2110 et
1340 2085 1470 2117 appareat
1482 2079 1571 2111 arida,
1590 2082 1620 2104 ιιι
1633 2081 1773 2112 portantur
1788 2075 1852 2109 ejus
1868 2074 1933 2100 fun-

1139 2132 1268 2159 damenta
1281 2129 1309 2155 in
1323 2127 1466 2154 montibus
1478 2125 1581 2153 sanctis
1594 2122 1669 2154 fidei,
1685 2130 1747 2157 qua:
1764 2124 1935 2156 putruerant

1139 2187 1153 2205 a
1173 2175 1345 2204 circumfluis
1364 2173 1443 2208 aquis
1455 2179 1487 2199 ea
1500 2170 1671 2198 alluentibus
1689 2177 1696 2194 :
1714 2173 1818 2195 utcam
1834 2170 1936 2193 contir-

1140 2228 1216 2252 ment
1230 2230 1261 2249 ac
1274 2220 1418 2250 stabiliattt
1432 2226 1517 2254 super
1531 2224 1618 2251 aquas
1634 2214 1759 2250 piscinae,
1780 2217 1810 2239 ut
1824 2212 1852 2238 itt
1873 2216 1936 2246 gut-

1141 2270 1177 2297 tis
1194 2266 1368 2304 baptismatis
1389 2273 1422 2292 ea
1438 2264 1547 2291 lauetur
1563 2261 1693 2288 exoriens
1714 2267 1776 2293 qua:
1793 2258 1861 2284 olim
1878 2264 1938 2283 erat

1141 2314 1220 2342 arida
1232 2303 1263 2341 et
1279 2319 1379 2347 expers
1399 2310 1527 2337 ltumoris
1541 2307 1630 2335 divini
1644 2305 1766 2333 ittlluxus
1783 2310 1797 2330 ἐ
1817 2308 1847 2330 ιιι
1862 2303 1890 2329 in
1907 2310 1937 2329 ea

1140 2363 1313 2390 constructa,
1336 2356 1476 2384 exsultent
1495 2353 1607 2389 quidem
1638 2354 1749 2378 montes
1776 2349 1935 2383 regionum,

1142 2405 1330 2435 tmtltitudin‘ts
1347 2410 1440 2431 autem
1456 2401 1540 2429 colles
1564 2398 1693 2426 exsiliunt
1708 2406 1715 2423 :
1733 2397 1866 2423 laetentur
1892 2402 1938 2420 au-

1142 2458 1196 2480 tent
1212 2459 1308 2486 greges
1327 2449 1502 2484 populorum.
1526 2443 1625 2479 Fugiat
1640 2448 1732 2470 autem
1748 2448 1826 2467 mare
1842 2440 1938 2466 adver-

1144 2498 1284 2525 sariorum
1303 2504 1309 2521 :
1325 2501 1425 2527 nempe
1449 2490 1575 2526 improba
1599 2494 1628 2516 et
1654 2488 1722 2515 falsa
1746 2485 1938 2513 incredulitas.

1143 2542 1272 2572 Iordanis
1287 2546 1379 2569 autent
1394 2537 1569 2574 baptismatis
1584 2535 1718 2571 gentium,
1737 2537 1884 2561 convertat
1901 2539 1940 2557 re-

1146 2594 1265 2617 trorsum
1291 2594 1340 2615 eos
1357 2585 1405 2621 qui
1422 2585 1511 2620 ipsum
1534 2583 1644 2617 fugiunt
1659 2585 1687 2608 et
1699 2579 1869 2613 baptismum
1888 2584 1940 2603 ttott

1145 2633 1310 2668 suscipinttt.
1335 2631 1415 2659 Unde
1432 2630 1466 2656 de
1489 2629 1546 2655 Deo
1561 2626 1630 2654 dicit
1641 2625 1779 2659 Propheta
1802 2631 1808 2648 :
1834 2622 1941 2649 Balastta

1146 2680 1231 2708 maris
1247 2687 1308 2713 qua:
1320 2676 1459 2704 conturbat
1483 2682 1561 2701 sonos
1578 2674 1707 2709 ﬂuctuant
1722 2670 1790 2705 ejus,
1812 2669 1873 2703 quis
1885 2676 1942 2694 sus-

1145 2725 1234 2752 tinebit
1257 2724 1299 2750 ’9?
1320 2722 1371 2750 Sed
1390 2728 1417 2750 tu
1435 2720 1581 2748 dominaris
1599 2717 1724 2753 potestati
1749 2715 1845 2746 maris,
1866 2720 1941 2740 sonos

1144 2773 1273 2806 ﬂuctuum
1285 2770 1340 2804 ejus
1353 2769 1410 2803 quis
1420 2765 1579 2794 sustinebit?
1595 2763 1690 2791 Salum
1706 2765 1797 2788 autem
1812 2762 1942 2796 [luctuum

1146 2818 1203 2853 ejus
1221 2822 1249 2843 tu
1269 2817 1374 2850 miling
1391 2815 1411 2841 ¹.
1434 2814 1473 2841 Te
1486 2812 1561 2840 enim
1578 2810 1760 2845 prmfigurans
1775 2807 1862 2835 Jonas
1881 2813 1942 2840 pro-

1146 2850 1240 2899 pheta,
1266 2862 1377 2897 quando
1409 2860 1549 2895 proiectus
1571 2856 1626 2883 fuit
1651 2855 1679 2882 itt
1722 2861 1818 2886 mare,
1850 2850 1941 2880 effecit

1181 2951 1202 2966 "
1224 2948 1295 2977 Psal.
1315 2955 1386 2981 μιν,
1409 2945 1435 2975 8.
1475 2946 1483 2962 '
1503 2944 1576 2974 Psal.
1596 2948 1726 2975 Lxxxvnt,
1747 2940 1790 2968 10.
