1977 3247
67 235 122 266 885

624 238 665 267 ΙΝ
685 239 1093 269 HEXAEMERON.—-Llﬂ.
1115 239 1172 268 IlI.

1663 238 1716 269 ὃθῗὸ

69 289 306 324 ‘ranquillitatem
324 290 406 318 unda:
423 299 484 326 qua:
501 296 619 320 mortem
642 294 783 325 attulerat,
801 302 871 329 quo-
886 298 907 324 Λ
924 298 1034 328 quarto,
1045 294 1150 321 aridam
1167 293 1313 319 nominans
1327 291 1582 323 homincm,dicens
1597 292 1627 318 du
1643 293 1715 319 Deo:

72 335 208 366 modotu,
223 335 388 363 idololatriae
407 337 492 364 totius
504 337 599 365 mundi
612 339 712 366 marini
730 341 869 367 interitus.

73 379 161 406 Tuam
176 381 254 407 enim
274 386 392 409 mortem
419 383 553 418 eﬂingens
578 389 605 412 et
624 386 870 418 resurrectionem,

73 425 190 452 dormiit
217 427 245 453 in
270 428 333 454 navi
351 428 424 455 sicut
438 433 466 455 tu
492 430 519 456 in
539 430 614 465 ligno
631 431 722 458 crucis
744 441 750 458 :
771 436 874 466 etpost

75 479 205 498 somnum
221 473 364 507 projectus
383 474 435 501 fuit
453 475 480 501 in
497 476 674 510 profundam.
698 480 826 511 tanquam
845 477 873 504 in

76 517 164 543 lacum
183 518 395 552 profundiSsimi
424 520 525 548 inferni
553 527 581 549 et
603 523 721 557 sepulcri
746 523 872 550 balteum;

75 566 101 588 ct
128 564 249 591 salutent
271 565 452 600 prmligurans
479 567 513 594 iis
534 568 582 602 qui
606 569 688 596 simul
706 569 874 604 navigabant

77 608 103 634 ia
120 609 181 635 navi
196 609 336 643 Ecclesia;
349 611 462 639 donavit
474 613 537 640 navi
555 618 585 641 ut
604 620 745 642 cessarent
763 614 872 642 ﬂuctus.

78 654 118 681 Tu
136 655 212 682 enim
233 664 264 683 es
288 657 336 691 qui
350 657 433 692 jubes
446 663 475 686 et
493 659 564 686 dicis
582 668 588 686 :
609 660 789 696 Cougreyetur
804 669 875 694 aqua

77 710 134 736 quin
150 707 187 729 est
203 703 251 730 sub
264 703 326 730 cwlo
340 704 367 730 iu
387 706 617 740 congregationem
631 714 724 738 unam,
741 711 764 732 et
776 706 875 741 factum

77 752 115 774 es!
139 749 177 774 ita
193 757 202 775 :
221 752 246 775 et
276 754 437 784 congregata
453 755 490 777 est
506 759 577 786 aqua
596 759 656 786 qua:
669 756 726 778 erat
745 751 792 778 sub
812 751 875 778 casto

77 794 104 819 in
123 795 344 829 congregatione:
367 803 440 822 suos.
462 796 534 823 Ecce
557 804 613 823 non
631 797 734 824 factum
750 801 792 824 est
808 804 875 824 con-

78 839 230 866 venienter
263 840 360 868 littera:
387 851 392 867 :
420 849 508 876 neque
538 847 702 878 congregata
732 847 775 870 est
806 850 876 877 aqua

78 893 140 919 quae
167 889 210 912 cst
226 885 278 913 sub
292 886 374 919 coalo,
391 886 420 913 in
437 887 678 922 congregationem
701 896 782 915 uuam
803 897 809 914 :
828 887 876 915 sed

78 931 174 958 multa:
199 939 278 966 aqua:
302 937 366 960 sunt
388 937 558 969 congregatae
581 934 608 960 in
634 941 698 961 suas
727 942 877 969 congrega-

80 977 182 1004 tiones.

115 1023 152 1050 Et
164 1024 264 1050 voravit
277 1024 346 1051 Deus
362 1025 478 1057 aridam,
493 1029 592 1052 terram
604 1034 612 1052 :
626 1030 650 1052 et
663 1028 876 1062 congregatione:

79 1078 216 1104 aquarum
241 1072 339 1097 vocarit
363 1072 460 1098 muria.
476 1071 547 1104 Quid
578 1072 646 1099 mihi
671 1073 704 1099 ad
722 1073 780 1100 haec
793 1073 875 1105 dicis.

79 1125 96 1142 (ι
112 1116 254 1144 Hebrme?
272 1118 339 1145 Nam
353 1119 426 1153 quod
443 1119 544 1146 attinet
559 1119 593 1146 ad
605 1119 761 1152 histOriam,
779 1126 876 1148 contra

80 1162 186 1189 fartum
207 1168 249 1190 est
263 1172 344 1198 quam
358 1165 441 1200 jussit
456 1165 540 1192 Deus.
552 1166 675 1193 Primum
691 1167 804 1201 quidem
818 1172 877 1195 erat

81 1217 133 1236 una
146 1210 337 1244 congregatio,
353 1219 438 1238 unum
451 1219 538 1243 mare,
554 1212 775 1246 unumpelagtts,
791 1221 875 1240 unum

80 1255 265 1290 profundum,
293 1264 346 1282 una
372 1264 442 1290 aqua
459 1265 466 1282 :
482 1256 564 1284 simul
585 1261 641 1284 tota
657 1264 727 1291 aqua
743 1265 804 1292 qua:
818 1262 878 1285 erat

79 1302 132 1329 sub
157 1302 248 1334 caelis,
271 1302 424 1334 individua,
452 1303 539 1336 unita,
565 1303 735 1330 iusecabilis.
760 1303 877 1336 Quando

78 1352 173 1375 autem
193 1348 263 1375 dixit
282 1348 355 1376 Deus
372 1358 378 1375 :
398 1348 577 1384 Congregetur
602 1358 674 1384 aqua
691 1350 720 1376 iu
734 1358 878 1385 congrega-

80 1395 179 1421 tionem
197 1403 281 1422 unum
295 1403 304 1421 :
322 1395 410 1422 divisa
423 1396 509 1431 magis
523 1395 576 1422 fuit
590 1403 661 1430 aqua
676 1404 737 1431 quae
753 1401 814 1424 crat
826 1397 877 1423 sub

80 1441 162 1472 uelo,
190 1441 218 1467 in
237 1441 339 1468 multas
362 1450 448 1476 aquas
464 1450 470 1468 :
489 1446 619 1476 tanquam
633 1442 655 1469 si
673 1442 728 1477 jam
743 1442 876 1470 dixisset:

81 1486 174 1514 Multa:
184 1487 240 1514 sint
255 1487 410 1522 congeries.
426 1488 517 1515 multae
532 1489 770 1523 congregationes.
792 1488 877 1515 multa

79 1532 170 1558 maria
186 1552 192 1558 .
216 1532 289 1560 Sicut
314 1537 431 1560 testatur
458 1533 516 1568 ipsa
534 1533 619 1560 dictio
635 1534 797 1569 Scriptum,
818 1543 878 1570 quae

84 1577 126 1603 sic
144 1576 232 1604 habet
268 1586 274 1604 τ
299 1577 467 1613 Congregulu
502 1579 551 1613 fuit
586 1587 656 1614 aqua
683 1589 742 1617 quae
766 1585 803 1607 est
831 1581 878 1608 sub

922 340 1008 374 Ipsius
1032 344 1070 366 est
1086 348 1170 371 mare,
1188 344 1210 365 et
1228 339 1284 374 ipse
1302 339 1360 373 fecit
1378 338 1455 369 illud,
1472 343 1495 364 et
1511 338 1616 364 aridum
1633 337 1718 370 ﬁnxe-

923 391 986 412 runt
1003 387 1060 421 ejus
1085 394 1180 412 manus
1201 394 1209 411 :
1230 385 1282 412 hoc
1299 390 1351 417 est,
1375 384 1515 410 hominem
1543 383 1588 418 qui
1620 383 1687 410 dicit
1709 391 1716 410 :

922 432 1018 458 Manus
1041 436 1103 464 tua‘,
1130 431 1251 463 Domine,
1270 431 1387 465 fecerunt
1412 438 1452 457 me
1470 435 1494 457 et
1510 429 1646 463 ﬁnxerunt
1666 438 1716 456 mc.

924 477 1032 504 Nullam
1060 482 1216 505 creaturam
1242 485 1274 504 cx
1299 478 1333 504 iis
1358 485 1419 511 quzc
1444 481 1510 503 sunt
1532 477 1558 503 in
1577 476 1648 503 cmlo
1672 481 1720 502 aut

924 523 953 550 in
973 528 1047 550 terra
1071 523 1150 550 ﬂuxit
1169 524 1240 550 Deus
1258 524 1316 550 suis
1337 523 1476 555 manibus,
1500 523 1552 562 nisi
1577 523 1718 550 hominem

923 569 972 603 qui
992 568 1025 595 ad
1052 569 1111 604 ejus
1123 569 1211 596 factus
1223 573 1265 596 est
1284 569 1442 604 imaginem,
1457 569 1490 596 de
1509 577 1564 604 quo
1584 569 1720 595 dicitltlo-

925 622 969 641 ses
987 623 994 641 ι
1015 614 1120 641 Vocovit
1144 615 1214 641 Deus
1233 615 1337 642 aridam
1360 620 1470 642 terram.
1497 615 1566 642 Vide
1589 615 1719 650 mysteria

925 660 1116 687 admirabilia!
1137 660 1251 687 Terram
1282 660 1308 687 in
1332 660 1471 695 profundo
1491 660 1526 687 ab
1549 660 1612 687 aliis
1641 661 1720 695 aquis

926 706 1100 738 suﬂocatam,
1126 706 1252 734 nominat
1269 706 1386 733 aridam.
1400 706 1468 733 Cum
1484 711 1576 734 autem
1593 714 1671 740 aquae
1685 706 1719 733 ah

926 760 957 778 ea
979 756 1155 780 recesserunt
1172 756 1200 779 cl
1220 757 1285 779 sunt
1297 752 1404 784 divisae,
1422 758 1450 780 et
1462 760 1494 780 ea
1508 752 1559 779 fuit
1572 752 1718 784 exsicrata,

926 805 982 825 non
1006 805 1066 824 eam
1094 797 1214 832 amplius
1232 798 1358 825 nominat
1380 798 1496 830 aridam,
1519 797 1568 825 seu
1593 802 1718 824 terram:

926 844 1065 879 quomodo
1088 844 1171 872 etiam
1188 849 1295 873 constat
1314 845 1382 872 citra
1395 844 1628 876 controversiam,
1645 844 1719 879 quod

928 890 1062 926 imagines
1073 895 1101 918 et
1114 891 1213 926 ﬁguras
1228 899 1306 918 nova:
1321 892 1347 918 in
1364 890 1477 918 Christo
1493 894 1629 918 creatura:
1644 890 1720 925 prius

928 936 1106 964 describebat
1121 941 1150 963 et
1172 936 1364 971 pra-ﬁgurabat
1386 936 1514 964 Christus
1538 937 1565 963 in
1591 936 1720 963 universa

928 989 975 1010 sex
999 982 1111 1009 dierum
1135 982 1285 1009 creatione.
1310 982 1447 1014 Qnmiiam
1465 988 1557 1009 autem
1573 981 1720 1008 mutidanzc

927 1026 1043 1062 Egypto
1060 1027 1197 1062 imprimis
1220 1027 1278 1054 haec
1293 1027 1412 1054 dicimus
1432 1036 1437 1054 :
1455 1035 1509 1054 non
1527 1028 1611 1055 fuerit
1623 1028 1722 1055 absur-

927 1072 992 1099 dutn
1019 1072 1042 1099 si
1062 1080 1111 1108 per
1135 1081 1179 1099 res
1203 1076 1333 1107 tanquam
1361 1080 1411 1107 per
1430 1072 1513 1098 verba
1539 1073 1719 1100 ostendamus

929 1115 1029 1153 figuras
1049 1118 1217 1146 dctectionis
1243 1123 1270 1145 et
1295 1118 1472 1146 liherationis
1488 1118 1624 1145 malarum
1639 1122 1667 1145 et
1685 1122 1719 1145 te-

928 1163 1110 1190 nebrosarum
1130 1171 1263 1198 aquarum
1279 1164 1385 1191 erroris
1405 1172 1466 1198 qua:
1488 1164 1565 1198 prius
1579 1167 1660 1192 erant
1674 1172 1720 1190 su-

928 1217 978 1244 per
999 1218 1069 1240 eam.
1099 1210 1156 1237 Soli
1173 1209 1246 1237 enim
1275 1210 1391 1244 (Egyplo
1413 1218 1445 1237 ex
1470 1210 1601 1240 omnibus
1623 1210 1718 1237 mumli

929 1257 1098 1292 regionibus,
1113 1257 1187 1285 Deus
1201 1257 1235 1284 ad
1250 1258 1360 1292 [.iietatis
1374 1257 1591 1284 admonitionem
1608 1257 1720 1284 donavit

927 1304 1083 1338 cxmnplum
1101 1310 1129 1331 et
1141 1309 1352 1332 monumentum
1370 1303 1528 1330 indelebile.
1548 1303 1615 1330 Nam
1633 1303 1720 1330 instar

928 1350 1147 1385 tmiuscujusque
1163 1351 1189 1377 in
1215 1350 1269 1377 illis
1292 1351 1370 1385 aquis
1396 1358 1458 1385 qua:
1480 1350 1628 1384 aliquando
1650 1354 1722 1384 tege-

919 1395 995 1427 bant
1020 1395 1179 1422 universam
1200 1395 1297 1422 faciem
1317 1400 1409 1426 terrae,
1440 1403 1489 1429 per
1512 1394 1625 1422 ﬂuvium
1645 1394 1720 1422 Geon

928 1446 1001 1468 terra
1013 1440 1122 1476 Aigypti
1137 1441 1248 1475 tegitur.
1262 1441 1448 1473 Quamobrem
1462 1441 1623 1475 deregione
1640 1440 1721 1476 Algy-

928 1486 966 1521 pti
981 1486 1034 1512 dici
1048 1490 1139 1520 potest
1161 1487 1188 1513 in
1202 1492 1324 1521 tempore
1338 1494 1469 1514 ascensus
1485 1494 1631 1521 aquarum,
1646 1486 1719 1520 quod

929 1537 1001 1560 terra
1011 1531 1119 1568 {Egypti
1131 1537 1172 1560 est
1184 1532 1335 1560 invisibilis
1345 1537 1372 1560 et
1386 1532 1581 1567 incomposita,
1597 1537 1624 1559 ct
1643 1536 1720 1559 tene-

930 1579 986 1606 bra:
1001 1580 1128 1615 caliginis
1142 1584 1170 1607 ct
1190 1580 1362 1614 tempestatis
1377 1588 1460 1614 supra
1476 1579 1605 1614 abyssum
1621 1579 1718 1613 hujus-

78 1623 154 1656 cmlo,
179 1624 207 1650 in
223 1632 287 1651 suas
308 1626 533 1660 congregatioues.
552 1626 623 1653 Dicit
642 1627 735 1662 itaque
752 1636 758 1653 :
778 1627 812 1654 Et
830 1635 875 1654 vo-
891 1637 912 1665 ε
929 1625 1146 1661 modiaquarum
1160 1631 1204 1653 :ct
1218 1625 1338 1660 Spiritus
1348 1626 1395 1653 Dei
1407 1625 1599 1657 thocestventi
1610 1633 1722 1652 renown

77 1670 148 1696 canit
162 1669 232 1696 Deus
247 1675 358 1702 terram,
376 1671 481 1699 aridam
498 1680 506 1698 :
521 1677 545 1698 et
560 1673 775 1708 congregatione;
793 1681 879 1708 aqua—

79 1724 140 1742 rum
161 1716 264 1742 vocavit
279 1717 377 1743 maria.
393 1718 449 1752 Age
461 1724 526 1752 ergo
539 1726 545 1743 :
566 1726 661 1745 rursus
674 1718 772 1746 littera:
787 1719 878 1745 velum

77 1766 108 1789 et
124 1762 291 1796 operculum
313 1763 480 1798 aperientes,
509 1763 665 1798 spiritualia
687 1764 880 1799 spiritualibus

79 1808 272 1843 intelligamus
300 1809 411 1844 eloquia
437 1809 563 1844 spiritus,
588 1810 713 1838 dicentes
743 1810 828 1838 :Una
852 1815 880 1838 et

79 1854 226 1882 individua
242 1862 321 1889 aquae
337 1856 525 1890 congregatio,
546 1861 622 1884 recta
639 1861 666 1885 et
683 1857 711 1884 in
726 1865 808 1891 quam
823 1865 878 1884 non

79 1901 155 1928 cadit
174 1901 367 1936 reprehensio,
385 1907 412 1929 ct
433 1902 566 1930 Ecclesiae
588 1903 730 1931 catholicae
747 1904 774 1931 in
793 1904 879 1932 Deum

79 1946 170 1981 pietas
182 1954 216 1974 ac
231 1947 327 1982 religio
345 1951 388 1974 est
404 1957 409 1974 :
429 1956 508 1983 aqua:
528 1953 620 1977 autem
637 1943 878 1984 congregationes,

80 1997 145 2019 sunt
166 1992 299 2020 Ecclesia:
311 2001 372 2027 qua:
382 1998 447 2020 sunt
460 1994 489 2020 hi
505 1994 565 2021 loco
580 1993 726 2029 regionum
741 1994 877 2029 gentium,

80 2038 223 2073 quomodo
248 2038 330 2066 docet
355 2038 458 2066 Paulus
472 2039 569 2067 dicens
587 2039 635 2066 Dei
653 2040 788 2067 Ecclesiis
804 2049 810 2066 :
825 2040 878 2067 Ec-

80 2084 168 2112 clesia
201 2083 332 2116 Corinthi,
350 2092 414 2112 ecce
446 2085 500 2112 alia
523 2086 700 2120 congregatio
714 2095 726 2119 _:
754 2085 880 2123 Ecclesia:

82 2130 367 2162 Thessalonicensium,
395 2138 459 2158 ecce
480 2131 534 2158 alia
550 2131 726 2166 congregatio
744 2132 878 2166 gentium.

80 2175 227 2209 Quomodo
247 2176 322 2202 enim
347 2184 433 2203 unum
444 2181 488 2204 est
501 2184 616 2212 regnum
630 2177 775 2210 ccelorum.
795 2178 880 2205 habet

80 2226 174 2247 autem
203 2221 306 2248 multas
333 2221 494 2248 mansiones
521 2225 555 2251 ut,
575 2221 643 2248 dicit
667 2221 793 2250 Christus
817 2223 879 2249 :ita

81 2267 167 2294 etiam
197 2271 240 2294 est
263 2275 328 2303 una.
345 2267 502 2294 communis
518 2267 620 2294 Christi
644 2268 779 2295 Ecclesia.
809 2269 880 2295 Sunt

930 1673 979 1708 tio)
994 1673 1083 1700 fertur
1100 1681 1183 1708 supra
1200 1681 1310 1707 aquam.
1322 1672 1368 1699 Sic
1379 1672 1453 1699 cuitu
1468 1671 1641 1706 interpretati
1658 1675 1722 1698 sunt

930 1719 1010 1746 multi
1034 1720 1207 1754 interpretes.
1226 1719 1260 1746 Et
1287 1719 1399 1746 trinum:
1423 1723 1500 1746 erant
1522 1727 1606 1753 supra
1626 1727 1721 1753 aquas,

930 1770 954 1792 et
975 1765 1090 1801 Spiritus
1102 1766 1150 1795 Dei
1170 1766 1302 1800 ferebatur
1319 1774 1401 1801 supra
1413 1774 1467 1792 eos.
1489 1765 1547 1792 Non
1566 1764 1639 1792 enim
1653 1764 1722 1791 dixit

930 1811 1081 1846 (inquiunt)
1094 1811 1237 1846 Scriptura
1251 1821 1258 1838 :
1270 1811 1299 1838 τὸ
1312 1811 1422 1846 Πνεῦμα
1433 1802 1501 1838 Θεόῦ
1511 1819 1573 1838 eum
1588 1810 1720 1838 articulo:

931 1856 959 1887 id
974 1861 1026 1888 est,
1043 1856 1164 1892 Spiritus
1180 1857 1224 1883 ille
1242 1866 1248 1883 ι
1267 1856 1314 1884 sed
1334 1856 1446 1891 Πνεῦμα.
1455 1856 1522 1882 Θεοῦ
1541 1856 1645 1891 absque
1658 1856 1724 1883 arti-

930 1902 1003 1934 culo,
1022 1902 1049 1929 id
1065 1906 1107 1931 cst
1121 1902 1242 1936 Spiritus
1258 1901 1304 1928 Dei
1317 1910 1322 1927 ε
1336 1901 1388 1928 hoc
1398 1906 1457 1933 est;
1474 1909 1546 1927 unus
1557 1908 1589 1927 ex
1605 1905 1724 1935 quatuor

930 1947 1072 1982 spiritibus
1092 1952 1236 1974 ventorum
1255 1947 1396 1974 ferebatur
1414 1955 1498 1981 super
1519 1939 1629 1981 aquam.
1655 1946 1722 1972 lilud

930 1999 1022 2021 autent
1038 1994 1102 2021 ferri
1113 2002 1206 2028 supra,
1224 2001 1277 2020 non
1289 1997 1331 2020 est
1348 1993 1606 2027 proprinmnaturze
1624 1993 1724 2019 divini—

932 2040 994 2067 tatis
1010 2048 1071 2075 qua:
1085 2048 1139 2066 non
1155 2043 1246 2074 potest
1261 2038 1464 2066 circumscribi.

965 2085 1033 2115 Illud
1047 2089 1140 2113 autem
1154 2083 1372 2112 estadmirabilc
1397 2084 1424 2110 in
1442 2091 1558 2111 ascensu
1586 2091 1721 2118 aquarum

931 2130 1084 2166 ini-Egypto
1103 2130 1206 2165 quibus
1231 2130 1283 2157 fuit
1298 2134 1407 2164 operta,
1424 2129 1678 2164 ohscurationcqnc
1696 2134 1723 2156 ct

930 2177 1058 2212 caligine,
1082 2181 1110 2203 et
1134 2175 1331 2208 infertilimte,
1358 2178 1386 2202 et
1425 2175 1609 2203 suﬂocatione
1637 2175 1724 2210 ipsius

930 2228 1020 2253 torrat.
1040 2223 1114 2258 quod
1140 2231 1194 2249 non
1216 2227 1278 2257 post
1300 2229 1423 2250 mensem
1452 2226 1500 2249 aut
1520 2222 1580 2249 dies
1601 2226 1681 2249 ortus
1696 2221 1722 2248 in

931 2269 1053 2297 carnein
1068 2269 1209 2297 Bethleem
1223 2273 1251 2296 et
1278 2268 1460 2304 apparitionis
1486 2268 1601 2301 Christi,
1625 2268 1672 2296 sed
1696 2268 1722 2295 in

79 2313 165 2340 etiam
186 2313 344 2346 singulares
361 2313 490 2340 Ecclesiae
501 2313 597 2340 mttndi
610 2318 691 2340 recta:
704 2313 777 2341 ﬁdei.
792 2314 879 2350 Opor-
895 2318 917 2345 Ι)
932 2316 1031 2342 diebus
1059 2315 1160 2342 natalis
1182 2320 1210 2342 et
1236 2314 1420 2350 apparitionis
1451 2323 1482 2342 ac
1510 2315 1724 2342 illuminationis

81 2363 120 2386 tet
149 2364 243 2385 autem
267 2359 320 2386 hoc
341 2368 451 2394 quoque
486 2360 515 2386 in
541 2360 602 2387 loco
628 2360 775 2392 adnotare,
804 2362 878 2396 quod

79 2405 192 2440 quando
212 2413 277 2432 cum
295 2406 365 2432 cmlo
385 2406 457 2433 Deus
474 2406 541 2433 fecit
555 2411 669 2439 terram,
687 2415 742 2434 non
757 2408 879 2442 appella-

80 2453 162 2479 batur
178 2452 268 2479 arida.
299 2451 474 2487 Frugiferum
494 2451 570 2479 enim
605 2460 637 2479 ac
664 2452 783 2480 fertilem
806 2454 879 2481 Deus

80 2499 144 2526 fecit
165 2499 310 2526 hominem
329 2503 425 2525 etnon
439 2498 557 2525 aridum.
581 2497 697 2531 Quando
720 2504 812 2531 autem
829 2499 879 2526 fuit

80 2545 216 2571 suil‘ocata
233 2551 248 2570 a
261 2543 385 2571 tenebris
397 2551 459 2578 qua:
470 2552 554 2578 supra
566 2552 625 2572 eam
640 2538 729 2577 erant,
739 2538 858 2580 H’aqnis
871 2554 877 2572 :

81 2595 146 2616 tunc
172 2590 246 2619 facta
264 2593 308 2616 est
326 2589 402 2616 arida
425 2593 453 2616 et
469 2595 587 2616 mortua.
602 2590 707 2617 Deinde
727 2598 787 2617 eam
807 2591 879 2618 Deus

81 2643 192 2662 rursum
219 2642 324 2661 vocans
338 2635 372 2661 ad
399 2634 540 2669 antiquata
558 2636 801 2666 illutniualionem.
818 2645 878 2662 eam

80 2681 288 2709 transnominat
299 2686 326 2708 ct
337 2681 362 2708 ei
375 2681 465 2709 reddit
475 2681 596 2716 primum
607 2690 707 2709 nomen
719 2691 725 2708 ί
735 2683 878 2717 etqnando

79 2737 94 2755 a
112 2729 240 2756 tenebris
265 2728 322 2754 Deo
345 2727 486 2762 apparuit,
511 2728 604 2755 statim
620 2719 679 2755 eam
701 2728 878 2755 vocavittcr-

80 2782 147 2808 ram,
167 2773 311 2809 quomodo
323 2773 390 2801 dicit
404 2774 489 2809 869
513 2774 626 2801 historia
641 2774 713 2809 quod
732 2774 805 2802 Deus
822 2775 878 2801 ari-

81 2819 141 2846 dam
165 2819 278 2846 vocavit
301 2823 402 2846 terram
423 2829 429 2846 :
448 2823 543 2854 utpote
559 2819 632 2854 quod
656 2820 691 2847 ab
707 2820 877 2847 infertilitate

80 2866 112 2892 ad
132 2866 322 2898 fertilitatem,
349 2874 399 2901 per
417 2866 560 2894 Christum
579 2867 612 2894 de
635 2871 736 2894 cetero
761 2872 876 2894 vocetur

79 2919 105 2938 et
122 2917 279 2939 renovetur
296 2913 390 2939 homo.
407 2913 437 2940 Ei
455 2917 546 2940 autem
569 2913 641 2948 quod
656 2913 719 2940 dico
734 2913 785 2940 fert
803 2914 879 2941 testi-

81 2960 207 2985 monium
231 2959 365 2993 propheta
390 2967 500 2993 quoque
526 2958 552 2986 in
578 2960 682 2994 psalmo
702 2961 878 2995 nonagesimo

931 2362 1056 2397 operittlr
1071 2366 1098 2389 ct
1120 2361 1323 2388 ohtcnebratur
1350 2361 1429 2395 aquis
1450 2365 1478 2387 et
1505 2360 1621 2395 caligine
1650 2364 1722 2387 terra

929 2408 1047 2443 ZEgypIi.
1062 2407 1178 2441 Quando
1195 2411 1287 2434 autem
1308 2407 1437 2435 Christus
1464 2407 1537 2434 Deus
1552 2407 1599 2433 lux
1627 2406 1720 2433 inundi

930 2458 1012 2480 natus
1030 2458 1087 2480 est:
1103 2458 1130 2479 et
1156 2461 1192 2480 ex
1206 2453 1320 2488 pr:escpi
1347 2453 1500 2483 Bethleem,
1523 2453 1550 2479 in
1574 2452 1721 2487 Aigyptum

930 2508 993 2527 cum
1006 2507 1055 2526 sua
1085 2505 1170 2529 matre
1187 2499 1310 2535 fugiente
1329 2499 1364 2526 ab
1381 2499 1501 2532 Ilcrode,
1518 2505 1644 2526 versatus
1661 2504 1721 2526 est:

930 2546 1023 2573 statim
1039 2549 1111 2574 terra
1145 2545 1254 2581 rEgypti
1281 2546 1430 2583 detegitur,
1446 2545 1721 2585 deponittcnchras,

930 2593 1007 2619 exuit
1023 2592 1168 2627 caliginem
1179 2593 1293 2625 erroris,
1307 2593 1380 2620 Solis
1391 2593 1507 2628 justitia:
1518 2592 1611 2619 lumen
1621 2591 1720 2618 induit.

931 2638 1062 2666 Versatus
1077 2639 1150 2665 enim
1164 2643 1206 2666 est
1230 2646 1292 2665 cum
1310 2638 1422 2673 proprio
1439 2638 1519 2670 orbe,
1549 2645 1648 2672 nempe
1665 2644 1722 2664 ma-

930 2690 986 2712 tre:
1002 2689 1030 2711 et
1043 2684 1125 2712 solvit
1139 2684 1279 2716 tenebras,
1304 2689 1332 2712 et
1359 2684 1444 2712 veluti
1475 2684 1614 2719 quoddam
1629 2683 1720 2710 velum

930 2730 1030 2765 ahjecit
1047 2739 1061 2756 a
1076 2738 1127 2758 suo
1141 2731 1229 2763 vultu,
1249 2738 1349 2766 nempe
1361 2738 1440 2765 aqua:
1455 2731 1631 2765 operculum,
1649 2733 1677 2755 ct
1693 2729 1719 2754 in

929 2777 1069 2804 Christum
1084 2777 1298 2807 fixitoculosmt
1325 2785 1388 2804 eum
1413 2776 1535 2812 agnovit.
1553 2775 1673 2802 adorans
1692 2777 1719 2800 et

931 2823 1126 2858 procumbens,
1142 2831 1224 2858 quem
1238 2824 1313 2858 prius
1327 2831 1381 2850 non
1394 2822 1576 2858 cognoscebat
1596 2821 1721 2855 (propter

931 2869 1034 2897 erroris
1060 2870 1188 2896 tenebras
1215 2877 1275 2904 quze
1297 2870 1321 2896 ei
1353 2865 1559 2904 in‘tpcudclrant)
1573 2870 1670 2900 operta
1686 2865 1720 2891 ab

931 2914 1191 2949 aquisignorantim.
1207 2914 1319 2941 liciteilit
1337 2918 1428 2940 autem
1452 2917 1479 2939 et
1507 2912 1626 2939 recurrit
1642 2911 1720 2938 Nilus

931 2969 961 2988 ex
973 2959 1089 2995 Aigypto
1107 2960 1133 2987 in
1149 2960 1247 2987 diebus
1278 2959 1413 2986 mensium
1437 2958 1596 2986 Decembris
1621 2964 1649 2986 et
1672 2958 1716 2985 Ja»
