  <div class='ocr_page' id='page_1' title='image "/cluster/home/n/w/nwhite01/storage/ocr_20150623/89/njp.32101064224908/453.png"; bbox 0 0 1990 3183; ppageno 0'>
   <div class='ocr_carea' id='block_1_1' title="bbox 290 215 338 245">
    <p class='ocr_par' dir='ltr' id='par_1_1' title="bbox 290 215 338 245">
     <span class='ocr_line' id='line_1_1' title="bbox 290 215 338 245; baseline 0 0"><span class='ocrx_word' id='word_1_1' title='bbox 290 215 338 245; x_wconf 59' lang='lat'><strong>507</strong></span> 
     </span>
    </p>
   </div>
   <div class='ocr_carea' id='block_1_2' title="bbox 286 314 1077 351">
    <p class='ocr_par' dir='ltr' id='par_1_2' title="bbox 286 314 1077 351">
     <span class='ocr_line' id='line_1_2' title="bbox 286 314 1077 351; baseline -0.004 -8"><span class='ocrx_word' id='word_1_2' title='bbox 286 326 349 344; x_wconf 88' lang='lat' dir='ltr'><strong>eum</strong></span> <span class='ocrx_word' id='word_1_3' title='bbox 367 321 454 343; x_wconf 87' lang='lat' dir='ltr'><strong>totum</strong></span> <span class='ocrx_word' id='word_1_4' title='bbox 469 321 497 344; x_wconf 89' lang='lat' dir='ltr'><strong>et</strong></span> <span class='ocrx_word' id='word_1_5' title='bbox 510 321 570 351; x_wconf 87' lang='lat' dir='ltr'><strong>post</strong></span> <span class='ocrx_word' id='word_1_6' title='bbox 586 316 676 350; x_wconf 87' lang='lat' dir='ltr'><strong>ipsum</strong></span> <span class='ocrx_word' id='word_1_7' title='bbox 692 315 803 346; x_wconf 83' lang='lat' dir='ltr'><strong>crescit,</strong></span> <span class='ocrx_word' id='word_1_8' title='bbox 818 323 918 349; x_wconf 87' lang='lat' dir='ltr'><strong>nempe</strong></span> <span class='ocrx_word' id='word_1_9' title='bbox 938 315 1023 341; x_wconf 79' lang='lat' dir='ltr'><strong>Julio.</strong></span> <span class='ocrx_word' id='word_1_10' title='bbox 1048 314 1077 340; x_wconf 90' lang='lat' dir='ltr'><strong>In</strong></span> 
     </span>
    </p>
   </div>
   <div class='ocr_carea' id='block_1_3' title="bbox 285 359 1078 395">
    <p class='ocr_par' dir='ltr' id='par_1_3' title="bbox 285 359 1078 395">
     <span class='ocr_line' id='line_1_3' title="bbox 285 359 1078 395; baseline -0.003 -7"><span class='ocrx_word' id='word_1_11' title='bbox 285 362 410 395; x_wconf 71' lang='lat' dir='ltr'><strong>Angusto</strong></span> <span class='ocrx_word' id='word_1_12' title='bbox 438 365 578 388; x_wconf 85' lang='lat' dir='ltr'><strong>autemet</strong></span> <span class='ocrx_word' id='word_1_13' title='bbox 604 366 661 387; x_wconf 87' lang='lat' dir='ltr'><strong>toto</strong></span> <span class='ocrx_word' id='word_1_14' title='bbox 695 360 854 395; x_wconf 77' lang='lat' dir='ltr'><strong>Septembri</strong></span> <span class='ocrx_word' id='word_1_15' title='bbox 886 360 975 387; x_wconf 82' lang='lat' dir='ltr'><strong>instar</strong></span> <span class='ocrx_word' id='word_1_16' title='bbox 993 359 1078 386; x_wconf 81' lang='lat' dir='ltr'><strong>maris</strong></span> 
     </span>
    </p>
   </div>
   <div class='ocr_carea' id='block_1_4' title="bbox 286 406 1078 442">
    <p class='ocr_par' dir='ltr' id='par_1_4' title="bbox 286 406 1078 442">
     <span class='ocr_line' id='line_1_4' title="bbox 286 406 1078 442; baseline -0.003 -8"><span class='ocrx_word' id='word_1_17' title='bbox 286 407 425 435; x_wconf 82' lang='lat' dir='ltr'><strong>inundans</strong></span> <span class='ocrx_word' id='word_1_18' title='bbox 456 407 614 442; x_wconf 61' lang='lat' dir='ltr'><strong>{Egyptunn</strong></span> <span class='ocrx_word' id='word_1_19' title='bbox 643 407 707 434; x_wconf 79' lang='lat' dir='ltr'><strong>facit</strong></span> <span class='ocrx_word' id='word_1_20' title='bbox 725 407 908 442; x_wconf 79' lang='lat' dir='ltr'><strong>navigabilem</strong></span> <span class='ocrx_word' id='word_1_21' title='bbox 924 415 985 440; x_wconf 78' lang='lat' dir='ltr'><strong>qme</strong></span> <span class='ocrx_word' id='word_1_22' title='bbox 1001 406 1078 440; x_wconf 84' lang='lat' dir='ltr'><strong>prius</strong></span> 
     </span>
    </p>
   </div>
   <div class='ocr_carea' id='block_1_5' title="bbox 285 453 1078 488">
    <p class='ocr_par' dir='ltr' id='par_1_5' title="bbox 285 453 1078 488">
     <span class='ocr_line' id='line_1_5' title="bbox 285 453 1078 488; baseline -0.003 -8"><span class='ocrx_word' id='word_1_23' title='bbox 285 454 481 480; x_wconf 79' lang='lat' dir='ltr'><strong>cratarabilis.</strong></span> <span class='ocrx_word' id='word_1_24' title='bbox 502 454 600 488; x_wconf 89' lang='lat' dir='ltr'><strong>Incipit</strong></span> <span class='ocrx_word' id='word_1_25' title='bbox 615 458 719 484; x_wconf 86' lang='lat' dir='ltr'><strong>autem,</strong></span> <span class='ocrx_word' id='word_1_26' title='bbox 734 458 763 480; x_wconf 89' lang='lat' dir='ltr'><strong>ut</strong></span> <span class='ocrx_word' id='word_1_27' title='bbox 782 453 889 480; x_wconf 87' lang='lat' dir='ltr'><strong>dictum</strong></span> <span class='ocrx_word' id='word_1_28' title='bbox 913 457 964 483; x_wconf 76' lang='lat' dir='ltr'><strong>est,</strong></span> <span class='ocrx_word' id='word_1_29' title='bbox 981 453 1078 479; x_wconf 78' lang='lat' dir='ltr'><strong>dcere-</strong></span> 
     </span>
    </p>
   </div>
   <div class='ocr_carea' id='block_1_6' title="bbox 285 499 1076 531">
    <p class='ocr_par' dir='ltr' id='par_1_6' title="bbox 285 499 1076 531">
     <span class='ocr_line' id='line_1_6' title="bbox 285 499 1076 531; baseline -0.001 -5"><span class='ocrx_word' id='word_1_30' title='bbox 285 509 364 527; x_wconf 80' lang='lat' dir='ltr'><strong>seere</strong></span> <span class='ocrx_word' id='word_1_31' title='bbox 389 500 415 526; x_wconf 93' lang='lat' dir='ltr'><strong>in</strong></span> <span class='ocrx_word' id='word_1_32' title='bbox 440 499 554 527; x_wconf 69' lang='lat' dir='ltr'><strong>Octobri</strong></span> <span class='ocrx_word' id='word_1_33' title='bbox 579 504 604 526; x_wconf 86' lang='lat' dir='ltr'><strong>et</strong></span> <span class='ocrx_word' id='word_1_34' title='bbox 623 500 788 531; x_wconf 81' lang='lat' dir='ltr'><strong>Novembri;</strong></span> <span class='ocrx_word' id='word_1_35' title='bbox 813 501 839 527; x_wconf 93' lang='lat' dir='ltr'><strong>in</strong></span> <span class='ocrx_word' id='word_1_36' title='bbox 864 507 958 526; x_wconf 75' lang='lat' dir='ltr'><strong>mense</strong></span> <span class='ocrx_word' id='word_1_37' title='bbox 984 503 1076 526; x_wconf 90' lang='lat' dir='ltr'><strong>autem</strong></span> 
     </span>
    </p>
   </div>
   <div class='ocr_carea' id='block_1_7' title="bbox 288 546 1076 581">
    <p class='ocr_par' dir='ltr' id='par_1_7' title="bbox 288 546 1076 581">
     <span class='ocr_line' id='line_1_7' title="bbox 288 546 1076 581; baseline 0 -10"><span class='ocrx_word' id='word_1_38' title='bbox 288 546 432 574; x_wconf 76' lang='lat' dir='ltr'><strong>Decembri</strong></span> <span class='ocrx_word' id='word_1_39' title='bbox 454 552 480 573; x_wconf 85' lang='lat' dir='ltr'><strong>et</strong></span> <span class='ocrx_word' id='word_1_40' title='bbox 496 551 553 572; x_wconf 84' lang='lat' dir='ltr'><strong>toto</strong></span> <span class='ocrx_word' id='word_1_41' title='bbox 564 547 706 576; x_wconf 82' lang='lat' dir='ltr'><strong>Januario,</strong></span> <span class='ocrx_word' id='word_1_42' title='bbox 726 546 853 573; x_wconf 92' lang='lat' dir='ltr'><strong>redditur</strong></span> <span class='ocrx_word' id='word_1_43' title='bbox 876 546 961 581; x_wconf 88' lang='lat' dir='ltr'><strong>priori</strong></span> <span class='ocrx_word' id='word_1_44' title='bbox 986 546 1076 572; x_wconf 77' lang='lat' dir='ltr'><strong>alveo.</strong></span> 
     </span>
    </p>
   </div>
   <div class='ocr_carea' id='block_1_8' title="bbox 285 593 1077 627">
    <p class='ocr_par' dir='ltr' id='par_1_8' title="bbox 285 593 1077 627">
     <span class='ocr_line' id='line_1_8' title="bbox 285 593 1077 627; baseline -0.001 -8"><span class='ocrx_word' id='word_1_45' title='bbox 285 593 400 626; x_wconf 81' lang='lat' dir='ltr'><strong>Quando</strong></span> <span class='ocrx_word' id='word_1_46' title='bbox 416 602 482 627; x_wconf 65' lang='lat' dir='ltr'><strong>ergo</strong></span> <span class='ocrx_word' id='word_1_47' title='bbox 503 599 567 620; x_wconf 92' lang='lat' dir='ltr'><strong>ante</strong></span> <span class='ocrx_word' id='word_1_48' title='bbox 583 593 687 620; x_wconf 82' lang='lat' dir='ltr'><strong>Christi</strong></span> <span class='ocrx_word' id='word_1_49' title='bbox 714 598 806 619; x_wconf 86' lang='lat' dir='ltr'><strong>ortum</strong></span> <span class='ocrx_word' id='word_1_50' title='bbox 833 601 893 619; x_wconf 88' lang='lat' dir='ltr'><strong>eam</strong></span> <span class='ocrx_word' id='word_1_51' title='bbox 925 593 1077 619; x_wconf 73' lang='lat' dir='ltr'><strong>viderimus</strong></span> 
     </span>
    </p>
   </div>
   <div class='ocr_carea' id='block_1_9' title="bbox 286 638 1077 674">
    <p class='ocr_par' dir='ltr' id='par_1_9' title="bbox 286 638 1077 674">
     <span class='ocr_line' id='line_1_9' title="bbox 286 638 1077 674; baseline -0.003 -8"><span class='ocrx_word' id='word_1_52' title='bbox 286 640 390 667; x_wconf 86' lang='lat' dir='ltr'><strong>tristem</strong></span> <span class='ocrx_word' id='word_1_53' title='bbox 404 645 431 666; x_wconf 86' lang='lat' dir='ltr'><strong>et</strong></span> <span class='ocrx_word' id='word_1_54' title='bbox 441 641 669 674; x_wconf 65' lang='lat' dir='ltr'><strong>caiiginosannet</strong></span> <span class='ocrx_word' id='word_1_55' title='bbox 683 640 844 670; x_wconf 79' lang='lat' dir='ltr'><strong>infertilem,</strong></span> <span class='ocrx_word' id='word_1_56' title='bbox 854 643 882 666; x_wconf 84' lang='lat' dir='ltr'><strong>et</strong></span> <span class='ocrx_word' id='word_1_57' title='bbox 898 639 924 665; x_wconf 91' lang='lat' dir='ltr'><strong>in</strong></span> <span class='ocrx_word' id='word_1_58' title='bbox 937 638 1077 674; x_wconf 78' lang='lat' dir='ltr'><strong>profundo</strong></span> 
     </span>
    </p>
   </div>
   <div class='ocr_carea' id='block_1_10' title="bbox 285 683 1076 719">
    <p class='ocr_par' dir='ltr' id='par_1_10' title="bbox 285 683 1076 719">
     <span class='ocr_line' id='line_1_10' title="bbox 285 683 1076 719; baseline -0.004 -6"><span class='ocrx_word' id='word_1_59' title='bbox 285 687 456 713; x_wconf 74' lang='lat' dir='ltr'><strong>submersam</strong></span> <span class='ocrx_word' id='word_1_60' title='bbox 486 691 514 712; x_wconf 87' lang='lat' dir='ltr'><strong>et</strong></span> <span class='ocrx_word' id='word_1_61' title='bbox 540 686 713 716; x_wconf 86' lang='lat' dir='ltr'><strong>inornatam;</strong></span> <span class='ocrx_word' id='word_1_62' title='bbox 750 685 852 712; x_wconf 78' lang='lat' dir='ltr'><strong>deinde</strong></span> <span class='ocrx_word' id='word_1_63' title='bbox 883 690 944 719; x_wconf 74' lang='lat' dir='ltr'><strong>post</strong></span> <span class='ocrx_word' id='word_1_64' title='bbox 973 683 1076 711; x_wconf 82' lang='lat' dir='ltr'><strong>Christi</strong></span> 
     </span>
    </p>
   </div>
   <div class='ocr_carea' id='block_1_11' title="bbox 284 730 1075 767">
    <p class='ocr_par' dir='ltr' id='par_1_11' title="bbox 284 730 1075 767">
     <span class='ocr_line' id='line_1_11' title="bbox 284 730 1075 767; baseline -0.001 -9"><span class='ocrx_word' id='word_1_65' title='bbox 284 738 376 760; x_wconf 86' lang='lat' dir='ltr'><strong>ortum</strong></span> <span class='ocrx_word' id='word_1_66' title='bbox 392 738 420 759; x_wconf 91' lang='lat' dir='ltr'><strong>et</strong></span> <span class='ocrx_word' id='word_1_67' title='bbox 433 733 493 767; x_wconf 81' lang='lat' dir='ltr'><strong>ejus</strong></span> <span class='ocrx_word' id='word_1_68' title='bbox 517 733 703 767; x_wconf 69' lang='lat' dir='ltr'><strong>praesentiam,</strong></span> <span class='ocrx_word' id='word_1_69' title='bbox 726 732 752 758; x_wconf 91' lang='lat' dir='ltr'><strong>in</strong></span> <span class='ocrx_word' id='word_1_70' title='bbox 781 732 855 759; x_wconf 92' lang='lat' dir='ltr'><strong>omni</strong></span> <span class='ocrx_word' id='word_1_71' title='bbox 885 732 946 758; x_wconf 88' lang='lat' dir='ltr'><strong>loco</strong></span> <span class='ocrx_word' id='word_1_72' title='bbox 967 730 1075 766; x_wconf 56' lang='lat' dir='ltr'><strong>{Egypti</strong></span> 
     </span>
    </p>
   </div>
   <div class='ocr_carea' id='block_1_12' title="bbox 284 777 1074 812">
    <p class='ocr_par' dir='ltr' id='par_1_12' title="bbox 284 777 1074 812">
     <span class='ocr_line' id='line_1_12' title="bbox 284 777 1074 812; baseline -0.003 -6"><span class='ocrx_word' id='word_1_73' title='bbox 284 780 377 806; x_wconf 78' lang='lat' dir='ltr'><strong>statim</strong></span> <span class='ocrx_word' id='word_1_74' title='bbox 395 780 452 806; x_wconf 81' lang='lat' dir='ltr'><strong>ﬁeri</strong></span> <span class='ocrx_word' id='word_1_75' title='bbox 465 788 617 810; x_wconf 76' lang='lat' dir='ltr'><strong>recessum,</strong></span> <span class='ocrx_word' id='word_1_76' title='bbox 637 785 663 806; x_wconf 89' lang='lat' dir='ltr'><strong>et</strong></span> <span class='ocrx_word' id='word_1_77' title='bbox 678 785 780 805; x_wconf 83' lang='lat' dir='ltr'><strong>terram</strong></span> <span class='ocrx_word' id='word_1_78' title='bbox 801 778 894 805; x_wconf 86' lang='lat' dir='ltr'><strong>ornari</strong></span> <span class='ocrx_word' id='word_1_79' title='bbox 909 783 936 804; x_wconf 82' lang='lat' dir='ltr'><strong>et</strong></span> <span class='ocrx_word' id='word_1_80' title='bbox 953 777 1074 812; x_wconf 72' lang='lat' dir='ltr'><strong>irrigari,</strong></span> 
     </span>
    </p>
   </div>
   <div class='ocr_carea' id='block_1_13' title="bbox 284 825 1074 861">
    <p class='ocr_par' dir='ltr' id='par_1_13' title="bbox 284 825 1074 861">
     <span class='ocr_line' id='line_1_13' title="bbox 284 825 1074 861; baseline -0.004 -8"><span class='ocrx_word' id='word_1_81' title='bbox 284 827 387 861; x_wconf 72' lang='lat' dir='ltr'><strong>gestire</strong></span> <span class='ocrx_word' id='word_1_82' title='bbox 402 827 541 861; x_wconf 66' lang='lat' dir='ltr'><strong>regiones,</strong></span> <span class='ocrx_word' id='word_1_83' title='bbox 553 827 663 853; x_wconf 85' lang='lat' dir='ltr'><strong>densari</strong></span> <span class='ocrx_word' id='word_1_84' title='bbox 683 826 808 861; x_wconf 86' lang='lat' dir='ltr'><strong>paludes,</strong></span> <span class='ocrx_word' id='word_1_85' title='bbox 819 833 900 860; x_wconf 81' lang='lat' dir='ltr'><strong>agros</strong></span> <span class='ocrx_word' id='word_1_86' title='bbox 908 825 1074 860; x_wconf 76' lang='lat' dir='ltr'><strong>germinare,</strong></span> 
     </span>
    </p>
   </div>
   <div class='ocr_carea' id='block_1_14' title="bbox 283 870 1076 906">
    <p class='ocr_par' dir='ltr' id='par_1_14' title="bbox 283 870 1076 906">
     <span class='ocr_line' id='line_1_14' title="bbox 283 870 1076 906; baseline -0.003 -8"><span class='ocrx_word' id='word_1_87' title='bbox 283 877 311 899; x_wconf 81' lang='lat' dir='ltr'><strong>et</strong></span> <span class='ocrx_word' id='word_1_88' title='bbox 326 872 402 899; x_wconf 84' lang='lat' dir='ltr'><strong>vicos</strong></span> <span class='ocrx_word' id='word_1_89' title='bbox 433 878 562 906; x_wconf 86' lang='lat' dir='ltr'><strong>tauquam</strong></span> <span class='ocrx_word' id='word_1_90' title='bbox 577 880 611 899; x_wconf 76' lang='lat' dir='ltr'><strong>ex</strong></span> <span class='ocrx_word' id='word_1_91' title='bbox 634 871 771 906; x_wconf 81' lang='lat' dir='ltr'><strong>profundo</strong></span> <span class='ocrx_word' id='word_1_92' title='bbox 790 877 926 904; x_wconf 87' lang='lat' dir='ltr'><strong>aquarum</strong></span> <span class='ocrx_word' id='word_1_93' title='bbox 952 870 1076 896; x_wconf 79' lang='lat' dir='ltr'><strong>delectos</strong></span> 
     </span>
    </p>
   </div>
   <div class='ocr_carea' id='block_1_15' title="bbox 283 916 1074 952">
    <p class='ocr_par' dir='ltr' id='par_1_15' title="bbox 283 916 1074 952">
     <span class='ocr_line' id='line_1_15' title="bbox 283 916 1074 952; baseline -0.005 -6"><span class='ocrx_word' id='word_1_94' title='bbox 283 924 312 946; x_wconf 83' lang='lat' dir='ltr'><strong>et</strong></span> <span class='ocrx_word' id='word_1_95' title='bbox 328 919 355 945; x_wconf 93' lang='lat' dir='ltr'><strong>in</strong></span> <span class='ocrx_word' id='word_1_96' title='bbox 375 919 461 945; x_wconf 85' lang='lat' dir='ltr'><strong>altum</strong></span> <span class='ocrx_word' id='word_1_97' title='bbox 488 919 586 949; x_wconf 83' lang='lat' dir='ltr'><strong>elatos,</strong></span> <span class='ocrx_word' id='word_1_98' title='bbox 614 922 643 945; x_wconf 86' lang='lat' dir='ltr'><strong>et</strong></span> <span class='ocrx_word' id='word_1_99' title='bbox 667 925 755 952; x_wconf 81' lang='lat' dir='ltr'><strong>aquas</strong></span> <span class='ocrx_word' id='word_1_100' title='bbox 777 916 999 952; x_wconf 75' lang='lat' dir='ltr'><strong>congregatasin</strong></span> <span class='ocrx_word' id='word_1_101' title='bbox 1015 916 1074 943; x_wconf 79' lang='lat' dir='ltr'><strong>suis</strong></span> 
     </span>
    </p>
   </div>
   <div class='ocr_carea' id='block_1_16' title="bbox 284 963 1072 999">
    <p class='ocr_par' dir='ltr' id='par_1_16' title="bbox 284 963 1072 999">
     <span class='ocr_line' id='line_1_16' title="bbox 284 963 1072 999; baseline 0 -8"><span class='ocrx_word' id='word_1_102' title='bbox 284 965 564 998; x_wconf 69' lang='lat' dir='ltr'><strong>congregationibus.</strong></span> <span class='ocrx_word' id='word_1_103' title='bbox 598 971 751 999; x_wconf 87' lang='lat' dir='ltr'><strong>carumque</strong></span> <span class='ocrx_word' id='word_1_104' title='bbox 782 963 870 990; x_wconf 77' lang='lat' dir='ltr'><strong>fossas</strong></span> <span class='ocrx_word' id='word_1_105' title='bbox 900 969 929 990; x_wconf 82' lang='lat' dir='ltr'><strong>et</strong></span> <span class='ocrx_word' id='word_1_106' title='bbox 963 963 1072 994; x_wconf 82' lang='lat' dir='ltr'><strong>ﬂuvios,</strong></span> 
     </span>
    </p>
   </div>
   <div class='ocr_carea' id='block_1_17' title="bbox 285 1009 1075 1045">
    <p class='ocr_par' dir='ltr' id='par_1_17' title="bbox 285 1009 1075 1045">
     <span class='ocr_line' id='line_1_17' title="bbox 285 1009 1075 1045; baseline -0.001 -8"><span class='ocrx_word' id='word_1_107' title='bbox 285 1011 366 1045; x_wconf 81' lang='lat' dir='ltr'><strong>plane</strong></span> <span class='ocrx_word' id='word_1_108' title='bbox 381 1011 572 1044; x_wconf 75' lang='lat' dir='ltr'><strong>intelligamus</strong></span> <span class='ocrx_word' id='word_1_109' title='bbox 584 1009 698 1045; x_wconf 80' lang='lat' dir='ltr'><strong>quando</strong></span> <span class='ocrx_word' id='word_1_110' title='bbox 713 1010 772 1037; x_wconf 69' lang='lat' dir='ltr'><strong>haec</strong></span> <span class='ocrx_word' id='word_1_111' title='bbox 797 1009 857 1036; x_wconf 84' lang='lat' dir='ltr'><strong>lieri</strong></span> <span class='ocrx_word' id='word_1_112' title='bbox 872 1009 1027 1036; x_wconf 79' lang='lat' dir='ltr'><strong>viderimus</strong></span> <span class='ocrx_word' id='word_1_113' title='bbox 1048 1009 1075 1036; x_wconf 92' lang='lat' dir='ltr'><strong>in</strong></span> 
     </span>
    </p>
   </div>
   <div class='ocr_carea' id='block_1_18' title="bbox 283 1055 1077 1092">
    <p class='ocr_par' dir='ltr' id='par_1_18' title="bbox 283 1055 1077 1092">
     <span class='ocr_line' id='line_1_18' title="bbox 283 1055 1077 1092; baseline -0.001 -9"><span class='ocrx_word' id='word_1_114' title='bbox 283 1057 413 1092; x_wconf 56' lang='lat' dir='ltr'><strong>A‘lgypto,</strong></span> <span class='ocrx_word' id='word_1_115' title='bbox 428 1056 503 1091; x_wconf 88' lang='lat' dir='ltr'><strong>quod</strong></span> <span class='ocrx_word' id='word_1_116' title='bbox 519 1055 640 1083; x_wconf 80' lang='lat' dir='ltr'><strong>Verbum</strong></span> <span class='ocrx_word' id='word_1_117' title='bbox 662 1056 710 1083; x_wconf 85' lang='lat' dir='ltr'><strong>Dei</strong></span> <span class='ocrx_word' id='word_1_118' title='bbox 727 1056 899 1083; x_wconf 85' lang='lat' dir='ltr'><strong>inearnatum</strong></span> <span class='ocrx_word' id='word_1_119' title='bbox 914 1055 1005 1090; x_wconf 89' lang='lat' dir='ltr'><strong>ipsum</strong></span> <span class='ocrx_word' id='word_1_120' title='bbox 1017 1059 1077 1083; x_wconf 74' lang='lat' dir='ltr'><strong>erat</strong></span> 
     </span>
    </p>
   </div>
   <div class='ocr_carea' id='block_1_19' title="bbox 283 1101 1075 1137">
    <p class='ocr_par' dir='ltr' id='par_1_19' title="bbox 283 1101 1075 1137">
     <span class='ocr_line' id='line_1_19' title="bbox 283 1101 1075 1137; baseline -0.001 -8"><span class='ocrx_word' id='word_1_121' title='bbox 283 1101 358 1137; x_wconf 90' lang='lat' dir='ltr'><strong>quod</strong></span> <span class='ocrx_word' id='word_1_122' title='bbox 390 1102 417 1128; x_wconf 91' lang='lat' dir='ltr'><strong>in</strong></span> <span class='ocrx_word' id='word_1_123' title='bbox 439 1102 577 1137; x_wconf 87' lang='lat' dir='ltr'><strong>principio</strong></span> <span class='ocrx_word' id='word_1_124' title='bbox 604 1107 648 1129; x_wconf 91' lang='lat' dir='ltr'><strong>est</strong></span> <span class='ocrx_word' id='word_1_125' title='bbox 675 1102 892 1129; x_wconf 87' lang='lat' dir='ltr'><strong>architectatum</strong></span> <span class='ocrx_word' id='word_1_126' title='bbox 920 1105 1075 1129; x_wconf 80' lang='lat' dir='ltr'><strong>creaturam</strong></span> 
     </span>
    </p>
   </div>
   <div class='ocr_carea' id='block_1_20' title="bbox 284 1147 1077 1183">
    <p class='ocr_par' dir='ltr' id='par_1_20' title="bbox 284 1147 1077 1183">
     <span class='ocr_line' id='line_1_20' title="bbox 284 1147 1077 1183; baseline 0 -9"><span class='ocrx_word' id='word_1_127' title='bbox 284 1147 347 1175; x_wconf 85' lang='lat' dir='ltr'><strong>cceli</strong></span> <span class='ocrx_word' id='word_1_128' title='bbox 361 1152 390 1174; x_wconf 91' lang='lat' dir='ltr'><strong>et</strong></span> <span class='ocrx_word' id='word_1_129' title='bbox 411 1152 512 1174; x_wconf 78' lang='lat' dir='ltr'><strong>teme:</strong></span> <span class='ocrx_word' id='word_1_130' title='bbox 534 1147 682 1182; x_wconf 90' lang='lat' dir='ltr'><strong>ipsumque</strong></span> <span class='ocrx_word' id='word_1_131' title='bbox 698 1147 724 1174; x_wconf 93' lang='lat' dir='ltr'><strong>in</strong></span> <span class='ocrx_word' id='word_1_132' title='bbox 738 1147 856 1183; x_wconf 63' lang='lat' dir='ltr'><strong>[Egypto</strong></span> <span class='ocrx_word' id='word_1_133' title='bbox 880 1152 1019 1174; x_wconf 86' lang='lat' dir='ltr'><strong>versatum</strong></span> <span class='ocrx_word' id='word_1_134' title='bbox 1034 1152 1077 1174; x_wconf 89' lang='lat' dir='ltr'><strong>est</strong></span> 
     </span>
    </p>
   </div>
   <div class='ocr_carea' id='block_1_21' title="bbox 284 1194 1075 1226">
    <p class='ocr_par' dir='ltr' id='par_1_21' title="bbox 284 1194 1075 1226">
     <span class='ocr_line' id='line_1_21' title="bbox 284 1194 1075 1226; baseline 0 -4"><span class='ocrx_word' id='word_1_135' title='bbox 284 1195 313 1222; x_wconf 93' lang='lat' dir='ltr'><strong>in</strong></span> <span class='ocrx_word' id='word_1_136' title='bbox 327 1201 422 1226; x_wconf 87' lang='lat' dir='ltr'><strong>carne,</strong></span> <span class='ocrx_word' id='word_1_137' title='bbox 446 1198 475 1221; x_wconf 82' lang='lat' dir='ltr'><strong>et</strong></span> <span class='ocrx_word' id='word_1_138' title='bbox 503 1202 566 1221; x_wconf 88' lang='lat' dir='ltr'><strong>cum</strong></span> <span class='ocrx_word' id='word_1_139' title='bbox 593 1202 653 1222; x_wconf 85' lang='lat' dir='ltr'><strong>eam</strong></span> <span class='ocrx_word' id='word_1_140' title='bbox 684 1194 801 1222; x_wconf 76' lang='lat' dir='ltr'><strong>vidisset</strong></span> <span class='ocrx_word' id='word_1_141' title='bbox 817 1195 995 1222; x_wconf 80' lang='lat' dir='ltr'><strong>tenebrosam</strong></span> <span class='ocrx_word' id='word_1_142' title='bbox 1016 1199 1045 1222; x_wconf 84' lang='lat' dir='ltr'><strong>et</strong></span> <span class='ocrx_word' id='word_1_143' title='bbox 1060 1203 1075 1222; x_wconf 90' lang='lat' dir='ltr'><strong>a</strong></span> 
     </span>
    </p>
   </div>
   <div class='ocr_carea' id='block_1_22' title="bbox 282 1241 1076 1277">
    <p class='ocr_par' dir='ltr' id='par_1_22' title="bbox 282 1241 1076 1277">
     <span class='ocr_line' id='line_1_22' title="bbox 282 1241 1076 1277; baseline 0 -9"><span class='ocrx_word' id='word_1_144' title='bbox 282 1241 405 1277; x_wconf 82' lang='lat' dir='ltr'><strong>maligno</strong></span> <span class='ocrx_word' id='word_1_145' title='bbox 417 1241 591 1272; x_wconf 79' lang='lat' dir='ltr'><strong>sull‘ocatam,</strong></span> <span class='ocrx_word' id='word_1_146' title='bbox 606 1241 735 1268; x_wconf 79' lang='lat' dir='ltr'><strong>clamavit</strong></span> <span class='ocrx_word' id='word_1_147' title='bbox 748 1249 780 1268; x_wconf 81' lang='lat' dir='ltr'><strong>ex</strong></span> <span class='ocrx_word' id='word_1_148' title='bbox 792 1246 926 1276; x_wconf 79' lang='lat' dir='ltr'><strong>potestate</strong></span> <span class='ocrx_word' id='word_1_149' title='bbox 943 1246 1076 1275; x_wconf 82' lang='lat' dir='ltr'><strong>tanquam</strong></span> 
     </span>
    </p>
   </div>
   <div class='ocr_carea' id='block_1_23' title="bbox 283 1287 1075 1322">
    <p class='ocr_par' dir='ltr' id='par_1_23' title="bbox 283 1287 1075 1322">
     <span class='ocr_line' id='line_1_23' title="bbox 283 1287 1075 1322; baseline -0.001 -8"><span class='ocrx_word' id='word_1_150' title='bbox 283 1287 367 1318; x_wconf 83' lang='lat' dir='ltr'><strong>Deus,</strong></span> <span class='ocrx_word' id='word_1_151' title='bbox 382 1287 453 1314; x_wconf 82' lang='lat' dir='ltr'><strong>sicut</strong></span> <span class='ocrx_word' id='word_1_152' title='bbox 466 1287 547 1321; x_wconf 82' lang='lat' dir='ltr'><strong>aquis</strong></span> <span class='ocrx_word' id='word_1_153' title='bbox 559 1287 709 1314; x_wconf 82' lang='lat' dir='ltr'><strong>mundanis</strong></span> <span class='ocrx_word' id='word_1_154' title='bbox 723 1287 760 1314; x_wconf 77' lang='lat' dir='ltr'><strong>ita</strong></span> <span class='ocrx_word' id='word_1_155' title='bbox 784 1287 868 1314; x_wconf 86' lang='lat' dir='ltr'><strong>etiam</strong></span> <span class='ocrx_word' id='word_1_156' title='bbox 894 1287 1075 1322; x_wconf 68' lang='lat' dir='ltr'><strong>.Egyptiacis,</strong></span> 
     </span>
    </p>
   </div>
   <div class='ocr_carea' id='block_1_24' title="bbox 284 1333 1075 1368">
    <p class='ocr_par' dir='ltr' id='par_1_24' title="bbox 284 1333 1075 1368">
     <span class='ocr_line' id='line_1_24' title="bbox 284 1333 1075 1368; baseline 0 -9"><span class='ocrx_word' id='word_1_157' title='bbox 284 1333 381 1360; x_wconf 87' lang='lat' dir='ltr'><strong>dicens</strong></span> <span class='ocrx_word' id='word_1_158' title='bbox 393 1337 461 1368; x_wconf 86' lang='lat' dir='ltr'><strong>quot</strong></span> <span class='ocrx_word' id='word_1_159' title='bbox 474 1334 565 1365; x_wconf 84' lang='lat' dir='ltr'><strong>annis,</strong></span> <span class='ocrx_word' id='word_1_160' title='bbox 582 1339 611 1360; x_wconf 92' lang='lat' dir='ltr'><strong>et</strong></span> <span class='ocrx_word' id='word_1_161' title='bbox 637 1341 725 1368; x_wconf 87' lang='lat' dir='ltr'><strong>usque</strong></span> <span class='ocrx_word' id='word_1_162' title='bbox 749 1334 782 1360; x_wconf 87' lang='lat' dir='ltr'><strong>ad</strong></span> <span class='ocrx_word' id='word_1_163' title='bbox 806 1333 1075 1361; x_wconf 84' lang='lat' dir='ltr'><strong>consummationem</strong></span> 
     </span>
    </p>
   </div>
   <div class='ocr_carea' id='block_1_25' title="bbox 284 1379 1076 1415">
    <p class='ocr_par' dir='ltr' id='par_1_25' title="bbox 284 1379 1076 1415">
     <span class='ocr_line' id='line_1_25' title="bbox 284 1379 1076 1415; baseline 0 -10"><span class='ocrx_word' id='word_1_164' title='bbox 284 1383 347 1414; x_wconf 87' lang='lat' dir='ltr'><strong>post</strong></span> <span class='ocrx_word' id='word_1_165' title='bbox 357 1379 411 1406; x_wconf 80' lang='lat' dir='ltr'><strong>Nili</strong></span> <span class='ocrx_word' id='word_1_166' title='bbox 424 1387 580 1410; x_wconf 80' lang='lat' dir='ltr'><strong>ascensura,</strong></span> <span class='ocrx_word' id='word_1_167' title='bbox 598 1384 771 1415; x_wconf 68' lang='lat' dir='ltr'><strong>congregetur</strong></span> <span class='ocrx_word' id='word_1_168' title='bbox 786 1387 857 1414; x_wconf 82' lang='lat' dir='ltr'><strong>aqua</strong></span> <span class='ocrx_word' id='word_1_169' title='bbox 874 1387 933 1414; x_wconf 74' lang='lat' dir='ltr'><strong>quw</strong></span> <span class='ocrx_word' id='word_1_170' title='bbox 944 1384 981 1406; x_wconf 75' lang='lat' dir='ltr'><strong>est</strong></span> <span class='ocrx_word' id='word_1_171' title='bbox 993 1387 1076 1414; x_wconf 71' lang='lat' dir='ltr'><strong>supra</strong></span> 
     </span>
    </p>
   </div>
   <div class='ocr_carea' id='block_1_26' title="bbox 285 1425 1077 1462">
    <p class='ocr_par' dir='ltr' id='par_1_26' title="bbox 285 1425 1077 1462">
     <span class='ocr_line' id='line_1_26' title="bbox 285 1425 1077 1462; baseline 0.001 -10"><span class='ocrx_word' id='word_1_172' title='bbox 285 1426 379 1460; x_wconf 75' lang='lat' dir='ltr'><strong>faciem</strong></span> <span class='ocrx_word' id='word_1_173' title='bbox 404 1427 532 1453; x_wconf 75' lang='lat' dir='ltr'><strong>universw</strong></span> <span class='ocrx_word' id='word_1_174' title='bbox 549 1431 628 1452; x_wconf 76' lang='lat' dir='ltr'><strong>terra:</strong></span> <span class='ocrx_word' id='word_1_175' title='bbox 651 1425 759 1462; x_wconf 57' lang='lat' dir='ltr'><strong>{Egypti</strong></span> <span class='ocrx_word' id='word_1_176' title='bbox 793 1426 819 1452; x_wconf 91' lang='lat' dir='ltr'><strong>in</strong></span> <span class='ocrx_word' id='word_1_177' title='bbox 849 1426 1077 1461; x_wconf 69' lang='lat' dir='ltr'><strong>congregationcs</strong></span> 
     </span>
    </p>
   </div>
   <div class='ocr_carea' id='block_1_27' title="bbox 284 1472 1077 1508">
    <p class='ocr_par' dir='ltr' id='par_1_27' title="bbox 284 1472 1077 1508">
     <span class='ocr_line' id='line_1_27' title="bbox 284 1472 1077 1508; baseline -0.001 -9"><span class='ocrx_word' id='word_1_178' title='bbox 284 1480 359 1499; x_wconf 85' lang='lat' dir='ltr'><strong>suas.</strong></span> <span class='ocrx_word' id='word_1_179' title='bbox 372 1473 495 1500; x_wconf 78' lang='lat' dir='ltr'><strong>Rursus:</strong></span> <span class='ocrx_word' id='word_1_180' title='bbox 516 1477 647 1508; x_wconf 84' lang='lat' dir='ltr'><strong>appareat</strong></span> <span class='ocrx_word' id='word_1_181' title='bbox 661 1478 745 1505; x_wconf 89' lang='lat' dir='ltr'><strong>terra,</strong></span> <span class='ocrx_word' id='word_1_182' title='bbox 759 1478 788 1500; x_wconf 89' lang='lat' dir='ltr'><strong>ut</strong></span> <span class='ocrx_word' id='word_1_183' title='bbox 804 1473 850 1508; x_wconf 87' lang='lat' dir='ltr'><strong>qui</strong></span> <span class='ocrx_word' id='word_1_184' title='bbox 865 1473 920 1508; x_wconf 82' lang='lat' dir='ltr'><strong>jam</strong></span> <span class='ocrx_word' id='word_1_185' title='bbox 935 1473 1001 1499; x_wconf 88' lang='lat' dir='ltr'><strong>olim</strong></span> <span class='ocrx_word' id='word_1_186' title='bbox 1016 1472 1077 1507; x_wconf 92' lang='lat' dir='ltr'><strong>qui-</strong></span> 
     </span>
    </p>
   </div>
   <div class='ocr_carea' id='block_1_28' title="bbox 284 1518 1075 1554">
    <p class='ocr_par' dir='ltr' id='par_1_28' title="bbox 284 1518 1075 1554">
     <span class='ocr_line' id='line_1_28' title="bbox 284 1518 1075 1554; baseline -0.001 -8"><span class='ocrx_word' id='word_1_187' title='bbox 284 1519 347 1546; x_wconf 95' lang='lat' dir='ltr'><strong>dem</strong></span> <span class='ocrx_word' id='word_1_188' title='bbox 373 1519 491 1554; x_wconf 78' lang='lat' dir='ltr'><strong>spiritus</strong></span> <span class='ocrx_word' id='word_1_189' title='bbox 504 1519 609 1546; x_wconf 87' lang='lat' dir='ltr'><strong>erroris</strong></span> <span class='ocrx_word' id='word_1_190' title='bbox 625 1519 775 1554; x_wconf 89' lang='lat' dir='ltr'><strong>increparit</strong></span> <span class='ocrx_word' id='word_1_191' title='bbox 789 1525 817 1545; x_wconf 88' lang='lat' dir='ltr'><strong>et</strong></span> <span class='ocrx_word' id='word_1_192' title='bbox 830 1527 879 1546; x_wconf 77' lang='lat' dir='ltr'><strong>eos</strong></span> <span class='ocrx_word' id='word_1_193' title='bbox 892 1518 1009 1554; x_wconf 57' lang='lat' dir='ltr'><strong>A-Zgypto</strong></span> <span class='ocrx_word' id='word_1_194' title='bbox 1027 1526 1075 1546; x_wconf 77' lang='lat' dir='ltr'><strong>cx-</strong></span> 
     </span>
    </p>
   </div>
   <div class='ocr_carea' id='block_1_29' title="bbox 284 1565 1076 1600">
    <p class='ocr_par' dir='ltr' id='par_1_29' title="bbox 284 1565 1076 1600">
     <span class='ocr_line' id='line_1_29' title="bbox 284 1565 1076 1600; baseline 0 -9"><span class='ocrx_word' id='word_1_195' title='bbox 284 1565 395 1599; x_wconf 79' lang='lat' dir='ltr'><strong>pulerit,</strong></span> <span class='ocrx_word' id='word_1_196' title='bbox 411 1572 484 1592; x_wconf 86' lang='lat' dir='ltr'><strong>nunc</strong></span> <span class='ocrx_word' id='word_1_197' title='bbox 497 1569 589 1592; x_wconf 87' lang='lat' dir='ltr'><strong>autem</strong></span> <span class='ocrx_word' id='word_1_198' title='bbox 600 1565 627 1592; x_wconf 86' lang='lat' dir='ltr'><strong>in</strong></span> <span class='ocrx_word' id='word_1_199' title='bbox 644 1570 769 1600; x_wconf 88' lang='lat' dir='ltr'><strong>tempore</strong></span> <span class='ocrx_word' id='word_1_200' title='bbox 785 1565 846 1600; x_wconf 85' lang='lat' dir='ltr'><strong>ejus</strong></span> <span class='ocrx_word' id='word_1_201' title='bbox 870 1573 956 1600; x_wconf 82' lang='lat' dir='ltr'><strong>aquas</strong></span> <span class='ocrx_word' id='word_1_202' title='bbox 979 1565 1076 1592; x_wconf 77' lang='lat' dir='ltr'><strong>fecerit</strong></span> 
     </span>
    </p>
   </div>
   <div class='ocr_carea' id='block_1_30' title="bbox 901 212 1334 245">
    <p class='ocr_par' dir='ltr' id='par_1_30' title="bbox 901 212 1334 245">
     <span class='ocr_line' id='line_1_30' title="bbox 901 212 1334 245; baseline 0.012 -4"><span class='ocrx_word' id='word_1_203' title='bbox 901 214 930 241; x_wconf 71' lang='grc'><strong>5.</strong></span> <span class='ocrx_word' id='word_1_204' title='bbox 951 212 1151 243; x_wconf 64' lang='lat' dir='ltr'><strong>ANASTASII</strong></span> <span class='ocrx_word' id='word_1_205' title='bbox 1172 216 1334 245; x_wconf 64' lang='lat' dir='ltr'><strong>SINAITJS</strong></span> 
     </span>
    </p>
   </div>
   <div class='ocr_carea' id='block_1_31' title="bbox 287 269 1308 305">
    <p class='ocr_par' dir='ltr' id='par_1_31' title="bbox 287 269 1308 305">
     <span class='ocr_line' id='line_1_31' title="bbox 287 269 1308 305; baseline 0.001 -8"><span class='ocrx_word' id='word_1_206' title='bbox 287 272 387 298; x_wconf 76' lang='lat' dir='ltr'><strong>nuarii.</strong></span> <span class='ocrx_word' id='word_1_207' title='bbox 405 271 504 305; x_wconf 85' lang='lat' dir='ltr'><strong>lneipit</strong></span> <span class='ocrx_word' id='word_1_208' title='bbox 523 271 598 297; x_wconf 84' lang='lat' dir='ltr'><strong>enim</strong></span> <span class='ocrx_word' id='word_1_209' title='bbox 631 270 718 297; x_wconf 83' lang='lat' dir='ltr'><strong>ﬂuere</strong></span> <span class='ocrx_word' id='word_1_210' title='bbox 751 277 845 296; x_wconf 87' lang='lat' dir='ltr'><strong>mense</strong></span> <span class='ocrx_word' id='word_1_211' title='bbox 869 269 967 296; x_wconf 84' lang='lat' dir='ltr'><strong>Junio:</strong></span> <span class='ocrx_word' id='word_1_212' title='bbox 984 273 1011 294; x_wconf 86' lang='lat' dir='ltr'><strong>et</strong></span> <span class='ocrx_word' id='word_1_213' title='bbox 1029 276 1078 302; x_wconf 79' lang='lat' dir='ltr'><strong>per</strong></span> <span class='ocrx_word' id='word_1_214' title='bbox 1095 274 1114 298; x_wconf 75' lang='grc' dir='ltr'><strong>Λ</strong></span> <span class='ocrx_word' id='word_1_215' title='bbox 1131 271 1208 303; x_wconf 72' lang='lat' dir='ltr'><strong>prius</strong></span> <span class='ocrx_word' id='word_1_216' title='bbox 1226 271 1282 298; x_wconf 78' lang='lat' dir='ltr'><strong>dixi</strong></span> <span class='ocrx_word' id='word_1_217' title='bbox 1303 280 1308 297; x_wconf 91' lang='lat'>:</span> 
     </span>
    </p>
   </div>
   <div class='ocr_carea' id='block_1_32' title="bbox 1873 216 1926 247">
    <p class='ocr_par' dir='ltr' id='par_1_32' title="bbox 1873 216 1926 247">
     <span class='ocr_line' id='line_1_32' title="bbox 1873 216 1926 247; baseline -0.038 0"><span class='ocrx_word' id='word_1_218' title='bbox 1873 216 1926 247; x_wconf 64' lang='lat'><strong>838’</strong></span> 
     </span>
    </p>
   </div>
   <div class='ocr_carea' id='block_1_33' title="bbox 1330 273 1920 306">
    <p class='ocr_par' dir='ltr' id='par_1_33' title="bbox 1330 273 1920 306">
     <span class='ocr_line' id='line_1_33' title="bbox 1330 273 1920 306; baseline 0.003 -9"><span class='ocrx_word' id='word_1_219' title='bbox 1330 280 1379 306; x_wconf 80' lang='lat' dir='ltr'><strong>per</strong></span> <span class='ocrx_word' id='word_1_220' title='bbox 1399 273 1493 298; x_wconf 86' lang='lat' dir='ltr'><strong>omnia</strong></span> <span class='ocrx_word' id='word_1_221' title='bbox 1520 281 1582 306; x_wconf 74' lang='lat' dir='ltr'><strong>qua:</strong></span> <span class='ocrx_word' id='word_1_222' title='bbox 1604 276 1669 298; x_wconf 81' lang='lat' dir='ltr'><strong>sunt</strong></span> <span class='ocrx_word' id='word_1_223' title='bbox 1703 281 1786 306; x_wconf 83' lang='lat' dir='ltr'><strong>supra</strong></span> <span class='ocrx_word' id='word_1_224' title='bbox 1816 277 1920 299; x_wconf 79' lang='lat' dir='ltr'><strong>terrain</strong></span> 
     </span>
    </p>
   </div>
   <div class='ocr_carea' id='block_1_34' title="bbox 1129 317 1926 352">
    <p class='ocr_par' dir='ltr' id='par_1_34' title="bbox 1129 317 1926 352">
     <span class='ocr_line' id='line_1_34' title="bbox 1129 317 1926 352; baseline 0.003 -10"><span class='ocrx_word' id='word_1_225' title='bbox 1129 318 1190 349; x_wconf 71' lang='lat' dir='ltr'><strong>eius</strong></span> <span class='ocrx_word' id='word_1_226' title='bbox 1206 317 1375 345; x_wconf 51' lang='lat' dir='ltr'><strong>inell’abilem</strong></span> <span class='ocrx_word' id='word_1_227' title='bbox 1395 318 1530 344; x_wconf 71' lang='lat' dir='ltr'><strong>discimus</strong></span> <span class='ocrx_word' id='word_1_228' title='bbox 1547 318 1723 352; x_wconf 86' lang='lat' dir='ltr'><strong>sapientiam.</strong></span> <span class='ocrx_word' id='word_1_229' title='bbox 1744 318 1822 345; x_wconf 73' lang='lat' dir='ltr'><strong>Unde</strong></span> <span class='ocrx_word' id='word_1_230' title='bbox 1849 323 1926 344; x_wconf 74' lang='lat' dir='ltr'><strong>stans</strong></span> 
     </span>
    </p>
   </div>
   <div class='ocr_carea' id='block_1_35' title="bbox 1131 364 1924 399">
    <p class='ocr_par' dir='ltr' id='par_1_35' title="bbox 1131 364 1924 399">
     <span class='ocr_line' id='line_1_35' title="bbox 1131 364 1924 399; baseline 0.001 -9"><span class='ocrx_word' id='word_1_231' title='bbox 1131 364 1156 390; x_wconf 92' lang='lat' dir='ltr'><strong>in</strong></span> <span class='ocrx_word' id='word_1_232' title='bbox 1175 364 1320 398; x_wconf 67' lang='lat' dir='ltr'><strong>praesentia</strong></span> <span class='ocrx_word' id='word_1_233' title='bbox 1336 365 1363 391; x_wconf 90' lang='lat' dir='ltr'><strong>in</strong></span> <span class='ocrx_word' id='word_1_234' title='bbox 1381 372 1517 399; x_wconf 88' lang='lat' dir='ltr'><strong>aquarum</strong></span> <span class='ocrx_word' id='word_1_235' title='bbox 1538 365 1716 396; x_wconf 79' lang='lat' dir='ltr'><strong>tractatione,</strong></span> <span class='ocrx_word' id='word_1_236' title='bbox 1737 369 1765 391; x_wconf 87' lang='lat' dir='ltr'><strong>et</strong></span> <span class='ocrx_word' id='word_1_237' title='bbox 1790 365 1924 398; x_wconf 84' lang='lat' dir='ltr'><strong>obstupe-</strong></span> 
     </span>
    </p>
   </div>
   <div class='ocr_carea' id='block_1_36' title="bbox 1129 413 1923 447">
    <p class='ocr_par' dir='ltr' id='par_1_36' title="bbox 1129 413 1923 447">
     <span class='ocr_line' id='line_1_36' title="bbox 1129 413 1923 447; baseline 0.003 -10"><span class='ocrx_word' id='word_1_238' title='bbox 1129 419 1225 438; x_wconf 81' lang='lat' dir='ltr'><strong>seens:</strong></span> <span class='ocrx_word' id='word_1_239' title='bbox 1241 420 1293 439; x_wconf 82' lang='lat' dir='ltr'><strong>nec</strong></span> <span class='ocrx_word' id='word_1_240' title='bbox 1312 413 1397 439; x_wconf 79' lang='lat' dir='ltr'><strong>iunias</strong></span> <span class='ocrx_word' id='word_1_241' title='bbox 1409 413 1523 447; x_wconf 82' lang='lat' dir='ltr'><strong>quidem</strong></span> <span class='ocrx_word' id='word_1_242' title='bbox 1544 420 1575 439; x_wconf 88' lang='lat' dir='ltr'><strong>ac</strong></span> <span class='ocrx_word' id='word_1_243' title='bbox 1589 413 1742 439; x_wconf 74' lang='lat' dir='ltr'><strong>metalliras</strong></span> <span class='ocrx_word' id='word_1_244' title='bbox 1756 421 1923 446; x_wconf 65' lang='lat' dir='ltr'><strong>auratasque</strong></span> 
     </span>
    </p>
   </div>
   <div class='ocr_carea' id='block_1_37' title="bbox 1128 459 1926 494">
    <p class='ocr_par' dir='ltr' id='par_1_37' title="bbox 1128 459 1926 494">
     <span class='ocr_line' id='line_1_37' title="bbox 1128 459 1926 494; baseline 0.001 -10"><span class='ocrx_word' id='word_1_245' title='bbox 1128 463 1156 484; x_wconf 75' lang='lat' dir='ltr'><strong>et</strong></span> <span class='ocrx_word' id='word_1_246' title='bbox 1181 459 1372 486; x_wconf 74' lang='lat' dir='ltr'><strong>abborrcndas</strong></span> <span class='ocrx_word' id='word_1_247' title='bbox 1384 467 1469 494; x_wconf 74' lang='lat' dir='ltr'><strong>aquas</strong></span> <span class='ocrx_word' id='word_1_248' title='bbox 1482 468 1542 494; x_wconf 63' lang='lat' dir='ltr'><strong>qua:</strong></span> <span class='ocrx_word' id='word_1_249' title='bbox 1555 460 1596 486; x_wconf 88' lang='lat' dir='ltr'><strong>vel</strong></span> <span class='ocrx_word' id='word_1_250' title='bbox 1606 460 1638 486; x_wconf 90' lang='lat' dir='ltr'><strong>ad</strong></span> <span class='ocrx_word' id='word_1_251' title='bbox 1650 467 1776 494; x_wconf 79' lang='lat' dir='ltr'><strong>saporem</strong></span> <span class='ocrx_word' id='word_1_252' title='bbox 1787 462 1926 488; x_wconf 83' lang='lat' dir='ltr'><strong>accedunt</strong></span> 
     </span>
    </p>
   </div>
   <div class='ocr_carea' id='block_1_38' title="bbox 1130 504 1924 539">
    <p class='ocr_par' dir='ltr' id='par_1_38' title="bbox 1130 504 1924 539">
     <span class='ocr_line' id='line_1_38' title="bbox 1130 504 1924 539; baseline 0 -9"><span class='ocrx_word' id='word_1_253' title='bbox 1130 504 1285 535; x_wconf 81' lang='lat' dir='ltr'><strong>bituminis,</strong></span> <span class='ocrx_word' id='word_1_254' title='bbox 1303 506 1345 531; x_wconf 84' lang='lat' dir='ltr'><strong>vel</strong></span> <span class='ocrx_word' id='word_1_255' title='bbox 1373 505 1446 536; x_wconf 78' lang='lat' dir='ltr'><strong>a-ris,</strong></span> <span class='ocrx_word' id='word_1_256' title='bbox 1461 505 1502 531; x_wconf 88' lang='lat' dir='ltr'><strong>vel</strong></span> <span class='ocrx_word' id='word_1_257' title='bbox 1518 505 1638 539; x_wconf 84' lang='lat' dir='ltr'><strong>alicujus</strong></span> <span class='ocrx_word' id='word_1_258' title='bbox 1659 505 1763 532; x_wconf 84' lang='lat' dir='ltr'><strong>metalli</strong></span> <span class='ocrx_word' id='word_1_259' title='bbox 1787 505 1821 532; x_wconf 90' lang='lat' dir='ltr'><strong>ad</strong></span> <span class='ocrx_word' id='word_1_260' title='bbox 1848 504 1924 539; x_wconf 87' lang='lat' dir='ltr'><strong>quod</strong></span> 
     </span>
    </p>
   </div>
   <div class='ocr_carea' id='block_1_39' title="bbox 1130 551 1923 582">
    <p class='ocr_par' dir='ltr' id='par_1_39' title="bbox 1130 551 1923 582">
     <span class='ocr_line' id='line_1_39' title="bbox 1130 551 1923 582; baseline 0 -6"><span class='ocrx_word' id='word_1_261' title='bbox 1130 558 1183 576; x_wconf 91' lang='lat' dir='ltr'><strong>non</strong></span> <span class='ocrx_word' id='word_1_262' title='bbox 1201 556 1245 577; x_wconf 87' lang='lat' dir='ltr'><strong>est</strong></span> <span class='ocrx_word' id='word_1_263' title='bbox 1272 551 1366 577; x_wconf 83' lang='lat' dir='ltr'><strong>sensui</strong></span> <span class='ocrx_word' id='word_1_264' title='bbox 1391 558 1532 582; x_wconf 84' lang='lat' dir='ltr'><strong>accessus,</strong></span> <span class='ocrx_word' id='word_1_265' title='bbox 1554 551 1640 578; x_wconf 87' lang='lat' dir='ltr'><strong>credo</strong></span> <span class='ocrx_word' id='word_1_266' title='bbox 1666 551 1753 578; x_wconf 79' lang='lat' dir='ltr'><strong>factas</strong></span> <span class='ocrx_word' id='word_1_267' title='bbox 1772 559 1832 578; x_wconf 83' lang='lat' dir='ltr'><strong>esse</strong></span> <span class='ocrx_word' id='word_1_268' title='bbox 1845 556 1923 577; x_wconf 68' lang='lat' dir='ltr'><strong>extra</strong></span> 
     </span>
    </p>
   </div>
   <div class='ocr_carea' id='block_1_40' title="bbox 1129 595 1924 632">
    <p class='ocr_par' dir='ltr' id='par_1_40' title="bbox 1129 595 1924 632">
     <span class='ocr_line' id='line_1_40' title="bbox 1129 595 1924 632; baseline 0 -10"><span class='ocrx_word' id='word_1_269' title='bbox 1129 595 1177 622; x_wconf 88' lang='lat' dir='ltr'><strong>Dei</strong></span> <span class='ocrx_word' id='word_1_270' title='bbox 1194 596 1371 632; x_wconf 82' lang='lat' dir='ltr'><strong>mysterium:</strong></span> <span class='ocrx_word' id='word_1_271' title='bbox 1385 597 1434 624; x_wconf 87' lang='lat' dir='ltr'><strong>sed</strong></span> <span class='ocrx_word' id='word_1_272' title='bbox 1451 597 1536 624; x_wconf 83' lang='lat' dir='ltr'><strong>credo</strong></span> <span class='ocrx_word' id='word_1_273' title='bbox 1553 604 1600 624; x_wconf 85' lang='lat' dir='ltr'><strong>eas</strong></span> <span class='ocrx_word' id='word_1_274' title='bbox 1616 601 1742 631; x_wconf 83' lang='lat' dir='ltr'><strong>spectare</strong></span> <span class='ocrx_word' id='word_1_275' title='bbox 1757 596 1789 623; x_wconf 92' lang='lat' dir='ltr'><strong>ad</strong></span> <span class='ocrx_word' id='word_1_276' title='bbox 1804 596 1924 631; x_wconf 82' lang='lat' dir='ltr'><strong>profun-</strong></span> 
     </span>
    </p>
   </div>
   <div class='ocr_carea' id='block_1_41' title="bbox 1127 642 1923 677">
    <p class='ocr_par' dir='ltr' id='par_1_41' title="bbox 1127 642 1923 677">
     <span class='ocr_line' id='line_1_41' title="bbox 1127 642 1923 677; baseline 0 -9"><span class='ocrx_word' id='word_1_277' title='bbox 1127 642 1193 669; x_wconf 90' lang='lat' dir='ltr'><strong>dum</strong></span> <span class='ocrx_word' id='word_1_278' title='bbox 1207 642 1320 676; x_wconf 79' lang='lat' dir='ltr'><strong>aliquod</strong></span> <span class='ocrx_word' id='word_1_279' title='bbox 1335 643 1505 677; x_wconf 76' lang='lat' dir='ltr'><strong>exemplum,</strong></span> <span class='ocrx_word' id='word_1_280' title='bbox 1520 647 1548 670; x_wconf 92' lang='lat' dir='ltr'><strong>et</strong></span> <span class='ocrx_word' id='word_1_281' title='bbox 1564 650 1615 669; x_wconf 87' lang='lat' dir='ltr'><strong>nos</strong></span> <span class='ocrx_word' id='word_1_282' title='bbox 1631 642 1732 670; x_wconf 85' lang='lat' dir='ltr'><strong>docere</strong></span> <span class='ocrx_word' id='word_1_283' title='bbox 1749 643 1822 677; x_wconf 90' lang='lat' dir='ltr'><strong>quod</strong></span> <span class='ocrx_word' id='word_1_284' title='bbox 1836 647 1923 669; x_wconf 87' lang='lat' dir='ltr'><strong>totam</strong></span> 
     </span>
    </p>
   </div>
   <div class='ocr_carea' id='block_1_42' title="bbox 1128 687 1924 723">
    <p class='ocr_par' dir='ltr' id='par_1_42' title="bbox 1128 687 1924 723">
     <span class='ocr_line' id='line_1_42' title="bbox 1128 687 1924 723; baseline 0.001 -10"><span class='ocrx_word' id='word_1_285' title='bbox 1128 687 1242 722; x_wconf 88' lang='lat' dir='ltr'><strong>quidem</strong></span> <span class='ocrx_word' id='word_1_286' title='bbox 1259 695 1370 723; x_wconf 87' lang='lat' dir='ltr'><strong>aquam,</strong></span> <span class='ocrx_word' id='word_1_287' title='bbox 1391 696 1491 723; x_wconf 85' lang='lat' dir='ltr'><strong>nempe</strong></span> <span class='ocrx_word' id='word_1_288' title='bbox 1513 696 1601 723; x_wconf 78' lang='lat' dir='ltr'><strong>genus</strong></span> <span class='ocrx_word' id='word_1_289' title='bbox 1621 689 1786 719; x_wconf 88' lang='lat' dir='ltr'><strong>humanum,</strong></span> <span class='ocrx_word' id='word_1_290' title='bbox 1803 688 1876 715; x_wconf 84' lang='lat' dir='ltr'><strong>Deus</strong></span> <span class='ocrx_word' id='word_1_291' title='bbox 1896 688 1924 714; x_wconf 90' lang='lat' dir='ltr'><strong>in</strong></span> 
     </span>
    </p>
   </div>
   <div class='ocr_carea' id='block_1_43' title="bbox 1129 733 1923 770">
    <p class='ocr_par' dir='ltr' id='par_1_43' title="bbox 1129 733 1923 770">
     <span class='ocr_line' id='line_1_43' title="bbox 1129 733 1923 770; baseline 0.001 -10"><span class='ocrx_word' id='word_1_292' title='bbox 1129 733 1270 769; x_wconf 88' lang='lat' dir='ltr'><strong>principio</strong></span> <span class='ocrx_word' id='word_1_293' title='bbox 1289 742 1372 762; x_wconf 87' lang='lat' dir='ltr'><strong>unam</strong></span> <span class='ocrx_word' id='word_1_294' title='bbox 1390 735 1490 762; x_wconf 90' lang='lat' dir='ltr'><strong>bonam</strong></span> <span class='ocrx_word' id='word_1_295' title='bbox 1505 742 1604 770; x_wconf 87' lang='lat' dir='ltr'><strong>aquam</strong></span> <span class='ocrx_word' id='word_1_296' title='bbox 1616 735 1694 767; x_wconf 80' lang='lat' dir='ltr'><strong>fecit,</strong></span> <span class='ocrx_word' id='word_1_297' title='bbox 1709 735 1793 762; x_wconf 89' lang='lat' dir='ltr'><strong>unius</strong></span> <span class='ocrx_word' id='word_1_298' title='bbox 1805 739 1923 764; x_wconf 60' lang='lat' dir='ltr'><strong>naturas,</strong></span> 
     </span>
    </p>
   </div>
   <div class='ocr_carea' id='block_1_44' title="bbox 1128 780 1924 816">
    <p class='ocr_par' dir='ltr' id='par_1_44' title="bbox 1128 780 1924 816">
     <span class='ocr_line' id='line_1_44' title="bbox 1128 780 1924 816; baseline 0 -9"><span class='ocrx_word' id='word_1_299' title='bbox 1128 780 1211 808; x_wconf 85' lang='lat' dir='ltr'><strong>unius</strong></span> <span class='ocrx_word' id='word_1_300' title='bbox 1219 781 1399 814; x_wconf 87' lang='lat' dir='ltr'><strong>operationis,</strong></span> <span class='ocrx_word' id='word_1_301' title='bbox 1414 781 1496 808; x_wconf 91' lang='lat' dir='ltr'><strong>unius</strong></span> <span class='ocrx_word' id='word_1_302' title='bbox 1507 781 1666 816; x_wconf 78' lang='lat' dir='ltr'><strong>potestatis,</strong></span> <span class='ocrx_word' id='word_1_303' title='bbox 1680 781 1800 808; x_wconf 86' lang='lat' dir='ltr'><strong>similem</strong></span> <span class='ocrx_word' id='word_1_304' title='bbox 1810 785 1838 808; x_wconf 91' lang='lat' dir='ltr'><strong>et</strong></span> <span class='ocrx_word' id='word_1_305' title='bbox 1852 780 1924 807; x_wconf 85' lang='lat' dir='ltr'><strong>indi-</strong></span> 
     </span>
    </p>
   </div>
   <div class='ocr_carea' id='block_1_45' title="bbox 1127 826 1922 862">
    <p class='ocr_par' dir='ltr' id='par_1_45' title="bbox 1127 826 1922 862">
     <span class='ocr_line' id='line_1_45' title="bbox 1127 826 1922 862; baseline -0.001 -9"><span class='ocrx_word' id='word_1_306' title='bbox 1127 826 1258 854; x_wconf 84' lang='lat' dir='ltr'><strong>viduam:</strong></span> <span class='ocrx_word' id='word_1_307' title='bbox 1279 827 1328 854; x_wconf 90' lang='lat' dir='ltr'><strong>sed</strong></span> <span class='ocrx_word' id='word_1_308' title='bbox 1362 835 1424 862; x_wconf 68' lang='lat' dir='ltr'><strong>qua:</strong></span> <span class='ocrx_word' id='word_1_309' title='bbox 1441 833 1484 854; x_wconf 86' lang='lat' dir='ltr'><strong>est</strong></span> <span class='ocrx_word' id='word_1_310' title='bbox 1501 827 1529 854; x_wconf 92' lang='lat' dir='ltr'><strong>in</strong></span> <span class='ocrx_word' id='word_1_311' title='bbox 1544 835 1609 854; x_wconf 85' lang='lat' dir='ltr'><strong>aere</strong></span> <span class='ocrx_word' id='word_1_312' title='bbox 1623 827 1761 862; x_wconf 86' lang='lat' dir='ltr'><strong>operatio,</strong></span> <span class='ocrx_word' id='word_1_313' title='bbox 1785 833 1922 861; x_wconf 67' lang='lat' dir='ltr'><strong>ternaque</strong></span> 
     </span>
    </p>
   </div>
   <div class='ocr_carea' id='block_1_46' title="bbox 1129 871 1922 908">
    <p class='ocr_par' dir='ltr' id='par_1_46' title="bbox 1129 871 1922 908">
     <span class='ocr_line' id='line_1_46' title="bbox 1129 871 1922 908; baseline -0.001 -9"><span class='ocrx_word' id='word_1_314' title='bbox 1129 872 1239 900; x_wconf 85' lang='lat' dir='ltr'><strong>diversa</strong></span> <span class='ocrx_word' id='word_1_315' title='bbox 1263 877 1455 908; x_wconf 87' lang='lat' dir='ltr'><strong>temperatura</strong></span> <span class='ocrx_word' id='word_1_316' title='bbox 1481 877 1509 900; x_wconf 89' lang='lat' dir='ltr'><strong>et</strong></span> <span class='ocrx_word' id='word_1_317' title='bbox 1525 873 1654 908; x_wconf 86' lang='lat' dir='ltr'><strong>qualitas,</strong></span> <span class='ocrx_word' id='word_1_318' title='bbox 1679 873 1724 900; x_wconf 86' lang='lat' dir='ltr'><strong>vel</strong></span> <span class='ocrx_word' id='word_1_319' title='bbox 1753 871 1922 907; x_wconf 78' lang='lat' dir='ltr'><strong>salsuginem</strong></span> 
     </span>
    </p>
   </div>
   <div class='ocr_carea' id='block_1_47' title="bbox 1129 918 1923 955">
    <p class='ocr_par' dir='ltr' id='par_1_47' title="bbox 1129 918 1923 955">
     <span class='ocr_line' id='line_1_47' title="bbox 1129 918 1923 955; baseline -0.003 -9"><span class='ocrx_word' id='word_1_320' title='bbox 1129 919 1269 951; x_wconf 81' lang='lat' dir='ltr'><strong>redolens,</strong></span> <span class='ocrx_word' id='word_1_321' title='bbox 1285 920 1330 946; x_wconf 87' lang='lat' dir='ltr'><strong>vel</strong></span> <span class='ocrx_word' id='word_1_322' title='bbox 1346 920 1510 955; x_wconf 74' lang='lat' dir='ltr'><strong>aeruginem,</strong></span> <span class='ocrx_word' id='word_1_323' title='bbox 1523 919 1567 946; x_wconf 90' lang='lat' dir='ltr'><strong>vel</strong></span> <span class='ocrx_word' id='word_1_324' title='bbox 1592 919 1712 954; x_wconf 88' lang='lat' dir='ltr'><strong>aliquem</strong></span> <span class='ocrx_word' id='word_1_325' title='bbox 1725 918 1810 946; x_wconf 84' lang='lat' dir='ltr'><strong>alium</strong></span> <span class='ocrx_word' id='word_1_326' title='bbox 1828 918 1923 945; x_wconf 83' lang='lat' dir='ltr'><strong>insua-</strong></span> 
     </span>
    </p>
   </div>
   <div class='ocr_carea' id='block_1_48' title="bbox 1131 964 1921 1000">
    <p class='ocr_par' dir='ltr' id='par_1_48' title="bbox 1131 964 1921 1000">
     <span class='ocr_line' id='line_1_48' title="bbox 1131 964 1921 1000; baseline -0.004 -7"><span class='ocrx_word' id='word_1_327' title='bbox 1131 973 1192 993; x_wconf 89' lang='lat' dir='ltr'><strong>vem</strong></span> <span class='ocrx_word' id='word_1_328' title='bbox 1209 973 1244 993; x_wconf 78' lang='lat' dir='ltr'><strong>ex</strong></span> <span class='ocrx_word' id='word_1_329' title='bbox 1257 966 1377 993; x_wconf 89' lang='lat' dir='ltr'><strong>metallis</strong></span> <span class='ocrx_word' id='word_1_330' title='bbox 1403 965 1531 998; x_wconf 88' lang='lat' dir='ltr'><strong>odorem,</strong></span> <span class='ocrx_word' id='word_1_331' title='bbox 1565 973 1664 1000; x_wconf 89' lang='lat' dir='ltr'><strong>aquam</strong></span> <span class='ocrx_word' id='word_1_332' title='bbox 1682 968 1773 992; x_wconf 87' lang='lat' dir='ltr'><strong>mutat</strong></span> <span class='ocrx_word' id='word_1_333' title='bbox 1793 964 1826 991; x_wconf 86' lang='lat' dir='ltr'><strong>ad</strong></span> <span class='ocrx_word' id='word_1_334' title='bbox 1843 971 1921 991; x_wconf 87' lang='lat' dir='ltr'><strong>suam</strong></span> 
     </span>
    </p>
   </div>
   <div class='ocr_carea' id='block_1_49' title="bbox 1129 1010 1921 1047">
    <p class='ocr_par' dir='ltr' id='par_1_49' title="bbox 1129 1010 1921 1047">
     <span class='ocr_line' id='line_1_49' title="bbox 1129 1010 1921 1047; baseline -0.004 -8"><span class='ocrx_word' id='word_1_335' title='bbox 1129 1012 1330 1047; x_wconf 85' lang='lat' dir='ltr'><strong>proprietatem</strong></span> <span class='ocrx_word' id='word_1_336' title='bbox 1343 1021 1349 1038; x_wconf 89' lang='lat'>:</span> <span class='ocrx_word' id='word_1_337' title='bbox 1360 1012 1396 1039; x_wconf 80' lang='lat' dir='ltr'><strong>ita</strong></span> <span class='ocrx_word' id='word_1_338' title='bbox 1415 1019 1524 1039; x_wconf 89' lang='lat' dir='ltr'><strong>morum</strong></span> <span class='ocrx_word' id='word_1_339' title='bbox 1539 1020 1600 1046; x_wconf 73' lang='lat' dir='ltr'><strong>qure</strong></span> <span class='ocrx_word' id='word_1_340' title='bbox 1617 1016 1660 1039; x_wconf 82' lang='lat' dir='ltr'><strong>est</strong></span> <span class='ocrx_word' id='word_1_341' title='bbox 1679 1011 1707 1039; x_wconf 90' lang='lat' dir='ltr'><strong>in</strong></span> <span class='ocrx_word' id='word_1_342' title='bbox 1721 1010 1790 1038; x_wconf 86' lang='lat' dir='ltr'><strong>locis</strong></span> <span class='ocrx_word' id='word_1_343' title='bbox 1803 1010 1921 1037; x_wconf 89' lang='lat' dir='ltr'><strong>diversi-</strong></span> 
     </span>
    </p>
   </div>
   <div class='ocr_carea' id='block_1_50' title="bbox 1129 1057 1922 1093">
    <p class='ocr_par' dir='ltr' id='par_1_50' title="bbox 1129 1057 1922 1093">
     <span class='ocr_line' id='line_1_50' title="bbox 1129 1057 1922 1093; baseline -0.004 -8"><span class='ocrx_word' id='word_1_344' title='bbox 1129 1064 1171 1086; x_wconf 86' lang='lat' dir='ltr'><strong>tas</strong></span> <span class='ocrx_word' id='word_1_345' title='bbox 1197 1066 1284 1093; x_wconf 76' lang='lat' dir='ltr'><strong>gcnus</strong></span> <span class='ocrx_word' id='word_1_346' title='bbox 1299 1058 1461 1089; x_wconf 89' lang='lat' dir='ltr'><strong>lmmanum,</strong></span> <span class='ocrx_word' id='word_1_347' title='bbox 1487 1058 1562 1092; x_wconf 87' lang='lat' dir='ltr'><strong>quod</strong></span> <span class='ocrx_word' id='word_1_348' title='bbox 1578 1062 1620 1085; x_wconf 88' lang='lat' dir='ltr'><strong>est</strong></span> <span class='ocrx_word' id='word_1_349' title='bbox 1643 1065 1740 1089; x_wconf 88' lang='lat' dir='ltr'><strong>unum,</strong></span> <span class='ocrx_word' id='word_1_350' title='bbox 1768 1057 1796 1084; x_wconf 90' lang='lat' dir='ltr'><strong>in</strong></span> <span class='ocrx_word' id='word_1_351' title='bbox 1821 1057 1922 1083; x_wconf 77' lang='lat' dir='ltr'><strong>multas</strong></span> 
     </span>
    </p>
   </div>
   <div class='ocr_carea' id='block_1_51' title="bbox 1129 1101 1921 1136">
    <p class='ocr_par' dir='ltr' id='par_1_51' title="bbox 1129 1101 1921 1136">
     <span class='ocr_line' id='line_1_51' title="bbox 1129 1101 1921 1136; baseline -0.008 -5"><span class='ocrx_word' id='word_1_352' title='bbox 1129 1103 1218 1131; x_wconf 80' lang='lat' dir='ltr'><strong>secuit</strong></span> <span class='ocrx_word' id='word_1_353' title='bbox 1250 1103 1412 1130; x_wconf 84' lang='lat' dir='ltr'><strong>divisiones.</strong></span> <span class='ocrx_word' id='word_1_354' title='bbox 1440 1102 1506 1130; x_wconf 85' lang='lat' dir='ltr'><strong>Mihi</strong></span> <span class='ocrx_word' id='word_1_355' title='bbox 1522 1107 1615 1129; x_wconf 88' lang='lat' dir='ltr'><strong>autem</strong></span> <span class='ocrx_word' id='word_1_356' title='bbox 1634 1101 1759 1136; x_wconf 78' lang='lat' dir='ltr'><strong>intelligc</strong></span> <span class='ocrx_word' id='word_1_357' title='bbox 1783 1108 1883 1135; x_wconf 74' lang='lat' dir='ltr'><strong>aquar-</strong></span> <span class='ocrx_word' id='word_1_358' title='bbox 1905 1107 1921 1126; x_wconf 94' lang='lat' dir='ltr'><strong>a</strong></span> 
     </span>
    </p>
   </div>
   <div class='ocr_carea' id='block_1_52' title="bbox 1129 1148 1921 1182">
    <p class='ocr_par' dir='ltr' id='par_1_52' title="bbox 1129 1148 1921 1182">
     <span class='ocr_line' id='line_1_52' title="bbox 1129 1148 1921 1182; baseline -0.005 -5"><span class='ocrx_word' id='word_1_359' title='bbox 1129 1151 1186 1177; x_wconf 90' lang='lat' dir='ltr'><strong>Deo</strong></span> <span class='ocrx_word' id='word_1_360' title='bbox 1199 1154 1333 1181; x_wconf 83' lang='lat' dir='ltr'><strong>creatam,</strong></span> <span class='ocrx_word' id='word_1_361' title='bbox 1360 1149 1524 1177; x_wconf 79' lang='lat' dir='ltr'><strong>catholicam</strong></span> <span class='ocrx_word' id='word_1_362' title='bbox 1554 1149 1635 1176; x_wconf 78' lang='lat' dir='ltr'><strong>fidem</strong></span> <span class='ocrx_word' id='word_1_363' title='bbox 1666 1148 1812 1178; x_wconf 83' lang='lat' dir='ltr'><strong>veritatis,</strong></span> <span class='ocrx_word' id='word_1_364' title='bbox 1837 1154 1921 1182; x_wconf 88' lang='lat' dir='ltr'><strong>quam</strong></span> 
     </span>
    </p>
   </div>
   <div class='ocr_carea' id='block_1_53' title="bbox 1129 1195 1920 1227">
    <p class='ocr_par' dir='ltr' id='par_1_53' title="bbox 1129 1195 1920 1227">
     <span class='ocr_line' id='line_1_53' title="bbox 1129 1195 1920 1227; baseline -0.005 -4"><span class='ocrx_word' id='word_1_365' title='bbox 1129 1197 1201 1224; x_wconf 88' lang='lat' dir='ltr'><strong>Deus</strong></span> <span class='ocrx_word' id='word_1_366' title='bbox 1216 1196 1283 1223; x_wconf 80' lang='lat' dir='ltr'><strong>iecit</strong></span> <span class='ocrx_word' id='word_1_367' title='bbox 1294 1196 1329 1222; x_wconf 91' lang='lat' dir='ltr'><strong>ab</strong></span> <span class='ocrx_word' id='word_1_368' title='bbox 1342 1195 1435 1222; x_wconf 87' lang='lat' dir='ltr'><strong>initio.</strong></span> <span class='ocrx_word' id='word_1_369' title='bbox 1447 1195 1522 1222; x_wconf 74' lang='lat' dir='ltr'><strong>Mala:</strong></span> <span class='ocrx_word' id='word_1_370' title='bbox 1534 1199 1627 1222; x_wconf 86' lang='lat' dir='ltr'><strong>autem</strong></span> <span class='ocrx_word' id='word_1_371' title='bbox 1643 1201 1739 1221; x_wconf 81' lang='lat' dir='ltr'><strong>rursus</strong></span> <span class='ocrx_word' id='word_1_372' title='bbox 1752 1197 1818 1220; x_wconf 85' lang='lat' dir='ltr'><strong>sunt</strong></span> <span class='ocrx_word' id='word_1_373' title='bbox 1831 1200 1920 1227; x_wconf 68' lang='lat' dir='ltr'><strong>aqum,</strong></span> 
     </span>
    </p>
   </div>
   <div class='ocr_carea' id='block_1_54' title="bbox 1128 1240 1921 1277">
    <p class='ocr_par' dir='ltr' id='par_1_54' title="bbox 1128 1240 1921 1277">
     <span class='ocr_line' id='line_1_54' title="bbox 1128 1240 1921 1277; baseline -0.005 -8"><span class='ocrx_word' id='word_1_374' title='bbox 1128 1243 1301 1277; x_wconf 89' lang='lat' dir='ltr'><strong>impurarmn</strong></span> <span class='ocrx_word' id='word_1_375' title='bbox 1318 1242 1454 1269; x_wconf 79' lang='lat' dir='ltr'><strong>lncresum</strong></span> <span class='ocrx_word' id='word_1_376' title='bbox 1473 1241 1725 1275; x_wconf 72' lang='lat' dir='ltr'><strong>diseiplinmzquas</strong></span> <span class='ocrx_word' id='word_1_377' title='bbox 1738 1248 1794 1271; x_wconf 82' lang='lat' dir='ltr'><strong>aer,</strong></span> <span class='ocrx_word' id='word_1_378' title='bbox 1805 1240 1859 1267; x_wconf 91' lang='lat' dir='ltr'><strong>hoc</strong></span> <span class='ocrx_word' id='word_1_379' title='bbox 1877 1243 1921 1266; x_wconf 84' lang='lat' dir='ltr'><strong>est</strong></span> 
     </span>
    </p>
   </div>
   <div class='ocr_carea' id='block_1_55' title="bbox 1131 1281 1920 1324">
    <p class='ocr_par' dir='ltr' id='par_1_55' title="bbox 1131 1281 1920 1324">
     <span class='ocr_line' id='line_1_55' title="bbox 1131 1281 1920 1324; baseline -0.006 -8"><span class='ocrx_word' id='word_1_380' title='bbox 1131 1289 1221 1316; x_wconf 88' lang='lat' dir='ltr'><strong>malus</strong></span> <span class='ocrx_word' id='word_1_381' title='bbox 1236 1289 1368 1324; x_wconf 88' lang='lat' dir='ltr'><strong>princeps</strong></span> <span class='ocrx_word' id='word_1_382' title='bbox 1383 1296 1456 1315; x_wconf 77' lang='lat' dir='ltr'><strong>aeris</strong></span> <span class='ocrx_word' id='word_1_383' title='bbox 1469 1288 1608 1318; x_wconf 84' lang='lat' dir='ltr'><strong>diabolus,</strong></span> <span class='ocrx_word' id='word_1_384' title='bbox 1631 1291 1660 1314; x_wconf 85' lang='lat' dir='ltr'><strong>et</strong></span> <span class='ocrx_word' id='word_1_385' title='bbox 1687 1281 1851 1316; x_wconf 68' lang='lat' dir='ltr'><strong>amarit-aus,</strong></span> <span class='ocrx_word' id='word_1_386' title='bbox 1871 1294 1920 1312; x_wconf 84' lang='lat' dir='ltr'><strong>seu</strong></span> 
     </span>
    </p>
   </div>
   <div class='ocr_carea' id='block_1_56' title="bbox 1129 1333 1921 1368">
    <p class='ocr_par' dir='ltr' id='par_1_56' title="bbox 1129 1333 1921 1368">
     <span class='ocr_line' id='line_1_56' title="bbox 1129 1333 1921 1368; baseline -0.006 -5"><span class='ocrx_word' id='word_1_387' title='bbox 1129 1336 1162 1363; x_wconf 89' lang='lat' dir='ltr'><strong>ad</strong></span> <span class='ocrx_word' id='word_1_388' title='bbox 1175 1335 1320 1363; x_wconf 89' lang='lat' dir='ltr'><strong>bituminis</strong></span> <span class='ocrx_word' id='word_1_389' title='bbox 1348 1335 1477 1362; x_wconf 87' lang='lat' dir='ltr'><strong>ardorem</strong></span> <span class='ocrx_word' id='word_1_390' title='bbox 1495 1333 1632 1361; x_wconf 74' lang='lat' dir='ltr'><strong>accedens</strong></span> <span class='ocrx_word' id='word_1_391' title='bbox 1650 1341 1697 1361; x_wconf 90' lang='lat' dir='ltr'><strong>eor</strong></span> <span class='ocrx_word' id='word_1_392' title='bbox 1716 1333 1921 1368; x_wconf 75' lang='lat' dir='ltr'><strong>terrigenarum</strong></span> 
     </span>
    </p>
   </div>
   <div class='ocr_carea' id='block_1_57' title="bbox 1120 1380 1923 1418">
    <p class='ocr_par' dir='ltr' id='par_1_57' title="bbox 1120 1380 1923 1418">
     <span class='ocr_line' id='line_1_57' title="bbox 1120 1380 1923 1418; baseline -0.006 -8"><span class='ocrx_word' id='word_1_393' title='bbox 1120 1383 1272 1418; x_wconf 70' lang='lat' dir='ltr'><strong>hominum</strong></span> <span class='ocrx_word' id='word_1_394' title='bbox 1288 1381 1362 1417; x_wconf 89' lang='lat' dir='ltr'><strong>quod</strong></span> <span class='ocrx_word' id='word_1_395' title='bbox 1383 1381 1455 1416; x_wconf 87' lang='lat' dir='ltr'><strong>sapit</strong></span> <span class='ocrx_word' id='word_1_396' title='bbox 1472 1381 1626 1411; x_wconf 83' lang='lat' dir='ltr'><strong>terrestria,</strong></span> <span class='ocrx_word' id='word_1_397' title='bbox 1648 1380 1744 1414; x_wconf 72' lang='lat' dir='ltr'><strong>genuit</strong></span> <span class='ocrx_word' id='word_1_398' title='bbox 1757 1385 1785 1406; x_wconf 84' lang='lat' dir='ltr'><strong>et</strong></span> <span class='ocrx_word' id='word_1_399' title='bbox 1805 1387 1923 1406; x_wconf 84' lang='lat' dir='ltr'><strong>conver-</strong></span> 
     </span>
    </p>
   </div>
   <div class='ocr_carea' id='block_1_58' title="bbox 1129 1425 1921 1459">
    <p class='ocr_par' dir='ltr' id='par_1_58' title="bbox 1129 1425 1921 1459">
     <span class='ocr_line' id='line_1_58' title="bbox 1129 1425 1921 1459; baseline -0.005 -5"><span class='ocrx_word' id='word_1_400' title='bbox 1129 1428 1172 1459; x_wconf 82' lang='lat' dir='ltr'><strong>tit,</strong></span> <span class='ocrx_word' id='word_1_401' title='bbox 1197 1432 1224 1454; x_wconf 86' lang='lat' dir='ltr'><strong>et</strong></span> <span class='ocrx_word' id='word_1_402' title='bbox 1245 1435 1278 1454; x_wconf 77' lang='lat' dir='ltr'><strong>ex</strong></span> <span class='ocrx_word' id='word_1_403' title='bbox 1305 1427 1378 1454; x_wconf 89' lang='lat' dir='ltr'><strong>bona</strong></span> <span class='ocrx_word' id='word_1_404' title='bbox 1403 1427 1502 1453; x_wconf 86' lang='lat' dir='ltr'><strong>malam</strong></span> <span class='ocrx_word' id='word_1_405' title='bbox 1530 1425 1597 1453; x_wconf 81' lang='lat' dir='ltr'><strong>fecit</strong></span> <span class='ocrx_word' id='word_1_406' title='bbox 1625 1425 1705 1452; x_wconf 80' lang='lat' dir='ltr'><strong>[idem</strong></span> <span class='ocrx_word' id='word_1_407' title='bbox 1724 1425 1921 1459; x_wconf 78' lang='lat' dir='ltr'><strong>alteravitqne.</strong></span> 
     </span>
    </p>
   </div>
   <div class='ocr_carea' id='block_1_59' title="bbox 1127 1471 1921 1507">
    <p class='ocr_par' dir='ltr' id='par_1_59' title="bbox 1127 1471 1921 1507">
     <span class='ocr_line' id='line_1_59' title="bbox 1127 1471 1921 1507; baseline -0.004 -8"><span class='ocrx_word' id='word_1_408' title='bbox 1127 1473 1206 1506; x_wconf 86' lang='lat' dir='ltr'><strong>Quod</strong></span> <span class='ocrx_word' id='word_1_409' title='bbox 1220 1472 1334 1507; x_wconf 87' lang='lat' dir='ltr'><strong>quidem</strong></span> <span class='ocrx_word' id='word_1_410' title='bbox 1361 1472 1464 1499; x_wconf 80' lang='lat' dir='ltr'><strong>factum</strong></span> <span class='ocrx_word' id='word_1_411' title='bbox 1489 1476 1533 1499; x_wconf 88' lang='lat' dir='ltr'><strong>est</strong></span> <span class='ocrx_word' id='word_1_412' title='bbox 1561 1471 1690 1499; x_wconf 87' lang='lat' dir='ltr'><strong>etiamin</strong></span> <span class='ocrx_word' id='word_1_413' title='bbox 1715 1471 1795 1506; x_wconf 81' lang='lat' dir='ltr'><strong>aquis</strong></span> <span class='ocrx_word' id='word_1_414' title='bbox 1823 1472 1921 1497; x_wconf 84' lang='lat' dir='ltr'><strong>maris.</strong></span> 
     </span>
    </p>
   </div>
   <div class='ocr_carea' id='block_1_60' title="bbox 1127 1516 1923 1553">
    <p class='ocr_par' dir='ltr' id='par_1_60' title="bbox 1127 1516 1923 1553">
     <span class='ocr_line' id='line_1_60' title="bbox 1127 1516 1923 1553; baseline -0.005 -7"><span class='ocrx_word' id='word_1_415' title='bbox 1127 1519 1202 1546; x_wconf 83' lang='lat' dir='ltr'><strong>Deus</strong></span> <span class='ocrx_word' id='word_1_416' title='bbox 1217 1519 1292 1546; x_wconf 89' lang='lat' dir='ltr'><strong>enim</strong></span> <span class='ocrx_word' id='word_1_417' title='bbox 1309 1518 1343 1545; x_wconf 91' lang='lat' dir='ltr'><strong>ab</strong></span> <span class='ocrx_word' id='word_1_418' title='bbox 1361 1518 1441 1545; x_wconf 86' lang='lat' dir='ltr'><strong>initio</strong></span> <span class='ocrx_word' id='word_1_419' title='bbox 1466 1518 1557 1553; x_wconf 84' lang='lat' dir='ltr'><strong>ipsum</strong></span> <span class='ocrx_word' id='word_1_420' title='bbox 1584 1517 1650 1544; x_wconf 79' lang='lat' dir='ltr'><strong>fecit</strong></span> <span class='ocrx_word' id='word_1_421' title='bbox 1662 1524 1762 1552; x_wconf 85' lang='lat' dir='ltr'><strong>aquam</strong></span> <span class='ocrx_word' id='word_1_422' title='bbox 1788 1516 1899 1544; x_wconf 87' lang='lat' dir='ltr'><strong>dulcem</strong></span> <span class='ocrx_word' id='word_1_423' title='bbox 1917 1524 1923 1542; x_wconf 90' lang='lat'><strong>:</strong></span> 
     </span>
    </p>
   </div>
   <div class='ocr_carea' id='block_1_61' title="bbox 1128 1562 1923 1599">
    <p class='ocr_par' dir='ltr' id='par_1_61' title="bbox 1128 1562 1923 1599">
     <span class='ocr_line' id='line_1_61' title="bbox 1128 1562 1923 1599; baseline -0.004 -8"><span class='ocrx_word' id='word_1_424' title='bbox 1128 1569 1263 1592; x_wconf 87' lang='lat' dir='ltr'><strong>nmtatum</strong></span> <span class='ocrx_word' id='word_1_425' title='bbox 1277 1569 1320 1592; x_wconf 87' lang='lat' dir='ltr'><strong>est</strong></span> <span class='ocrx_word' id='word_1_426' title='bbox 1333 1570 1425 1592; x_wconf 88' lang='lat' dir='ltr'><strong>autem</strong></span> <span class='ocrx_word' id='word_1_427' title='bbox 1439 1569 1575 1599; x_wconf 86' lang='lat' dir='ltr'><strong>tempore,</strong></span> <span class='ocrx_word' id='word_1_428' title='bbox 1589 1563 1624 1591; x_wconf 91' lang='lat' dir='ltr'><strong>ab</strong></span> <span class='ocrx_word' id='word_1_429' title='bbox 1639 1571 1704 1590; x_wconf 86' lang='lat' dir='ltr'><strong>aere</strong></span> <span class='ocrx_word' id='word_1_430' title='bbox 1730 1567 1759 1590; x_wconf 85' lang='lat' dir='ltr'><strong>et</strong></span> <span class='ocrx_word' id='word_1_431' title='bbox 1775 1562 1923 1590; x_wconf 83' lang='lat' dir='ltr'><strong>elementis</strong></span> 
     </span>
    </p>
   </div>
   <div class='ocr_carea' id='block_1_62' title="bbox 286 1609 1924 1652">
    <p class='ocr_par' dir='ltr' id='par_1_62' title="bbox 286 1609 1924 1652">
     <span class='ocr_line' id='line_1_62' title="bbox 286 1609 1924 1652; baseline -0.002 -14"><span class='ocrx_word' id='word_1_432' title='bbox 286 1617 456 1648; x_wconf 74' lang='lat' dir='ltr'><strong>restagnare;</strong></span> <span class='ocrx_word' id='word_1_433' title='bbox 470 1617 499 1639; x_wconf 87' lang='lat' dir='ltr'><strong>ut</strong></span> <span class='ocrx_word' id='word_1_434' title='bbox 512 1616 540 1639; x_wconf 83' lang='lat' dir='ltr'><strong>et</strong></span> <span class='ocrx_word' id='word_1_435' title='bbox 552 1611 616 1639; x_wconf 90' lang='lat' dir='ltr'><strong>eiet</strong></span> <span class='ocrx_word' id='word_1_436' title='bbox 631 1612 712 1640; x_wconf 87' lang='lat' dir='ltr'><strong>nobis</strong></span> <span class='ocrx_word' id='word_1_437' title='bbox 731 1618 843 1640; x_wconf 84' lang='lat' dir='ltr'><strong>revocet</strong></span> <span class='ocrx_word' id='word_1_438' title='bbox 858 1612 883 1639; x_wconf 91' lang='lat' dir='ltr'><strong>in</strong></span> <span class='ocrx_word' id='word_1_439' title='bbox 912 1612 1075 1640; x_wconf 87' lang='lat' dir='ltr'><strong>memoriam</strong></span> <span class='ocrx_word' id='word_1_440' title='bbox 1091 1623 1111 1652; x_wconf 73' lang='grc' dir='ltr'>ο</span> <span class='ocrx_word' id='word_1_441' title='bbox 1131 1613 1264 1640; x_wconf 74' lang='lat' dir='ltr'><strong>enectum</strong></span> <span class='ocrx_word' id='word_1_442' title='bbox 1284 1612 1388 1639; x_wconf 87' lang='lat' dir='ltr'><strong>salsum</strong></span> <span class='ocrx_word' id='word_1_443' title='bbox 1403 1611 1498 1639; x_wconf 88' lang='lat' dir='ltr'><strong>divina</strong></span> <span class='ocrx_word' id='word_1_444' title='bbox 1519 1610 1714 1645; x_wconf 85' lang='lat' dir='ltr'><strong>permissione,</strong></span> <span class='ocrx_word' id='word_1_445' title='bbox 1741 1609 1924 1644; x_wconf 65' lang='lat' dir='ltr'><strong>prattigurans</strong></span> 
     </span>
    </p>
   </div>
   <div class='ocr_carea' id='block_1_63' title="bbox 284 1659 1075 1694">
    <p class='ocr_par' dir='ltr' id='par_1_63' title="bbox 284 1659 1075 1694">
     <span class='ocr_line' id='line_1_63' title="bbox 284 1659 1075 1694; baseline 0.003 -10"><span class='ocrx_word' id='word_1_446' title='bbox 284 1659 359 1693; x_wconf 87' lang='lat' dir='ltr'><strong>quod</strong></span> <span class='ocrx_word' id='word_1_447' title='bbox 387 1659 444 1694; x_wconf 89' lang='lat' dir='ltr'><strong>ipse</strong></span> <span class='ocrx_word' id='word_1_448' title='bbox 462 1663 506 1686; x_wconf 80' lang='lat' dir='ltr'><strong>est</strong></span> <span class='ocrx_word' id='word_1_449' title='bbox 524 1659 619 1686; x_wconf 91' lang='lat' dir='ltr'><strong>mundi</strong></span> <span class='ocrx_word' id='word_1_450' title='bbox 639 1659 769 1686; x_wconf 85' lang='lat' dir='ltr'><strong>conditor</strong></span> <span class='ocrx_word' id='word_1_451' title='bbox 784 1660 830 1694; x_wconf 91' lang='lat' dir='ltr'><strong>qui</strong></span> <span class='ocrx_word' id='word_1_452' title='bbox 851 1667 912 1687; x_wconf 89' lang='lat' dir='ltr'><strong>eam</strong></span> <span class='ocrx_word' id='word_1_453' title='bbox 924 1668 939 1686; x_wconf 87' lang='lat' dir='ltr'><strong>a</strong></span> <span class='ocrx_word' id='word_1_454' title='bbox 949 1660 1075 1686; x_wconf 83' lang='lat' dir='ltr'><strong>tenebris</strong></span> 
     </span>
    </p>
   </div>
   <div class='ocr_carea' id='block_1_64' title="bbox 284 1703 1076 1740">
    <p class='ocr_par' dir='ltr' id='par_1_64' title="bbox 284 1703 1076 1740">
     <span class='ocr_line' id='line_1_64' title="bbox 284 1703 1076 1740; baseline 0.001 -9"><span class='ocrx_word' id='word_1_455' title='bbox 284 1709 312 1731; x_wconf 80' lang='lat' dir='ltr'><strong>et</strong></span> <span class='ocrx_word' id='word_1_456' title='bbox 322 1711 417 1731; x_wconf 82' lang='lat' dir='ltr'><strong>errore</strong></span> <span class='ocrx_word' id='word_1_457' title='bbox 441 1703 584 1732; x_wconf 82' lang='lat' dir='ltr'><strong>liberavit.</strong></span> <span class='ocrx_word' id='word_1_458' title='bbox 606 1704 673 1732; x_wconf 86' lang='lat' dir='ltr'><strong>Nam</strong></span> <span class='ocrx_word' id='word_1_459' title='bbox 689 1705 711 1732; x_wconf 88' lang='lat' dir='ltr'><strong>si</strong></span> <span class='ocrx_word' id='word_1_460' title='bbox 726 1705 754 1732; x_wconf 92' lang='lat' dir='ltr'><strong>in</strong></span> <span class='ocrx_word' id='word_1_461' title='bbox 767 1704 904 1740; x_wconf 86' lang='lat' dir='ltr'><strong>sapientia</strong></span> <span class='ocrx_word' id='word_1_462' title='bbox 927 1705 993 1732; x_wconf 80' lang='lat' dir='ltr'><strong>fecit</strong></span> <span class='ocrx_word' id='word_1_463' title='bbox 1008 1704 1076 1732; x_wconf 83' lang='lat' dir='ltr'><strong>Ver-</strong></span> 
     </span>
    </p>
   </div>
   <div class='ocr_carea' id='block_1_65' title="bbox 284 1751 1077 1787">
    <p class='ocr_par' dir='ltr' id='par_1_65' title="bbox 284 1751 1077 1787">
     <span class='ocr_line' id='line_1_65' title="bbox 284 1751 1077 1787; baseline 0.001 -10"><span class='ocrx_word' id='word_1_464' title='bbox 284 1751 350 1778; x_wconf 89' lang='lat' dir='ltr'><strong>bum</strong></span> <span class='ocrx_word' id='word_1_465' title='bbox 366 1751 426 1783; x_wconf 87' lang='lat' dir='ltr'><strong>Dci,</strong></span> <span class='ocrx_word' id='word_1_466' title='bbox 437 1751 506 1778; x_wconf 89' lang='lat' dir='ltr'><strong>nihil</strong></span> <span class='ocrx_word' id='word_1_467' title='bbox 522 1751 588 1779; x_wconf 79' lang='lat' dir='ltr'><strong>fecit</strong></span> <span class='ocrx_word' id='word_1_468' title='bbox 606 1751 800 1787; x_wconf 86' lang='lat' dir='ltr'><strong>intempestive</strong></span> <span class='ocrx_word' id='word_1_469' title='bbox 812 1756 839 1778; x_wconf 88' lang='lat' dir='ltr'><strong>et</strong></span> <span class='ocrx_word' id='word_1_470' title='bbox 854 1759 909 1778; x_wconf 90' lang='lat' dir='ltr'><strong>non</strong></span> <span class='ocrx_word' id='word_1_471' title='bbox 923 1751 977 1778; x_wconf 90' lang='lat' dir='ltr'><strong>nisi</strong></span> <span class='ocrx_word' id='word_1_472' title='bbox 1001 1755 1077 1778; x_wconf 89' lang='lat' dir='ltr'><strong>certo</strong></span> 
     </span>
    </p>
   </div>
   <div class='ocr_carea' id='block_1_66' title="bbox 284 1797 1078 1833">
    <p class='ocr_par' dir='ltr' id='par_1_66' title="bbox 284 1797 1078 1833">
     <span class='ocr_line' id='line_1_66' title="bbox 284 1797 1078 1833; baseline 0.003 -10"><span class='ocrx_word' id='word_1_473' title='bbox 284 1804 369 1832; x_wconf 78' lang='lat' dir='ltr'><strong>scopo</strong></span> <span class='ocrx_word' id='word_1_474' title='bbox 379 1797 431 1825; x_wconf 88' lang='lat' dir='ltr'><strong>sibi</strong></span> <span class='ocrx_word' id='word_1_475' title='bbox 444 1798 604 1832; x_wconf 86' lang='lat' dir='ltr'><strong>proposito:</strong></span> <span class='ocrx_word' id='word_1_476' title='bbox 618 1803 656 1830; x_wconf 84' lang='lat' dir='ltr'><strong>et,</strong></span> <span class='ocrx_word' id='word_1_477' title='bbox 668 1798 691 1825; x_wconf 79' lang='lat' dir='ltr'><strong>si</strong></span> <span class='ocrx_word' id='word_1_478' title='bbox 704 1798 798 1825; x_wconf 85' lang='lat' dir='ltr'><strong>omnia</strong></span> <span class='ocrx_word' id='word_1_479' title='bbox 815 1801 926 1833; x_wconf 77' lang='lat' dir='ltr'><strong>potest,</strong></span> <span class='ocrx_word' id='word_1_480' title='bbox 940 1805 996 1825; x_wconf 88' lang='lat' dir='ltr'><strong>non</strong></span> <span class='ocrx_word' id='word_1_481' title='bbox 1017 1803 1078 1825; x_wconf 85' lang='lat' dir='ltr'><strong>erat</strong></span> 
     </span>
    </p>
   </div>
   <div class='ocr_carea' id='block_1_67' title="bbox 283 1842 1077 1878">
    <p class='ocr_par' dir='ltr' id='par_1_67' title="bbox 283 1842 1077 1878">
     <span class='ocr_line' id='line_1_67' title="bbox 283 1842 1077 1878; baseline 0 -8"><span class='ocrx_word' id='word_1_482' title='bbox 283 1843 358 1870; x_wconf 86' lang='lat' dir='ltr'><strong>Deus</strong></span> <span class='ocrx_word' id='word_1_483' title='bbox 376 1843 564 1878; x_wconf 80' lang='lat' dir='ltr'><strong>omnipotens,</strong></span> <span class='ocrx_word' id='word_1_484' title='bbox 579 1843 718 1878; x_wconf 86' lang='lat' dir='ltr'><strong>impotens</strong></span> <span class='ocrx_word' id='word_1_485' title='bbox 730 1842 805 1871; x_wconf 88' lang='lat' dir='ltr'><strong>sicut</strong></span> <span class='ocrx_word' id='word_1_486' title='bbox 835 1843 994 1870; x_wconf 85' lang='lat' dir='ltr'><strong>universam</strong></span> <span class='ocrx_word' id='word_1_487' title='bbox 1019 1847 1077 1870; x_wconf 89' lang='lat' dir='ltr'><strong>ter-</strong></span> 
     </span>
    </p>
   </div>
   <div class='ocr_carea' id='block_1_68' title="bbox 285 1888 1078 1925">
    <p class='ocr_par' dir='ltr' id='par_1_68' title="bbox 285 1888 1078 1925">
     <span class='ocr_line' id='line_1_68' title="bbox 285 1888 1078 1925; baseline -0.001 -9"><span class='ocrx_word' id='word_1_488' title='bbox 285 1897 343 1917; x_wconf 89' lang='lat' dir='ltr'><strong>ram</strong></span> <span class='ocrx_word' id='word_1_489' title='bbox 364 1890 401 1917; x_wconf 87' lang='lat' dir='ltr'><strong>ita</strong></span> <span class='ocrx_word' id='word_1_490' title='bbox 419 1889 502 1917; x_wconf 84' lang='lat' dir='ltr'><strong>etiam</strong></span> <span class='ocrx_word' id='word_1_491' title='bbox 517 1889 666 1925; x_wconf 65' lang='lat' dir='ltr'><strong>Egyptum</strong></span> <span class='ocrx_word' id='word_1_492' title='bbox 682 1889 845 1917; x_wconf 65' lang='lat' dir='ltr'><strong>coalestibus</strong></span> <span class='ocrx_word' id='word_1_493' title='bbox 863 1889 1001 1916; x_wconf 85' lang='lat' dir='ltr'><strong>imbribus</strong></span> <span class='ocrx_word' id='word_1_494' title='bbox 1013 1888 1078 1915; x_wconf 85' lang='lat' dir='ltr'><strong>irri—</strong></span> 
     </span>
    </p>
   </div>
   <div class='ocr_carea' id='block_1_69' title="bbox 284 1935 1076 1971">
    <p class='ocr_par' dir='ltr' id='par_1_69' title="bbox 284 1935 1076 1971">
     <span class='ocr_line' id='line_1_69' title="bbox 284 1935 1076 1971; baseline -0.003 -8"><span class='ocrx_word' id='word_1_495' title='bbox 284 1944 364 1970; x_wconf 73' lang='lat' dir='ltr'><strong>gare:</strong></span> <span class='ocrx_word' id='word_1_496' title='bbox 392 1943 474 1970; x_wconf 88' lang='lat' dir='ltr'><strong>quam</strong></span> <span class='ocrx_word' id='word_1_497' title='bbox 499 1936 582 1962; x_wconf 90' lang='lat' dir='ltr'><strong>etiam</strong></span> <span class='ocrx_word' id='word_1_498' title='bbox 609 1935 676 1963; x_wconf 81' lang='lat' dir='ltr'><strong>fecit</strong></span> <span class='ocrx_word' id='word_1_499' title='bbox 702 1935 789 1971; x_wconf 77' lang='lat' dir='ltr'><strong>magis</strong></span> <span class='ocrx_word' id='word_1_500' title='bbox 811 1941 962 1962; x_wconf 86' lang='lat' dir='ltr'><strong>concavam</strong></span> <span class='ocrx_word' id='word_1_501' title='bbox 992 1942 1076 1969; x_wconf 91' lang='lat' dir='ltr'><strong>quam</strong></span> 
     </span>
    </p>
   </div>
   <div class='ocr_carea' id='block_1_70' title="bbox 285 1980 1076 2017">
    <p class='ocr_par' dir='ltr' id='par_1_70' title="bbox 285 1980 1076 2017">
     <span class='ocr_line' id='line_1_70' title="bbox 285 1980 1076 2017; baseline -0.001 -9"><span class='ocrx_word' id='word_1_502' title='bbox 285 1987 370 2010; x_wconf 88' lang='lat' dir='ltr'><strong>totam</strong></span> <span class='ocrx_word' id='word_1_503' title='bbox 391 1986 492 2010; x_wconf 81' lang='lat' dir='ltr'><strong>terram</strong></span> <span class='ocrx_word' id='word_1_504' title='bbox 517 1990 578 2017; x_wconf 71' lang='lat' dir='ltr'><strong>qua:</strong></span> <span class='ocrx_word' id='word_1_505' title='bbox 604 1987 646 2010; x_wconf 89' lang='lat' dir='ltr'><strong>est</strong></span> <span class='ocrx_word' id='word_1_506' title='bbox 663 1982 714 2010; x_wconf 93' lang='lat' dir='ltr'><strong>sub</strong></span> <span class='ocrx_word' id='word_1_507' title='bbox 741 1983 822 2013; x_wconf 79' lang='lat' dir='ltr'><strong>coelo.</strong></span> <span class='ocrx_word' id='word_1_508' title='bbox 847 1986 878 2009; x_wconf 89' lang='lat' dir='ltr'><strong>ut</strong></span> <span class='ocrx_word' id='word_1_509' title='bbox 900 1981 1002 2009; x_wconf 89' lang='lat' dir='ltr'><strong>docent</strong></span> <span class='ocrx_word' id='word_1_510' title='bbox 1028 1980 1076 2016; x_wconf 89' lang='lat' dir='ltr'><strong>qui</strong></span> 
     </span>
    </p>
   </div>
   <div class='ocr_carea' id='block_1_71' title="bbox 285 2026 1076 2064">
    <p class='ocr_par' dir='ltr' id='par_1_71' title="bbox 285 2026 1076 2064">
     <span class='ocr_line' id='line_1_71' title="bbox 285 2026 1076 2064; baseline -0.001 -9"><span class='ocrx_word' id='word_1_511' title='bbox 285 2029 497 2064; x_wconf 84' lang='lat' dir='ltr'><strong>descripserunt</strong></span> <span class='ocrx_word' id='word_1_512' title='bbox 516 2033 653 2056; x_wconf 87' lang='lat' dir='ltr'><strong>terrarum</strong></span> <span class='ocrx_word' id='word_1_513' title='bbox 676 2028 771 2055; x_wconf 88' lang='lat' dir='ltr'><strong>mundi</strong></span> <span class='ocrx_word' id='word_1_514' title='bbox 788 2027 1002 2062; x_wconf 87' lang='lat' dir='ltr'><strong>descriptiones.</strong></span> <span class='ocrx_word' id='word_1_515' title='bbox 1022 2026 1076 2054; x_wconf 86' lang='lat' dir='ltr'><strong>Sed</strong></span> 
     </span>
    </p>
   </div>
   <div class='ocr_carea' id='block_1_72' title="bbox 284 2074 1074 2111">
    <p class='ocr_par' dir='ltr' id='par_1_72' title="bbox 284 2074 1074 2111">
     <span class='ocr_line' id='line_1_72' title="bbox 284 2074 1074 2111; baseline -0.003 -8"><span class='ocrx_word' id='word_1_516' title='bbox 284 2083 320 2103; x_wconf 89' lang='lat' dir='ltr'><strong>nc</strong></span> <span class='ocrx_word' id='word_1_517' title='bbox 342 2076 441 2108; x_wconf 82' lang='lat' dir='ltr'><strong>rideat,</strong></span> <span class='ocrx_word' id='word_1_518' title='bbox 457 2084 518 2111; x_wconf 81' lang='lat' dir='ltr'><strong>qua:</strong></span> <span class='ocrx_word' id='word_1_519' title='bbox 529 2076 672 2107; x_wconf 87' lang='lat' dir='ltr'><strong>dicuntur,</strong></span> <span class='ocrx_word' id='word_1_520' title='bbox 694 2075 943 2109; x_wconf 89' lang='lat' dir='ltr'><strong>insipientissimus</strong></span> <span class='ocrx_word' id='word_1_521' title='bbox 953 2074 1074 2102; x_wconf 88' lang='lat' dir='ltr'><strong>auditor:</strong></span> 
     </span>
    </p>
   </div>
   <div class='ocr_carea' id='block_1_73' title="bbox 284 2120 1076 2157">
    <p class='ocr_par' dir='ltr' id='par_1_73' title="bbox 284 2120 1076 2157">
     <span class='ocr_line' id='line_1_73' title="bbox 284 2120 1076 2157; baseline -0.003 -8"><span class='ocrx_word' id='word_1_522' title='bbox 284 2121 380 2149; x_wconf 86' lang='lat' dir='ltr'><strong>credat</strong></span> <span class='ocrx_word' id='word_1_523' title='bbox 395 2127 487 2150; x_wconf 88' lang='lat' dir='ltr'><strong>autem</strong></span> <span class='ocrx_word' id='word_1_524' title='bbox 500 2121 525 2149; x_wconf 91' lang='lat' dir='ltr'><strong>ei</strong></span> <span class='ocrx_word' id='word_1_525' title='bbox 537 2122 583 2157; x_wconf 90' lang='lat' dir='ltr'><strong>qui</strong></span> <span class='ocrx_word' id='word_1_526' title='bbox 600 2121 669 2149; x_wconf 88' lang='lat' dir='ltr'><strong>dicit</strong></span> <span class='ocrx_word' id='word_1_527' title='bbox 683 2121 757 2156; x_wconf 92' lang='lat' dir='ltr'><strong>quod</strong></span> <span class='ocrx_word' id='word_1_528' title='bbox 773 2121 840 2148; x_wconf 73' lang='lat' dir='ltr'><strong>Deus</strong></span> <span class='ocrx_word' id='word_1_529' title='bbox 867 2121 958 2148; x_wconf 74' lang='lat' dir='ltr'><strong>omnia</strong></span> <span class='ocrx_word' id='word_1_530' title='bbox 973 2120 1033 2155; x_wconf 78' lang='lat' dir='ltr'><strong>fecit</strong></span> <span class='ocrx_word' id='word_1_531' title='bbox 1048 2122 1076 2148; x_wconf 83' lang='lat' dir='ltr'><strong>in</strong></span> 
     </span>
    </p>
   </div>
   <div class='ocr_carea' id='block_1_74' title="bbox 284 2167 1076 2204">
    <p class='ocr_par' dir='ltr' id='par_1_74' title="bbox 284 2167 1076 2204">
     <span class='ocr_line' id='line_1_74' title="bbox 284 2167 1076 2204; baseline 0 -9"><span class='ocrx_word' id='word_1_532' title='bbox 284 2170 429 2204; x_wconf 68' lang='lat' dir='ltr'><strong>sapientia.</strong></span> <span class='ocrx_word' id='word_1_533' title='bbox 444 2169 562 2196; x_wconf 86' lang='lat' dir='ltr'><strong>Omnino</strong></span> <span class='ocrx_word' id='word_1_534' title='bbox 582 2168 656 2195; x_wconf 88' lang='lat' dir='ltr'><strong>enim</strong></span> <span class='ocrx_word' id='word_1_535' title='bbox 672 2168 820 2195; x_wconf 86' lang='lat' dir='ltr'><strong>nobiscum</strong></span> <span class='ocrx_word' id='word_1_536' title='bbox 846 2167 987 2200; x_wconf 78' lang='lat' dir='ltr'><strong>fateberis,</strong></span> <span class='ocrx_word' id='word_1_537' title='bbox 1001 2168 1076 2203; x_wconf 89' lang='lat' dir='ltr'><strong>quod</strong></span> 
     </span>
    </p>
   </div>
   <div class='ocr_carea' id='block_1_75' title="bbox 285 2214 1076 2249">
    <p class='ocr_par' dir='ltr' id='par_1_75' title="bbox 285 2214 1076 2249">
     <span class='ocr_line' id='line_1_75' title="bbox 285 2214 1076 2249; baseline -0.003 -7"><span class='ocrx_word' id='word_1_538' title='bbox 285 2215 320 2242; x_wconf 89' lang='lat' dir='ltr'><strong>ad</strong></span> <span class='ocrx_word' id='word_1_539' title='bbox 336 2214 552 2242; x_wconf 77' lang='lat' dir='ltr'><strong>admonitionem</strong></span> <span class='ocrx_word' id='word_1_540' title='bbox 567 2214 678 2249; x_wconf 86' lang='lat' dir='ltr'><strong>pietatis</strong></span> <span class='ocrx_word' id='word_1_541' title='bbox 688 2219 716 2241; x_wconf 88' lang='lat' dir='ltr'><strong>ct</strong></span> <span class='ocrx_word' id='word_1_542' title='bbox 731 2214 813 2242; x_wconf 87' lang='lat' dir='ltr'><strong>ﬁdem</strong></span> <span class='ocrx_word' id='word_1_543' title='bbox 829 2214 983 2242; x_wconf 80' lang='lat' dir='ltr'><strong>faciendam</strong></span> <span class='ocrx_word' id='word_1_544' title='bbox 993 2222 1076 2241; x_wconf 92' lang='lat' dir='ltr'><strong>mun-</strong></span> 
     </span>
    </p>
   </div>
   <div class='ocr_carea' id='block_1_76' title="bbox 285 2259 1076 2295">
    <p class='ocr_par' dir='ltr' id='par_1_76' title="bbox 285 2259 1076 2295">
     <span class='ocr_line' id='line_1_76' title="bbox 285 2259 1076 2295; baseline -0.001 -8"><span class='ocrx_word' id='word_1_545' title='bbox 285 2260 313 2287; x_wconf 90' lang='lat' dir='ltr'><strong>di</strong></span> <span class='ocrx_word' id='word_1_546' title='bbox 329 2260 489 2291; x_wconf 80' lang='lat' dir='ltr'><strong>r:reationis,</strong></span> <span class='ocrx_word' id='word_1_547' title='bbox 504 2260 576 2287; x_wconf 84' lang='lat' dir='ltr'><strong>Deus</strong></span> <span class='ocrx_word' id='word_1_548' title='bbox 589 2259 616 2286; x_wconf 91' lang='lat' dir='ltr'><strong>in</strong></span> <span class='ocrx_word' id='word_1_549' title='bbox 632 2259 748 2295; x_wconf 64' lang='lat' dir='ltr'><strong>(Egypto</strong></span> <span class='ocrx_word' id='word_1_550' title='bbox 775 2260 874 2287; x_wconf 87' lang='lat' dir='ltr'><strong>statuit</strong></span> <span class='ocrx_word' id='word_1_551' title='bbox 888 2260 940 2287; x_wconf 91' lang='lat' dir='ltr'><strong>hoc</strong></span> <span class='ocrx_word' id='word_1_552' title='bbox 958 2260 1076 2287; x_wconf 89' lang='lat' dir='ltr'><strong>miracu-</strong></span> 
     </span>
    </p>
   </div>
   <div class='ocr_carea' id='block_1_77' title="bbox 284 2297 1116 2341">
    <p class='ocr_par' dir='ltr' id='par_1_77' title="bbox 284 2297 1116 2341">
     <span class='ocr_line' id='line_1_77' title="bbox 284 2297 1116 2341; baseline -0.001 -7"><span class='ocrx_word' id='word_1_553' title='bbox 284 2307 342 2334; x_wconf 87' lang='lat' dir='ltr'><strong>lum</strong></span> <span class='ocrx_word' id='word_1_554' title='bbox 366 2315 498 2334; x_wconf 67' lang='lat' dir='ltr'><strong>{ISCCDSUS</strong></span> <span class='ocrx_word' id='word_1_555' title='bbox 522 2315 657 2341; x_wconf 90' lang='lat' dir='ltr'><strong>aquarum</strong></span> <span class='ocrx_word' id='word_1_556' title='bbox 672 2312 699 2334; x_wconf 73' lang='lat' dir='ltr'><strong>(‘l</strong></span> <span class='ocrx_word' id='word_1_557' title='bbox 722 2315 817 2334; x_wconf 87' lang='lat' dir='ltr'><strong>earum</strong></span> <span class='ocrx_word' id='word_1_558' title='bbox 835 2307 861 2333; x_wconf 92' lang='lat' dir='ltr'><strong>in</strong></span> <span class='ocrx_word' id='word_1_559' title='bbox 882 2315 962 2334; x_wconf 80' lang='lat' dir='ltr'><strong>suum</strong></span> <span class='ocrx_word' id='word_1_560' title='bbox 984 2307 1075 2333; x_wconf 85' lang='lat' dir='ltr'><strong>locum</strong></span> <span class='ocrx_word' id='word_1_561' title='bbox 1093 2297 1116 2325; x_wconf 67' lang='grc' dir='ltr'><strong>Β</strong></span> 
     </span>
    </p>
   </div>
   <div class='ocr_carea' id='block_1_78' title="bbox 285 2352 1078 2387">
    <p class='ocr_par' dir='ltr' id='par_1_78' title="bbox 285 2352 1078 2387">
     <span class='ocr_line' id='line_1_78' title="bbox 285 2352 1078 2387; baseline 0 -8"><span class='ocrx_word' id='word_1_562' title='bbox 285 2352 464 2380; x_wconf 83' lang='lat' dir='ltr'><strong>reversionis.</strong></span> <span class='ocrx_word' id='word_1_563' title='bbox 478 2352 622 2384; x_wconf 84' lang='lat' dir='ltr'><strong>Quomodo</strong></span> <span class='ocrx_word' id='word_1_564' title='bbox 636 2360 734 2379; x_wconf 76' lang='lat' dir='ltr'><strong>rursus</strong></span> <span class='ocrx_word' id='word_1_565' title='bbox 762 2352 789 2378; x_wconf 93' lang='lat' dir='ltr'><strong>in</strong></span> <span class='ocrx_word' id='word_1_566' title='bbox 819 2352 946 2379; x_wconf 84' lang='lat' dir='ltr'><strong>ﬁnitimis</strong></span> <span class='ocrx_word' id='word_1_567' title='bbox 969 2353 1002 2379; x_wconf 88' lang='lat' dir='ltr'><strong>iis</strong></span> <span class='ocrx_word' id='word_1_568' title='bbox 1017 2360 1078 2387; x_wconf 64' lang='lat' dir='ltr'><strong>qua:</strong></span> 
     </span>
    </p>
   </div>
   <div class='ocr_carea' id='block_1_79' title="bbox 287 2398 1078 2434">
    <p class='ocr_par' dir='ltr' id='par_1_79' title="bbox 287 2398 1078 2434">
     <span class='ocr_line' id='line_1_79' title="bbox 287 2398 1078 2434; baseline 0.001 -10"><span class='ocrx_word' id='word_1_569' title='bbox 287 2399 314 2425; x_wconf 92' lang='lat' dir='ltr'><strong>in</strong></span> <span class='ocrx_word' id='word_1_570' title='bbox 333 2399 475 2432; x_wconf 80' lang='lat' dir='ltr'><strong>Pentapoli</strong></span> <span class='ocrx_word' id='word_1_571' title='bbox 490 2398 638 2425; x_wconf 79' lang='lat' dir='ltr'><strong>Barbariea</strong></span> <span class='ocrx_word' id='word_1_572' title='bbox 653 2398 785 2425; x_wconf 86' lang='lat' dir='ltr'><strong>dicuntur</strong></span> <span class='ocrx_word' id='word_1_573' title='bbox 796 2398 882 2434; x_wconf 77' lang='lat' dir='ltr'><strong>Adyta</strong></span> <span class='ocrx_word' id='word_1_574' title='bbox 897 2407 981 2434; x_wconf 82' lang='lat' dir='ltr'><strong>super</strong></span> <span class='ocrx_word' id='word_1_575' title='bbox 992 2407 1078 2434; x_wconf 78' lang='lat' dir='ltr'><strong>aquas</strong></span> 
     </span>
    </p>
   </div>
   <div class='ocr_carea' id='block_1_80' title="bbox 286 2443 1078 2479">
    <p class='ocr_par' dir='ltr' id='par_1_80' title="bbox 286 2443 1078 2479">
     <span class='ocr_line' id='line_1_80' title="bbox 286 2443 1078 2479; baseline 0.001 -9"><span class='ocrx_word' id='word_1_576' title='bbox 286 2444 376 2471; x_wconf 84' lang='lat' dir='ltr'><strong>fertur</strong></span> <span class='ocrx_word' id='word_1_577' title='bbox 407 2449 479 2470; x_wconf 88' lang='lat' dir='ltr'><strong>terra</strong></span> <span class='ocrx_word' id='word_1_578' title='bbox 505 2444 675 2471; x_wconf 83' lang='lat' dir='ltr'><strong>convincens</strong></span> <span class='ocrx_word' id='word_1_579' title='bbox 708 2443 866 2471; x_wconf 81' lang='lat' dir='ltr'><strong>incredulos</strong></span> <span class='ocrx_word' id='word_1_580' title='bbox 893 2444 966 2479; x_wconf 91' lang='lat' dir='ltr'><strong>quod</strong></span> <span class='ocrx_word' id='word_1_581' title='bbox 994 2453 1078 2478; x_wconf 83' lang='lat' dir='ltr'><strong>super</strong></span> 
     </span>
    </p>
   </div>
   <div class='ocr_carea' id='block_1_81' title="bbox 286 2491 1076 2526">
    <p class='ocr_par' dir='ltr' id='par_1_81' title="bbox 286 2491 1076 2526">
     <span class='ocr_line' id='line_1_81' title="bbox 286 2491 1076 2526; baseline 0.001 -9"><span class='ocrx_word' id='word_1_582' title='bbox 286 2498 373 2524; x_wconf 88' lang='lat' dir='ltr'><strong>aquas</strong></span> <span class='ocrx_word' id='word_1_583' title='bbox 383 2498 466 2525; x_wconf 83' lang='lat' dir='ltr'><strong>supra</strong></span> <span class='ocrx_word' id='word_1_584' title='bbox 489 2495 618 2518; x_wconf 89' lang='lat' dir='ltr'><strong>naturam</strong></span> <span class='ocrx_word' id='word_1_585' title='bbox 634 2491 705 2518; x_wconf 87' lang='lat' dir='ltr'><strong>Deus</strong></span> <span class='ocrx_word' id='word_1_586' title='bbox 729 2500 838 2526; x_wconf 82' lang='lat' dir='ltr'><strong>gravem</strong></span> <span class='ocrx_word' id='word_1_587' title='bbox 859 2492 1005 2526; x_wconf 84' lang='lat' dir='ltr'><strong>suspendit</strong></span> <span class='ocrx_word' id='word_1_588' title='bbox 1021 2497 1076 2519; x_wconf 80' lang='lat' dir='ltr'><strong>ter-</strong></span> 
     </span>
    </p>
   </div>
   <div class='ocr_carea' id='block_1_82' title="bbox 287 2536 1078 2572">
    <p class='ocr_par' dir='ltr' id='par_1_82' title="bbox 287 2536 1078 2572">
     <span class='ocr_line' id='line_1_82' title="bbox 287 2536 1078 2572; baseline 0.003 -10"><span class='ocrx_word' id='word_1_589' title='bbox 287 2543 362 2562; x_wconf 91' lang='lat' dir='ltr'><strong>ram:</strong></span> <span class='ocrx_word' id='word_1_590' title='bbox 378 2536 450 2570; x_wconf 90' lang='lat' dir='ltr'><strong>quod</strong></span> <span class='ocrx_word' id='word_1_591' title='bbox 467 2536 536 2571; x_wconf 86' lang='lat' dir='ltr'><strong>lapis</strong></span> <span class='ocrx_word' id='word_1_592' title='bbox 558 2544 572 2564; x_wconf 90' lang='lat' dir='ltr'><strong>a</strong></span> <span class='ocrx_word' id='word_1_593' title='bbox 592 2541 684 2565; x_wconf 87' lang='lat' dir='ltr'><strong>monte</strong></span> <span class='ocrx_word' id='word_1_594' title='bbox 700 2537 842 2565; x_wconf 84' lang='lat' dir='ltr'><strong>abscissus</strong></span> <span class='ocrx_word' id='word_1_595' title='bbox 858 2538 915 2572; x_wconf 85' lang='lat' dir='ltr'><strong>ipse</strong></span> <span class='ocrx_word' id='word_1_596' title='bbox 938 2538 1078 2572; x_wconf 79' lang='lat' dir='ltr'><strong>angularis</strong></span> 
     </span>
    </p>
   </div>
   <div class='ocr_carea' id='block_1_83' title="bbox 285 2581 1077 2618">
    <p class='ocr_par' dir='ltr' id='par_1_83' title="bbox 285 2581 1077 2618">
     <span class='ocr_line' id='line_1_83' title="bbox 285 2581 1077 2618; baseline 0.001 -10"><span class='ocrx_word' id='word_1_597' title='bbox 285 2581 423 2613; x_wconf 76' lang='lat' dir='ltr'><strong>Christus,</strong></span> <span class='ocrx_word' id='word_1_598' title='bbox 439 2586 511 2609; x_wconf 85' lang='lat' dir='ltr'><strong>terra</strong></span> <span class='ocrx_word' id='word_1_599' title='bbox 530 2583 650 2618; x_wconf 79' lang='lat' dir='ltr'><strong>genitam</strong></span> <span class='ocrx_word' id='word_1_600' title='bbox 671 2588 794 2610; x_wconf 79' lang='lat' dir='ltr'><strong>nostram</strong></span> <span class='ocrx_word' id='word_1_601' title='bbox 811 2583 960 2610; x_wconf 80' lang='lat' dir='ltr'><strong>essentiam</strong></span> <span class='ocrx_word' id='word_1_602' title='bbox 988 2583 1077 2609; x_wconf 86' lang='lat' dir='ltr'><strong>admi-</strong></span> 
     </span>
    </p>
   </div>
   <div class='ocr_carea' id='block_1_84' title="bbox 286 2629 1077 2664">
    <p class='ocr_par' dir='ltr' id='par_1_84' title="bbox 286 2629 1077 2664">
     <span class='ocr_line' id='line_1_84' title="bbox 286 2629 1077 2664; baseline 0 -8"><span class='ocrx_word' id='word_1_603' title='bbox 286 2629 411 2656; x_wconf 67' lang='lat' dir='ltr'><strong>rabiliter</strong></span> <span class='ocrx_word' id='word_1_604' title='bbox 424 2629 537 2656; x_wconf 58' lang='lat' dir='ltr'><strong>extollet</strong></span> <span class='ocrx_word' id='word_1_605' title='bbox 549 2638 633 2664; x_wconf 87' lang='lat' dir='ltr'><strong>supra</strong></span> <span class='ocrx_word' id='word_1_606' title='bbox 649 2638 746 2664; x_wconf 83' lang='lat' dir='ltr'><strong>aquas,</strong></span> <span class='ocrx_word' id='word_1_607' title='bbox 762 2629 893 2656; x_wconf 71' lang='lat' dir='ltr'><strong>videlicet</strong></span> <span class='ocrx_word' id='word_1_608' title='bbox 919 2637 1002 2664; x_wconf 81' lang='lat' dir='ltr'><strong>supra</strong></span> <span class='ocrx_word' id='word_1_609' title='bbox 1022 2638 1077 2656; x_wconf 76' lang='lat' dir='ltr'><strong>cm-</strong></span> 
     </span>
    </p>
   </div>
   <div class='ocr_carea' id='block_1_85' title="bbox 285 2675 1077 2710">
    <p class='ocr_par' dir='ltr' id='par_1_85' title="bbox 285 2675 1077 2710">
     <span class='ocr_line' id='line_1_85' title="bbox 285 2675 1077 2710; baseline -0.003 -7"><span class='ocrx_word' id='word_1_610' title='bbox 285 2677 336 2704; x_wconf 86' lang='lat' dir='ltr'><strong>los.</strong></span> <span class='ocrx_word' id='word_1_611' title='bbox 359 2676 495 2704; x_wconf 84' lang='lat' dir='ltr'><strong>Similiter</strong></span> <span class='ocrx_word' id='word_1_612' title='bbox 506 2677 588 2703; x_wconf 86' lang='lat' dir='ltr'><strong>etiam</strong></span> <span class='ocrx_word' id='word_1_613' title='bbox 604 2676 630 2703; x_wconf 91' lang='lat' dir='ltr'><strong>in</strong></span> <span class='ocrx_word' id='word_1_614' title='bbox 645 2675 786 2703; x_wconf 87' lang='lat' dir='ltr'><strong>montibus</strong></span> <span class='ocrx_word' id='word_1_615' title='bbox 806 2675 895 2710; x_wconf 69' lang='lat' dir='ltr'><strong>Lycia:</strong></span> <span class='ocrx_word' id='word_1_616' title='bbox 917 2675 963 2710; x_wconf 89' lang='lat' dir='ltr'><strong>qui</strong></span> <span class='ocrx_word' id='word_1_617' title='bbox 979 2675 1077 2702; x_wconf 84' lang='lat' dir='ltr'><strong>dicun-</strong></span> 
     </span>
    </p>
   </div>
   <div class='ocr_carea' id='block_1_86' title="bbox 287 2722 1078 2757">
    <p class='ocr_par' dir='ltr' id='par_1_86' title="bbox 287 2722 1078 2757">
     <span class='ocr_line' id='line_1_86' title="bbox 287 2722 1078 2757; baseline -0.001 -8"><span class='ocrx_word' id='word_1_618' title='bbox 287 2729 342 2755; x_wconf 81' lang='lat' dir='ltr'><strong>tur,</strong></span> <span class='ocrx_word' id='word_1_619' title='bbox 361 2731 431 2757; x_wconf 84' lang='lat' dir='ltr'><strong>aqua</strong></span> <span class='ocrx_word' id='word_1_620' title='bbox 447 2728 473 2750; x_wconf 87' lang='lat' dir='ltr'><strong>et</strong></span> <span class='ocrx_word' id='word_1_621' title='bbox 492 2724 562 2757; x_wconf 66' lang='lat' dir='ltr'><strong>ignis</strong></span> <span class='ocrx_word' id='word_1_622' title='bbox 574 2723 656 2750; x_wconf 85' lang='lat' dir='ltr'><strong>simul</strong></span> <span class='ocrx_word' id='word_1_623' title='bbox 670 2726 784 2752; x_wconf 81' lang='lat' dir='ltr'><strong>coeunt,</strong></span> <span class='ocrx_word' id='word_1_624' title='bbox 798 2730 848 2748; x_wconf 88' lang='lat' dir='ltr'><strong>nos</strong></span> <span class='ocrx_word' id='word_1_625' title='bbox 865 2722 998 2749; x_wconf 77' lang='lat' dir='ltr'><strong>decentes</strong></span> <span class='ocrx_word' id='word_1_626' title='bbox 1009 2722 1078 2749; x_wconf 85' lang='lat' dir='ltr'><strong>indi-</strong></span> 
     </span>
    </p>
   </div>
   <div class='ocr_carea' id='block_1_87' title="bbox 285 2768 1077 2796">
    <p class='ocr_par' dir='ltr' id='par_1_87' title="bbox 285 2768 1077 2796">
     <span class='ocr_line' id='line_1_87' title="bbox 285 2768 1077 2796; baseline -0.001 -2"><span class='ocrx_word' id='word_1_627' title='bbox 285 2769 394 2795; x_wconf 75' lang='lat' dir='ltr'><strong>viduam</strong></span> <span class='ocrx_word' id='word_1_628' title='bbox 405 2770 506 2796; x_wconf 82' lang='lat' dir='ltr'><strong>Christi</strong></span> <span class='ocrx_word' id='word_1_629' title='bbox 525 2769 678 2795; x_wconf 82' lang='lat' dir='ltr'><strong>divinitatis</strong></span> <span class='ocrx_word' id='word_1_630' title='bbox 693 2772 720 2794; x_wconf 91' lang='lat' dir='ltr'><strong>et</strong></span> <span class='ocrx_word' id='word_1_631' title='bbox 740 2768 920 2794; x_wconf 83' lang='lat' dir='ltr'><strong>humanitatis</strong></span> <span class='ocrx_word' id='word_1_632' title='bbox 934 2768 1077 2794; x_wconf 83' lang='lat' dir='ltr'><strong>unionem.</strong></span> 
     </span>
    </p>
   </div>
   <div class='ocr_carea' id='block_1_88' title="bbox 284 2815 1078 2850">
    <p class='ocr_par' dir='ltr' id='par_1_88' title="bbox 284 2815 1078 2850">
     <span class='ocr_line' id='line_1_88' title="bbox 284 2815 1078 2850; baseline -0.004 -7"><span class='ocrx_word' id='word_1_633' title='bbox 284 2816 352 2843; x_wconf 71' lang='lat' dir='ltr'><strong>Nam</strong></span> <span class='ocrx_word' id='word_1_634' title='bbox 370 2817 391 2843; x_wconf 83' lang='lat' dir='ltr'><strong>si</strong></span> <span class='ocrx_word' id='word_1_635' title='bbox 413 2821 456 2842; x_wconf 77' lang='lat' dir='ltr'><strong>est</strong></span> <span class='ocrx_word' id='word_1_636' title='bbox 470 2821 567 2842; x_wconf 88' lang='lat' dir='ltr'><strong>natura</strong></span> <span class='ocrx_word' id='word_1_637' title='bbox 586 2815 721 2850; x_wconf 82' lang='lat' dir='ltr'><strong>sapientia</strong></span> <span class='ocrx_word' id='word_1_638' title='bbox 738 2819 766 2841; x_wconf 87' lang='lat' dir='ltr'><strong>et</strong></span> <span class='ocrx_word' id='word_1_639' title='bbox 782 2815 862 2842; x_wconf 86' lang='lat' dir='ltr'><strong>dator</strong></span> <span class='ocrx_word' id='word_1_640' title='bbox 881 2815 1034 2849; x_wconf 74' lang='lat' dir='ltr'><strong>sapientizc,</strong></span> <span class='ocrx_word' id='word_1_641' title='bbox 1050 2819 1078 2841; x_wconf 84' lang='lat' dir='ltr'><strong>et</strong></span> 
     </span>
    </p>
   </div>
   <div class='ocr_carea' id='block_1_89' title="bbox 285 2861 1077 2897">
    <p class='ocr_par' dir='ltr' id='par_1_89' title="bbox 285 2861 1077 2897">
     <span class='ocr_line' id='line_1_89' title="bbox 285 2861 1077 2897; baseline -0.004 -7"><span class='ocrx_word' id='word_1_642' title='bbox 285 2873 310 2890; x_wconf 83' lang='lat' dir='ltr'><strong>n.-</strong></span> <span class='ocrx_word' id='word_1_643' title='bbox 347 2862 482 2897; x_wconf 83' lang='lat' dir='ltr'><strong>sapientia</strong></span> <span class='ocrx_word' id='word_1_644' title='bbox 515 2862 606 2889; x_wconf 88' lang='lat' dir='ltr'><strong>omnia</strong></span> <span class='ocrx_word' id='word_1_645' title='bbox 624 2861 691 2888; x_wconf 77' lang='lat' dir='ltr'><strong>fecit</strong></span> <span class='ocrx_word' id='word_1_646' title='bbox 714 2861 786 2888; x_wconf 85' lang='lat' dir='ltr'><strong>Deus</strong></span> <span class='ocrx_word' id='word_1_647' title='bbox 813 2861 897 2888; x_wconf 82' lang='lat' dir='ltr'><strong>Filius</strong></span> <span class='ocrx_word' id='word_1_648' title='bbox 928 2862 987 2895; x_wconf 86' lang='lat' dir='ltr'><strong>Dei,</strong></span> <span class='ocrx_word' id='word_1_649' title='bbox 1005 2862 1077 2889; x_wconf 82' lang='lat' dir='ltr'><strong>sicut</strong></span> 
     </span>
    </p>
   </div>
   <div class='ocr_carea' id='block_1_90' title="bbox 318 2953 783 2989">
    <p class='ocr_par' dir='ltr' id='par_1_90' title="bbox 318 2953 783 2989">
     <span class='ocr_line' id='line_1_90' title="bbox 318 2953 783 2989; baseline 0.004 -9"><span class='ocrx_word' id='word_1_650' title='bbox 318 2953 327 2966; x_wconf 90' lang='lat'><strong>&#39;</strong></span> <span class='ocrx_word' id='word_1_651' title='bbox 351 2953 446 2981; x_wconf 74' lang='lat' dir='ltr'><strong>Matth.</strong></span> <span class='ocrx_word' id='word_1_652' title='bbox 459 2962 517 2988; x_wconf 68' lang='lat' dir='ltr'><strong>mn,</strong></span> <span class='ocrx_word' id='word_1_653' title='bbox 533 2955 567 2988; x_wconf 80' lang='lat'><strong>5;</strong></span> <span class='ocrx_word' id='word_1_654' title='bbox 585 2954 652 2982; x_wconf 88' lang='lat' dir='ltr'><strong>Luc.</strong></span> <span class='ocrx_word' id='word_1_655' title='bbox 670 2963 726 2989; x_wconf 80' lang='lat' dir='ltr'><strong>vni,</strong></span> <span class='ocrx_word' id='word_1_656' title='bbox 757 2956 783 2982; x_wconf 70' lang='lat' dir='ltr'><strong>lt.</strong></span> 
     </span>
    </p>
   </div>
   <div class='ocr_carea' id='block_1_91' title="bbox 1128 1655 1920 1695">
    <p class='ocr_par' dir='ltr' id='par_1_91' title="bbox 1128 1655 1920 1695">
     <span class='ocr_line' id='line_1_91' title="bbox 1128 1655 1920 1695; baseline -0.008 -8"><span class='ocrx_word' id='word_1_657' title='bbox 1128 1667 1160 1688; x_wconf 89' lang='lat' dir='ltr'><strong>ac</strong></span> <span class='ocrx_word' id='word_1_658' title='bbox 1173 1660 1251 1695; x_wconf 86' lang='lat' dir='ltr'><strong>prius</strong></span> <span class='ocrx_word' id='word_1_659' title='bbox 1279 1659 1442 1687; x_wconf 84' lang='lat' dir='ltr'><strong>describens</strong></span> <span class='ocrx_word' id='word_1_660' title='bbox 1473 1658 1588 1686; x_wconf 82' lang='lat' dir='ltr'><strong>humani</strong></span> <span class='ocrx_word' id='word_1_661' title='bbox 1616 1657 1700 1684; x_wconf 90' lang='lat' dir='ltr'><strong>maris</strong></span> <span class='ocrx_word' id='word_1_662' title='bbox 1725 1655 1920 1687; x_wconf 83' lang='lat' dir='ltr'><strong>mutationem,</strong></span> 
     </span>
    </p>
   </div>
   <div class='ocr_carea' id='block_1_92' title="bbox 1127 1702 1920 1741">
    <p class='ocr_par' dir='ltr' id='par_1_92' title="bbox 1127 1702 1920 1741">
     <span class='ocr_line' id='line_1_92' title="bbox 1127 1702 1920 1741; baseline -0.009 -7"><span class='ocrx_word' id='word_1_663' title='bbox 1127 1706 1201 1741; x_wconf 87' lang='lat' dir='ltr'><strong>quod</strong></span> <span class='ocrx_word' id='word_1_664' title='bbox 1215 1715 1249 1734; x_wconf 80' lang='lat' dir='ltr'><strong>ex</strong></span> <span class='ocrx_word' id='word_1_665' title='bbox 1264 1705 1368 1733; x_wconf 89' lang='lat' dir='ltr'><strong>virtute</strong></span> <span class='ocrx_word' id='word_1_666' title='bbox 1379 1712 1421 1733; x_wconf 83' lang='lat' dir='ltr'><strong>est</strong></span> <span class='ocrx_word' id='word_1_667' title='bbox 1449 1712 1614 1732; x_wconf 85' lang='lat' dir='ltr'><strong>conversum</strong></span> <span class='ocrx_word' id='word_1_668' title='bbox 1634 1704 1662 1731; x_wconf 90' lang='lat' dir='ltr'><strong>in</strong></span> <span class='ocrx_word' id='word_1_669' title='bbox 1680 1703 1782 1730; x_wconf 87' lang='lat' dir='ltr'><strong>salsum</strong></span> <span class='ocrx_word' id='word_1_670' title='bbox 1810 1702 1920 1732; x_wconf 87' lang='lat' dir='ltr'><strong>vitium,</strong></span> 
     </span>
    </p>
   </div>
   <div class='ocr_carea' id='block_1_93' title="bbox 1128 1748 1922 1788">
    <p class='ocr_par' dir='ltr' id='par_1_93' title="bbox 1128 1748 1922 1788">
     <span class='ocr_line' id='line_1_93' title="bbox 1128 1748 1922 1788; baseline -0.006 -8"><span class='ocrx_word' id='word_1_671' title='bbox 1128 1753 1202 1788; x_wconf 88' lang='lat' dir='ltr'><strong>quod</strong></span> <span class='ocrx_word' id='word_1_672' title='bbox 1218 1752 1346 1780; x_wconf 84' lang='lat' dir='ltr'><strong>Christus</strong></span> <span class='ocrx_word' id='word_1_673' title='bbox 1361 1751 1479 1779; x_wconf 76' lang='lat' dir='ltr'><strong>ululavit</strong></span> <span class='ocrx_word' id='word_1_674' title='bbox 1496 1751 1525 1778; x_wconf 94' lang='lat' dir='ltr'><strong>in</strong></span> <span class='ocrx_word' id='word_1_675' title='bbox 1556 1749 1656 1778; x_wconf 88' lang='lat' dir='ltr'><strong>melius</strong></span> <span class='ocrx_word' id='word_1_676' title='bbox 1669 1757 1720 1784; x_wconf 85' lang='lat' dir='ltr'><strong>per</strong></span> <span class='ocrx_word' id='word_1_677' title='bbox 1734 1756 1811 1776; x_wconf 84' lang='lat' dir='ltr'><strong>mare</strong></span> <span class='ocrx_word' id='word_1_678' title='bbox 1828 1748 1922 1785; x_wconf 85' lang='lat' dir='ltr'><strong>bapti-</strong></span> 
     </span>
    </p>
   </div>
   <div class='ocr_carea' id='block_1_94' title="bbox 1128 1799 1235 1827">
    <p class='ocr_par' dir='ltr' id='par_1_94' title="bbox 1128 1799 1235 1827">
     <span class='ocr_line' id='line_1_94' title="bbox 1128 1799 1235 1827; baseline 0 0"><span class='ocrx_word' id='word_1_679' title='bbox 1128 1799 1235 1827; x_wconf 87' lang='lat' dir='ltr'><strong>smatis.</strong></span> 
     </span>
    </p>
   </div>
   <div class='ocr_carea' id='block_1_95' title="bbox 1163 1842 1922 1879">
    <p class='ocr_par' dir='ltr' id='par_1_95' title="bbox 1163 1842 1922 1879">
     <span class='ocr_line' id='line_1_95' title="bbox 1163 1842 1922 1879; baseline -0.005 -6"><span class='ocrx_word' id='word_1_680' title='bbox 1163 1846 1198 1874; x_wconf 82' lang='lat' dir='ltr'><strong>Et</strong></span> <span class='ocrx_word' id='word_1_681' title='bbox 1222 1845 1290 1872; x_wconf 66' lang='lat' dir='ltr'><strong>dixit</strong></span> <span class='ocrx_word' id='word_1_682' title='bbox 1306 1845 1388 1879; x_wconf 71' lang='lat' dir='ltr'><strong>Deus,</strong></span> <span class='ocrx_word' id='word_1_683' title='bbox 1401 1844 1538 1874; x_wconf 65' lang='lat' dir='ltr'><strong>Gemino!</strong></span> <span class='ocrx_word' id='word_1_684' title='bbox 1554 1848 1628 1872; x_wconf 76' lang='lat' dir='ltr'><strong>terra</strong></span> <span class='ocrx_word' id='word_1_685' title='bbox 1641 1842 1751 1871; x_wconf 72' lang='lat' dir='ltr'><strong>herbam</strong></span> <span class='ocrx_word' id='word_1_686' title='bbox 1768 1842 1823 1878; x_wconf 79' lang='lat' dir='ltr'><strong>feni</strong></span> <span class='ocrx_word' id='word_1_687' title='bbox 1838 1842 1922 1870; x_wconf 69' lang='lat' dir='ltr'><strong>aemi-</strong></span> 
     </span>
    </p>
   </div>
   <div class='ocr_carea' id='block_1_96' title="bbox 1128 1888 1921 1927">
    <p class='ocr_par' dir='ltr' id='par_1_96' title="bbox 1128 1888 1921 1927">
     <span class='ocr_line' id='line_1_96' title="bbox 1128 1888 1921 1927; baseline -0.008 -7"><span class='ocrx_word' id='word_1_688' title='bbox 1128 1901 1196 1920; x_wconf 80' lang='lat' dir='ltr'><strong>nam</strong></span> <span class='ocrx_word' id='word_1_689' title='bbox 1216 1900 1306 1920; x_wconf 78' lang='lat' dir='ltr'><strong>umen</strong></span> <span class='ocrx_word' id='word_1_690' title='bbox 1333 1891 1477 1919; x_wconf 72' lang='lat' dir='ltr'><strong>secundum</strong></span> <span class='ocrx_word' id='word_1_691' title='bbox 1507 1899 1590 1927; x_wconf 63' lang='lat' dir='ltr'><strong>genus</strong></span> <span class='ocrx_word' id='word_1_692' title='bbox 1609 1895 1634 1918; x_wconf 77' lang='lat' dir='ltr'><strong>et</strong></span> <span class='ocrx_word' id='word_1_693' title='bbox 1657 1889 1870 1918; x_wconf 75' lang='lat' dir='ltr'><strong>similitudinem.</strong></span> <span class='ocrx_word' id='word_1_694' title='bbox 1892 1888 1921 1915; x_wconf 95' lang='lat' dir='ltr'><strong>In</strong></span> 
     </span>
    </p>
   </div>
   <div class='ocr_carea' id='block_1_97' title="bbox 1128 1933 1920 1974">
    <p class='ocr_par' dir='ltr' id='par_1_97' title="bbox 1128 1933 1920 1974">
     <span class='ocr_line' id='line_1_97' title="bbox 1128 1933 1920 1974; baseline -0.009 -8"><span class='ocrx_word' id='word_1_695' title='bbox 1128 1939 1172 1967; x_wconf 87' lang='lat' dir='ltr'><strong>bis</strong></span> <span class='ocrx_word' id='word_1_696' title='bbox 1185 1945 1297 1974; x_wconf 86' lang='lat' dir='ltr'><strong>quoque</strong></span> <span class='ocrx_word' id='word_1_697' title='bbox 1309 1944 1408 1964; x_wconf 79' lang='lat' dir='ltr'><strong>rursus</strong></span> <span class='ocrx_word' id='word_1_698' title='bbox 1421 1937 1535 1974; x_wconf 78' lang='lat' dir='ltr'><strong>minime</strong></span> <span class='ocrx_word' id='word_1_699' title='bbox 1550 1943 1726 1971; x_wconf 88' lang='lat' dir='ltr'><strong>consequens</strong></span> <span class='ocrx_word' id='word_1_700' title='bbox 1738 1939 1768 1962; x_wconf 90' lang='lat' dir='ltr'><strong>et</strong></span> <span class='ocrx_word' id='word_1_701' title='bbox 1787 1933 1839 1961; x_wconf 81' lang='lat' dir='ltr'><strong>sibi</strong></span> <span class='ocrx_word' id='word_1_702' title='bbox 1864 1940 1920 1960; x_wconf 90' lang='lat' dir='ltr'><strong>non</strong></span> 
     </span>
    </p>
   </div>
   <div class='ocr_carea' id='block_1_98' title="bbox 1129 1972 1921 2018">
    <p class='ocr_par' dir='ltr' id='par_1_98' title="bbox 1129 1972 1921 2018">
     <span class='ocr_line' id='line_1_98' title="bbox 1129 1972 1921 2018; baseline -0.013 -4"><span class='ocrx_word' id='word_1_703' title='bbox 1129 1986 1318 2016; x_wconf 87' lang='lat' dir='ltr'><strong>consentiens,</strong></span> <span class='ocrx_word' id='word_1_704' title='bbox 1335 1985 1357 2012; x_wconf 86' lang='lat' dir='ltr'><strong>si</strong></span> <span class='ocrx_word' id='word_1_705' title='bbox 1386 1985 1508 2012; x_wconf 85' lang='lat' dir='ltr'><strong>litteram</strong></span> <span class='ocrx_word' id='word_1_706' title='bbox 1521 1972 1659 2018; x_wconf 52' lang='lat' dir='ltr'><strong>.spectes.</strong></span> <span class='ocrx_word' id='word_1_707' title='bbox 1693 1981 1804 2008; x_wconf 89' lang='lat' dir='ltr'><strong>videtur</strong></span> <span class='ocrx_word' id='word_1_708' title='bbox 1833 1978 1921 2006; x_wconf 89' lang='lat' dir='ltr'><strong>dictio</strong></span> 
     </span>
    </p>
   </div>
   <div class='ocr_carea' id='block_1_99' title="bbox 1129 2029 1920 2068">
    <p class='ocr_par' dir='ltr' id='par_1_99' title="bbox 1129 2029 1920 2068">
     <span class='ocr_line' id='line_1_99' title="bbox 1129 2029 1920 2068; baseline -0.01 -8"><span class='ocrx_word' id='word_1_709' title='bbox 1129 2032 1288 2068; x_wconf 64' lang='lat' dir='ltr'><strong>Scriptura‘.</strong></span> <span class='ocrx_word' id='word_1_710' title='bbox 1319 2031 1387 2059; x_wconf 82' lang='lat' dir='ltr'><strong>Nam</strong></span> <span class='ocrx_word' id='word_1_711' title='bbox 1413 2031 1530 2066; x_wconf 84' lang='lat' dir='ltr'><strong>loquens</strong></span> <span class='ocrx_word' id='word_1_712' title='bbox 1548 2030 1576 2057; x_wconf 91' lang='lat' dir='ltr'><strong>in</strong></span> <span class='ocrx_word' id='word_1_713' title='bbox 1603 2029 1736 2056; x_wconf 83' lang='lat' dir='ltr'><strong>feminino</strong></span> <span class='ocrx_word' id='word_1_714' title='bbox 1759 2034 1862 2063; x_wconf 75' lang='lat' dir='ltr'><strong>genere</strong></span> <span class='ocrx_word' id='word_1_715' title='bbox 1888 2033 1920 2053; x_wconf 75' lang='lat' dir='ltr'><strong>ex</strong></span> 
     </span>
    </p>
   </div>
   <div class='ocr_carea' id='block_1_100' title="bbox 1128 2073 1920 2114">
    <p class='ocr_par' dir='ltr' id='par_1_100' title="bbox 1128 2073 1920 2114">
     <span class='ocr_line' id='line_1_100' title="bbox 1128 2073 1920 2114; baseline -0.01 -8"><span class='ocrx_word' id='word_1_716' title='bbox 1128 2080 1222 2114; x_wconf 84' lang='lat' dir='ltr'><strong>regula</strong></span> <span class='ocrx_word' id='word_1_717' title='bbox 1237 2077 1492 2114; x_wconf 77' lang='lat' dir='ltr'><strong>griuumaticorum,</strong></span> <span class='ocrx_word' id='word_1_718' title='bbox 1512 2077 1595 2104; x_wconf 88' lang='lat' dir='ltr'><strong>desiit</strong></span> <span class='ocrx_word' id='word_1_719' title='bbox 1616 2076 1642 2102; x_wconf 90' lang='lat' dir='ltr'><strong>in</strong></span> <span class='ocrx_word' id='word_1_720' title='bbox 1659 2079 1798 2106; x_wconf 86' lang='lat' dir='ltr'><strong>neutrum,</strong></span> <span class='ocrx_word' id='word_1_721' title='bbox 1814 2073 1920 2101; x_wconf 74' lang='lat' dir='ltr'><strong>Genui-</strong></span> 
     </span>
    </p>
   </div>
   <div class='ocr_carea' id='block_1_101' title="bbox 1128 2118 1919 2159">
    <p class='ocr_par' dir='ltr' id='par_1_101' title="bbox 1128 2118 1919 2159">
     <span class='ocr_line' id='line_1_101' title="bbox 1128 2118 1919 2159; baseline -0.01 -7"><span class='ocrx_word' id='word_1_722' title='bbox 1128 2130 1171 2152; x_wconf 84' lang='lat' dir='ltr'><strong>net</strong></span> <span class='ocrx_word' id='word_1_723' title='bbox 1196 2125 1282 2155; x_wconf 88' lang='lat' dir='ltr'><strong>enim,</strong></span> <span class='ocrx_word' id='word_1_724' title='bbox 1301 2125 1403 2159; x_wconf 86' lang='lat' dir='ltr'><strong>inquit.</strong></span> <span class='ocrx_word' id='word_1_725' title='bbox 1428 2129 1499 2150; x_wconf 75' lang='lat' dir='ltr'><strong>terra</strong></span> <span class='ocrx_word' id='word_1_726' title='bbox 1516 2123 1624 2150; x_wconf 70' lang='lat' dir='ltr'><strong>herbam</strong></span> <span class='ocrx_word' id='word_1_727' title='bbox 1650 2121 1703 2156; x_wconf 76' lang='lat' dir='ltr'><strong>feni</strong></span> <span class='ocrx_word' id='word_1_728' title='bbox 1727 2121 1875 2147; x_wconf 71' lang='lat' dir='ltr'><strong>seminans.</strong></span> <span class='ocrx_word' id='word_1_729' title='bbox 1892 2118 1919 2144; x_wconf 76' lang='lat' dir='ltr'><strong>Si</strong></span> 
     </span>
    </p>
   </div>
   <div class='ocr_carea' id='block_1_102' title="bbox 1128 2167 1918 2206">
    <p class='ocr_par' dir='ltr' id='par_1_102' title="bbox 1128 2167 1918 2206">
     <span class='ocr_line' id='line_1_102' title="bbox 1128 2167 1918 2206; baseline -0.01 -8"><span class='ocrx_word' id='word_1_730' title='bbox 1128 2179 1194 2206; x_wconf 79' lang='lat' dir='ltr'><strong>ergo</strong></span> <span class='ocrx_word' id='word_1_731' title='bbox 1215 2171 1249 2197; x_wconf 89' lang='lat' dir='ltr'><strong>ad</strong></span> <span class='ocrx_word' id='word_1_732' title='bbox 1279 2170 1395 2197; x_wconf 83' lang='lat' dir='ltr'><strong>herbam</strong></span> <span class='ocrx_word' id='word_1_733' title='bbox 1425 2169 1579 2196; x_wconf 73' lang='lat' dir='ltr'><strong>deducatur</strong></span> <span class='ocrx_word' id='word_1_734' title='bbox 1606 2167 1789 2194; x_wconf 88' lang='lat' dir='ltr'><strong>scminantem</strong></span> <span class='ocrx_word' id='word_1_735' title='bbox 1811 2173 1918 2195; x_wconf 86' lang='lat' dir='ltr'><strong>semen,</strong></span> 
     </span>
    </p>
   </div>
   <div class='ocr_carea' id='block_1_103' title="bbox 1128 2210 1918 2249">
    <p class='ocr_par' dir='ltr' id='par_1_103' title="bbox 1128 2210 1918 2249">
     <span class='ocr_line' id='line_1_103' title="bbox 1128 2210 1918 2249; baseline -0.01 -5"><span class='ocrx_word' id='word_1_736' title='bbox 1128 2221 1202 2245; x_wconf 89' lang='lat' dir='ltr'><strong>recte</strong></span> <span class='ocrx_word' id='word_1_737' title='bbox 1224 2217 1326 2244; x_wconf 85' lang='lat' dir='ltr'><strong>habet:</strong></span> <span class='ocrx_word' id='word_1_738' title='bbox 1348 2216 1390 2242; x_wconf 82' lang='lat' dir='ltr'><strong>sin</strong></span> <span class='ocrx_word' id='word_1_739' title='bbox 1416 2220 1507 2242; x_wconf 83' lang='lat' dir='ltr'><strong>autem</strong></span> <span class='ocrx_word' id='word_1_740' title='bbox 1521 2213 1555 2241; x_wconf 81' lang='lat' dir='ltr'><strong>ad</strong></span> <span class='ocrx_word' id='word_1_741' title='bbox 1582 2214 1645 2249; x_wconf 76' lang='lat' dir='ltr'><strong>feni,</strong></span> <span class='ocrx_word' id='word_1_742' title='bbox 1664 2213 1741 2239; x_wconf 82' lang='lat' dir='ltr'><strong>dicas</strong></span> <span class='ocrx_word' id='word_1_743' title='bbox 1757 2210 1918 2239; x_wconf 80' lang='lat' dir='ltr'><strong>convenire,</strong></span> 
     </span>
    </p>
   </div>
   <div class='ocr_carea' id='block_1_104' title="bbox 1129 2259 1918 2296">
    <p class='ocr_par' dir='ltr' id='par_1_104' title="bbox 1129 2259 1918 2296">
     <span class='ocr_line' id='line_1_104' title="bbox 1129 2259 1918 2296; baseline -0.009 -6"><span class='ocrx_word' id='word_1_744' title='bbox 1129 2265 1264 2291; x_wconf 78' lang='lat' dir='ltr'><strong>seminans</strong></span> <span class='ocrx_word' id='word_1_745' title='bbox 1275 2271 1375 2289; x_wconf 65' lang='lat' dir='ltr'><strong>semen.</strong></span> <span class='ocrx_word' id='word_1_746' title='bbox 1398 2261 1541 2296; x_wconf 84' lang='lat' dir='ltr'><strong>Scriptura</strong></span> <span class='ocrx_word' id='word_1_747' title='bbox 1557 2260 1719 2294; x_wconf 84' lang='lat' dir='ltr'><strong>relinquens</strong></span> <span class='ocrx_word' id='word_1_748' title='bbox 1731 2259 1801 2285; x_wconf 89' lang='lat' dir='ltr'><strong>hanc</strong></span> <span class='ocrx_word' id='word_1_749' title='bbox 1817 2265 1918 2283; x_wconf 83' lang='lat' dir='ltr'><strong>conse-</strong></span> 
     </span>
    </p>
   </div>
   <div class='ocr_carea' id='block_1_105' title="bbox 1129 2304 1916 2344">
    <p class='ocr_par' dir='ltr' id='par_1_105' title="bbox 1129 2304 1916 2344">
     <span class='ocr_line' id='line_1_105' title="bbox 1129 2304 1916 2344; baseline -0.011 -8"><span class='ocrx_word' id='word_1_750' title='bbox 1129 2308 1282 2344; x_wconf 82' lang='lat' dir='ltr'><strong>quentiam,</strong></span> <span class='ocrx_word' id='word_1_751' title='bbox 1296 2307 1374 2337; x_wconf 82' lang='lat' dir='ltr'><strong>dicit,</strong></span> <span class='ocrx_word' id='word_1_752' title='bbox 1388 2306 1530 2333; x_wconf 75' lang='lat' dir='ltr'><strong>Seminans</strong></span> <span class='ocrx_word' id='word_1_753' title='bbox 1556 2314 1643 2332; x_wconf 73' lang='lat' dir='ltr'><strong>semen</strong></span> <span class='ocrx_word' id='word_1_754' title='bbox 1661 2304 1805 2331; x_wconf 68' lang='lat' dir='ltr'><strong>setrlndum</strong></span> <span class='ocrx_word' id='word_1_755' title='bbox 1824 2311 1916 2337; x_wconf 75' lang='lat' dir='ltr'><strong>genus.</strong></span> 
     </span>
    </p>
   </div>
   <div class='ocr_carea' id='block_1_106' title="bbox 1128 2349 1918 2383">
    <p class='ocr_par' dir='ltr' id='par_1_106' title="bbox 1128 2349 1918 2383">
     <span class='ocr_line' id='line_1_106' title="bbox 1128 2349 1918 2383; baseline -0.008 -2"><span class='ocrx_word' id='word_1_756' title='bbox 1128 2355 1239 2382; x_wconf 88' lang='lat' dir='ltr'><strong>videtur</strong></span> <span class='ocrx_word' id='word_1_757' title='bbox 1255 2358 1347 2380; x_wconf 78' lang='lat' dir='ltr'><strong>alitem</strong></span> <span class='ocrx_word' id='word_1_758' title='bbox 1365 2353 1432 2379; x_wconf 91' lang='lat' dir='ltr'><strong>mibi</strong></span> <span class='ocrx_word' id='word_1_759' title='bbox 1453 2360 1514 2379; x_wconf 78' lang='lat' dir='ltr'><strong>esse</strong></span> <span class='ocrx_word' id='word_1_760' title='bbox 1542 2352 1639 2378; x_wconf 87' lang='lat' dir='ltr'><strong>harum</strong></span> <span class='ocrx_word' id='word_1_761' title='bbox 1664 2358 1757 2378; x_wconf 86' lang='lat' dir='ltr'><strong>rerum</strong></span> <span class='ocrx_word' id='word_1_762' title='bbox 1781 2349 1918 2383; x_wconf 65' lang='lat' dir='ltr'><strong>ejusmodi</strong></span> 
     </span>
    </p>
   </div>
   <div class='ocr_carea' id='block_1_107' title="bbox 1127 2397 1920 2435">
    <p class='ocr_par' dir='ltr' id='par_1_107' title="bbox 1127 2397 1920 2435">
     <span class='ocr_line' id='line_1_107' title="bbox 1127 2397 1920 2435; baseline -0.009 -7"><span class='ocrx_word' id='word_1_763' title='bbox 1127 2401 1337 2435; x_wconf 76' lang='lat' dir='ltr'><strong>consequentia,</strong></span> <span class='ocrx_word' id='word_1_764' title='bbox 1350 2404 1379 2426; x_wconf 91' lang='lat' dir='ltr'><strong>ut</strong></span> <span class='ocrx_word' id='word_1_765' title='bbox 1395 2399 1479 2426; x_wconf 85' lang='lat' dir='ltr'><strong>illud:</strong></span> <span class='ocrx_word' id='word_1_766' title='bbox 1494 2398 1625 2426; x_wconf 69' lang='lat' dir='ltr'><strong>Ger-minet</strong></span> <span class='ocrx_word' id='word_1_767' title='bbox 1641 2398 1752 2431; x_wconf 81' lang='lat' dir='ltr'><strong>quidem</strong></span> <span class='ocrx_word' id='word_1_768' title='bbox 1774 2401 1846 2422; x_wconf 78' lang='lat' dir='ltr'><strong>terra</strong></span> <span class='ocrx_word' id='word_1_769' title='bbox 1863 2397 1920 2422; x_wconf 69' lang='grc' dir='ltr'><strong>Ιιίν-</strong></span> 
     </span>
    </p>
   </div>
   <div class='ocr_carea' id='block_1_108' title="bbox 1128 2442 1917 2482">
    <p class='ocr_par' dir='ltr' id='par_1_108' title="bbox 1128 2442 1917 2482">
     <span class='ocr_line' id='line_1_108' title="bbox 1128 2442 1917 2482; baseline -0.009 -7"><span class='ocrx_word' id='word_1_770' title='bbox 1128 2449 1187 2475; x_wconf 79' lang='lat' dir='ltr'><strong>(mm</strong></span> <span class='ocrx_word' id='word_1_771' title='bbox 1214 2448 1267 2482; x_wconf 79' lang='lat' dir='ltr'><strong>feni</strong></span> <span class='ocrx_word' id='word_1_772' title='bbox 1305 2446 1414 2473; x_wconf 84' lang='lat' dir='ltr'><strong>dicatur</strong></span> <span class='ocrx_word' id='word_1_773' title='bbox 1439 2454 1452 2472; x_wconf 93' lang='lat' dir='ltr'><strong>a</strong></span> <span class='ocrx_word' id='word_1_774' title='bbox 1481 2446 1537 2472; x_wconf 89' lang='lat' dir='ltr'><strong>Deo</strong></span> <span class='ocrx_word' id='word_1_775' title='bbox 1566 2445 1599 2471; x_wconf 80' lang='lat' dir='ltr'><strong>ad</strong></span> <span class='ocrx_word' id='word_1_776' title='bbox 1628 2443 1734 2471; x_wconf 88' lang='lat' dir='ltr'><strong>animas</strong></span> <span class='ocrx_word' id='word_1_777' title='bbox 1760 2442 1917 2470; x_wconf 77' lang='lat' dir='ltr'><strong>infertiles;</strong></span> 
     </span>
    </p>
   </div>
   <div class='ocr_carea' id='block_1_109' title="bbox 1129 2490 1918 2523">
    <p class='ocr_par' dir='ltr' id='par_1_109' title="bbox 1129 2490 1918 2523">
     <span class='ocr_line' id='line_1_109' title="bbox 1129 2490 1918 2523; baseline -0.009 -3"><span class='ocrx_word' id='word_1_778' title='bbox 1129 2495 1197 2520; x_wconf 84' lang='lat' dir='ltr'><strong>illud</strong></span> <span class='ocrx_word' id='word_1_779' title='bbox 1229 2499 1320 2521; x_wconf 79' lang='lat' dir='ltr'><strong>autem</strong></span> <span class='ocrx_word' id='word_1_780' title='bbox 1346 2493 1508 2518; x_wconf 77' lang='lat' dir='ltr'><strong>:seminans</strong></span> <span class='ocrx_word' id='word_1_781' title='bbox 1536 2499 1624 2517; x_wconf 64' lang='lat' dir='ltr'><strong>svum:</strong></span> <span class='ocrx_word' id='word_1_782' title='bbox 1655 2490 1800 2516; x_wconf 76' lang='lat' dir='ltr'><strong>senmdnm</strong></span> <span class='ocrx_word' id='word_1_783' title='bbox 1820 2495 1918 2523; x_wconf 72' lang='lat' dir='ltr'><strong>genus:</strong></span> 
     </span>
    </p>
   </div>
   <div class='ocr_carea' id='block_1_110' title="bbox 1128 2535 1920 2574">
    <p class='ocr_par' dir='ltr' id='par_1_110' title="bbox 1128 2535 1920 2574">
     <span class='ocr_line' id='line_1_110' title="bbox 1128 2535 1920 2574; baseline -0.008 -9"><span class='ocrx_word' id='word_1_784' title='bbox 1128 2539 1212 2574; x_wconf 80' lang='lat'><strong>870</strong></span> <span class='ocrx_word' id='word_1_785' title='bbox 1227 2538 1338 2565; x_wconf 87' lang='lat' dir='ltr'><strong>videtur</strong></span> <span class='ocrx_word' id='word_1_786' title='bbox 1354 2537 1420 2564; x_wconf 89' lang='lat' dir='ltr'><strong>mihi</strong></span> <span class='ocrx_word' id='word_1_787' title='bbox 1449 2537 1522 2571; x_wconf 89' lang='lat' dir='ltr'><strong>quod</strong></span> <span class='ocrx_word' id='word_1_788' title='bbox 1549 2537 1621 2563; x_wconf 84' lang='lat' dir='ltr'><strong>Deus</strong></span> <span class='ocrx_word' id='word_1_789' title='bbox 1643 2536 1719 2570; x_wconf 84' lang='lat' dir='ltr'><strong>jubet</strong></span> <span class='ocrx_word' id='word_1_790' title='bbox 1743 2535 1831 2562; x_wconf 85' lang='lat' dir='ltr'><strong>choro</strong></span> <span class='ocrx_word' id='word_1_791' title='bbox 1852 2542 1920 2569; x_wconf 86' lang='lat' dir='ltr'><strong>apo-</strong></span> 
     </span>
    </p>
   </div>
   <div class='ocr_carea' id='block_1_111' title="bbox 1129 2579 1920 2618">
    <p class='ocr_par' dir='ltr' id='par_1_111' title="bbox 1129 2579 1920 2618">
     <span class='ocr_line' id='line_1_111' title="bbox 1129 2579 1920 2618; baseline -0.008 -7"><span class='ocrx_word' id='word_1_792' title='bbox 1129 2585 1274 2611; x_wconf 81' lang='lat' dir='ltr'><strong>stolorum.</strong></span> <span class='ocrx_word' id='word_1_793' title='bbox 1303 2583 1380 2611; x_wconf 86' lang='lat' dir='ltr'><strong>Unde</strong></span> <span class='ocrx_word' id='word_1_794' title='bbox 1397 2587 1459 2618; x_wconf 76' lang='lat' dir='ltr'><strong>post</strong></span> <span class='ocrx_word' id='word_1_795' title='bbox 1483 2583 1544 2617; x_wconf 84' lang='lat' dir='ltr'><strong>ejus</strong></span> <span class='ocrx_word' id='word_1_796' title='bbox 1569 2582 1685 2612; x_wconf 82' lang='lat' dir='ltr'><strong>exitum,</strong></span> <span class='ocrx_word' id='word_1_797' title='bbox 1704 2580 1754 2615; x_wconf 90' lang='lat' dir='ltr'><strong>qui</strong></span> <span class='ocrx_word' id='word_1_798' title='bbox 1774 2585 1817 2607; x_wconf 82' lang='lat' dir='ltr'><strong>est</strong></span> <span class='ocrx_word' id='word_1_799' title='bbox 1842 2587 1856 2605; x_wconf 88' lang='lat' dir='ltr'><strong>a</strong></span> <span class='ocrx_word' id='word_1_800' title='bbox 1873 2579 1920 2606; x_wconf 87' lang='lat' dir='ltr'><strong>l‘a-</strong></span> 
     </span>
    </p>
   </div>
   <div class='ocr_carea' id='block_1_112' title="bbox 1129 2626 1918 2664">
    <p class='ocr_par' dir='ltr' id='par_1_112' title="bbox 1129 2626 1918 2664">
     <span class='ocr_line' id='line_1_112' title="bbox 1129 2626 1918 2664; baseline -0.009 -6"><span class='ocrx_word' id='word_1_801' title='bbox 1129 2636 1169 2658; x_wconf 88' lang='lat' dir='ltr'><strong>tre</strong></span> <span class='ocrx_word' id='word_1_802' title='bbox 1200 2629 1404 2664; x_wconf 82' lang='lat' dir='ltr'><strong>inseparabilis,</strong></span> <span class='ocrx_word' id='word_1_803' title='bbox 1436 2629 1548 2656; x_wconf 86' lang='lat' dir='ltr'><strong>dicebat</strong></span> <span class='ocrx_word' id='word_1_804' title='bbox 1572 2628 1606 2655; x_wconf 90' lang='lat' dir='ltr'><strong>de</strong></span> <span class='ocrx_word' id='word_1_805' title='bbox 1632 2628 1746 2662; x_wconf 74' lang='lat' dir='ltr'><strong>seipse,</strong></span> <span class='ocrx_word' id='word_1_806' title='bbox 1774 2626 1848 2653; x_wconf 71' lang='lat' dir='ltr'><strong>Eriit</strong></span> <span class='ocrx_word' id='word_1_807' title='bbox 1878 2634 1918 2660; x_wconf 74' lang='lat' dir='ltr'><strong>qui</strong></span> 
     </span>
    </p>
   </div>
   <div class='ocr_carea' id='block_1_113' title="bbox 1127 2673 1920 2708">
    <p class='ocr_par' dir='ltr' id='par_1_113' title="bbox 1127 2673 1920 2708">
     <span class='ocr_line' id='line_1_113' title="bbox 1127 2673 1920 2708; baseline -0.008 -4"><span class='ocrx_word' id='word_1_808' title='bbox 1127 2679 1253 2708; x_wconf 68' lang='lat' dir='ltr'><strong>seminat,</strong></span> <span class='ocrx_word' id='word_1_809' title='bbox 1276 2677 1310 2703; x_wconf 75' lang='lat' dir='ltr'><strong>ml</strong></span> <span class='ocrx_word' id='word_1_810' title='bbox 1342 2676 1530 2702; x_wconf 74' lang='lat' dir='ltr'><strong>seminmtdnm</strong></span> <span class='ocrx_word' id='word_1_811' title='bbox 1561 2683 1650 2702; x_wconf 79' lang='lat' dir='ltr'><strong>semen</strong></span> <span class='ocrx_word' id='word_1_812' title='bbox 1664 2675 1686 2705; x_wconf 81' lang='grc'><strong>¹,</strong></span> <span class='ocrx_word' id='word_1_813' title='bbox 1718 2673 1920 2705; x_wconf 81' lang='lat' dir='ltr'><strong>verbi,seeun-</strong></span> 
     </span>
    </p>
   </div>
   <div class='ocr_carea' id='block_1_114' title="bbox 1128 2719 1919 2756">
    <p class='ocr_par' dir='ltr' id='par_1_114' title="bbox 1128 2719 1919 2756">
     <span class='ocr_line' id='line_1_114' title="bbox 1128 2719 1919 2756; baseline -0.009 -6"><span class='ocrx_word' id='word_1_814' title='bbox 1128 2724 1193 2750; x_wconf 88' lang='lat' dir='ltr'><strong>dum</strong></span> <span class='ocrx_word' id='word_1_815' title='bbox 1221 2728 1342 2756; x_wconf 61' lang='lat' dir='ltr'><strong>gentem,</strong></span> <span class='ocrx_word' id='word_1_816' title='bbox 1363 2727 1392 2748; x_wconf 76' lang='lat' dir='ltr'><strong>et</strong></span> <span class='ocrx_word' id='word_1_817' title='bbox 1411 2721 1563 2748; x_wconf 80' lang='lat' dir='ltr'><strong>secundum</strong></span> <span class='ocrx_word' id='word_1_818' title='bbox 1584 2721 1723 2756; x_wconf 77' lang='lat' dir='ltr'><strong>regionem</strong></span> <span class='ocrx_word' id='word_1_819' title='bbox 1752 2719 1779 2746; x_wconf 92' lang='lat' dir='ltr'><strong>in</strong></span> <span class='ocrx_word' id='word_1_820' title='bbox 1807 2719 1919 2745; x_wconf 77' lang='lat' dir='ltr'><strong>univer-</strong></span> 
     </span>
    </p>
   </div>
   <div class='ocr_carea' id='block_1_115' title="bbox 1221 2744 1235 2757">
    <p class='ocr_par' dir='ltr' id='par_1_115' title="bbox 1221 2744 1235 2757">
     <span class='ocr_line' id='line_1_115' title="bbox 1221 2744 1235 2757; baseline 0 0"><span class='ocrx_word' id='word_1_821' title='bbox 1221 2744 1235 2757; x_wconf 66' lang='grc' dir='ltr'>δ</span> 
     </span>
    </p>
   </div>
   <div class='ocr_carea' id='block_1_116' title="bbox 1128 2766 1917 2804">
    <p class='ocr_par' dir='ltr' id='par_1_116' title="bbox 1128 2766 1917 2804">
     <span class='ocr_line' id='line_1_116' title="bbox 1128 2766 1917 2804; baseline -0.01 -8"><span class='ocrx_word' id='word_1_822' title='bbox 1128 2779 1156 2796; x_wconf 80' lang='lat' dir='ltr'><strong>sa</strong></span> <span class='ocrx_word' id='word_1_823' title='bbox 1172 2775 1243 2796; x_wconf 83' lang='lat' dir='ltr'><strong>terra</strong></span> <span class='ocrx_word' id='word_1_824' title='bbox 1263 2777 1322 2804; x_wconf 59' lang='lat' dir='ltr'><strong>qua:</strong></span> <span class='ocrx_word' id='word_1_825' title='bbox 1340 2769 1415 2803; x_wconf 74' lang='lat' dir='ltr'><strong>prius</strong></span> <span class='ocrx_word' id='word_1_826' title='bbox 1441 2768 1594 2794; x_wconf 64' lang='lat' dir='ltr'><strong>Vocabatur</strong></span> <span class='ocrx_word' id='word_1_827' title='bbox 1609 2766 1686 2793; x_wconf 83' lang='lat' dir='ltr'><strong>arida</strong></span> <span class='ocrx_word' id='word_1_828' title='bbox 1701 2776 1706 2792; x_wconf 90' lang='lat'>:</span> <span class='ocrx_word' id='word_1_829' title='bbox 1734 2774 1818 2800; x_wconf 77' lang='lat' dir='ltr'><strong>super</strong></span> <span class='ocrx_word' id='word_1_830' title='bbox 1839 2772 1917 2799; x_wconf 59' lang='lat' dir='ltr'><strong>quam</strong></span> 
     </span>
    </p>
   </div>
   <div class='ocr_carea' id='block_1_117' title="bbox 1129 2810 1965 2848">
    <p class='ocr_par' dir='ltr' id='par_1_117' title="bbox 1129 2810 1965 2848">
     <span class='ocr_line' id='line_1_117' title="bbox 1129 2810 1965 2848; baseline -0.008 -6"><span class='ocrx_word' id='word_1_831' title='bbox 1129 2815 1291 2845; x_wconf 75' lang='lat' dir='ltr'><strong>dest-endit,</strong></span> <span class='ocrx_word' id='word_1_832' title='bbox 1321 2820 1450 2848; x_wconf 86' lang='lat' dir='ltr'><strong>tanquam</strong></span> <span class='ocrx_word' id='word_1_833' title='bbox 1488 2813 1581 2848; x_wconf 82' lang='lat' dir='ltr'><strong>pluvia</strong></span> <span class='ocrx_word' id='word_1_834' title='bbox 1614 2820 1698 2847; x_wconf 81' lang='lat' dir='ltr'><strong>super</strong></span> <span class='ocrx_word' id='word_1_835' title='bbox 1729 2811 1828 2841; x_wconf 75' lang='lat' dir='ltr'><strong>vellus,</strong></span> <span class='ocrx_word' id='word_1_836' title='bbox 1854 2810 1918 2835; x_wconf 63' lang='lat' dir='ltr'><strong>\‘rr-</strong></span> <span class='ocrx_word' id='word_1_837' title='bbox 1962 2823 1965 2826; x_wconf 98' lang='lat'><strong><em>-</em></strong></span> 
     </span>
    </p>
   </div>
   <div class='ocr_carea' id='block_1_118' title="bbox 1130 2856 1917 2889">
    <p class='ocr_par' dir='ltr' id='par_1_118' title="bbox 1130 2856 1917 2889">
     <span class='ocr_line' id='line_1_118' title="bbox 1130 2856 1917 2889; baseline -0.009 -1"><span class='ocrx_word' id='word_1_838' title='bbox 1130 2863 1194 2889; x_wconf 88' lang='lat' dir='ltr'><strong>bum</strong></span> <span class='ocrx_word' id='word_1_839' title='bbox 1226 2862 1273 2889; x_wconf 85' lang='lat' dir='ltr'><strong>Dei</strong></span> <span class='ocrx_word' id='word_1_840' title='bbox 1301 2869 1361 2889; x_wconf 86' lang='lat' dir='ltr'><strong>eam</strong></span> <span class='ocrx_word' id='word_1_841' title='bbox 1397 2859 1539 2887; x_wconf 80' lang='lat' dir='ltr'><strong>seminans</strong></span> <span class='ocrx_word' id='word_1_842' title='bbox 1575 2864 1603 2886; x_wconf 84' lang='lat' dir='ltr'><strong>et</strong></span> <span class='ocrx_word' id='word_1_843' title='bbox 1627 2859 1751 2886; x_wconf 84' lang='lat' dir='ltr'><strong>dicens:</strong></span> <span class='ocrx_word' id='word_1_844' title='bbox 1785 2856 1917 2885; x_wconf 65' lang='lat' dir='ltr'><strong>Carmina</strong></span> 
     </span>
    </p>
   </div>
  </div>
