1977 3236
242 209 292 242 891
847 219 867 248 8

871 243 877 248 .
899 220 1097 250 ANASTASII
1119 220 1282 250 SlNAlTr'E

1819 220 1876 252 892

236 265 332 292 nmttia‘
346 268 462 299 propter
476 265 620 297 Christum
630 274 658 296 et
674 270 701 296 in
723 269 864 297 Clu-istum
887 272 1029 299 tendentia
1046 275 1066 302 Α
1082 274 1172 301 adhuc
1188 274 1333 309 agebatur,
1350 273 1511 307 priusquam
1526 273 1704 301 illucesceret
1719 273 1876 301 multitudo

237 310 307 336 facta
323 314 399 341 sunt,
416 314 471 336 tam
495 320 556 346 qua:
582 318 648 340 sunt
666 315 692 340 in
712 315 790 342 cmlis
819 324 900 350 quam
925 325 986 351 qua-
1001 318 1028 343 in

237 362 320 383 terra.
351 357 384 383 Et
408 357 471 384 ideo
491 359 665 388 excutientes
693 361 796 394 spicam
821 362 973 397 Scriptum
995 363 1029 390 ab

237 403 408 429 rxtrinsecus
438 401 569 438 impoéito
599 407 732 440 operculo
762 408 862 435 littera:
891 409 1028 440 lilosaicw.

221 448 354 482 iprimam
365 449 513 481 rationem,
530 459 658 484 granum,
677 451 801 486 inquam,
819 454 892 488 quod
907 459 949 481 cst
965 455 1030 482 abs-

221 497 350 521 tconsum
368 495 441 522 intra
457 496 639 529 frumentum,
659 506 758 534 nempe
776 499 919 527 Christum
939 501 1031 536 inqui-

221 534 224 541 '
238 537 335 564 rimus.
348 538 402 565 lies
412 547 508 566 omnes
521 540 735 575 przefigurabant
767 543 910 571 Christum
929 549 957 572 et
970 534 1031 580 ejus

239 584 405 611 Ecclesium:
428 585 527 618 Moses,
544 586 668 621 inquam,
691 594 719 615 et
734 589 847 617 Tabula:
875 591 987 625 priores
1002 595 1031 618 et

239 630 379 663 secunda},
395 636 423 658 et
452 632 673 665 tabernaculum,
691 640 720 662 et
734 643 825 668 mons,
842 642 869 664 ct
888 638 987 669 rubus,
1005 642 1032 665 et.

240 675 320 710 ignis,
337 680 364 702 ct
393 685 505 709 manna,
533 683 561 705 et
588 687 668 712 urna,
694 685 722 707 et
750 689 825 714 arca,
843 688 987 718 etagnus.
1004 689 1032 711 et

240 723 385 754 columine,
404 728 431 750 et
448 730 581 757 turtures,
608 732 636 753 et
652 728 799 760 sacrificia,
819 734 847 756 ct
866 731 989 765 sanguis,
1005 736 1033 758 et

241 769 374 802 aspersio,
400 775 428 796 et
447 772 615 804 sacerdotes,
633 779 660 800 ct
687 772 924 809 [‘iropilialorium,
940 776 1033 803 etduo

242 815 302 841 vela
325 821 352 842 et
370 821 457 850 petra,
476 821 503 845 et
520 818 607 853 virga,
619 825 646 846 et
660 820 818 855 hyssopum,
836 827 864 848 et
877 823 1032 854 coccinum,

242 864 281 891 et,
305 866 335 886 ut
353 862 436 887 semel
452 862 552 896 dicam,
578 872 622 890 res
637 873 734 891 onmes
762 865 889 900 legitimae
912 866 1032 893 lsraelis.

243 905 288 932 Sic
299 907 382 934 etiam
399 909 491 935 ontnia
510 908 634 944 legitima
652 918 713 944 qua:
731 919 746 937 a
769 911 843 938 lilose
859 916 924 938 sunt
945 912 1032 944 dicta,

244 951 316 979 dicta
333 958 397 980 sunt
412 953 446 981 dc
460 942 572 981 Christo
586 960 614 982 et
627 942 740 990 prbpter
757 956 911 989 Christum,
931 942 1034 984 convc;
1052 942 1070 968 Β

244 998 352 1026 uienter
371 999 457 1034 ipsius
473 1000 538 1028 Jesu
553 1001 613 1027 voci
628 1001 675 1036 qui
695 1002 764 1030 dicit
783 1012 788 1029 :
806 1003 865 1030 Iota
884 1012 968 1031 unum
988 1009 1035 1031 aut

246 1052 317 1079 apex
329 1053 396 1071 unus
415 1054 467 1072 non
484 1047 630 1081 prwtcribit
643 1056 674 1074 ex
689 1047 755 1083 lege,
765 1049 847 1076 donec
857 1051 946 1077 annua
958 1050 991 1077 de
1003 1058 1036 1077 eo

245 1089 313 1124 ﬁant
330 1091 351 1106 ”
367 1096 395 1118 et
411 1091 590 1126 impleantur.
609 1093 653 1121 Sic
668 1094 742 1121 enim
770 1103 832 1130 qua:
846 1100 887 1123 est
910 1096 1036 1123 oninium

245 1136 295 1163 Dei
310 1142 503 1166 creaturarum
517 1139 675 1167 miserrima
703 1145 732 1167 et
747 1141 892 1174 vilissima,
919 1143 1034 1174 vermis,

247 1183 373 1218 inquam,
390 1184 438 1218 qui
457 1185 517 1212 sine
534 1186 641 1212 semine
657 1190 740 1213 natus
762 1191 847 1213 estex
868 1187 1038 1222 pinguedine

247 1237 339 1262 terrae,
356 1231 411 1265 jam
426 1231 493 1258 olim
510 1231 698 1267 przefiguravit
715 1241 747 1260 ac
761 1233 910 1268 descripsit
926 1239 1037 1261 uterutn

248 1273 456 1309 gloriosissima:
470 1277 603 1312 Deiparze,
615 1283 645 1304 ut
661 1283 778 1306 testatur
795 1279 880 1307 David
893 1280 991 1307 dicens
1005 1290 1038 1308 ex

249 1327 369 1354 persona
382 1321 503 1349 Christi:
532 1323 587 1358 Ego
600 1333 658 1351 sum
694 1327 800 1358 vannis,
820 1331 844 1352 et
871 1336 922 1353 non
937 1329 1014 1354 homo
1030 1336 1038 1355 .-

250 1364 304 1391 ltoc
319 1370 371 1398 est,
389 1366 448 1393 sine
480 1367 586 1395 semine
620 1374 768 1403 generatus
794 1371 866 1398 sicut
882 1373 994 1404 vermis,
1012 1377 1039 1399 et

251 1418 306 1437 non
320 1419 396 1438 more
411 1412 532 1439 humano
547 1422 579 1440 ex
600 1422 682 1441 causa
709 1415 841 1442 seminis:
870 1417 1040 1451 opprobrium

252 1456 387 1483 hominum
403 1457 575 1492 ludatorum,
597 1460 710 1495 abjectio
722 1461 845 1496 populi”
862 1463 990 1498 gentilis:
1007 1472 1041 1490 uc

253 1502 288 1529 de
299 1507 399 1530 caetero
415 1504 482 1531 mibi
497 1505 670 1534 dubitaveris
688 1515 779 1542 neque
795 1508 885 1535 fueris
911 1509 1042 1536 incredu-

254 1547 298 1575 los
314 1548 348 1576 de
361 1551 598 1584 prmstantissimis
609 1553 758 1584 creaturis,
775 1553 850 1588 quod
864 1554 968 1581 fuerint
983 1563 1042 1582 om-

1080 320 1267 354 apostolorum
1284 324 1312 346 et
1330 318 1488 350 doctorum,
1507 319 1617 351 lucidze,
1651 319 1777 354 inquam,
1810 327 1874 354 qua:

1081 369 1145 391 sunt
1159 365 1185 391 in
1203 365 1283 391 terris
1296 364 1392 395 stellae.
1404 369 1431 391 ct
1441 365 1600 399 priusquam
1612 365 1735 392 oriretur
1743 365 1878 392 Christus

1080 410 1161 445 871
1178 411 1223 437 Sol
1236 410 1362 444 justilim,
1375 412 1506 462 cwcjus
1520 412 1636 446 conjuge
1655 412 1732 442 luna.
1764 420 1868 446 nempe

1081 456 1220 483 Ecclesia:
1237 465 1269 484 ea
1299 457 1334 484 de
1357 456 1441 484 cau'sa
1459 462 1516 484 tres
1546 457 1606 484 dies
1632 459 1696 484 ante
1725 463 1877 491 quartum,

1083 502 1258 536 imperfectos
1282 508 1310 530 et
1336 510 1438 538 opacos
1453 503 1566 538 solequc
1596 507 1624 530 et
1646 503 1711 529 luna
1739 508 1874 530 carentes

1083 549 1149 576 fecit
1164 549 1246 576 Deus.

1118 595 1237 627 Quartus
1253 600 1344 622 autem
1364 595 1424 622 dies
1444 594 1497 621 fuit
1521 594 1579 628 ipse
1597 594 1701 621 mundo
1719 595 1879 628 perfectus.

1083 640 1115 667 lit
1136 646 1249 675 propter
1265 649 1328 667 eum
1354 646 1451 676 quarta
1477 641 1559 667 noctis
1583 640 1675 675 vigilia
1696 641 1765 666 venit
1796 641 1881 667 Cltri~

1083 691 1143 714 stus
1159 691 1224 713 tunc
1242 695 1327 721 super
1342 695 1416 714 mare
1431 686 1577 718 ambulans
1588 691 1615 713 et
1630 694 1716 721 super
1728 695 1827 720 aquas,
1844 687 1879 714 ad

1083 739 1148 758 suos
1182 731 1336 766 discipulos
1368 731 1416 766 qui
1445 732 1623 767 agitabantur
1651 735 1828 766 tempestate,
1851 737 1880 758 et

1083 783 1163 805 erant
1192 778 1307 812 perituri
1333 778 1360 805 in
1377 778 1446 805 mari
1474 778 1558 813 huius
1587 777 1696 809 mundi,
1712 782 1741 804 et
1771 777 1807 804 all
1829 786 1881 806 nos

1085 823 1179 851 itidem
1195 824 1347 858 discipulos
1362 824 1409 858 qui
1423 824 1450 850 in
1467 824 1621 858 periculth
1638 823 1851 851 adducebantur
1867 830 1882 848 a

1085 869 1231 904 spiritibus
1245 869 1422 897 tenebrarum
1434 874 1461 897 et
1471 870 1605 897 ﬂuctuum
1621 870 1787 904 impietatis.
1800 869 1880 897 Unde

1085 915 1169 941 etiam
1196 915 1270 942 Deus
1294 915 1423 942 lsraelem
1442 915 1470 942 in
1493 916 1563 943 mari
1587 915 1709 943 servavit
1731 915 1759 942 in
1780 919 1880 950 quarta

1087 961 1180 997 vigilia
1197 962 1333 988 tnatutina
1353 961 1387 988 ad
1404 970 1455 989 nos
1471 961 1643 996 figurandus.
1657 961 1713 988 Nos
1734 961 1811 988 enim
1833 969 1882 988 su-

1087 1016 1148 1035 mus
1162 1008 1222 1042 ejus
1246 1008 1367 1042 populus
1381 1016 1463 1042 quem
1480 1008 1610 1035 liberavit
1626 1015 1641 1034 a
1660 1015 1741 1034 manu
1767 1007 1882 1041 maligni

1088 1053 1191 1080 diaboli
1220 1054 1374 1080 Pharaonis
1403 1058 1504 1088 quarto
1524 1058 1552 1080 ct
1571 1055 1663 1088 primo
1688 1053 1814 1087 perfecto
1837 1052 1883 1079 die

1087 1103 1235 1133 postquam
1259 1099 1343 1126 tertio
1361 1099 1406 1126 die
1427 1099 1550 1126 surrexit
1569 1108 1584 1126 a
1600 1099 1722 1126 mortuis
1741 1104 1822 1125 ortus
1843 1099 1883 1126 sol

1086 1144 1200 1179 justitizc
1213 1153 1219 1170 :
1235 1152 1316 1179 quem
1331 1144 1408 1178 prius
1424 1143 1589 1179 significavit
1603 1144 1654 1171 iste
1666 1144 1708 1171 sol
1719 1144 1766 1178 qui
1784 1149 1887 1178 quarto

1089 1189 1134 1217 dic
1153 1190 1204 1216 fuit
1229 1198 1243 1217 a
1265 1190 1320 1217 llco
1336 1190 1481 1222 conditus,
1500 1191 1639 1225 quoddam
1662 1199 1764 1217 novum
1791 1195 1819 1216 et
1843 1190 1887 1216 di-

1089 1244 1173 1271 gnum
1193 1236 1267 1270 quod
1280 1242 1439 1264 scrutemur
1453 1237 1534 1263 nobis
1544 1237 1695 1264 ostendens
1707 1237 1884 1272 mysterium,

1090 1286 1238 1316 propterea
1263 1282 1336 1316 quod
1364 1287 1464 1316 quarto
1489 1282 1534 1308 dic
1563 1282 1653 1308 factus
1677 1286 1729 1309 est.
1748 1281 1817 1308 Nam
1837 1281 1886 1308 lux

1091 1327 1202 1360 quidem
1229 1327 1314 1354 trium
1329 1327 1438 1354 dierum
1466 1327 1694 1362 praecedentium,
1713 1335 1837 1362 expansa
1853 1334 1886 1354 ac

1091 1373 1215 1408 dispersa
1232 1381 1281 1407 per
1305 1378 1390 1400 lotam
1408 1373 1631 1405 universitatem,
1647 1373 1770 1400 ostendit
1795 1374 1887 1400 lucem

1093 1419 1221 1446 intercalze
1247 1419 1390 1447 Trinitatis
1416 1428 1583 1454 quocunque
1600 1421 1757 1455 pervenire,
1776 1425 1804 1448 ct
1823 1420 1887 1447 nul-

1093 1465 1149 1492 lum
1172 1466 1330 1500 relinquere
1359 1466 1451 1493 locum
1463 1474 1494 1493 ea
1509 1474 1638 1493 vacuum.
1651 1466 1770 1499 Quando
1793 1470 1887 1492 autem

1094 1516 1193 1544 quarto
1210 1510 1255 1537 die
1279 1511 1432 1539 fabricatur
1458 1511 1536 1539 orbis
1561 1512 1637 1543 solis,
1653 1516 1681 1538 et
1696 1511 1742 1538 lux
1760 1511 1807 1538 illa
1828 1519 1891 1546 qua;

1094 1562 1137 1584 est
1149 1557 1252 1591 ubique
1261 1566 1382 1592 praesens
1396 1557 1422 1584 in
1432 1566 1465 1584 eo
1476 1558 1598 1592 ponitur,
1607 1557 1659 1584 hoc
1671 1557 1890 1592 signiticatquod

256 1600 306 1620 nos
323 1593 416 1628 figura:
430 1595 545 1627 Christi,
559 1604 591 1623 cx
610 1596 712 1631 quibus
723 1599 878 1626 suntetiam
895 1599 1042 1627 luminaria
1061 1611 1080 1638 ε
1097 1602 1191 1629 divina
1208 1602 1254 1629 illa
1275 1603 1323 1630 lux
1343 1603 1369 1630 in
1394 1603 1461 1631 orbe
1485 1603 1606 1638 quodam
1628 1603 1748 1638 primum
1776 1603 1891 1636 quidem

256 1646 318 1668 dare
334 1639 402 1666 facta
416 1644 479 1667 sunt
498 1647 597 1676 quarto
610 1642 664 1669 die.
680 1643 750 1670 Ante
777 1643 927 1673 dictionem
953 1651 1046 1672 autent

259 1683 325 1710 illud
338 1690 379 1712 est
397 1687 589 1720 qumrcndum,
605 1696 656 1715 cur
669 1694 725 1716 tres
740 1691 854 1717 fuerunt
877 1692 937 1718 dies
958 1692 1047 1719 manci

258 1740 265 1754 (
278 1736 286 1755 t
299 1730 464 1764 imperfecti,
486 1732 576 1760 lucetn
587 1734 707 1769 quidem
724 1735 870 1769 habentes,
893 1738 1048 1764 solcm.au~

263 1781 329 1804 Ir-m.
344 1777 435 1803 lunam
452 1782 479 1804 ct
504 1780 646 1807 stellarum
659 1789 714 1808 non
730 1781 864 1811 habentes
892 1784 1049 1811 multitudi-

260 1828 340 1848 nem:
358 1822 412 1848 imo
431 1831 497 1850 vero
515 1825 680 1852 videbantur
689 1834 749 1854 esse
765 1827 970 1862 quudnmlnmlo
987 1837 1050 1863 pro-

260 1866 338 1893 fundi
353 1872 377 1894 ει
392 1876 445 1894 non
459 1869 624 1897 illuminati:
640 1879 693 1898 non
708 1871 846 1900 habebant
862 1873 936 1900 enim
952 1873 1049 1903 solem,

259 1913 321 1939 εαξη
339 1918 367 1940 et
385 1919 465 1941 terrae
482 1915 638 1949 luminare;
655 1921 682 1944 ct
696 1918 825 1946 universa
841 1927 902 1954 qua:
917 1928 966 1953 per
981 1919 1050 1946 alias

261 1959 429 1988 refulserunt
454 1962 524 1990 dies.
553 1962 623 1996 Quid
651 1973 718 2000 ergo
739 1966 766 1993 iu
791 1966 836 1993 his
863 1966 999 1994 dicimus?
1024 1956 1053 1993 et.

259 2014 376 2033 curnam
409 2009 594 2042 quartusdics
623 2010 675 2038 fuit
687 2012 794 2046 primus
809 2018 837 2040 et
853 2021 907 2039 non
922 2014 1052 2040 nume-ns?

261 2051 423 2087 Audiamus,
450 2064 564 2090 qua-so,
580 2065 706 2092 quaenam
734 2059 807 2086 inter
832 2059 959 2086 homines
989 2065 1051 2087 autc

261 2099 366 2126 Christi
379 2101 529 2128 adventura
547 2108 575 2130 et
590 2103 822 2133 illuminationcm
847 2106 961 2132 fuerunt
979 2106 1053 2140 leges

261 2151 289 2172 ct
306 2147 378 2173 modi
395 2148 507 2181 pietatis
519 2153 547 2175 et
562 2149 663 2177 divina:
681 2151 834 2186 religionis.
849 2151 918 2178 Nam
938 2151 964 2178 in
978 2152 1053 2185 prin.

262 2190 335 2224 cipio
349 2192 461 2226 quidem
476 2193 503 2220 iu
520 2195 610 2228 prima
619 2195 760 2222 creatione
771 2195 843 2222 Deus
857 2196 934 2223 dedit
946 2196 1052 2222 Adamo

262 2237 362 2265 exilem
390 2244 418 2266 et
444 2240 590 2268 evanidam
615 2241 705 2268 lucem
737 2241 922 2276 cognitionis,
952 2250 1052 2276 nempe

1100 1647 1212 1681 ponitur
1224 1647 1344 1675 obscura
1355 1648 1389 1675 ob
1399 1653 1542 1683 peccatum
1562 1647 1659 1675 Atl'Jllli
1671 1667 1678 1679 ,
1691 1652 1786 1682 postea
1797 1651 1891 1673 autem

1100 1691 1191 1719 lucida
1211 1699 1325 1727 propter
1339 1693 1471 1720 unionetn
1490 1693 1516 1720 in
1543 1693 1600 1720 Deo
1622 1701 1673 1727 per
1694 1692 1867 1727 bypostasim
1885 1700 1892 1717 ε

1101 1738 1128 1765 in
1157 1739 1265 1774 abjecto
1286 1739 1391 1766 scilicet
1419 1745 1447 1766 et
1474 1743 1635 1774 contempto
1666 1738 1779 1765 homine
1809 1746 1895 1772 quem

1102 1784 1189 1818 l’xlius
1216 1785 1338 1812 hominis
1362 1785 1416 1811 sibi
1439 1790 1562 1811 assumct
1584 1792 1617 1811 cx
1643 1789 1699 1811 tota
1724 1784 1845 1811 obscura
1867 1788 1894 1810 et

1103 1830 1277 1857 trnebricosa
1304 1830 1498 1857 humanitate:
1516 1829 1562 1857 sed
1592 1829 1630 1856 ita
1647 1836 1758 1864 quoque
1782 1833 1813 1854 ut
1840 1836 1893 1854 non

1102 1879 1264 1901 coerceatttr
1277 1874 1303 1901 in
1315 1867 1421 1902 arctum
1439 1882 1528 1909 neque
1541 1874 1802 1902 circumscribatur.
1818 1873 1892 1906 Quo-

1103 1920 1185 1946 modo
1202 1921 1276 1946 enim
1292 1919 1337 1946 lux
1350 1928 1447 1946 rursus
1461 1924 1521 1954 post
1536 1920 1596 1955 ejus
1615 1919 1641 1946 in
1661 1919 1717 1946 sole
1738 1924 1894 1954 ιιυδιιιιγίιιιι

1102 1970 1203 2000 quarto
1231 1965 1287 1995 die.
1302 1965 1379 1992 adest
1414 1965 1517 2000 ubique
1546 1970 1572 1991 et
1598 1973 1649 1999 per
1678 1969 1762 1991 totam
1792 1968 1894 1990 terram

1103 2011 1270 2046 rxpanditnr
1292 2021 1298 2036 :
1317 2011 1353 2038 ita
1371 2011 1454 2038 etiam
1480 2011 1526 2038 lux
1550 2010 1706 2037 divinitatis
1722 2015 1786 2044 post
1803 2010 1891 2036 incar-

1103 2058 1243 2084 nationem
1255 2065 1309 2084 uon
1323 2057 1586 2092 cstcircumseripta
1602 2065 1651 2084 nec
1663 2061 1805 2083 contracta
1823 2066 1829 2082 :
1848 2056 1896 2082 sed

1104 2112 1212 2136 rursus,
1230 2103 1301 2130 sicut
1315 2103 1399 2130 etiam
1412 2103 1486 2130 Deus
1500 2103 1640 2134 Christus,
1653 2103 1744 2129 omnia
1755 2103 1895 2132 intuetur.

1105 2150 1280 2184 illustratquc
1300 2154 1328 2176 et
1341 2149 1475 2176 viviﬁcat.
1490 2149 1537 2176 llla
1553 2149 1627 2176 enim
1641 2149 1689 2176 Dei
1704 2148 1788 2175 Verbi
1808 2148 1895 2182 hypo-

1105 2195 1187 2223 stasis
1202 2196 1285 2223 etiam
1312 2196 1339 2222 in
1354 2203 1438 2222 carne
1461 2201 1502 2222 est
1518 2200 1613 2231 aperta
1630 2204 1636 2222 :
1651 2200 1677 2222 et
1699 2195 1745 2221 illa
1765 2194 1851 2221 etiam
1865 2202 1897 2221 ex

1105 2250 1188 2269 carne
1213 2241 1346 2268 mundum
1376 2242 1505 2269 illustrat.
1531 2241 1653 2274 Quartus
1671 2246 1763 2268 autent
1793 2240 1855 2267 dics
1871 2241 1897 2266 in

262 2283 351 2318 legem
366 2285 500 2313 mandati.
527 2286 633 2314 Deinde
654 2287 779 2314 secundo
805 2288 880 2320 loco,
900 2292 963 2322 post
979 2287 1050 2314 dilu-
1070 2288 1091 2314 ι)
1106 2296 1161 2322 quo
1175 2287 1316 2322 perfectus
1325 2287 1377 2314 fuit
1396 2288 1448 2320 sol,
1461 2287 1508 2322 qui
1527 2287 1663 2322 signiﬁcat
1683 2286 1787 2313 Christi
1805 2286 1899 2312 incar-

263 2329 350 2362 vium,
378 2336 535 2358 creaturam
561 2339 690 2358 recreans
710 2336 738 2358 Cl
769 2336 873 2359 terram
897 2341 993 2360 I‘UI‘SIIS
1023 2342 1055 2360 (Ἰ

264 2375 344 2409 aquis
356 2376 486 2409 aperiens
499 2377 582 2407 Deus,
596 2376 643 2403 dat
659 2377 810 2404 secundam
837 2378 926 2412 legem
944 2378 978 2404 de
994 2379 1057 2413 qui-

266 2419 381 2447 busdam
398 2421 536 2448 mandatis
548 2426 577 2447 et
591 2422 737 2456 prmceptis
750 2422 822 2449 datis
841 2422 909 2450 Noe.
954 2423 1057 2456 Quant—

266 2466 362 2492 obrcm
377 2466 595 2494 nominatetiam
622 2467 827 2501 Testamentum,
837 2477 898 2496 eam
924 2478 985 2505 qua:
1008 2470 1058 2505 ipsi

267 2512 330 2539 data
345 2517 387 2539 est
407 2513 504 2546 legem.
527 2513 638 2540 Tertius
653 2513 754 2541 deinde
772 2515 824 2542 fuit
837 2515 908 2547 dies,
934 2515 976 2542 lex
997 2525 1058 2550 quae

267 2557 330 2584 data
342 2562 385 2584 cst
396 2558 423 2583 in
434 2562 525 2584 tuente
537 2558 624 2585 Sinai.
641 2559 744 2586 Tribus
760 2560 853 2595 itaque
870 2560 971 2588 diebus
981 2562 1059 2595 prius

269 2604 420 2630 instructus
432 2608 457 2630 et
469 2605 658 2634 sanetiﬁcatus
672 2605 724 2633 fuit
737 2606 820 2634 Israel
832 2607 944 2642 quando
953 2608 1060 2642 accepit

269 2650 367 2685 legem.
390 2651 528 2684 Quoniam
545 2661 612 2688 ergo
635 2654 680 2681 illa
701 2654 753 2681 tria
771 2654 916 2682 hominum
934 2654 1060 2682 instituta

269 2696 387 2731 viaeque
403 2697 514 2732 agenda:
533 2699 665 2731 rationes,
676 2708 737 2735 qua:
751 2700 882 2733 fuerunt,
895 2700 1018 2735 inquam,
1033 2701 1059 2727 in

269 2742 355 2770 Adam
373 2748 437 2771 ante
452 2745 551 2780 legem,
568 2751 596 2772 et
609 2755 670 2781 quae
683 2747 709 2774 in
719 2747 779 2782 lege
794 2747 857 2774 data
871 2747 928 2774 Noe
941 2767 948 2780 ,
961 2752 987 2774 ct
1001 2755 1061 2781 qu:e

273 2789 301 2815 in
317 2788 376 2824 lege
387 2789 517 2823 lllosaica,
531 2790 644 2818 fuerunt
655 2792 834 2826 imperfecta-,
849 2797 876 2819 ct
893 2792 921 2818 in
943 2792 1060 2826 profun-

270 2834 314 2863 dis
327 2841 470 2864 nocturnae
484 2841 512 2864 et
524 2837 682 2872 caliginosa
695 2838 845 2873 impietatis
865 2838 989 2866 tenebris
1003 2838 1058 2865 vita

307 2924 330 2940 “
356 2924 450 2952 Matth.
464 2933 489 2959 ν,
511 2925 552 2953 l8.
591 2926 611 2940 ”
626 2924 763 2959 I‘sal.x\t,
783 2925 808 2952 7.

1106 2333 1257 2364 nationem,
1271 2332 1410 2367 significat
1432 2332 1506 2367 quod
1531 2333 1669 2359 bonorum
1691 2332 1816 2358 onmium
1839 2339 1899 2366 per-

1105 2377 1188 2404 fectio
1201 2383 1267 2404 tunc
1281 2377 1437 2412 apparebit,
1451 2386 1513 2404 cmn
1532 2385 1566 2404 ex
1580 2377 1671 2404 lucida
1691 2377 1770 2403 stella
1787 2377 1899 2411 (nempe

1106 2422 1231 2458 Virgine)
1256 2427 1347 2449 ortum
1378 2422 1462 2449 fuerit
1495 2427 1601 2449 astrum
1632 2422 1837 2449 lucidissimum
1866 2430 1898 2448 ex

1106 2467 1220 2499 .lacoho,
1234 2467 1340 2494 habens
1351 2467 1498 2494 luciferum
1510 2468 1652 2494 stellarum
1669 2470 1899 2502 (prateurrcntcm

1109 2513 1200 2548 Magos
1227 2514 1332 2541 effusos
1348 2513 1482 2547 tenebris)
1499 2521 1561 2548 qua:
1591 2514 1642 2540 hoc
1672 2512 1787 2539 indicat.
1808 2513 1899 2539 Denav

1109 2559 1180 2586 rimn
1192 2559 1287 2594 implet
1302 2559 1500 2594 qtlaternarius
1514 2567 1520 2585 :
1536 2559 1630 2585 unitas
1644 2558 1718 2584 enim
1730 2565 1793 2584 cum
1820 2557 1900 2584 bina-

1109 2605 1150 2630 rio
1176 2603 1269 2638 implet
1290 2604 1453 2644 tternarium
1478 2608 1506 2630 et
1537 2603 1588 2630 tria
1616 2611 1680 2629 cum
1711 2609 1744 2629 eo
1774 2602 1901 2629 cfliciunt

1109 2651 1265 2682 senarium,
1281 2655 1309 2677 et
1326 2649 1524 2685 quaternarius
1542 2657 1605 2676 cum
1633 2657 1666 2675 eo
1691 2648 1788 2682 implet
1816 2649 1903 2675 dena-

1111 2697 1194 2729 rium,
1219 2700 1247 2724 et
1276 2696 1348 2729 ideo,
1365 2695 1575 2731 quaternarium
1602 2695 1754 2729 appellant,
1771 2689 1902 2720 dtus};-

1112 2745 1252 2780 σματικὶν,
1274 2745 1326 2771 hoc
1349 2749 1401 2775 cst,
1419 2743 1607 2778 pcrlicicntcm
1627 2751 1634 2768 :
1649 2742 1781 2776 quoniam
1794 2750 1828 2768 ex
1843 2742 1904 2775 ejus

1111 2791 1247 2826 partibus,
1263 2791 1285 2817 si
1310 2790 1479 2817 reducantur
1499 2789 1533 2816 ad
1558 2788 1704 2820 unitatem,
1719 2789 1904 2815 constituitur

1111 2837 1253 2865 denarius.
1267 2837 1365 2863 [licens
1374 2843 1440 2870 ergo
1449 2839 1566 2871 quartus
1576 2833 1636 2861 dies
1649 2844 1654 2861 :
1665 2835 1797 2869 quoniam
1807 2834 1903 2862 decem
