1977 3231
87 215 140 246 897

636 215 675 246 ΙΝ
699 216 974 246 llEXXEBll‘IilON.
994 230 1025 233 —-
1045 217 1116 247 l.lll.
1139 219 1187 247 l\'.

1687 221 1699 250 ε
1706 221 1739 250 93

90 272 121 299 Ιίι
138 273 206 298 t‘utlo
237 272 273 298 ad
307 271 415 298 Patrem
434 270 455 286 ’⁵
481 278 571 297 meum
602 275 731 305 tanquam
766 271 838 296 Deus
864 275 889 296 et
908 274 926 301 Α
947 269 1005 296 Vidi
1024 271 1109 297 solem
1134 278 1217 305 super
1235 275 1335 298 terram
1355 277 1544 299 construi-tum
1568 279 1594 301 et
1613 283 1644 300 c\
1671 275 1738 301 dum

88 318 187 344 Adam.
210 317 299 343 Porro
319 321 412 343 autem
439 315 528 351 ipsum
557 323 668 349 quoque
688 323 789 341 nomen
814 315 890 345 solis,

88 363 162 398 quod
190 362 289 390 Cneee
317 367 359 390 est
386 362 472 397 ἥλιος,
489 370 549 388 cum
569 364 604 388 sit
630 362 716 388 dictio
743 360 890 392 llebraica,

90 411 297 444 interpretatur
342 409 423 437 Deus.
467 409 654 442 Quamobrem
693 408 823 434 Christus
857 415 890 433 ex

87 463 174 482 cruce
197 455 379 487 exclamavit,
398 455 457 482 "eli
482 454 541 481 Heli
569 463 578 481 :
598 454 673 489 quod
702 454 891 488 interpretans

89 502 268 537 evangelista
296 501 366 528 dicit
395 510 402 528 :
437 501 492 528 Hoc
522 506 570 531 est,
599 500 668 526 Deus
704 508 787 531 meus,
820 498 889 525 Deus

92 556 165 574 uicus
187 548 223 577 “,
255 551 316 574 erat
339 547 415 573 enim
442 546 484 573 sol
512 550 593 581 tuus
617 545 732 573 Christi.
762 544 840 572 Unde
867 544 889 570 si

91 602 123 620 ex
143 593 259 620 homine
281 593 394 620 recedat
422 592 522 620 caloris
537 593 674 627 operatio,
691 591 784 618 statim
805 591 889 618 etiam

92 640 146 666 vita
163 640 199 666 ab
217 648 253 666 eo
274 644 423 674 separatur
440 643 468 666 et
487 638 520 666 ad
540 643 658 665 inertem
675 638 887 668 transmittitur,

90 694 140 712 nos
171 686 294 713 docente
326 686 454 720 exemplo
481 685 555 720 quod
590 684 647 719 ipsa
669 684 772 712 Christi
799 683 889 710 virtus

88 733 182 759 omnia
197 733 336 764 viviticat,
350 737 379 759 et
398 732 446 766 qui
463 732 497 758 ab
512 740 544 758 ea
565 735 709 766 separatur
730 738 785 758 non
800 729 888 756 habet

87 781 172 806 vitam
188 783 338 811 attentam,
351 778 399 805 sed
414 783 457 805 est
469 782 598 805 mortuus
612 781 736 812 peccato.

123 825 176 859 Qui
196 825 294 860 itaque
308 829 374 852 sunt
396 825 514 852 scrutati
532 825 654 852 rationes
683 829 791 851 natura:
807 831 887 851 erea-

88 877 217 898 turarum
243 871 376 898 dixerunt
401 879 463 898 esse
489 870 660 898 incﬂ‘abilem
677 875 705 897 et
728 871 888 905 incompre-

90 917 262 944 hensibilem
294 917 579 951 contemperationcm
607 921 636 943 et
655 916 887 951 compositionem

90 969 199 990 natura:
228 963 308 994 solis,
329 967 357 989 ut
371 963 418 998 qui
434 962 470 989 sit
487 967 570 998 typus
582 970 614 989 ac
629 962 717 998 ligura
736 961 887 989 int-ﬂabilis

89 1010 204 1037 unionis
219 1009 371 1044 singularis
382 1009 486 1036 Christi
499 1009 670 1044 hypostasis;
681 1017 714 1036 ex
727 1008 831 1043 quibus
844 1012 887 1035 est

87 1058 175 1084 etiam
190 1056 304 1083 divinus
320 1055 447 1082 Basilius.
466 1050 534 1082 Nam
547 1055 569 1082 si
587 1055 627 1083 sol
642 1060 684 1082 est
700 1055 794 1082 lmucn
817 1055 886 1081 sim-

89 1102 165 1135 plex,
185 1100 327 1136 quomodo
352 1100 558 1128 admirabiliter
581 1105 610 1127 et
632 1100 887 1134 supernaturaliter

88 1148 220 1176 calefacit
235 1153 337 1175 terram
350 1147 360 1173 ?
375 1146 431 1174 Sed
445 1146 468 1174 si
486 1151 529 1174 est
545 1146 618 1182 ignis
632 1146 887 1181 incontemperatus

88 1200 117 1222 et
135 1193 500 1228 incommistus,quomodo
524 1193 638 1220 arbores
664 1201 719 1220 non
745 1192 887 1220 comburit

89 1245 117 1268 et
134 1239 271 1266 herbam?
293 1240 378 1267 Multa
394 1238 499 1267 Christi
514 1238 641 1273 exempla
655 1243 683 1265 et
698 1239 888 1273 przeccdcntes

90 1289 195 1323 Iiguras
209 1287 293 1314 habet
311 1286 363 1313 sol.
377 1286 450 1321 Ignis
462 1285 537 1313 enim
551 1285 690 1312 nescimus
704 1285 886 1320 quemadmo-

88 1335 154 1360 dum
167 1340 200 1359 ex
215 1332 277 1367 ipso
289 1335 371 1359 exeat
381 1331 608 1365 accendaturquc
622 1335 649 1357 et
665 1331 821 1358 exstinctus
830 1339 886 1365 quo

89 1378 173 1404 vadat
188 1386 194 1402 :
211 1382 260 1404 aut
278 1376 421 1410 quomodo
440 1377 545 1411 absque
564 1377 618 1402 ullo
634 1376 719 1411 ligno,
735 1380 782 1402 aut
809 1383 884 1406 cera,

88 1429 138 1451 aut
165 1425 259 1458 aliquo
280 1424 336 1450 alio
357 1423 516 1458 liujusmodi
537 1432 630 1450 crasso
659 1431 776 1459 corpore
804 1432 886 1450 nerito

89 1475 182 1505 potest
194 1471 284 1505 ignem
298 1478 348 1504 per
361 1478 389 1497 se
400 1474 429 1497 et
448 1470 553 1496 nudum
577 1470 713 1504 aspicere,
728 1474 776 1497 aut
792 1474 886 1497 tenere

88 1523 175 1551 super
199 1522 313 1546 terram.
330 1525 380 1543 nos
404 1517 523 1544 docente
549 1518 677 1552 exemplo
706 1518 780 1552 quod
804 1526 886 1544 nctuo

90 1563 160 1590 vidit
177 1563 278 1590 nudam
303 1563 407 1590 Christi
432 1563 606 1590 divinitatem
630 1568 678 1590 aut
701 1565 886 1591 contrectavit

87 1609 179 1636 donec
203 1618 318 1636 carnem
341 1611 491 1644 acceperit.
520 1611 627 1638 Rursus
650 1611 721 1645 ignis
744 1616 787 1638 est
814 1612 884 1638 intra

87 1663 201 1682 omnem
217 1661 387 1688 creaturam,
404 1661 431 1683 et
448 1657 473 1683 in
493 1657 586 1691 lignis,
601 1662 629 1684 ct
650 1658 677 1684 in
694 1658 845 1692 lapidibus.
858 1663 886 1685 ct

88 1701 115 1728 in
123 1701 214 1736 aquis,
221 1707 248 1728 et
257 1710 339 1728 nemo
347 1702 421 1729 videt
428 1710 479 1729 nec
488 1703 700 1737 comprehendit
708 1705 887 1738 quemadmo-

88 1747 155 1774 dum
169 1748 196 1774 in
210 1748 277 1782 ipsis
294 1748 400 1775 habitet
414 1756 420 1774 :
438 1749 578 1783 quomodo
595 1749 669 1783 quod
685 1754 728 1776 est
743 1750 846 1784 ubique
859 1755 886 1777 et

88 1795 184 1822 omnia
207 1795 304 1829 implet
319 1795 439 1822 Verbum
452 1795 511 1827 Dei,
528 1795 562 1822 de
572 1804 628 1830 quo
639 1796 707 1823 dicit
719 1796 863 1831 Scriptura
878 1807 884 1824 :

87 1841 161 1867 Deus
181 1848 270 1867 uoster
290 1841 358 1875 ignis
379 1849 535 1867 consulimus
555 1846 593 1867 est
606 1842 639 1868 ’⁷.
662 1842 768 1869 Rursus
793 1847 885 1869 autent

88 1887 248 1915 invenimus
278 1886 352 1913 luna:
387 1892 417 1919 ct
443 1887 530 1913 stellis
560 1887 652 1913 lumen
681 1888 852 1922 suppeditari
870 1896 884 1915 a

89 1932 158 1963 sole,
190 1935 220 1957 ut
254 1931 357 1958 docent
388 1931 436 1965 qui
470 1931 590 1957 maxime
622 1935 687 1958 sunt
716 1932 743 1957 in
771 1936 884 1958 externa

87 1978 191 2004 versati
225 1977 424 2011 philosophia:
444 1985 472 2004 re
504 1977 587 2004 nobis
609 1977 782 2012 signiﬁcante
811 1977 885 2011 quod

87 2032 102 2051 a
117 2024 232 2052 Christo
256 2024 305 2058 qui
327 2023 401 2050 cadit
423 2023 475 2050 sub
491 2023 714 2058 intelligentiam,
729 2024 886 2050 illustratur

89 2070 216 2098 Ecclesia
232 2075 261 2097 et
274 2074 435 2097 sanctorum
446 2070 605 2096 luminaria.
623 2070 764 2104 lpscenim
775 2075 817 2097 est
828 2071 883 2101 lux,

86 2117 122 2144 de
135 2124 192 2151 qua
210 2116 306 2143 dicunt
324 2115 447 2143 Ecclesia
461 2121 489 2144 ct
502 2117 570 2152 justi
587 2125 593 2142 :
664 2117 721 2151 ejus
741 2117 809 2151 ignis
827 2117 885 2151 ple-

86 2164 209 2190 nitudine
228 2171 274 2190 nos
289 2171 379 2190 omnes
390 2163 537 2198 accepimus
550 2163 584 2189 “.
599 2162 706 2196 Quibus
717 2163 801 2190 etiam
816 2162 885 2190 dicit

84 2217 121 2237 ex
150 2210 294 2236 adverso:
320 2208 368 2236 Vos
391 2210 452 2236 estis
484 2209 530 2236 tua:
558 2210 696 2237 arandi”.
721 2209 760 2236 De
781 2209 885 2243 quibus

84 2263 186 2284 rursus
199 2255 270 2282 dixit
283 2255 373 2290 typice
389 2264 396 2281 :
414 2255 491 2282 Fiant
503 2255 649 2282 luminaria
672 2256 698 2282 in
714 2255 884 2289 ﬁrmamento

946 316 996 342 bus
1024 317 1109 343 rebus
1126 318 1310 352 composilutu
1326 325 1443 352 :nempe
1468 319 1514 352 qui
1529 319 1606 354 prius
1628 325 1737 346 constet

942 369 974 388 ex
988 362 1061 394 luce,
1075 368 1103 390 et
1117 371 1150 390 ex
1172 363 1233 398 igne.
1254 369 1372 398 postea;
1395 364 1495 391 deinde
1521 371 1581 398 post
1601 366 1736 399 cjusuuuli

942 409 1172 443 compositionem
1187 415 1214 436 et
1231 410 1257 436 in
1276 410 1416 445 hypostasi
1435 411 1575 439 unionem.
1593 411 1618 438 in
1637 413 1737 439 cmlum

941 460 956 479 c
971 457 1043 480 terra
1061 454 1200 481 sublatum
1212 459 1240 481 et
1253 455 1413 482 restitutum
1432 464 1438 482 ε
1454 456 1522 483 nihil
1541 456 1615 483 aliud
1633 458 1738 492 aspicio

941 507 1023 534 quam
1040 500 1183 528 Christum
1207 502 1254 528 Ι)ρί
1282 502 1380 528 Filium
1407 510 1470 530 cum
1493 511 1575 530 carne
1600 504 1627 530 in
1654 508 1738 531 ert-tos

941 551 1125 581 assumptum.
1146 547 1195 574 llic
1218 542 1292 574 enim
1318 552 1359 574 est
1390 549 1429 576 sol
1456 549 1490 575 de
1518 558 1573 583 quo
1599 551 1737 584 scriptum

940 595 982 618 est
1002 600 1009 618 :
1031 592 1114 627 873
1129 593 1159 619 In
1183 593 1247 620 caelo
1275 595 1361 628 posuit
1374 595 1577 622 tabernaculum
1602 605 1680 623 suum
1690 597 1711 612 "
1729 606 1736 624 :

941 637 993 664 hoc
1008 643 1051 665 est
1067 639 1148 666 Verbi
1176 639 1313 668 divinitati
1341 641 1413 668 uniit
1435 649 1512 669 suam
1548 651 1660 670 carnem
1678 653 1684 670 :
1705 644 1739 670 Et

940 682 994 717 ipse
1017 687 1148 719 tanquam
1169 693 1291 720 sponsus.
1310 687 1397 714 Datus
1406 687 1452 714 'est
1474 689 1548 715 enim
1567 689 1600 716 ad
1627 691 1739 724 nuptias

939 729 1068 758 humana:
1084 736 1190 759 natura:
1207 739 1221 759 a
1236 733 1317 760 Patre
1334 734 1381 768 qui
1399 726 1463 761 eum
1480 735 1586 770 genuit.
1601 735 1670 763 Cum
1694 737 1739 764 in~

939 781 1070 812 corrupta
1090 782 1182 805 autem
1199 779 1260 814 ejus
1274 787 1386 814 sponsa,
1403 789 1502 815 nempe
1516 789 1601 809 carne
1618 791 1624 808 :
1641 783 1737 809 Proce-

938 821 1003 848 dens
1022 830 1053 849 ex
1066 823 1186 851 thalamo
1197 826 1275 851 suo"
1294 834 1300 852 :
1316 826 1402 854 Matre
1422 827 1530 854 scilicet
1557 837 1563 854 :
1583 828 1738 856 Enullabit

939 871 1068 901 tanquam
1092 869 1166 903 gigas
1188 873 1222 896 ad
1242 871 1403 898 currendum
1421 873 1523 899 rium"
1537 874 1564 900 in
1585 874 1670 901 caelos
1687 883 1693 901 ε
1712 875 1734 901 Λ

939 921 1042 939 summa
1051 914 1115 940 avla
1126 914 1197 942 facta
1211 921 1253 942 est
1273 919 1388 952 egressio
1400 919 1488 953 ejus"
1503 920 1550 954 qui
1562 920 1595 947 ad
1612 928 1663 948 nos
1675 925 1734 948 erat

938 966 1070 994 egressus
1085 969 1090 987 :
1102 961 1135 988 Et
1150 967 1214 989 tunc
1223 960 1348 990 occursus
1360 967 1418 996 eius
1434 974 1516 998 usque
1525 967 1559 992 ad
1571 975 1706 994 smumum
1714 967 1737 982 "

938 1006 1039 1033 caelum
1055 1008 1227 1035 recurrentis
1241 1009 1274 1036 ad
1290 1010 1410 1038 Patrem.
1430 1011 1482 1038 Per
1499 1011 1550 1039 hoc
1561 1021 1628 1048 ergo
1644 1021 1739 1040 exem-

938 1053 1014 1086 plum
1038 1053 1178 1082 discamus
1202 1055 1364 1090 prophetico
1381 1077 1388 1089 ,
1407 1058 1493 1085 solem
1515 1068 1521 1086 :
1538 1067 1638 1094 nempe
1655 1059 1737 1087 Chri-

937 1104 1021 1131 stum,
1040 1100 1066 1126 in
1078 1101 1149 1127 coelo
1160 1106 1319 1129 currentem
1331 1111 1338 1128 :
1349 1110 1432 1137 quem
1443 1104 1526 1131 etiam
1540 1105 1737 1141 praesigniﬁca-

938 1145 977 1171 vit
1007 1146 1081 1173 Elias
1108 1155 1227 1174 currens
1255 1156 1306 1183 per
1334 1149 1482 1178 aethera".
1513 1151 1613 1178 Stcllas
1643 1157 1735 1179 autem

938 1189 1060 1225 desuper
1084 1199 1118 1218 ex
1147 1191 1340 1226 firmamento,
1367 1194 1431 1222 dico
1448 1200 1559 1223 sanctos
1578 1197 1692 1232 angelos
1708 1197 1736 1224 in

937 1243 1001 1263 cum
1026 1236 1179 1270 intuentes,
1203 1246 1314 1266 sursum
1334 1239 1367 1266 ad
1385 1240 1476 1276 ipsum
1503 1247 1691 1274 recurrentes,
1708 1247 1737 1269 et

937 1290 1035 1310 omnes
1045 1283 1103 1310 cito
1116 1283 1151 1311 ad
1167 1292 1232 1311 eum
1248 1291 1432 1314 occurrentes
1452 1292 1481 1314 et
1500 1287 1649 1316 adorantes
1667 1289 1736 1316 cho-

938 1335 1039 1362 rosque
1055 1329 1190 1356 ducentes
1205 1335 1232 1357 et
1249 1330 1376 1358 dicentes
1393 1333 1532 1367 supremis
1546 1342 1642 1361 eorum
1658 1335 1736 1370 prin-

938 1372 1064 1407 cipibus:
1078 1374 1200 1401 Attat/ite
1211 1380 1312 1410 portas,
1322 1377 1464 1412 principes,
1476 1383 1577 1405 vestras
1587 1379 1655 1411 ",et
1664 1380 1736 1407 viam

940 1419 1047 1447 munite
1059 1421 1084 1447 ci
1101 1421 1146 1455 qui
1163 1422 1280 1448 ascendit
1297 1431 1378 1457 super
1390 1432 1523 1456 occasum,
1542 1433 1618 1452 nunc
1635 1426 1662 1453 in
1680 1434 1736 1454 etc-

938 1465 995 1491 lum
1024 1465 1085 1493 coeli
1113 1466 1147 1493 ad
1164 1471 1255 1494 ortum
1283 1468 1359 1495 solis.
1380 1469 1460 1496 Nunc
1489 1470 1562 1497 enim
1581 1471 1706 1498 ascendit
1721 1481 1736 1498 a

938 1515 1012 1537 terra
1030 1518 1114 1546 super
1128 1511 1292 1543 Cherubim,
1309 1517 1337 1539 et
1363 1518 1495 1540 extensus
1517 1520 1560 1541 est
1583 1515 1617 1542 ad
1639 1517 1735 1543 cu-los.

939 1556 1080 1584 Extensus
1104 1562 1147 1584 est
1170 1563 1262 1585 autem
1288 1559 1395 1586 habens
1410 1559 1480 1586 duas
1497 1560 1555 1587 alas
1575 1565 1606 1587 ut
1629 1562 1676 1596 qui
1701 1563 1737 1588 sit

939 1601 1020 1628 simul
1031 1602 1103 1629 Deus
1111 1607 1139 1629 et
1152 1603 1245 1635 homo,
1263 1612 1343 1639 super
1355 1613 1456 1639 pennas
1466 1607 1632 1632 ventorum"
1653 1607 1703 1641 spil
1713 1607 1737 1634 i-

913 1644 921 1653 ⁴
940 1652 1017 1674 tuum
1034 1648 1264 1682 incorporearum
1289 1650 1337 1684 qui
1359 1658 1405 1677 sex
1429 1651 1531 1678 habent
1547 1652 1614 1679 alas.
1637 1653 1670 1679 Et
1689 1662 1736 1688 po—

938 1696 990 1721 suit
1000 1696 1119 1722 [ciu-bras
1132 1695 1273 1722 lalilmlum
1287 1704 1364 1722 suum
1375 1696 1408 1728 ",
1422 1701 1452 1724 ut
1465 1698 1511 1732 qui
1525 1698 1560 1724 sit
1577 1698 1736 1730 iuell'abilis.

940 1741 1146 1772 inenarrabilis.
1161 1747 1189 1770 et
1204 1742 1251 1778 qui
1274 1743 1457 1779 intelligentia
1475 1752 1531 1771 non
1547 1750 1639 1780 potest
1660 1754 1736 1773 eom-

938 1789 1087 1824 prehendi,
1104 1790 1221 1825 gemina:
1236 1791 1343 1818 scilicet
1359 1795 1475 1818 naturze.
1492 1792 1549 1819 lloc
1561 1793 1634 1819 enim
1649 1794 1736 1829 signi-

939 1837 1020 1864 licant
1036 1838 1167 1869 tenebrze,
1182 1839 1284 1873 utqui,
1299 1839 1450 1873 quomodo,
1460 1839 1599 1867 nominent
1610 1840 1738 1868 docuerit

939 1882 1050 1908 etiamsi
1065 1883 1091 1909 in
1105 1883 1156 1909 hae
1165 1883 1257 1917 specie
1267 1883 1396 1910 obseurze
1407 1889 1436 1910 ct
1448 1884 1597 1912 inellabilis
1607 1886 1736 1913 inetlabi—

939 1928 1026 1954 litatis
1040 1928 1213 1963 ingrediatur
1225 1933 1254 1955 et
1267 1929 1366 1956 subeat
1383 1929 1462 1956 sinus
1474 1931 1576 1961 Patris,
1589 1931 1694 1958 circum
1706 1941 1737 1960 se

939 1973 1046 2001 habens
1064 1974 1167 2008 (utqui
1185 1973 1221 2000 sit
1239 1974 1312 2000 Deus
1328 1978 1356 2000 et
1373 1974 1506 2009 Verbum)
1523 1976 1734 2003 tabernaculum

938 2019 981 2046 sui
997 2019 1124 2054 corporis
1141 2019 1168 2045 in
1191 2027 1248 2054 quo
1262 2019 1399 2046 habitavit
1420 2020 1490 2047 citra
1508 2021 1590 2047 ullam
1614 2022 1736 2048 circum-

938 2066 1131 2101 scriptionem,
1143 2074 1178 2093 eo
1196 2074 1250 2093 non
1269 2066 1399 2102 deposito
1417 2067 1480 2102 (etsi
1494 2075 1508 2094 a
1522 2068 1605 2095 nobis
1620 2069 1735 2096 absces-

937 2113 1030 2148 serit),
1045 2117 1076 2140 ut
1091 2112 1218 2140 nonnulli
1244 2113 1279 2140 de
1299 2121 1333 2140 eo
1360 2114 1432 2141 male
1451 2113 1641 2149 disceptarunl
1658 2124 1664 2141 :
1685 2116 1734 2142 sed

938 2165 1068 2195 tauquam
1087 2159 1114 2186 in
1133 2159 1315 2186 tabernaculo
1331 2159 1516 2189 lucidissime.
1529 2160 1617 2188 libero
1628 2169 1642 2188 a
1654 2166 1735 2188 uatu-

938 2207 1044 2234 ralibus
1060 2205 1280 2233 obscuritatibus
1296 2211 1325 2233 et
1342 2206 1538 2235 affectionibus
1555 2207 1582 2234 in
1600 2216 1634 2235 eo
1653 2209 1733 2236 habi-

937 2257 977 2280 tat
991 2252 1074 2280 etiam
1091 2257 1152 2287 post
1167 2259 1247 2279 suum
1265 2260 1279 2279 a
1297 2252 1378 2279 nobis
1391 2253 1544 2280 discessum
1563 2259 1592 2282 et
1606 2260 1648 2282 est
1663 2264 1732 2291 aqua

84 2302 156 2333 arti,
174 2301 249 2336 quod
264 2301 391 2328 ascendit
408 2308 423 2328 a
438 2305 510 2327 terra
525 2305 556 2328 ut
569 2306 716 2336 appareret
728 2309 813 2336 supra
828 2306 883 2328 ter-
900 2297 922 2325 D
937 2299 1068 2330 obscura.
1082 2297 1131 2325 sed
1146 2298 1173 2324 ill
1193 2297 1315 2325 nubibus
1330 2299 1412 2325 aeris.

84 2356 159 2375 ram.
176 2347 254 2375 Unde
267 2347 350 2374 etiam
365 2347 501 2374 discimus
515 2347 729 2379 admirabiliter,
744 2353 771 2374 et
784 2353 883 2382 prwter

83 2393 214 2420 omnium
227 2391 399 2426 opinionem,
413 2391 488 2427 quod
504 2392 562 2419 hare
573 2393 666 2419 omnia
681 2392 762 2427 prius
774 2392 800 2419 in
810 2396 883 2419 terra

81 2439 156 2466 facta
182 2443 259 2471 sunt,
281 2437 383 2466 deinde
395 2439 467 2466 caelo
484 2443 550 2466 sunt
570 2438 692 2465 tradita:
709 2443 839 2474 tanquam
859 2439 882 2466 si

84 2491 160 2513 terra
187 2490 253 2512 ante
277 2485 379 2512 emtum
403 2484 491 2512 ditata
515 2484 552 2512 sit
576 2484 680 2512 Christi
707 2485 838 2519 mysterio
855 2490 883 2512 et

83 2533 220 2563 adventu,
241 2537 270 2559 et
300 2531 401 2559 deinde
434 2536 497 2566 post
517 2532 748 2567 compositionem
770 2537 798 2559 et
816 2540 884 2559 eon-

82 2579 270 2607 structionern
287 2579 321 2606 ad
336 2579 438 2606 emlum
455 2583 484 2606 et
499 2578 532 2606 ad
547 2578 730 2614 intelligentia
746 2587 806 2614 qum
819 2586 883 2607 sunt

83 2627 112 2653 in
127 2626 200 2653 caelo
218 2625 367 2652 luminaria
388 2625 557 2652 transmittat
572 2625 601 2652 in
611 2625 671 2659 ejus
682 2625 881 2659 assumptione.

84 2672 142 2707 Ego
156 2671 271 2706 quidem
289 2677 364 2698 certe
381 2671 465 2698 audio
479 2671 594 2698 Paulum
609 2671 760 2701 dicentem,
777 2671 818 2697 \el
835 2678 884 2705 po-

84 2718 140 2745 tius
168 2717 196 2744 in
219 2725 253 2744 eo
275 2717 447 2744 habitantem
465 2721 591 2743 sanctum
615 2716 748 2751 Spiritum
776 2717 884 2749 procla-

83 2767 208 2791 mantetn
228 2771 234 2789 :
256 2762 355 2790 Omnia
371 2763 399 2789 in
421 2762 524 2790 Christi
547 2767 639 2797 typum
653 2762 723 2796 {acta
738 2766 811 2791 sinit,
830 2766 883 2788 tam

81 2817 142 2844 qui:
168 2811 234 2835 sunt
256 2808 284 2834 in
300 2807 371 2834 caelis
393 2815 475 2842 quam
500 2815 559 2841 qua:
582 2807 652 2833 liuut
672 2813 752 2841 super
773 2811 883 2832 terram.

117 2880 140 2896 ’³
155 2879 240 2907 Joan.
255 2885 316 2908 xvi,
331 2877 376 2904 28.
415 2879 438 2894 τε
455 2877 551 2904 Matth.
569 2886 649 2905 “vix.
671 2878 714 2904 frti.

78 2916 104 2942 ϐ.
148 2913 256 2941 “ibid.
297 2914 319 2928 "
338 2914 373 2939 ib.
387 2914 409 2941 7.
443 2913 544 2939 3L‘ildd.
584 2914 686 2938 “'il-i-l.

78 2951 200 2983 mmihi.
244 2950 265 2964 ³³
280 2949 350 2975 l’sal.
372 2957 427 2979 cui,
533 2951 551 2963 "’
572 2949 676 2979 tit-n.1,

753 2879 776 2893 ’τ
791 2880 870 2906 Deut.
890 2888 924 2906 Iv.
942 2881 986 2906 Ἡ.

743 2914 762 2927 ³·
779 2914 810 2940 IV
826 2917 892 2947 ἱῖειςς.
911 2923 939 2941 u.
960 2915 982 2940 li

792 2952 807 2964 ’ί
827 2951 940 2976 luebat:
958 2959 993 2976 ,\I\
1011 2970 1016 2980 ,
1033 2952 1057 2976 ὃ.

968 2346 1073 2379 Aquam
1086 2349 1178 2371 autem
1193 2343 1238 2371 hic
1253 2344 1322 2371 dicit
1339 2344 1488 2372 lnnnanam
1502 2350 1642 2378 naturam,
1663 2356 1733 2374 cou-

932 2390 1079 2418 venienter
1093 2390 1119 2417 ei
1130 2389 1204 2424 quod
1221 2391 1354 2426 scriptum
1375 2401 1380 2417 :
1396 2391 1468 2418 Mare
1481 2401 1608 2428 magnum
1628 2399 1652 2420 cl
1669 2403 1733 2429 spa-

934 2437 1081 2469 tiosum”;
1106 2444 1205 2472 nempe
1220 2437 1341 2464 humana
1352 2443 1450 2465 natura
1466 2447 1527 2471 qua:
1545 2444 1624 2466 estet
1640 2441 1692 2467 lata
1705 2447 1731 2468 ct

933 2482 1079 2510 abundans
1096 2483 1292 2516 multitudine;
1307 2484 1342 2511 de
1354 2492 1408 2519 qua
1423 2485 1527 2512 dictum
1540 2491 1582 2513 est
1600 2496 1606 2513 :
1622 2488 1735 2515 (Σνρείίιι

938 2536 963 2556 (ἰ
991 2529 1218 2564 multiplicamini.
1241 2535 1263 2556 el
1286 2531 1393 2566 implete
1407 2533 1538 2559 tcrram'Io
1554 2533 1581 2560 in
1598 2542 1650 2568 qua
1670 2540 1734 2562 sunt

939 2577 1047 2611 replilia
1069 2584 1188 2611 quorum
1207 2585 1262 2603 non
1284 2583 1324 2604 est
1350 2586 1497 2611 numerus,
1526 2588 1626 2615 nempe
1641 2586 1736 2615 gentes

937 2630 998 2655 qua:
1015 2623 1157 2650 λιιιὺιιιῑιιιι
1174 2631 1257 2658 διιρρι-
1273 2629 1370 2659 ιιοςιυε
1384 2629 1412 2651 ρι
1423 2631 1560 2658 ventrem,
1572 2631 1602 2654 Ill.
1614 2635 1674 2662 qua:
1690 2636 1735 2655 me

935 2669 1057 2695 serviant
1070 2673 1097 2696 et
1117 2669 1263 2703 voluptati,
1281 2675 1428 2705 propterea
1446 2672 1519 2706 quod
1534 2673 1667 2707 sanguine
1685 2674 1734 2699 dc-

936 2716 1072 2741 tcctentur
1085 2719 1112 2741 et
1131 2716 1263 2751 ingluvie.
1283 2717 1316 2743 Et
1330 2725 1438 2750 rursus,
1455 2723 1484 2745 ut
1494 2719 1562 2745 dicit
1585 2720 1655 2746 alius
1671 2726 1735 2752 pt‘m

936 2763 1019 2797 pheta
1033 2772 1039 2788 :
1059 2763 1218 2797 Iigrcdielur
1227 2773 1298 2799 aqua
1315 2774 1341 2791 ea
1355 2764 1429 2795 Siun,
1446 2771 1469 2792 et
1484 2767 1623 2792 dimidium
1637 2767 1693 2800 ejus
1707 2767 1734 2792 in

937 2817 1012 2835 mare
1026 2809 1153 2843 primunt.
1166 2814 1190 2836 cl
1206 2811 1347 2838 dimidium
1360 2813 1416 2846 ejus
1431 2812 1457 2838 in
1473 2820 1547 2838 mare
1565 2811 1687 2838 ultimum
1702 2814 1733 2843 ·¹,

1026 2880 1139 2908 "Joan.
1158 2882 1223 2912 I,l6.

1105 2916 1125 2930 ·¹⁴”
1141 2917 1211 2943 l‘sal.
1223 2925 1297 2947 mu,
1317 2918 1341 2942 7.

1270 2882 1293 2897 ²⁹
1313 2881 1407 2908 Matth.
1426 2890 1452 2912 v,
1474 2881 1513 2908 l-‘t.
1531 2881 1553 2896 ⁵ο
1572 2881 1642 2908 Psal.
1659 2891 1698 2908 λη
1715 2893 1732 2913 τ,

1383 2917 1402 2932 ³⁷
1423 2917 1494 2943 l’sal.
1511 2917 1603 2948 011,5.
1620 2918 1641 2932 δ’
1663 2920 1733 2947 l':;.i.
