1977 3234
242 203 296 234 £31)

850 204 879 232 S.
903 204 1102 233 ANASTASII
1125 204 1288 233 ΞΙΝᾹΙΤῙΕ

1835 205 1887 236 9ῧο

245 267 342 294 tempe.
355 259 474 289 .lutlmos,
490 259 536 293 qui
563 259 639 294 prius
662 263 726 285 sunt
740 260 829 286 roeati
841 280 847 291 ,
865 265 892 286 et
915 260 1032 294 gentiles
1048 264 1069 291 Α
1084 269 1202 295 quanam
1217 261 1350 288 autemde
1367 269 1448 288 causa
1460 270 1514 288 non
1526 261 1590 289 fet-it
1602 263 1659 290 inec
1672 263 1890 290 duolumlnaria

242 306 289 342 qui
304 311 406 340 postea.
423 305 491 331 Num
504 305 583 334 enim.
603 306 692 340 inquit
706 306 862 340 Apostolus,
878 305 1032 332 Judreorum

242 351 327 378 solum
340 351 453 378 estDeus
464 352 476 377 ξ)
486 350 562 377 Certe
570 357 593 377 et
605 351 760 386 gentium".
774 351 822 378 Est
834 351 919 383 enim,
932 351 1033 385 inqtlit,

242 405 314 432 aqua
335 397 463 426 obseura.
498 404 596 431 nempe
616 404 671 423 non
697 396 852 423 illuminata
883 397 916 422 ad
932 404 1034 430 cogno-

243 444 386 475 scendum,
397 448 425 470 et
436 451 491 469 non
510 442 608 469 didicit
622 442 761 477 quomodo
778 442 814 469 sit
825 443 906 473 Deus,
923 447 951 470 et
962 450 1035 469 nunc

242 493 285 516 est
297 496 359 516 cutn
372 495 500 522 corpore,
510 487 543 514 tle
552 495 585 514 co
594 492 687 514 autem
702 488 781 522 plane
795 492 836 515 est
848 495 954 519 secura,
968 495 1037 522 quo-

243 537 325 563 modo
337 536 420 563 etiam
438 543 468 562 se
485 535 588 561 habent
603 535 693 562 nubes
708 535 801 565 aerize,
826 542 924 569 nempe
946 534 1035 561 subli-

243 590 287 609 me
301 582 425 608 volantes
435 585 462 608 et
473 581 600 608 ccelcstes
614 580 706 615 angeli
723 589 728 607 :
745 588 835 614 neque
845 581 919 606 enim
936 580 991 606 illis
1001 587 1034 606 ex

243 629 373 664 mysterio
389 627 539 655 revelatum
561 632 603 654 est
618 626 769 661 quomodo,
791 631 940 661 propterea
960 626 1035 661 quod

243 675 277 701 ab
295 675 355 709 ejus
383 673 531 708 splendore
557 673 646 699 nubes
673 672 737 707 ipsa:
763 673 935 699 transierunt
951 692 958 703 ,
987 672 1036 699 sed

242 720 324 748 etiam
340 719 535 754 pra-terierunt
548 723 577 746 et
593 719 734 754 fugerunt,
751 723 779 745 et
795 722 1015 746 retrocesserunt
1029 727 1035 744 :

243 767 367 793 estenim
382 766 423 792 eis
436 766 565 796 celatum,
583 773 634 792 nec
646 768 762 800 possunt
776 764 847 791 scire
858 764 1037 799 quemadmo-

244 813 309 839 dum
329 811 385 838 sint
396 811 423 838 in
440 819 525 838 unum
538 811 600 838 dum
612 816 728 837 naturie.

281 857 384 884 Deinde
420 857 562 892 subjungit
584 857 668 883 etiam
700 863 810 882 causam
844 855 1034 890 iguorationis.

244 902 377 935 Quoniam
390 907 438 934 est,
454 902 554 936 inquit,
571 910 644 928 mare
654 901 827 928 ctcarbones
843 901 924 936 ignis,
936 910 1036 937 nempe

242 948 346 975 Christi
364 947 538 979 humanitas;
561 952 602 974 est
618 947 691 974 enim
707 953 771 974 caro
792 952 820 974 et
843 956 896 975 non
911 956 987 983 caro,
1003 957 1037 976 ne

243 993 382 1027 intelligas
396 993 447 1019 hoc
459 1000 560 1026 corpus
572 999 632 1019 esse
653 991 758 1026 aliquid
771 992 890 1019 alterum
909 1001 915 1018 :
933 993 1038 1027 grando

241 1038 315 1064 enim
333 1042 375 1064 est
390 1045 462 1072 aqua
478 1042 505 1064 et
518 1045 572 1064 non
593 1045 674 1072 aqua.
688 1038 778 1072 Aqua,
798 1043 829 1065 ut
842 1046 904 1073 qua:
917 1039 987 1066 facta
1002 1039 1038 1066 sit

241 1091 275 1110 ex
292 1084 336 1110 illa
355 1093 361 1110 :
377 1092 432 1110 non
449 1091 530 1118 aqua.
549 1088 579 1110 ut
605 1092 667 1118 qua:
686 1086 871 1112 concreverit.
890 1085 924 1113 lit
943 1089 1036 1112 autem

242 1129 332 1156 discas
353 1129 445 1156 carnis
461 1129 544 1156 Verbi
561 1129 751 1156 diversitatem
773 1135 801 1157 ct
821 1138 876 1157 non
892 1130 1039 1158 diversita-

242 1177 297 1202 tem
315 1183 320 1200 :
336 1174 394 1206 Est,
411 1174 511 1208 inquit,
534 1175 619 1201 carbo
635 1175 724 1210 ignis,
742 1180 867 1210 exempta
884 1176 991 1204 seilieet
1003 1185 1036 1204 ex

241 1220 387 1247 divinitate
399 1223 529 1254 umquam
541 1228 574 1247 ex
581 1221 838 1255 comprehensione.
851 1221 941 1248 Carbo
951 1222 1034 1254 enim,

241 1266 348 1302 lignum
372 1271 400 1293 et
415 1274 472 1292 non
495 1266 611 1301 lignum,
629 1271 672 1294 est
699 1271 844 1301 exemptus
859 1267 894 1294 ab
913 1267 974 1303 igne
988 1269 1036 1303 qui

240 1317 281 1339 est
297 1312 325 1339 in
337 1319 370 1339 eo
381 1316 538 1339 contentus.
557 1312 677 1347 Ignitum
698 1313 772 1340 enim
788 1313 856 1341 dicit
875 1314 1034 1347 carbonem,

241 1359 295 1384 hoc
306 1357 380 1392 quod
394 1358 544 1385 carbonem
567 1357 650 1385 efficit
660 1378 666 1390 .
681 1359 755 1392 quod
775 1367 884 1387 sursum
905 1360 994 1388 fertur
1009 1366 1037 1388 et

240 1409 282 1430 est
298 1404 417 1436 subtile;
444 1403 471 1430 id
494 1408 586 1431 autem
607 1404 681 1438 quod
699 1405 729 1432 ﬁt
752 1405 847 1437 carbo,
864 1406 888 1433 id
903 1407 976 1440 quod
994 1411 1037 1433 est

240 1448 312 1475 infra
327 1453 354 1475 et
365 1453 407 1475 est
423 1456 477 1476 erat
486 1456 558 1476 sum.
577 1448 711 1476 Divinitas
725 1449 800 1476 enim
818 1455 908 1477 estex
924 1450 957 1477 iis
974 1458 1036 1486 qua:

239 1499 304 1521 sunt
317 1502 417 1529 supra,
437 1494 596 1521 hmnanitas
615 1499 708 1521 autem
730 1502 764 1521 ex
781 1495 815 1522 iis
827 1503 889 1530 qum
904 1501 968 1523 sunt
991 1495 1034 1522 in-

239 1540 291 1571 fra,
316 1540 424 1567 etiamsi
453 1548 482 1567 se
505 1541 658 1575 attingant.-
679 1540 714 1568 Et
741 1540 803 1568 ideo
818 1541 978 1577 Gregorius,
1007 1543 1034 1570 in

240 1586 375 1621 theologia
386 1586 597 1618 celeberrimus,
617 1594 671 1613 non
687 1592 799 1614 veretur
813 1587 905 1615 dicere
922 1596 1032 1616 carnem

239 1631 348 1658 Dotniui
359 1631 481 1666 ὁμόοεον,
497 1632 523 1658 id
540 1637 593 1665 est,
609 1632 691 1659 simul
708 1633 805 1660 Deutn.
821 1633 849 1660 Si
861 1634 927 1668 quid
939 1640 1031 1662 autem
1046 1629 1066 1656 Ο

239 1677 361 1713 mysterii
377 1678 567 1712 cognovimus,
594 1678 620 1705 id
639 1686 694 1705 non
712 1683 754 1706 est
779 1687 814 1706 e1
834 1680 918 1708 domo
938 1686 1032 1708 uestra

238 1730 291 1750 nec
305 1730 339 1749 ex
364 1723 455 1755 nobis,
483 1723 529 1750 sed
553 1732 585 1751 ex
604 1725 681 1752 coriis
704 1725 784 1752 nobis
806 1731 848 1754 est
868 1728 1031 1755 revelatum.

239 1768 389 1804 Suhjungit
403 1769 477 1795 cnitn
492 1777 499 1795 :
521 1769 554 1796 Et
570 1771 670 1797 leuarit
684 1779 697 1797 ε
710 1771 774 1798 aria
798 1772 924 1799 Dominus
946 1778 971 1799 et
990 1774 1033 1801 Al-

238 1815 354 1841 tissimus
387 1815 457 1841 dedit
486 1823 575 1842 vocem
613 1825 690 1843 suum
704 1818 735 1845 ’³.
770 1818 884 1852 Quando
915 1821 1032 1847 autem?

237 1859 354 1892 Quando
369 1859 477 1894 linguas
491 1860 584 1895 igneas
606 1870 668 1888 cum
687 1863 791 1890 tonitru
806 1864 940 1891 emisit“.
956 1865 1029 1898 Qua-

238 1913 299 1932 rum
325 1906 480 1941 linguarum
504 1906 638 1942 fulgorem
665 1909 706 1935 sol
727 1917 838 1945 quoque
862 1910 909 1944 qui
931 1916 1030 1945 quarto

236 1950 283 1978 die
302 1951 391 1978 factus
407 1955 464 1983 est,
486 1953 718 1988 przesiguiﬁcarit.
743 1955 781 1982 De
804 1955 856 1982 hoc
875 1961 967 1983 autem
986 1957 1030 1984 die

236 2001 347 2031 quarto,
368 1997 490 2032 inquam,
513 2002 541 2026 ct
561 1999 650 2034 primo
669 2001 792 2035 perfecto
820 2002 848 2029 in
869 2011 925 2037 quo
952 2008 1030 2031 ortus

236 2047 279 2069 est
296 2043 335 2070 sol
347 2043 472 2077 justiti.e,
485 2048 513 2071 et
525 2044 622 2078 stellze,
642 2050 669 2072 et
684 2046 759 2077 luna,
776 2047 886 2074 videtur
901 2048 973 2075 Deus
986 2048 1030 2075 di—

236 2095 299 2115 cere
317 2088 468 2116 fortissimo
485 2090 543 2117 riro
553 2090 623 2117 Jobo
637 2100 642 2118 :
659 2091 772 2123 Quando
783 2092 854 2127 facta
865 2097 925 2119 sunt
942 2098 1027 2126 astra,

237 2134 382 2161 laudarunt
405 2144 445 2162 me
474 2144 533 2162 voco
565 2145 663 2172 magna
691 2146 780 2164 omnes
813 2139 901 2173 angeli
926 2141 976 2166 mei
1005 2145 1029 2166 ιι

235 2180 338 2213 hymnis
363 2179 573 2207 celebrarunt”.
600 2181 634 2208 Et
661 2182 867 2216 quamobrem?
891 2183 1027 2216 Quoniam

235 2224 307 2250 facta
323 2229 389 2252 sunt
402 2226 494 2252 astra?
510 2225 570 2252 Non
586 2230 661 2253 certe
672 2231 818 2261 propterea
833 2228 897 2254 :scd
912 2236 975 2255 cum
988 2229 1029 2256 vi—

234 2270 341 2298 dissent
361 2271 446 2297 solem
460 2279 475 2298 e
487 2275 561 2298 terra
575 2277 774 2304 recurrentem,
796 2272 823 2300 in
839 2274 969 2308 mysterio
983 2274 1026 2302 di-

233 2316 372 2345 dicerunt.
403 2325 465 2351 quae
490 2318 623 2345 extremis
644 2319 816 2353 temporibus
838 2319 932 2347 futura
954 2326 1024 2354 erat,

233 2361 335 2388 Christi
365 2362 597 2394 incarnationem,
617 2367 645 2389 et
670 2371 684 2390 e
704 2368 776 2391 terra
796 2366 1024 2400 assumptionem.

234 2406 267 2432 lit
287 2405 348 2432 idco
364 2413 426 2432 cum
442 2406 576 2434 vidissent
595 2415 658 2434 eum
679 2416 712 2434 cx
727 2414 821 2436 sancta
839 2409 949 2445 Virgine
964 2415 1026 2438 tan-

232 2458 314 2485 quam
331 2458 363 2476 οἳ
380 2451 478 2486 abysso
496 2457 639 2485 exortum,
658 2455 749 2480 statim
765 2455 955 2484 exelamarunt
983 2458 1025 2485 di-

232 2501 326 2522 centes
341 2505 346 2522 :
360 2496 451 2522 Clarii!
473 2498 499 2523 iu
522 2498 631 2525 excelsis
661 2499 728 2531 Deo,
753 2505 778 2525 et
795 2501 822 2527 in
838 2505 909 2528 terra
931 2505 1023 2536 rex“.

230 2542 299 2568 Cum
316 2543 428 2576 quibus,
451 2543 600 2579 slellaqum
620 2546 735 2572 deduxit
751 2546 841 2582 Magos
858 2547 899 2575 eis
913 2557 1027 2583 persua-

231 2589 267 2615 sit
293 2593 322 2615 ut
337 2589 492 2616 ('lzunarcnt
520 2599 525 2617 :
550 2590 580 2617 In
602 2593 750 2620 hominibus
770 2593 838 2620 bona
856 2595 978 2623 voluntas
992 2597 1024 2625 ‘7.

231 2634 276 2661 Sic
292 2642 307 2661 a
326 2642 367 2661 me
384 2635 547 2671 intelligitur
569 2638 635 2664 solis
658 2647 742 2673 super
763 2644 865 2667 terram
888 2644 1027 2677 composi-

231 2680 279 2711 tio.
305 2686 333 2708 et
361 2690 375 2708 a
395 2686 468 2709 terra
494 2683 526 2709 ad
554 2685 638 2711 cuiius
661 2687 823 2723 ossuum-tio.
842 2688 907 2714 Mihi
934 2695 1024 2717 autem

230 2726 304 2752 venit.
321 2726 346 2753 in
362 2732 493 2759 mentem,
514 2733 543 2755 ut
560 2730 677 2764 cogitem
700 2731 765 2765 quid
782 2737 852 2764 erat,
874 2733 948 2767 quod
963 2743 1025 2769 pro-

230 2771 341 2799 hiberet
364 2774 513 2807 quominus
528 2774 624 2810 Opifcx
646 2777 690 2804 ubi
711 2777 830 2812 desuper
849 2779 906 2805 fixit
932 2779 1024 2807 firma-

230 2823 364 2850 mentum,
375 2819 402 2846 ιιι
413 2819 472 2854 ipso
484 2823 582 2847 etcum
595 2821 652 2856 ipso
667 2823 864 2851 facerctsolem
877 2825 1021 2859 ctlunam;

265 2877 286 2892 “
303 2878 380 2906 Rom.
396 2888 433 2912 ιιι⁷
449 2880 494 2907 20.
533 2880 556 2896 ⁸³
574 2876 641 2905 i’rﬁl-
655 2886 721 2911 κη’,
735 2881 775 2908 Η.

823 2883 843 2897 ⁸³
858 2883 919 2910 Act.
933 2886 997 2918 “,2,
1012 2887 1038 2914 5.

229 2920 274 2943 κιο,
296 2914 336 2940 49.

1086 306 1168 332 unius
1185 307 1268 332 etiam
1282 307 1454 341 operationis
1469 308 1620 343 forumque
1648 313 1676 335 et
1699 309 1816 344 speciei.
1841 310 1890 336 sed

1085 351 1169 378 solem
1185 351 1296 386 quidem
1308 351 1375 379 fecit
1387 353 1469 380 etiam
1480 358 1606 380 urentem
1619 359 1648 381 et
1663 354 1889 382 illuminantem;

1087 398 1180 424 lunam
1192 402 1297 429 autem,
1307 403 1335 425 et
1347 398 1522 433 ipsamrtiam
1536 399 1740 427 illuminantem
1754 406 1781 428 et
1791 402 1890 429 hume-

1086 447 1206 470 ctantctn
1216 444 1227 461 9
1237 444 1306 470 Num
1315 445 1428 471 omnino
1441 445 1467 472 in
1481 450 1573 481 typum
1584 446 1687 473 Christi
1697 453 1725 473 et
1739 442 1888 475 Ecclesiref

1087 488 1154 514 Nam
1170 489 1260 523 justos
1269 489 1381 523 quidem
1392 490 1437 517 hic
1452 491 1492 517 sol
1503 491 1654 523 illuminat;
1667 499 1715 519 eos
1729 497 1825 519 autent
1840 493 1888 527 qui

1087 535 1256 562 ustulatinnc
1266 543 1336 570 opus
1350 536 1453 563 habent
1463 542 1492 563 et
1515 541 1693 572 peccatorum
1708 540 1887 573 purgatione,

1088 578 1154 605 urit.
1169 579 1285 606 Dicebat
1295 580 1388 615 itaque
1398 590 1404 607 :
1414 581 1507 616 Ignem
1515 584 1574 609 veni
1586 584 1689 610 mittere
1704 585 1731 611 in
1746 586 1887 612 terram".

1088 623 1166 651 Luna
1181 630 1275 652 autem
1286 646 1294 657 ,
1311 634 1411 661 nempe
1428 627 1562 660 Ecclesia,
1580 628 1717 656 illuminat
1733 630 1888 664 pra-dicens

1089 670 1265 703 Trinitatem,
1288 672 1430 699 humectat
1445 678 1536 700 autent
1546 694 1553 706 ,
1565 675 1691 709 przebens
1704 676 1886 710 baptismum.

1123 717 1255 745 Nonnulli
1273 718 1369 746 dicunt
1394 720 1489 746 lunam
1510 728 1571 747 esse
1589 721 1706 756 figuram
1734 722 1888 757 Scriptura:

1088 763 1157 798 legis
1174 768 1202 790 et
1225 764 1318 792 cultus
1335 765 1382 800 qui
1406 770 1449 793 est
1465 767 1494 793 in
1514 767 1669 803 Synagoga,
1694 769 1743 804 qui
1759 771 1886 805 quotidie

1088 810 1190 837 multos
1214 811 1331 846 suscipit
1344 811 1431 839 divini
1447 812 1559 840 luminis
1572 814 1699 842 defectus
1716 820 1745 843 et
1759 816 1886 844 diminu-

1087 855 1189 882 tioncs.
1207 855 1262 882 Nos
1276 860 1369 884 autem
1383 857 1540 891 audientes,
1556 860 1631 894 quod
1649 861 1690 888 sol
1707 867 1888 891 constructus

1088 899 1124 926 sit
1136 900 1254 934 primus,
1268 906 1296 928 et
1312 906 1408 936 postea
1434 903 1509 935 luna,
1531 912 1581 931 nos
1603 913 1664 932 eam
1689 907 1886 935 existimamus

1055 941 1073 967 Β
1090 946 1177 980 magis
1194 954 1254 974 esse
1273 952 1366 983 typum
1392 948 1496 976 Christi
1519 950 1662 984 Ecclesiaz,
1684 958 1715 980 ut
1739 954 1886 989 conjugem

1089 991 1289 1020 Christi:le
1316 994 1390 1020 enim
1416 994 1550 1022 docemur
1568 1004 1618 1031 per
1646 1006 1691 1026 res
1720 998 1808 1033 ipsas.
1837 999 1886 1027 Die

1088 1038 1162 1065 enim
1184 1039 1210 1066 in
1228 1047 1283 1074 quo
1296 1039 1348 1066 fuit
1368 1045 1467 1074 quarta
1483 1041 1591 1069 decima
1607 1043 1673 1071 luna
1688 1045 1715 1072 in
1733 1046 1883 1081 principio.

1087 1093 1121 1112 eo
1134 1085 1179 1112 die
1192 1086 1286 1120 jussus
1300 1090 1343 1113 est
1359 1086 1442 1114 Israel
1455 1087 1592 1122 imprimis
1604 1090 1763 1118 sacriﬁcare
1779 1092 1886 1121 Paseha

1088 1131 1116 1157 in
1128 1134 1222 1166 typum
1239 1130 1340 1158 Christi
1355 1141 1361 1158 :
1384 1125 1457 1160 unde
1470 1134 1554 1167 etiam
1573 1135 1628 1163 huc
1647 1144 1735 1172 usque
1750 1139 1883 1166 eumdem

1087 1181 1216 1210 quartum
1233 1177 1371 1205 decimum
1383 1178 1456 1206 diem
1474 1185 1586 1208 servant
1601 1181 1701 1215 Judzei,
1722 1185 1886 1213 nescientes

1087 1222 1153 1256 quid
1167 1228 1291 1250 servent.
1302 1223 1404 1260 Sicrgo
1418 1232 1506 1260 agnus
1518 1226 1660 1255 Christum
1676 1230 1885 1266 praefigurabat,

1086 1273 1129 1296 est
1145 1270 1323 1304 perspicuum
1337 1291 1343 1301 .
1373 1273 1448 1306 quod
1472 1273 1546 1301 luna:
1561 1283 1672 1310 quoque
1692 1275 1753 1304 dies
1774 1278 1824 1312 qui
1843 1284 1887 1306 est

1087 1315 1176 1349 plena:
1190 1316 1274 1348 Iunte,
1291 1317 1428 1352 signiﬁcat
1445 1318 1649 1353 plenitudinem
1671 1322 1804 1351 Ecclesiae
1820 1331 1886 1359 pro-

1087 1366 1148 1395 pter
1160 1370 1242 1396 qtmm
1265 1363 1393 1390 Christus
1408 1369 1451 1391 est
1463 1366 1643 1394 saerilicatus.
1661 1367 1770 1397 Etenim
1792 1370 1884 1405 ipsum

1086 1407 1146 1442 ejus
1164 1415 1267 1435 nomen
1289 1409 1426 1444 signiﬁcat
1440 1411 1567 1446 gratiam,
1585 1421 1686 1448 nempe
1707 1414 1885 1450 baptismatis

1087 1454 1337 1487 regenerationem.
1352 1455 1455 1491 Σεληνὴ
1464 1457 1550 1488 enim,
1564 1457 1641 1485 idest
1655 1459 1730 1491 luna,
1745 1460 1885 1496 interpre-

1087 1503 1161 1526 tatur
1170 1499 1248 1531 σέλας
1266 1500 1380 1535 νηπίων,
1397 1501 1424 1528 id
1438 1506 1490 1536 est,
1504 1502 1594 1538 fulgor
1610 1504 1768 1538 infantium,
1781 1513 1810 1534 et
1821 1516 1883 1535 om-

1087 1545 1165 1572 nium
1180 1546 1227 1580 qui
1245 1552 1426 1581 generantur,
1446 1553 1542 1583 utpote
1555 1550 1629 1584 quod
1643 1551 1676 1578 ab
1692 1556 1772 1580 utero
1784 1554 1838 1581 alia
1848 1555 1884 1582 sit

1086 1591 1191 1626 piscina
1218 1601 1225 1619 :
1252 1593 1332 1624 σέλας
1352 1593 1426 1620 enim
1456 1599 1498 1621 est
1523 1595 1580 1622 lux.
1611 1597 1666 1623 Aut
1695 1606 1794 1627 rursus
1810 1600 1884 1628 lunae

1085 1637 1174 1672 fulgor
1198 1643 1240 1665 est
1263 1646 1448 1674 puerascens,
1480 1646 1626 1675 propterea
1646 1643 1720 1678 quod
1744 1651 1884 1680 perpetuo

1084 1689 1233 1718 generetur
1246 1688 1274 1711 et
1294 1690 1485 1720 regeneretur.
1505 1686 1572 1719 Quae
1588 1688 1701 1722 quidem
1718 1694 1762 1717 est
1779 1699 1883 1727 perpe-

1086 1733 1131 1755 tua
1147 1731 1318 1765 regeneratio
1334 1731 1405 1759 lueis
1423 1731 1605 1766 baptismatis.
1628 1735 1662 1762 Et
1684 1735 1748 1763 ideo
1767 1737 1883 1772 triginta

1084 1774 1144 1801 dies
1161 1775 1288 1802 consistit
1304 1776 1368 1803 luna
1381 1782 1511 1805 constans
1519 1786 1553 1806 ex
1573 1780 1663 1807 tribus
1680 1782 1813 1816 perfectis
1829 1793 1882 1812 nu-

1085 1820 1177 1850 meris,
1193 1829 1292 1856 nempe
1314 1822 1447 1854 denariis.
1466 1824 1494 1850 in
1509 1830 1604 1860 typum
1620 1835 1652 1854 ac
1665 1827 1781 1863 figuram
1795 1832 1881 1858 trium

1084 1865 1282 1900 perfectarum,
1311 1872 1339 1894 et
1361 1869 1465 1903 quibus
1481 1871 1550 1898 nihil
1570 1871 1675 1905 deﬁcit,
1693 1874 1879 1910 hypostaseon

1083 1917 1184 1940 sancta:
1194 1918 1222 1940 et
1233 1914 1357 1949 ejusdem
1370 1916 1452 1943 simul
1465 1918 1593 1946 essentia:
1602 1919 1747 1948 Trinitatis
1759 1922 1879 1957 inquam

1083 1957 1223 1985 eredinms
1235 1959 1261 1985 in
1274 1959 1450 1994 baptismate.
1466 1962 1616 1997 Propterea
1626 1965 1751 1993 omnium
1765 1975 1880 2002 quoque

1082 2007 1190 2030 creator
1204 2003 1286 2032 Jesus
1298 2006 1345 2041 qui
1363 2011 1405 2033 est
1427 2016 1501 2035 unus
1522 2017 1555 2036 ex
1574 2009 1723 2044 Trinitate,
1739 2012 1880 2047 baptismo

1082 2048 1185 2076 tinctus
1199 2055 1242 2077 est
1258 2051 1369 2086 triginta
1381 2060 1470 2080 annos
1485 2059 1567 2082 natus
1584 2064 1590 2083 :
1607 2057 1738 2091 quoniam
1751 2058 1810 2085 illic
1819 2066 1879 2086 erat

1081 2095 1184 2122 tuuudo
1201 2097 1430 2126 manifestandunt
1443 2101 1603 2135 mysterium
1620 2103 1773 2131 Trinitatis.
1791 2105 1878 2133 David

1080 2148 1202 2175 quoque,
1218 2143 1265 2177 qui
1286 2144 1439 2172 scentulum
1452 2154 1563 2174 carnem
1576 2153 1637 2175 erat
1653 2148 1740 2183 figura
1754 2155 1782 2178 ct
1799 2158 1878 2186 pater

1079 2185 1194 2220 Christi,
1213 2190 1324 2224 triginta
1344 2199 1432 2218 annos
1446 2198 1528 2220 natus
1541 2194 1631 2221 factus
1641 2200 1683 2222 cst
1694 2204 1752 2228 rex.
1772 2185 1806 2224 et
1818 2203 1878 2225 tan-

1080 2240 1162 2267 quam
1191 2235 1328 2270 baptismo
1353 2238 1445 2272 aliquo
1462 2239 1553 2274 typico
1573 2242 1704 2275 mysterio
1731 2243 1811 2277 prius
1835 2250 1877 2271 est

1082 2283 1194 2306 unctus.
1208 2280 1353 2313 Quomodo
1366 2283 1449 2310 etiam
1460 2283 1573 2319 Joseph,
1586 2285 1657 2312 alius
1667 2287 1770 2314 Christi
1784 2293 1874 2324 typus,

1081 2324 1192 2359 triginta
1220 2334 1308 2354 annos
1334 2333 1415 2356 natus
1443 2329 1471 2356 in
1501 2330 1620 2366 Aigypto
1636 2336 1679 2358 est
1704 2332 1873 2362 dominatus.

1076 2368 1146 2396 Nam
1173 2369 1303 2399 Christus
1322 2381 1432 2408 quoque
1453 2375 1565 2410 triginta
1588 2378 1728 2412 argenteis
1743 2380 1875 2407 venditus

1076 2422 1173 2449 agrum
1195 2417 1280 2443 totius
1303 2419 1399 2445 mundi
1425 2421 1499 2455 figuli
1521 2422 1631 2456 (nempe
1654 2422 1702 2449 Dei
1724 2426 1872 2459 creatoris)

1077 2461 1194 2489 redemit
1213 2468 1240 2490 et
1265 2464 1394 2491 liberavit.
1418 2474 1467 2500 per
1492 2466 1573 2494 fidem
1605 2468 1633 2495 in
1657 2468 1794 2497 Trinitate
1817 2479 1874 2497 sum

1076 2508 1200 2543 eonjugis
1218 2509 1300 2541 inme,
1312 2518 1411 2545 nempe
1425 2512 1566 2541 Ecclesiae.
1579 2514 1666 2547 Quam
1683 2516 1748 2542 olitn
1762 2525 1875 2552 quoque

1076 2559 1172 2588 aperte
1192 2555 1396 2590 prtefigurabat,
1417 2563 1445 2585 et
1461 2559 1531 2586 citra
1555 2560 1637 2586 ullam
1656 2561 1872 2593 dubitationem,

1077 2607 1140 2626 arca
1154 2600 1221 2631 Noe,
1240 2610 1302 2635 quze
1322 2608 1482 2632 Constructa
1507 2610 1567 2632 erat
1587 2611 1778 2635 trecentorum
1795 2610 1873 2636 cubi-

1078 2650 1166 2672 torum
1180 2647 1364 2681 longitudine,
1378 2655 1407 2677 ct
1421 2651 1531 2686 triginta
1540 2653 1699 2680 cubitorum
1712 2654 1870 2686 altitudine,

1078 2691 1104 2717 in
1124 2696 1218 2727 typum
1237 2694 1352 2721 excelse
1373 2695 1519 2724 Trinitatis
1545 2706 1627 2732 qualn
1644 2699 1772 2728 Christus
1789 2701 1871 2728 nobis

1076 2737 1208 2764 I‘CVCiﬂVll
1225 2739 1271 2772 qui
1297 2745 1339 2767 est
1362 2749 1436 2769 unus
1453 2751 1487 2769 ex
1503 2743 1658 2774 'l‘rinitate.
1680 2746 1719 2772 sul
1742 2747 1869 2780 justitim.

1074 2783 1120 2815 qui
1141 2783 1166 2810 in
1183 2792 1211 2810 se
1233 2787 1424 2815 nstendittres
1447 2791 1641 2818 exultationes.
1664 2791 1786 2819 Primum
1811 2794 1870 2828 qui-

1073 2830 1134 2856 dem
1147 2832 1282 2859 exnltatus
1299 2833 1350 2861 fuit
1364 2835 1390 2862 in
1408 2844 1499 2864 cruce.
1513 2837 1592 2864 Unde
1603 2843 1669 2866 ttlnc
1682 2840 1721 2867 sol
1739 2844 1869 2876 tanquam

1078 2888 1160 2916 “an
1178 2899 1285 2923 nam”,
1300 2894 1324 2919 7.
1385 2895 1405 2910 ⁸⁵
1423 2895 1486 2924 Luc.
1501 2906 1529 2929 ιι,
1546 2897 1586 2925 H.
1626 2899 1647 2914 ⁸⁷
1659 2899 1727 2927 ibid.
1766 2901 1787 2916 ⁸⁵
1800 2900 1868 2928 Luc.

1129 2905 1160 2916 ιιυ

1178 2899 1285 2923 \\’,\\‘t.'t,
1300 2894 1324 2919 7.
