1977 3234
66 200 116 230 (id:
615 206 652 234 IN
677 205 954 237 lIEX.-\I"..\IEll().‘{.
972 220 1007 224 —
1025 208 1097 238 τιῐῆ
1118 209 1166 239 IV.

1663 217 1720 249 9ὓῆ

65 265 154 283 verus
172 258 280 285 Christi
297 263 377 294 typus
393 260 477 288 simul
495 269 557 288 eum
570 261 680 288 Christe
698 264 767 296 (ejus
788 263 872 290 mise—
891 267 909 292 Α
926 263 966 289 dit
992 263 1018 290 in
1043 265 1294 300 prmﬁgurationem
1317 267 1422 296 Christi
1442 270 1581 301 Ecclesize.
1601 274 1720 308 quadra-

66 303 144 336 rens)
161 308 207 330 est
227 312 337 338 passus,
358 310 461 333 etcum
483 306 631 334 defecisset
653 308 796 343 impolluta
813 309 873 343 ejus

66 347 162 374 anima
192 356 226 375 ex
257 349 370 384 proprio
410 358 528 386 corpore
548 372 555 383 ,
583 353 665 379 simul
693 354 775 380 etiam
796 354 872 381 dele-

66 394 104 419 rit
119 394 162 420 sol
183 402 218 421 ex
233 395 339 422 cmlesti
360 404 411 423 suo
431 405 548 432 corpore
562 397 747 432 ﬁrmamenti;
765 407 792 427 et
809 408 872 427 unm

66 438 202 466 Christus
219 441 355 468 subiisset
374 443 488 475 inferos,
505 444 587 470 simul
603 445 687 471 etiam
703 453 766 472 eum
785 453 818 473 eo
832 446 872 473 sol

67 485 158 511 subiit
179 491 262 514 nocte.
277 487 469 517 adventante.-
481 490 558 518 Uttde
575 491 660 517 etiam
676 490 787 518 Christo
804 500 871 518 exo-

69 529 160 557 riente
174 536 203 557 et
216 537 348 567 surgente
362 541 376 560 a
389 535 508 561 mortuis
518 543 598 561 tuane
610 543 663 562 una
678 537 871 568 sabbatorum,

70 583 124 602 una
143 584 208 603 cum
224 585 258 605 eo
273 578 364 606 oritur
376 580 460 607 etiam
474 581 542 608 sola
558 584 646 613 terra,
667 581 772 609 iaciens
789 582 873 618 874⁵

71 621 157 648 diem.
182 622 247 650 Πίρο
272 625 347 651 enim
365 627 486 654 secunda
498 626 602 654 Christi
625 628 764 661 exaltatio,
789 636 871 663 quant

71 671 166 701 aperte
179 669 414 704 pr:rsigniﬁcabat
426 672 465 698 sol
483 672 534 699 hoc
549 678 649 707 quarto
663 673 708 700 die
722 674 872 701 ercationis

71 719 85 736 a
112 715 185 739 terra
211 713 366 742 ascendens
389 715 417 742 in
434 716 530 743 altum.
555 717 752 745 Animadverte
775 718 869 749 etiam,

70 755 146 789 quod
156 756 289 785 Christus
303 767 413 795 quoque
433 767 531 796 quarta
543 762 647 789 deeade
665 762 728 797 (hoc
745 767 788 790 est
801 772 871 798 qua-

70 800 230 835 dragesimo
242 803 298 839 die)
319 805 383 833 fecit
405 807 432 834 in
452 807 553 834 emtum
569 808 805 843 assumptionein,
826 818 870 836 as-

70 851 197 878 cendens
216 849 244 876 in
265 859 413 886 supernam
438 853 604 881 Jerusalem.
629 854 714 889 Cujus
731 855 871 890 ingressus

72 903 137 922 vera
163 899 192 922 ct
209 901 287 922 eerta
306 902 365 923 erat
391 897 478 932 ﬁgura
500 899 584 925 etiam
603 899 663 934 ejus
682 899 708 926 in
729 900 869 927 Bethleem

71 946 218 976 postquam
232 946 316 969 natus
328 947 400 970 esset
412 944 624 980 quadragesimo
637 945 681 973 die
693 945 831 981 ingressus
843 951 871 973 et
888 937 908 964 Β

70 986 208 1013 adventus
238 988 266 1022 in
292 993 431 1015 terrenam
450 990 616 1017 Jerusalem.
634 990 755 1018 Adverte
775 996 869 1030 autem

69 1033 302 1066 prudentissime,
321 1039 345 1061 te
364 1043 441 1070 rogo,
455 1043 522 1062 num
544 1036 596 1063 hoc
611 1044 723 1071 quoque
733 1037 789 1072 jam
803 1038 869 1064 olim

69 1079 160 1113 typiec
175 1080 256 1114 prius
281 1080 430 1115 descripsit
443 1081 488 1108 lex
501 1082 561 1113 Dei.
576 1082 672 1110 dicens
692 1084 870 1119 quadragesi-

68 1132 113 1150 mo
123 1125 170 1152 die
181 1126 330 1160 cxpurgari
344 1126 489 1154 mulierem
505 1135 519 1154 a
542 1128 673 1156 sordibus
687 1129 870 1157 inmunditia:

69 1177 136 1202 stuc,
162 1174 192 1196 et
218 1171 351 1206 templum
376 1172 486 1199 Domini
516 1171 634 1208 ingredi,
661 1174 791 1208 quottiam
821 1176 868 1210 qui

67 1220 168 1250 quarto
186 1224 305 1243 numero
320 1222 426 1251 quarta:
452 1218 532 1253 legis,
553 1223 584 1245 ut
608 1219 739 1254 superius
762 1221 867 1248 dictum

67 1266 118 1293 est,
139 1261 234 1296 quarti
252 1261 307 1288 die‘i
325 1263 433 1290 numeri
451 1264 668 1299 quadragesimi,
681 1267 841 1301 cxpurgavit
853 1275 868 1294 a

68 1306 140 1332 ﬂuxu
158 1307 346 1334 immunditia:
364 1309 528 1343 sanguinum
543 1309 867 1339 idolicerutnhutnanam

68 1357 208 1383 naturam,
228 1361 290 1387 qua:
304 1353 455 1389 aliquando
473 1356 543 1382 male
566 1356 710 1384 laborabat
730 1358 867 1393 proﬂuvio

68 1399 218 1433 sanguinis
229 1400 251 1415 δι’
265 1407 325 1426 eam
344 1407 406 1427 cum
427 1401 589 1429 mundassct
602 1407 629 1429 et
645 1403 818 1438 corruptioni
839 1408 867 1431 et

69 1442 198 1470 interitui
215 1451 271 1470 non
281 1444 402 1478 amplius
412 1445 561 1472 obnoxiam
574 1446 755 1478 reddidisset,
764 1447 790 1473 in
801 1447 867 1482 bap-

68 1490 150 1516 tismo
167 1491 250 1524 prius
270 1491 403 1522 ablutam,
418 1499 528 1519 rursum
551 1492 578 1519 in
594 1492 694 1519 Sancta
706 1498 865 1520 sanctorum

68 1539 200 1569 tanquam
214 1543 331 1570 magnus
343 1536 465 1570 pontifex
478 1537 620 1571 ingressus
635 1537 773 1569 Christus,
790 1538 864 1565 Patri

67 1588 114 1614 pro
127 1586 228 1607 nostra
248 1581 338 1608 salute
353 1582 465 1608 obtulit.
488 1582 564 1610 Unde
579 1583 662 1610 etiam
685 1583 730 1610 die
746 1584 865 1618 quadra-

65 1628 172 1661 gesimo
193 1635 259 1654 cum
275 1627 438 1662 jejunasset,
456 1632 519 1662 post
538 1629 580 1655 sui
598 1629 727 1663 baptismi
744 1637 794 1664 pro
815 1638 865 1657 no-

65 1673 106 1699 bis
125 1673 384 1707 regencrationcm,
409 1677 533 1713 tentatus
552 1674 701 1708 aliquando
713 1675 740 1702 in
755 1675 864 1702 deserta

64 1719 191 1753 gentium
217 1718 340 1745 Ecclesia
366 1718 508 1746 diabolum
538 1719 662 1746 abolevit
692 1725 720 1748 et
743 1721 863 1748 otiosum

64 1763 235 1790 reddidit".
254 1763 282 1790 Si
294 1771 360 1798 ergo
380 1763 409 1790 in
428 1764 606 1798 generatione
617 1772 651 1792 ex
668 1765 780 1801 Virgine
795 1771 822 1794 et
836 1767 863 1794 in

63 1809 197 1843 baptismi
215 1809 435 1843 regcneratione,
452 1814 479 1837 et
489 1818 585 1837 rursus
602 1811 629 1837 in
645 1812 704 1846 ejus
717 1812 864 1848 incorrup-

64 1854 151 1881 tionis
163 1854 335 1882 formatione
354 1863 369 1882 a
395 1855 524 1888 mortuis,
536 1855 665 1883 Christus
677 1858 798 1884 servavit
811 1866 863 1884 nn-

63 1907 171 1926 merum
198 1900 309 1927 dierum
327 1901 528 1936 quadraginta,
557 1907 652 1929 exacte
677 1903 816 1931 discamus
835 1909 863 1932 et

62 1954 230 1980 persuasum
251 1945 419 1979 habeamus,
432 1947 506 1981 quod
524 1948 614 1974 omnis
626 1949 862 1984 quadragenarins

63 2000 201 2024 numerus
215 1992 243 2019 in
263 1992 408 2027 Scriptura
426 1993 622 2029 prmiignrabat
635 1994 739 2022 Christi
759 2001 860 2031 mystc-

61 2039 154 2070 rium,
181 2046 283 2074 nempe
309 2039 336 2066 in
352 2048 434 2067 carne
452 2040 512 2074 ejus
538 2040 773 2075 dispensationem
800 2050 861 2076 qua:

61 2089 125 2118 post
152 2085 291 2112 rationem
318 2082 487 2117 ternariam,
514 2090 644 2121 tanquam
671 2087 732 2114 dies
761 2088 860 2122 aliquis

60 2135 170 2164 quarta:
189 2131 401 2158 illuminationis
417 2132 520 2158 mundo
534 2133 674 2167 apparuit.
693 2134 786 2168 Itaque
798 2142 861 2168 pro-

59 2180 156 2210 pterea
177 2176 215 2202 ira
228 2177 275 2203 Dei
294 2177 339 2204 die
357 2177 567 2212 quadragesimo
585 2180 756 2213 compescuit
771 2180 860 2207 minas

59 2229 95 2248 ex
109 2222 168 2248 alto
181 2230 253 2256 aqua
277 2222 415 2250 obrueudi
441 2223 468 2250 in
486 2223 593 2250 diluvio
605 2244 612 2254 ,
630 2225 733 2250 mundo
748 2233 859 2252 anatin-

925 309 1000 343 ginta
1015 318 1103 338 annos
1118 313 1243 346 regnavit
1259 321 1343 348 super
1360 315 1453 342 Israel.
1473 315 1533 344 Il:cc
1551 323 1643 345 autem
1659 327 1720 347 om—

925 355 970 382 nia
990 356 1071 383 nobis
1079 357 1226 386 conferunt
1235 359 1268 386 ad
1282 368 1429 388 numerum
1441 363 1532 396 quarti
1546 363 1612 395 diei,
1628 365 1655 391 in
1666 373 1720 400 quo

924 405 1007 428 natus
1017 406 1098 429 estet
1114 402 1205 430 illuxit
1215 403 1342 433 Christus
1351 407 1397 440 qui
1411 406 1461 433 fuit
1472 412 1536 435 ante
1548 410 1643 439 solem.
1658 418 1720 438 eum

923 447 985 481 ejus
1000 448 1118 484 conjuge
1140 449 1206 477 Illita
1221 451 1330 486 (nempe
1355 452 1502 489 Ecclesia).
1523 455 1634 489 quando
1650 456 1720 484 dixit

923 492 996 519 Deus
1020 502 1026 519 :
1056 493 1135 521 Fiant
1161 495 1309 524 luminaria
1343 498 1371 524 in
1402 499 1573 532 ﬁrmamento
1594 501 1666 533 m’li,
1685 503 1720 529 ml

924 537 1150 567 illuminnlionem
1168 550 1248 576 super
1259 547 1372 570 terram.
1388 544 1526 572 Convenit.
1545 551 1636 573 autem
1655 555 1718 574 enm

923 584 970 618 qui
988 585 1128 613 desiderio
1145 591 1173 614 et
1194 595 1287 615 amore
1309 589 1402 617 divino
1421 591 1449 618 in
1468 592 1545 619 verbi
1562 593 1609 620 Dei
1623 593 1720 621 dulce-

923 630 988 658 dine
1009 632 1198 666 perfunditur,
1210 637 1397 670 congruenter
1407 637 1431 664 ei
1449 638 1496 672 qui
1521 638 1589 666 dicit
1606 649 1612 665 :
1633 639 1720 672 Quam

896 695 903 702 .
923 676 1012 704 dulcia
1025 680 1128 712 gutturi
1141 688 1197 706 meo
1212 680 1317 715 eloquia
1332 687 1390 713 tua,
1403 691 1483 718 super
1500 684 1552 711 mel
1567 687 1608 712 ori
1621 687 1717 718 meo“,

922 730 1055 757 qnmrere.
1068 724 1254 759 Quamobrem
1277 736 1340 755 cum
1359 730 1431 756 Deus
1446 730 1537 764 primo
1553 731 1596 758 die
1610 731 1720 759 fecisset

922 769 1024 802 lucem,
1041 778 1095 798 non
1113 772 1183 799 dixit
1199 773 1275 800 :Fia!
1286 774 1342 808 lux,
1359 780 1387 801 ut
1404 776 1491 802 luceat
1506 783 1717 811 super-terram:

923 816 1040 843 maxime
1053 826 1115 844 eum
1133 819 1178 845 illa
1198 820 1243 846 lux
1263 821 1298 848 sit
1318 827 1407 849 mater
1422 827 1450 850 et
1470 825 1589 858 genitrix
1604 826 1717 852 univer-

922 867 1028 893 Sorum,
1041 871 1102 896 quae
1122 872 1155 891 ex
1170 864 1227 899 ipsa
1243 865 1394 893 illuxerunt
1413 869 1536 902 ejusdem
1551 871 1678 897 essentia:
1690 871 1717 897 in

923 908 994 934 coelo
1011 908 1200 937 lnminarium.
1217 912 1250 938 Et
1262 912 1396 946 dicainns,
1409 916 1484 949 quod
1506 916 1550 942 illa
1562 916 1607 942 lux
1622 917 1717 952 singu-

923 951 987 979 laris
1008 957 1036 980 et
1055 953 1180 989 simplex.
1196 961 1255 983 erat
1270 962 1351 992 typus
1368 960 1536 987 monarchia:
1551 966 1579 988 et
1596 962 1717 989 Judaica:
1738 989 1747 999 η

923 997 998 1031 Iidei,
1013 1000 1128 1034 ejusque
1147 1009 1208 1036 qua:
1219 1002 1273 1029 fuit
1290 1007 1355 1030 ante
1372 1005 1459 1039 legem
1477 1011 1504 1032 et
1518 1007 1576 1041 ejus
1587 1013 1716 1042 qua-post

921 1044 1028 1079 legent;
1046 1054 1106 1081 quae
1118 1047 1236 1082 quidem‘
1252 1057 1306 1076 non
1321 1051 1412 1084 potuit
1434 1051 1590 1079 illuminare
1603 1054 1715 1080 univcr—

921 1098 977 1117 sam
1000 1096 1126 1124 terram,
1154 1099 1301 1128 propterea
1335 1097 1409 1130 quod
1439 1105 1470 1124 ea
1497 1098 1588 1125 adhuc
1617 1104 1715 1133 operta

920 1142 1004 1169 esset,
1019 1139 1133 1173 quando
1150 1141 1222 1168 Dens
1240 1142 1315 1169 illam
1333 1143 1457 1171 ostendit
1477 1145 1578 1177 lucem,
1596 1154 1666 1180 aqua
1687 1151 1715 1174 et

922 1182 1044 1210 tenebris
1061 1186 1167 1212 erroris
1183 1187 1255 1221 (qua:
1267 1193 1332 1215 sunt
1346 1194 1478 1216 terrestre
1491 1191 1652 1225 opereuhnn
1669 1199 1716 1218 sn-

920 1234 969 1261 per
980 1235 1029 1254 eor
1042 1228 1211 1266 hominum),
1224 1231 1313 1259 donec
1329 1233 1401 1260 Deus
1420 1233 1485 1261 fecit
1500 1235 1556 1262 duo
1568 1236 1714 1263 luminaria

920 1281 980 1308 qme
998 1280 1061 1302 sunt
1079 1284 1188 1311 magna,
1209 1279 1330 1306 lucentia
1352 1288 1436 1314 super
1455 1285 1566 1309 terram.
1585 1283 1652 1310 Dico
1663 1291 1714 1311 au-

920 1323 974 1346 tem
992 1320 1142 1348 adventum
1164 1323 1281 1351 increati
1300 1325 1383 1352 Verbi
1404 1327 1463 1359 Dei,
1480 1332 1507 1355 et
1524 1329 1627 1361 lunam,
1642 1339 1715 1358 nem-

919 1372 952 1399 pe
972 1365 1393 1404 Ecclesiameidesponsam.Et
1414 1373 1551 1401 luminare
1572 1383 1712 1410 magnum,

919 1419 1017 1446 nempe
1037 1412 1176 1442 Christum
1193 1417 1278 1443 solem
1291 1418 1501 1454 inprincipatus
1513 1421 1567 1448 diei
1587 1422 1651 1455 (hoc
1660 1429 1712 1454 est,

917 1456 1020 1490 quiest
1037 1463 1150 1486 exortus
1168 1460 1195 1487 in
1219 1461 1355 1497 principio
1376 1465 1604 1501 praedicationis.)
1617 1468 1648 1494 Et
1669 1469 1712 1495 Iu-

917 1509 979 1528 nam
1002 1503 1029 1529 in
1051 1503 1224 1540 principatus
1244 1507 1335 1534 noctis
1352 1517 1358 1535 :
1375 1509 1428 1536 hoc
1449 1515 1508 1542 est,
1529 1514 1639 1546 quando
1663 1521 1712 1541 na-

918 1549 1053 1575 seentiutu
1063 1550 1209 1578 infantium
1217 1558 1365 1588 acceptura
1375 1561 1435 1583 erat
1445 1559 1644 1593 principatum,
1651 1570 1713 1595 qua:

878 1608 898 1635 ε
916 1598 976 1620 erat
997 1594 1024 1620 in
1041 1595 1107 1629 ipsis
1121 1596 1309 1632 incredulitas,
1329 1602 1457 1635 protinus
1476 1605 1542 1632 oriri
1556 1606 1620 1633 laeit
1633 1615 1711 1634 suam

917 1638 1160 1675 illuminationem,
1183 1652 1244 1678 quxe
1267 1646 1341 1679 apud
1365 1655 1415 1674 nos
1430 1649 1494 1676 luna
1509 1655 1551 1677 est
1576 1652 1709 1680 Ecclesia.

915 1684 1034 1712 Attende
1045 1690 1137 1714 autem
1153 1689 1386 1722 quetnadmodnm
1401 1701 1455 1720 non
1473 1694 1584 1727 dixerit,
1599 1697 1626 1722 in
1637 1698 1712 1731 prin-

915 1731 1043 1765 cipatum,
1067 1733 1115 1760 sed
1140 1736 1167 1761 in
1196 1737 1371 1772 principatus.
1397 1739 1496 1768 Multos
1524 1743 1598 1769 enim
1628 1743 1712 1771 habet

919 1775 1091 1811 principatus
1124 1780 1164 1807 sol
1192 1781 1317 1816 jnstitim.
1351 1785 1452 1812 Inultas
1475 1790 1636 1820 potestates.
1662 1789 1711 1816 Est

914 1820 989 1848 enim
1010 1822 1136 1859 Princeps
1158 1827 1277 1861 puris",
1293 1834 1335 1856 est
1355 1831 1486 1866 princeps
1514 1838 1562 1860 aut
1577 1834 1710 1862 Dominus

915 1865 1098 1901 Potestatum,
1117 1877 1160 1898 est
1177 1872 1232 1899 Rem
1245 1882 1346 1909 regum.
1364 1882 1406 1903 est
1428 1879 1557 1912 princeps
1574 1883 1601 1906 et
1618 1880 1710 1908 Domi-

915 1915 964 1936 nus
979 1911 1217 1947 dominantium",
1234 1925 1276 1944 est
1302 1927 1349 1946 rex
1370 1922 1473 1954 glorite.
1499 1923 1586 1950 [num
1611 1925 1709 1953 habuit

913 1955 1111 1992 principatum,
1132 1961 1224 1989 lumen
1253 1964 1326 1997 quod
1342 1965 1477 1993 illuminat
1491 1969 1622 1995 hominem
1646 1976 1708 1997 ante

913 2005 1057 2031 adventum
1080 2014 1158 2040 super
1176 2010 1320 2042 terram“;
1339 2015 1404 2037 ante
1429 2013 1543 2044 sarcula,
1574 2015 1627 2042 hoc
1652 2021 1704 2048 est,

912 2057 974 2076 cum
997 2058 1031 2077 eo
1051 2056 1094 2079 est
1114 2052 1174 2079 sine
1196 2053 1343 2089 principio.
1370 2057 1406 2083 Ita
1432 2058 1506 2084 enim
1526 2060 1706 2095 intelligimus

913 2095 980 2122 illud
995 2105 1001 2122 ε
1015 2096 1046 2123 1η
1061 2098 1190 2132 principio
1205 2104 1263 2126 erat
1280 2101 1399 2134 Verbum,
1418 2104 1443 2130 in
1455 2104 1546 2131 Patre.
1558 2106 1617 2132 Non
1630 2107 1705 2134 enim

912 2142 939 2168 in
956 2143 1095 2178 principio
1111 2146 1214 2178 steculi,
1232 2147 1279 2173 sed
1304 2149 1330 2174 in
1347 2150 1476 2185 principio
1500 2152 1624 2185 genitore
1646 2159 1705 2181 erat

913 2188 1033 2221 Verbum,
1050 2194 1073 2216 et
1089 2189 1198 2218 Verbum
1211 2197 1269 2219 erat
1282 2195 1353 2228 apud
1371 2194 1455 2222 Deum
1469 2197 1501 2224 ⁵³.
1521 2198 1636 2231 Quando
1656 2207 1704 2226 att-

912 2239 964 2260 tem
979 2236 1107 2269 apparuit
1123 2240 1151 2263 et
1170 2241 1514 2276 exortusestprimipatus
1530 2244 1583 2271 dici
1598 2245 1640 2272 sui
1655 2246 1703 2272 ad-

59 2268 136 2294 tians
155 2268 322 2295 beneﬁcium
342 2276 399 2296 sua:
412 2269 439 2296 in
455 2269 583 2296 homines
598 2270 784 2304 benignitatis.
815 2271 858 2297 Si-

59 2313 165 2326 ...ilh..-
190 2313 279 2326 Ila"..-
303 2321 410 2326 -..........
424 2314 563 2326 01.4-...“
586 2316 659 2326 -.ΔΑ-ρ.
688 2315 819 2326 ΛηΑηξινη
835 2324 844 2326 _,

917 2286 1020 2311 ventus.
1037 2283 1137 2309 multos
1151 2284 1246 2310 habuit
1265 2286 1445 2321 principatus.
1465 2289 1532 2316 Nam
1554 2295 1702 2326 postquam

58 2313 165 2340 utiliter
189 2313 281 2340 Moses
301 2321 412 2348 quoque
423 2314 565 2341 Christum
586 2316 661 2350 prius
685 2315 857 2348 describens,

57 2367 122 2387 cum
143 2363 272 2394 tempore
290 2360 500 2395 quadragesimo
516 2361 682 2388 sceleratum
700 2363 776 2390 illum
786 2363 860 2390 occi-

57 2406 146 2433 disset
171 2406 199 2432 in
231 2410 326 2441 typum
347 2406 448 2433 diaboli
474 2407 522 2441 qui
542 2407 645 2434 bellum
661 2408 774 2442 gerebat
795 2416 857 2436 eum

58 2452 173 2479 homine
208 2451 354 2483 Israelita,
376 2459 440 2479 eum
468 2452 566 2479 infodit
593 2453 619 2479 in
640 2461 724 2480 arena
755 2454 855 2489 abyssi.

57 2498 164 2525 Deinde
185 2498 245 2532 ipse
269 2497 302 2523 ad
318 2497 501 2532 quadraginta
513 2506 600 2525 annos
611 2498 730 2533 primum
745 2507 855 2535 gregem

56 2543 175 2569 rationis
192 2545 353 2576 expertem,
369 2542 478 2572 .Iethro,
498 2543 572 2577 pavit
588 2544 615 2570 in
634 2549 726 2578 typum
749 2545 855 2572 Israclis

56 2589 166 2615 ratione
189 2587 325 2619 carentis,
348 2592 376 2614 et
399 2588 490 2622 spatio
505 2588 687 2623 quadraginta
705 2597 852 2623 annorum,

56 2634 188 2669 populum
208 2633 259 2660 Dei
280 2633 327 2667 qui
345 2633 447 2660 dicitur
469 2634 579 2670 (nempe
600 2635 659 2668 nos)
678 2637 855 2664 conservavit

56 2681 82 2706 in
100 2681 215 2707 deserta
243 2679 378 2706 Ecclesia.
396 2680 581 2715 Quadraginta
608 2681 668 2708 dies
700 2682 727 2710 in
760 2688 854 2712 monte

55 2725 129 2753 Sinni
157 2727 185 2753 in
203 2725 311 2753 Christi
329 2729 421 2760 typum
435 2726 580 2760 jejmlavit.
599 2726 790 2765 Quadraginta
806 2738 856 2758 an-

55 2778 104 2798 nos
116 2771 232 2798 Samuel
251 2770 325 2796 tilius
339 2770 459 2797 mulieris
471 2777 529 2804 ηυξ-ρ
542 2771 693 2807 aliquando
704 2775 762 2803 l‘nit
776 2776 857 2802 steri-

55 2816 97 2845 λὶς.
115 2815 310 2851 prophetarit.
323 2815 456 2847 Salomon,
473 2818 516 2848 qui
533 2816 582 2844 Dei
597 2817 733 2850 templum
756 2821 857 2847 condi-

89 2888 108 2902 ἐ
127 2885 218 2912 Lerit.
232 2885 306 2926 7th,?
327 2894 414 2926 seqq.‘
434 2885 565 2926 “adﬂlttilll.
583 2896 619 2918 tt‘,
633 2887 738 2926 “Esi-qq,

53 2921 74 2936 ¹⁵
87 2922 164 2950 Jtmu,
182 2931 200 2954 t,
223 2923 248 2949 9.
288 2922 309 2936 ⁵³
324 2922 384 2947 limi.
405 2921 427 2947 Ι.
463 2921 484 2936 ⁸⁸
499 2923 583 2950 Itom.
601 2930 656 2953 Vill,
672 2921 718 2954 iii.

786 2892 807 2906 δ’
824 2892 893 2919 i‘sal.
909 2901 996 2926 cxxin,
1018 2894 1074 2920 I03.

909 2326 1055 2361 imperavit
1070 2328 1241 2362 caelestibus,
1256 2331 1496 2366 imperavitetiam
1511 2338 1700 2370 terrestribus,

908 2371 1048 2406 accipiens
1065 2372 1175 2401 infirma
1193 2375 1220 2402 in
1239 2383 1315 2403 suam
1328 2377 1529 2413 htereditatem,
1548 2388 1576 2409 et
1592 2391 1702 2417 posses.

908 2417 1014 2443 sionem
1031 2425 1109 2445 suam
1139 2419 1209 2447 ﬁnes
1223 2424 1318 2454 terra),
1342 2427 1369 2449 et
1386 2423 1559 2453 dominansa
1584 2430 1652 2455 mari
1667 2430 1702 2456 ad

909 2469 994 2493 mare,
1009 2462 1060 2490 I'uit
1072 2463 1127 2490 dux
1144 2465 1242 2493 salutis
1253 2471 1365 2499 nostra),
1378 2473 1405 2495 et
1418 2469 1470 2496 luit
1482 2472 1649 2507 principium
1657 2474 1702 2501 lia-

913 2508 1063 2542 ptismatis,
1077 2511 1281 2547 etprineipium
1296 2513 1514 2549 incorruptionis
1527 2526 1561 2544 ex
1575 2519 1699 2551 mortuis,

909 2557 936 2580 ct
954 2554 1122 2589 principiutn
1139 2561 1168 2583 ut
1185 2557 1257 2584 Dens
1270 2558 1377 2587 habitet
1390 2560 1416 2586 in
1430 2561 1541 2589 homine
1554 2571 1560 2589 :
1575 2563 1614 2590 sic
1627 2564 1699 2590 enim

909 2600 1102 2628 intelleximus
1109 2602 1250 2630 Christum
1258 2605 1463 2640 primogenitum
1473 2609 1498 2634 in
1508 2610 1598 2636 multis
1606 2611 1685 2645 fratri
1694 2626 1699 2631 -

908 2646 953 2673 bus
965 2647 988 2662 "
1001 2648 1150 2679 nostris,in
1160 2649 1262 2684 quibus
1271 2651 1343 2678 Dens
1358 2660 1407 2686 per
1424 2654 1512 2688 ipsum
1523 2654 1698 2682 inhabitavit.

940 2693 1029 2720 Ilabet
1046 2695 1129 2722 alium
1142 2704 1253 2731 quoque
1268 2698 1453 2733 principatum
1469 2708 1515 2727 seu
1533 2702 1698 2735 prinr-ipinni

904 2739 948 2766 hic
964 2740 1085 2767 ecclesiis
1096 2741 1135 2767 sol
1148 2742 1285 2769 Christus.
1304 2744 1363 2778 Ipse
1376 2745 1450 2771 enim
1465 2746 1570 2780 primus
1585 2746 1696 2779 incepit,

905 2789 933 2812 ct
950 2786 1021 2812 viam
1033 2787 1113 2814 nobis
1128 2788 1163 2814 ad
1179 2789 1288 2816 Patrem
1307 2791 1407 2818 muniit
1422 2799 1453 2818 ac
1465 2791 1572 2825 pararit
1589 2791 1697 2817 sublato

906 2839 1015 2859 sursum
1039 2833 1164 2861 homine.
1188 2835 1240 2862 Per
1256 2835 1306 2863 hos
1319 2844 1384 2870 ergo
1403 2836 1578 2870 etejusmmli
1595 2836 1698 2870 princi-

1114 2895 1135 2910 Η
1150 2895 1200 2921 Isa.
1216 2903 1251 2924 ix.
1267 2895 1292 2922 0.
1333 2897 1354 2910 “
1372 2896 1454 2931 Apoc.
1473 2903 1526 2927 xix,
1548 2895 1588 2921 IG.
