1990 3183
128 201 180 233 905

656 200 696 231 ΙΝ
718 201 990 231 IIEXAEMERON.
1008 214 1040 218 —
1059 203 1130 231 LIB.
1151 202 1198 231 iV.

1705 199 1757 232 906

128 259 156 286 in
171 257 306 294 judicium
319 277 326 290 ,
350 262 417 285 tunc
434 257 553 292 spirabit
568 257 690 285 exitialis
714 258 841 293 spiritus,
862 267 916 286 non
935 271 954 296 Α
972 259 1086 291 tionem,
1102 264 1130 286 cl
1144 259 1227 286 vitam
1243 267 1305 294 qum
1317 263 1359 286 est
1373 266 1421 293 per
1436 266 1536 294 aquam
1560 263 1587 285 et
1604 259 1733 293 spiritum
1750 269 1756 286 :

128 303 162 332 ab
179 305 237 339 ipsa
255 308 362 335 autem,
379 308 427 331 aut
441 312 490 338 per
508 304 606 339 ipsam,
622 305 804 337 labefactans,
821 305 843 332 si
860 305 917 332 lteri

129 351 227 385 possit.
245 351 328 377 etiam
347 350 422 385 ipsos
433 350 549 377 electos.
571 350 617 378 Sic
634 351 699 378 luna
714 351 812 386 ﬁgurat
825 352 919 378 Eccle—

129 397 198 423 siam
216 404 222 422 :
241 395 314 423 unde
335 396 418 422 etiam
436 396 483 422 lux
507 404 578 423 nova
601 397 706 424 dicitur
730 402 810 425 orttts
835 398 917 430 lunrc,

129 447 243 477 propter
259 443 499 477 regenerationem
511 450 608 471 eorum
627 444 674 479 qui
692 452 794 472 recens
816 445 920 471 illumi—

129 489 251 518 nantur,
276 494 337 520 qua:
358 491 495 521 perpetuo
524 492 673 522 generatur
686 493 714 515 et
739 494 920 523 regeneratur

129 532 201 559 sicut
216 532 292 565 luna,
312 541 399 567 usque
413 533 447 560 ad
463 534 736 562 consummationem
755 535 860 562 steculi.
874 535 919 562 Si-

130 579 162 606 tit
180 583 272 606 autent
293 580 408 607 omnino
425 584 453 607 et
468 585 530 608 avet
548 581 672 616 prudens
694 582 805 609 auditor
823 589 920 609 rursus

130 625 237 653 discere
259 626 293 652 de
310 626 421 658 duabus
448 627 515 654 solis
533 627 721 662 potestatibus
734 648 741 660 ,
767 635 868 663 nempe
886 628 920 655 de

130 671 221 698 calido
237 675 265 697 et
276 671 362 703 sicco,
378 677 407 699 et
418 673 652 707 quemadmodum
665 681 697 700 ca
716 673 874 700 referantur
886 673 920 701 ad

131 717 280 744 Christum.
309 718 435 745 Calidum
457 723 549 746 autem
572 723 599 747 et
616 721 722 747 siccum
746 721 919 748 elementum

130 769 172 790 est
183 763 265 797 ignis,
279 764 319 792 sic
336 769 407 791 terra
422 770 464 792 est
482 766 566 793 etiam
584 766 658 794 sicca
675 771 703 793 et
720 767 818 801 frigida
833 776 840 793 :
857 775 921 794 nam

131 817 162 836 ea
181 818 290 844 quoque
311 817 354 838 est
376 811 528 846 injicienda
544 817 659 847 propter
682 812 708 840 id
730 813 803 848 quod
819 817 861 841 est
877 813 920 840 di-

131 856 260 883 cendum.
277 857 442 892 Quicunque
457 866 524 893 ergo
546 860 702 894 perfectum
717 860 805 887 Deum
817 863 846 887 et
861 867 922 894 pcr-

130 902 232 929 fectum
247 903 388 930 hominem
405 903 545 932 Christum
558 913 620 933 esse
635 905 776 933 credimus
792 926 799 937 ,
827 906 920 943 ignem

131 949 243 983 quidem
249 957 308 977 esse
318 950 499 986 intelligimus
505 951 564 986 ejus
570 952 746 980 divinitatem
754 961 760 978 :
771 951 920 979 Deuscnim

132 1000 219 1021 noster
237 999 275 1021 est
289 996 357 1031 ignis
370 1005 524 1023 consumens
544 998 578 1024 ³³³.
600 998 716 1025 Terram
746 1003 840 1025 autem
859 1005 922 1025 rur-

131 1049 190 1074 sus,
208 1046 279 1069 terra
294 1043 416 1078 genitam
430 1044 524 1072 carnis
539 1045 600 1079 ejus
613 1045 814 1072 humanitatem
829 1053 835 1071 :
852 1052 921 1080 qua-

132 1096 192 1115 rum
209 1088 323 1123 quidem
343 1089 461 1117 duarum
476 1091 661 1118 essentiarum
677 1097 705 1119 et
717 1092 921 1119 elementorum

132 1141 212 1170 typus
229 1140 289 1162 erat
304 1144 386 1164 verus
399 1140 426 1164 et
441 1142 600 1169 accuratus,
618 1138 701 1173 primi
714 1138 780 1166 Ada:
792 1143 923 1165 constru-

130 1180 197 1206 etio.
221 1180 258 1206 Ea
275 1179 318 1207 his
335 1179 409 1207 enim
422 1180 531 1208 duobus
542 1181 633 1210 iactus
645 1186 689 1209 est
700 1181 799 1214 Adam,
820 1190 922 1217 nempe

130 1228 159 1251 et
177 1225 265 1251 divini
285 1225 357 1259 ignis
374 1225 570 1260 inspiratione,
589 1232 616 1254 et
628 1235 661 1254 ex
677 1228 751 1255 sicca
767 1233 794 1254 et
813 1236 828 1255 e
848 1233 922 1255 terra

131 1271 222 1305 genita
235 1270 293 1297 litni
309 1272 499 1299 concretione.
527 1272 555 1299 Si
569 1280 636 1308 ergo
651 1281 710 1300 rem
722 1273 864 1300 subtiliter
877 1281 922 1300 os-

132 1316 224 1344 tendit
244 1317 335 1344 oratio
357 1326 363 1344 :
384 1317 412 1344 in
432 1318 543 1346 duobus
559 1319 746 1346 luminaribus
767 1323 843 1351 sunt,
873 1326 922 1346 co-

131 1369 359 1398 gnoscmturque
369 1368 397 1391 et
408 1364 639 1392 administrantur
651 1369 773 1400 quatuor
785 1366 922 1392 elementa

130 1415 163 1434 ex
180 1408 282 1442 quibus
299 1413 408 1436 constat
421 1410 553 1437 mundus.
576 1411 636 1437 Duo
652 1414 745 1438 autem
760 1411 920 1445 luminaria,

130 1453 173 1480 sol
186 1458 214 1481 et
233 1454 310 1487 luna,
335 1455 405 1482 citra
432 1456 517 1482 ullam
533 1457 754 1484 controversiam
778 1457 859 1492 prius
875 1457 922 1485 dc-

130 1500 259 1528 scribunt
273 1500 416 1529 Christum
429 1507 458 1530 et
474 1502 636 1531 Eeclesiam.
649 1503 741 1530 Discat
752 1511 818 1539 ergo
830 1503 923 1531 omnis

131 1545 216 1573 homo
231 1546 306 1580 quod
320 1546 348 1573 in
361 1546 406 1573 his
421 1547 502 1582 aquis
513 1567 520 1580 ,
537 1552 566 1574 et
584 1556 634 1583 per
653 1548 711 1576 haec
725 1548 781 1576 duo
796 1549 920 1576 cmlestia

129 1592 280 1620 luminaria
305 1593 380 1626 (dico
406 1599 498 1621 autem
526 1593 669 1622 Christunt
698 1599 726 1622 et
754 1595 956 1648 Eeclesiant)c

128 1639 299 1671 consistunt,
320 1639 567 1673 administrantur,
584 1645 613 1668 et
640 1645 841 1668 conservantur
864 1646 919 1668 tam

126 1694 162 1713 ea
174 1694 235 1720 qua:
252 1691 319 1714 sunt
340 1687 368 1714 in
388 1687 477 1719 callis,
490 1695 572 1722 quam
591 1694 651 1722 qua
667 1692 733 1715 sunt
751 1687 779 1714 in
796 1691 880 1720 terra,
893 1691 921 1714 et

128 1737 186 1759 tant
200 1740 231 1760 ea
245 1741 307 1768 qua:
321 1733 373 1761 sub
386 1738 529 1768 aspectum
545 1734 660 1766 cadunt,
676 1742 760 1769 qualn
782 1740 844 1769 qua:
864 1742 920 1761 non

126 1779 244 1813 cadunt,
264 1783 292 1807 et
304 1784 359 1807 tam
372 1781 492 1808 animata
508 1788 592 1815 quam
615 1780 779 1814 ittanimala,
808 1785 837 1808 et
864 1786 920 1808 tam

129 1825 245 1852 mobilia
257 1834 340 1860 quain
354 1826 517 1858 immobilia,
540 1831 569 1854 et
588 1835 620 1854 ex
636 1831 757 1861 quatuor
773 1827 921 1855 clementis

127 1871 292 1906 composita:
309 1879 356 1899 sex
372 1872 481 1903 dierum
494 1876 641 1899 creatum.

165 1917 199 1944 Et
220 1918 363 1952 quomodo
385 1926 434 1953 per
455 1919 546 1946 virum
570 1923 597 1946 et
626 1919 771 1946 mulierem
797 1919 921 1946 nascitur

128 1972 216 1991 unum
235 1972 353 1999 corpus,
382 1965 420 1992 ita
445 1965 690 1992 indiscriminatim
714 1973 763 2000 per
787 1966 845 1992 hanc
865 1966 920 1992 duo

129 2010 282 2038 luminaria
296 2016 392 2038 natum
412 2016 456 2038 est
473 2020 576 2047 corpus
592 2013 686 2047 populi
703 2011 803 2044 ﬁdelis,
823 2012 919 2040 Eccle-

127 2058 177 2084 siae
190 2067 197 2084 :
211 2061 239 2085 et
254 2058 291 2085 ita
304 2062 399 2092 aperte
411 2058 544 2092 impletur
558 2058 626 2084 illud
639 2067 645 2084 :
657 2058 743 2084 Erunt
754 2058 805 2084 duo
821 2059 848 2084 in
861 2067 921 2084 car-

130 2112 192 2130 nem
203 2112 284 2130 unam
292 2105 325 2136 “;
336 2108 364 2131 ct
378 2104 453 2139 quod
463 2104 554 2131 omnis
565 2112 628 2131 caro
638 2108 746 2131 constat
755 2112 789 2131 ex
800 2108 920 2138 quatuor

127 2149 278 2177 elementis
292 2150 360 2177 solis
375 2151 500 2177 etlunxe.
524 2150 711 2183 Quamobrem
735 2150 761 2177 ci
783 2150 831 2184 qui
853 2158 919 2185 pru-

128 2196 230 2223 denter
245 2196 364 2224 attcndit
389 2196 428 2223 illi
453 2196 548 2231 ﬁgura:
570 2205 632 2232 quae
653 2196 786 2232 primorie
800 2196 920 2223 refertur

126 2243 164 2270 ad
187 2242 328 2270 Christum
346 2247 374 2270 et
394 2243 546 2270 Ecclesiam
572 2251 578 2269 :
604 2243 717 2274 Adami,
745 2243 868 2277 inquam,
892 2247 920 2270 et

969 305 1048 339 cujus
1064 304 1129 331 luna
1155 309 1198 331 est
1215 312 1307 336 causa,
1335 304 1497 331 describens
1525 304 1642 339 gratiam
1665 305 1758 340 bapti-

970 349 1077 376 smatis.
1092 349 1159 384 Ejus
1175 354 1266 376 autem
1281 349 1355 384 quod
1370 349 1432 376 dico
1446 349 1480 376 de
1497 357 1528 376 ea
1547 350 1602 377 vita
1627 356 1656 378 et
1677 359 1761 385 gene-

971 394 1079 421 ratione
1095 400 1123 420 et
1138 394 1348 429 rcgeueratione
1366 401 1417 428 per
1444 401 1544 428 aquarii
1569 398 1597 421 et
1618 394 1759 428 spiritum,

971 439 1030 473 ipse
1050 440 1122 467 Deus
1143 440 1261 467 Verbum
1283 440 1363 467 ﬁdem
1378 440 1456 471 facit,
1486 440 1582 467 dicens
1601 449 1607 466 :
1625 440 1683 467 Nisi
1702 442 1761 476 quis

971 485 1050 519 fuerit
1064 489 1233 521 regeneratus
1251 494 1297 520 per
1307 494 1405 520 aquam
1415 490 1439 511 et
1452 484 1592 520 Spiritum,
1606 494 1658 512 non
1672 487 1760 513 inira-

970 531 1007 557 bit
1021 531 1047 558 in
1060 540 1170 566 regnum
1191 531 1316 559 cwlorum
1341 533 1375 559 επ.
1399 532 1516 567 Eclipsis
1543 537 1618 559 certe
1639 540 1686 559 seu
1714 532 1762 560 de-

970 577 1062 604 fectus
1072 578 1156 610 luna},
1168 583 1196 605 et
1209 579 1322 612 quando
1331 578 1395 605 luna
1405 583 1446 605 est
1455 579 1546 613 plena.
1561 578 1677 612 Quando
1687 579 1761 606 enim

971 625 1116 660 plenitudo
1131 625 1253 660 gentium
1268 625 1391 660 ingressa
1407 625 1490 652 fuerit
1510 625 1680 658 Eeclesiam;
1696 630 1762 654 tunc

972 671 1047 698 subit
1065 672 1177 703 coelum,
1198 677 1302 698 terram
1321 671 1354 698 dc
1369 677 1469 699 caetero
1499 672 1672 707 relinquens.
1694 674 1762 700 Pro-

971 722 1067 752 pterea
1085 717 1240 752 simplicem
1265 725 1376 752 quoque
1395 718 1485 744 lucem
1502 718 1583 745 habet
1606 719 1681 750 luna,
1706 727 1761 747 non

971 769 1064 791 autem
1077 765 1218 799 duplicem
1237 765 1309 792 sicut
1324 766 1376 792 sol.
1402 765 1469 792 Nam
1487 766 1543 792 Eva
1563 771 1605 793 est
1620 767 1713 801 genita
1729 775 1761 794 ex

973 819 1026 837 una
1042 815 1119 838 costa
1142 812 1275 839 hominis.
1290 812 1378 838 Adam
1405 816 1497 839 autem
1515 813 1587 840 sicut
1609 813 1650 840 sol
1676 813 1761 848 ﬁgura

971 855 1086 890 Christi,
1103 862 1146 885 est
1160 858 1262 893 duplex
1275 862 1304 885 ct
1316 858 1498 893 compositus.
1523 866 1622 894 nempe
1638 867 1672 886 ex
1688 863 1762 886 terra

971 907 1000 930 et
1026 903 1121 931 divina
1147 904 1334 931 insuﬁlatione
1349 912 1431 940 quam
1454 904 1527 931 Deus
1556 904 1583 931 in
1607 903 1691 932 Evam
1705 913 1762 932 non

972 950 1122 977 insulilavit
1139 960 1144 977 :
1164 949 1389 985 quandoquidem
1404 958 1460 977 non
1477 958 1511 977 ex
1535 949 1645 977 duabus
1665 958 1763 978 essenv

973 994 1036 1026 liis,
1057 1002 1092 1021 ex
1109 994 1267 1027 divinitate,
1287 995 1410 1030 inquam,
1429 999 1456 1022 et
1472 995 1645 1022 humanitate
1669 995 1762 1022 consi-‘

971 1040 1021 1067 stit
1057 1041 1202 1075 plenitudo
1241 1041 1391 1074 Ecclesiae,
1422 1041 1495 1069 sicut
1535 1041 1683 1072 Christus,
1713 1040 1762 1068 sed

971 1094 1004 1114 ex
1033 1087 1090 1114 sola
1127 1087 1309 1114 humanitate.
1340 1087 1438 1114 Divina
1475 1087 1549 1114 enim
1585 1087 1630 1113 illa
1662 1092 1690 1114 et
1718 1095 1763 1113 es-

972 1133 1099 1160 sentialis
1123 1133 1170 1160 Dei
1205 1133 1374 1165 insuﬁlatio,
1412 1140 1473 1167 quze
1506 1137 1607 1160 terrain
1643 1137 1686 1160 est
1719 1132 1761 1159 in-

972 1186 1076 1214 gressa,
1103 1179 1158 1207 fuit
1182 1187 1265 1207 verus
1288 1181 1337 1208 Dei
1355 1181 1438 1209 Verbi
1459 1186 1539 1216 typus
1557 1181 1603 1216 qui
1623 1189 1656 1208 ex
1682 1181 1763 1208 Patre

972 1225 1120 1259 processit,
1134 1230 1162 1252 et
1173 1230 1247 1254 terra
1261 1232 1356 1254 natum
1369 1227 1512 1254 hominem
1526 1228 1701 1255 inindividue
1710 1227 1763 1255 sibi

972 1272 1079 1298 couniit
1104 1279 1154 1307 per
1184 1273 1366 1308 hypostasim.
1392 1274 1528 1301 Existimo
1556 1279 1648 1301 autem
1675 1275 1762 1309 quod,

971 1317 1055 1345 etiam
1079 1322 1157 1345 extra
1177 1319 1336 1353 paradisum
1363 1319 1528 1348 fabricatum
1554 1329 1614 1348 esse
1643 1321 1763 1355 primum

971 1368 1115 1397 parentem
1138 1364 1328 1397 Adamutn,et
1353 1366 1455 1394 deinde
1480 1367 1602 1401 positum
1627 1367 1711 1394 fuisse
1735 1368 1762 1394 itt

972 1409 1112 1444 paradiso,
1124 1411 1248 1446 apposite
1264 1411 1414 1439 admodum
1431 1413 1562 1440 convenit
1574 1413 1608 1440 de
1624 1413 1682 1440 sole
1699 1421 1763 1440 sen-

972 1455 1026 1488 sili,
1047 1457 1179 1491 quoniam
1198 1458 1256 1492 ipsc
1273 1466 1384 1493 quoque
1403 1458 1501 1491 Adam,
1518 1459 1591 1486 sicut
1607 1459 1674 1486 dicit
1689 1459 1765 1486 Scri.

971 1509 1064 1537 ptura,
1083 1508 1111 1530 et
1135 1504 1175 1531 sic
1192 1505 1352 1539 positusest
1369 1506 1450 1533 ccelo.
1468 1505 1546 1533 Unde
1564 1506 1650 1533 etiam
1672 1503 1699 1532 in
1718 1504 1762 1533 lu-

972 1549 1127 1576 minaribus
1153 1551 1289 1586 scriptum
1310 1556 1368 1585 est,
1388 1553 1475 1587 posui!
1488 1573 1494 1583 .
1522 1552 1662 1587 quomodo
1678 1553 1762 1580 ctiam

973 1593 1000 1621 in
1016 1595 1128 1623 homine
1145 1605 1152 1622 :
1167 1596 1201 1623 Et
1213 1599 1322 1632 arrepit,
1340 1598 1441 1633 inquit,
1458 1599 1526 1625 Deus
1540 1600 1671 1626 hominem
1684 1607 1761 1634 quem

971 1639 1060 1673 ﬁnxit,
1084 1645 1109 1667 et
1132 1642 1217 1676 posuit
1241 1651 1301 1670 eum
1324 1644 1350 1669 in
1370 1643 1510 1678 paradiso,
1531 1642 1684 1678 principem
1698 1651 1761 1671 eum

972 1686 1145 1714 constituens
1159 1691 1188 1714 et
1211 1687 1307 1720 Evam,
1328 1688 1453 1715 omnium
1475 1689 1667 1721 animantium,
1691 1689 1763 1716 sicut

971 1731 1054 1759 etiam
1069 1732 1125 1760 duo
1139 1733 1299 1766 luminaria,
1316 1738 1346 1761 ut
1370 1734 1542 1768 imperarent
1560 1733 1614 1761 diei
1630 1739 1658 1762 et
1674 1736 1761 1766 nocti,

971 1782 998 1804 et
1023 1781 1054 1805 ut
1073 1778 1248 1806 dominatum
1264 1779 1402 1806 haberent
1428 1779 1456 1806 in
1479 1780 1571 1807 omnia
1599 1780 1761 1811 animantia,

971 1831 1021 1859 per
1034 1829 1154 1859 quatuor
1167 1825 1305 1852 elementa
1324 1834 1385 1861 qua:
1400 1828 1465 1853 sunt
1481 1827 1508 1854 in
1523 1826 1593 1861 ipsa,
1611 1835 1644 1855 ex
1660 1827 1764 1862 quibus

971 1875 999 1898 et
1014 1877 1064 1905 per
1076 1879 1138 1906 qua:
1154 1871 1282 1898 consistit
1301 1872 1392 1899 omnis
1417 1877 1518 1899 natura
1539 1881 1689 1908 corporum
1707 1878 1762 1900 tam

971 1916 1119 1944 brutorum
1139 1925 1222 1952 quam
1236 1918 1391 1945 volucrum.
1406 1918 1484 1950 Quod
1496 1918 1519 1945 si
1537 1918 1609 1945 lucis
1624 1918 1763 1947 defectum

971 1967 1000 1989 cl.
1014 1963 1242 1995 diminutionem,
1256 1968 1284 1990 et
1298 1970 1394 1991 rursus
1410 1964 1630 1996 renovationem,
1650 1965 1721 1992 sicut
1736 1965 1763 1992 in

971 2008 1047 2040 luna,
1066 2010 1109 2036 vis
1124 2010 1207 2036 etiam
1221 2008 1317 2037 videre
1341 2011 1368 2037 in
1390 2010 1458 2044 Eva,
1483 2010 1574 2046 cogita
1597 2012 1762 2046 prophetam

971 2055 1018 2090 qui
1039 2054 1108 2082 dicit
1132 2055 1189 2083 Deo
1217 2065 1222 2082 :
1248 2056 1348 2083 Lumen
1382 2062 1443 2083 stmt
1465 2062 1596 2092 pra’cepta
1617 2062 1662 2084 tua
1685 2065 1765 2092 super

971 2105 1081 2128 terram.
1097 2101 1220 2134 Quorum
1233 2102 1316 2129 etiam
1335 2101 1474 2129 defectum
1492 2103 1627 2130 sustinuit
1641 2103 1696 2130 Eva
1715 2111 1765 2137 per

972 2147 1204 2174 inobedietttiam.
1219 2148 1305 2175 Adam
1319 2149 1389 2175 enim
1406 2157 1458 2175 non
1476 2149 1525 2184 fuit
1539 2149 1670 2183 deceptus,
1692 2149 1764 2177 sicut

971 2193 1038 2220 dicit
1051 2193 1202 2228 Apostolus
1223 2194 1244 2209 “
1258 2203 1265 2226 ;
1285 2194 1340 2221 Eva
1354 2200 1443 2221 autent
1459 2195 1566 2230 decepta
1577 2216 1584 2225 ,
1599 2203 1662 2222 cum
1686 2203 1700 2222 a
1725 2200 1764 2222 tc~

971 2239 1111 2266 nebricusi
1125 2239 1273 2266 etobSCuri
1292 2241 1430 2274 serpentis
1443 2240 1587 2267 dominatu
1600 2246 1762 2276 oppressum

128 2289 205 2321 Evm,
222 2289 263 2316 sol
279 2294 306 2316 et
323 2289 389 2316 luna
407 2293 472 2316 sum
487 2289 671 2324 pmccdemia
685 2289 832 2324 a-nigmnta
848 2297 855 2315 τ
873 2288 920 2323 qui
939 2292 959 2319 ο
973 2289 1047 2311 esset
1062 2289 1090 2311 et
1104 2284 1253 2312 deiecisset
1270 2286 1329 2320 ejus
1342 2286 1447 2313 lumen.
1465 2286 1528 2321 Ejus
1540 2291 1630 2313 tamen
1648 2287 1764 2314 luminis

127 2335 187 2362 duo
203 2335 379 2362 constituunt
391 2340 419 2362 et
436 2335 594 2370 producunt
605 2343 638 2363 ex
651 2336 800 2370 duobusct
813 2335 923 2365 duobus

125 2380 275 2408 elementis
291 2389 375 2408 unam
391 2381 563 2409 individuam
581 2382 703 2409 hominis
715 2390 842 2415 carnem;
864 2387 923 2410 tan—

126 2435 211 2462 quam
223 2435 317 2454 scmcn
329 2428 463 2460 hominis,
479 2428 538 2455 sole
551 2428 691 2463 prmbente
701 2436 779 2455 suam
791 2428 880 2455 lucem
894 2427 922 2455 in

127 2478 210 2500 utero
221 2473 345 2508 piscinae,
362 2481 418 2500 sum
435 2474 572 2508 conjugis.
593 2481 693 2508 netnpc
709 2473 792 2505 lunae,
807 2481 868 2508 qua:
879 2478 922 2500 est

125 2519 262 2546 Ecclesia.
282 2519 385 2547 Omnes
400 2519 513 2555 quidem
528 2525 604 2547 certe
619 2527 665 2547 res
691 2519 845 2547 ostendunt
861 2527 919 2546 tua-

124 2573 210 2601 gnam
224 2566 410 2600 aequalitatem
424 2571 453 2594 et
467 2565 681 2594 similitudinem
702 2565 771 2593 solis
785 2571 814 2592 et
833 2565 916 2597 lunte,

125 2611 162 2638 ad
187 2612 323 2639 Adamum
344 2616 373 2639 et
394 2612 478 2640 Evam
497 2613 609 2648 :ignem
634 2616 728 2638 autem
749 2615 777 2639 et
804 2616 916 2642 terram,

125 2652 181 2684 hoc
198 2661 252 2689 est,
266 2658 354 2684 Deum
365 2662 394 2685 et
407 2657 559 2690 hominem,
583 2657 667 2692 paulo
679 2662 743 2683 ante
756 2655 918 2683 dicebamus

123 2702 270 2730 Christum
282 2712 366 2739 quem
375 2704 416 2731 sol
429 2704 582 2736 describit;
593 2704 679 2739 utqui
694 2703 775 2738 ignis,
785 2702 918 2734 calidum,

123 2753 155 2777 et
168 2754 260 2782 teme,
271 2751 376 2778 siccutn
390 2751 492 2778 habeat
503 2751 684 2780 elementum.
696 2749 919 2777 Sitnilitcreliam

125 2795 186 2822 Eva
201 2795 403 2830 interpretatur
419 2796 480 2826 Vita
501 2804 508 2822 :
529 2796 591 2824 Vita
607 2801 699 2823 autem
713 2799 755 2822 est
769 2795 853 2822 etiam
867 2795 920 2822 Ec-

123 2840 226 2873 clesia,
243 2842 379 2869 exhibens
393 2847 556 2878 perpetuam
572 2842 748 2878 baptismatis
773 2849 921 2877 regenera-

163 2927 187 2943 "
201 2927 282 2955 Deut.
294 2929 386 2962 “3’24;
402 2929 485 2957 Hebr.
504 2939 549 2960 xu.
566 2931 610 2958 ‘29.

286 2977 421 3008 ΡΔυιοι..
443 2979 500 3009 Gn.
524 2980 687 3013 LXXXIX.

650 2932 672 2948 ⁵³
689 2932 756 2960 Gen.
775 2941 802 2965 ιι,
822 2932 856 2959 Et
874 2940 880 2965 ;
903 2931 999 2958 .‘datlh.
1014 2939 1068 2963 xxx,
1092 2930 1118 2958 5.

971 2330 1113 2358 deiectum
1130 2331 1254 2358 restituit
1269 2331 1315 2358 lux
1331 2338 1396 2358 vera
1409 2339 1469 2366 qua:
1485 2340 1519 2358 ex
1536 2332 1593 2366 ipsa
1609 2333 1761 2367 processit:

970 2384 1005 2404 ex
1030 2377 1164 2409 secunda,
1191 2377 1316 2412 inquam,
1330 2378 1385 2405 Eva
1407 2378 1551 2412 Christus,
1579 2382 1707 2414 tanquam
1730 2387 1764 2406 cx

972 2423 1102 2457 quapiam
1115 2423 1194 2457 plena
1208 2422 1286 2454 luna,
1299 2423 1396 2455 Maria,
1414 2431 1475 2458 qua:
1491 2431 1634 2458 nunquam
1656 2424 1762 2451 minuta

971 2469 1025 2496 fuit
1036 2472 1084 2496 aut
1100 2468 1213 2501 defecit,
1228 2472 1276 2496 aut
1291 2469 1398 2504 privata
1418 2469 1470 2496 fuit
1490 2470 1630 2498 essentiali
1646 2471 1762 2503 lumine,

971 2524 1071 2551 nempe
1084 2524 1134 2543 sua
1149 2516 1321 2551 virginitate,
1341 2516 1453 2551 quando
1475 2517 1500 2544 ei
1523 2517 1686 2544 acclamavit
1706 2518 1763 2545 Λιις

971 2563 1050 2597 ge‘lus
1068 2571 1074 2588 :
1090 2562 1153 2593 Ave,
1165 2562 1255 2597 gratia
1275 2561 1385 2598 repleta,
1410 2568 1523 2597 propter
1535 2563 1620 2590 Eram
1642 2572 1703 2598 qua:
1721 2568 1763 2592 est

971 2609 1048 2640 luna,
1063 2616 1124 2643 quae
1142 2608 1195 2636 fuit
1209 2608 1282 2635 male
1303 2608 1397 2636 habita
1421 2614 1449 2637 et
1463 2614 1572 2643 vexata,
1599 2615 1628 2638 et
1646 2619 1707 2646 qua:
1729 2620 1763 2638 ex

971 2663 1022 2682 suo
1046 2655 1155 2682 del‘eelu
1182 2653 1400 2682 inobcdicntiam
1418 2655 1537 2690 fugerat,
1554 2661 1582 2683 et
1597 2664 1626 2683 se
1647 2657 1764 2684 abscon-

969 2701 1048 2728 derat
1061 2705 1089 2728 et
1103 2701 1236 2727 timuerat
1248 2708 1261 2727 ιι
1278 2701 1354 2736 ligno
1367 2701 1563 2728 inobcdicntia:
1573 2706 1764 2736 ettransgrcs-

968 2747 1077 2775 sionis:
1101 2747 1207 2778 Gratia,
1232 2747 1357 2782 inquam,
1383 2748 1484 2783 repleta
1508 2756 1522 2776 a
1548 2748 1611 2775 Sole
1626 2747 1761 2783 justitim.

968 2801 1068 2828 nempe
1081 2802 1096 2820 a
1113 2794 1179 2821 Deo.
1193 2793 1257 2822 Hmc
1272 2794 1398 2824 breviter
1412 2803 1426 2822 a
1437 2795 1518 2822 nobis
1532 2795 1605 2822 dicta
1624 2793 1762 2822 suﬁiciatzt

969 2842 1003 2869 de
1021 2842 1079 2869 sole
1090 2846 1117 2868 ct
1131 2842 1196 2869 luna
1212 2841 1240 2868 in
1253 2847 1355 2877 quarto
1373 2842 1430 2873 die,
1448 2840 1560 2876 quando
1582 2841 1651 2868 dixit
1666 2841 1759 2868 Deus:

1413 2932 1432 2947 "
1447 2931 1457 2957 l
1475 2930 1545 2957 Titii.
1564 2938 1592 2962 ιι,
1612 2929 1654 2956 Η.

1481 2981 1521 3010 ‘29

1159 2930 1180 2946 ‘°
1196 2931 1276 2958 J‘an.
1290 2941 1327 2964 In,
1347 2931 1372 2958 ὅ.
