1990 3183
265 207 313 237 907

266 262 342 290 I-‘iant
356 259 500 287 lztniiitrriu
523 260 549 284 in
565 257 736 292 ﬁrmamento
753 254 809 281 σαἸί
823 255 857 282 tul
880 254 1055 281 illuminatio-

266 311 422 338 itemterra’,
434 309 465 331 ut
478 304 622 338 separetin
636 302 727 329 nte-lio
739 301 793 328 dici
807 306 833 327 ct
849 301 939 328 medio
954 299 1053 330 noctis,

241 371 243 374 τ
264 358 293 381 et
307 353 335 380 in
358 351 449 378 medio
465 349 550 381 lucis,
571 354 599 376 et
617 349 644 376 in
671 348 763 375 medio
784 347 975 374 tenebrarum.
998 345 1056 372 lloc

266 403 377 431 quoque
393 393 632 428 considera,quod
644 391 970 419 convenientertiaturali
980 398 1056 417 crea-

266 446 392 468 tttrarum
406 438 626 473 eonsequctitize,
648 437 731 472 876
747 444 844 470 magna
862 435 1009 462 luminaria
1023 443 1054 462 ea

266 486 389 514 itoniinat
405 486 528 520 Moyses:
544 488 570 510 et
583 484 666 510 solent
681 483 792 517 quidem
808 481 917 516 proprie
934 481 1056 508 itontinat

266 539 405 566 magnum,
422 535 450 557 ut
473 529 519 563 qtti
540 537 555 555 a
573 536 601 554 se
622 529 725 558 lumen,
743 536 796 554 non
818 527 926 553 aliunde
944 526 1053 552 haheat.

265 579 372 606 Lunteu
387 581 479 604 attteni
502 583 557 602 non
582 575 631 606 sic,
649 579 678 601 ttt
698 582 758 609 qua:
782 574 871 600 lticettt
894 572 992 599 haheat
1009 580 1056 606 per

267 623 517 659 participationem,
533 630 587 648 noti
604 628 652 655 per
672 619 831 651 essentiam,
843 624 871 646 et
885 618 1056 645 illuttiittetitr

267 670 359 701 asole,
392 676 452 696 eam
486 669 564 702 cujus
586 671 628 694 est
655 667 793 701 particeps
818 665 1003 699 impertiente.
1023 665 1055 691 Ut

267 721 359 743 autem
383 716 464 750 paulo
478 715 600 741 crassius
614 721 670 740 retu
688 713 788 743 dicant,
805 713 907 739 dicitur
925 720 983 738 esse
1004 711 1056 737 du—

267 763 329 797 plex
345 770 406 797 qua:
427 761 537 796 proprie
552 766 592 788 est
610 761 636 787 in
654 760 733 787 nobis
748 760 788 786 vis
803 759 918 785 rationis
933 767 939 784 :
959 766 1056 792 nempe

266 813 293 836 et
310 817 323 836 a
341 817 394 843 qua
422 816 552 834 orttatttur
575 811 602 834 et
626 807 752 833 homines
770 813 831 832 esse
853 805 1055 838 cogttoseimur,

267 855 378 882 discreti
400 855 434 881 ab
452 853 638 880 anittiantibtis
664 851 779 886 reliquis
800 859 860 886 qtae
874 851 970 877 vivunt
988 850 1056 877 citra

267 902 412 932 rationem,
431 908 491 935 quae.
513 899 623 935 quidem
651 899 753 925 distant
771 906 804 924 ex
821 897 955 923 diametro
972 906 986 922 :t
1012 905 1056 922 ra-

265 947 342 974 tione
373 946 451 980 cujus
472 952 566 970 sttnitis
595 942 752 977 participes.
767 941 799 967 Et
817 941 841 967 id
874 939 947 974 quod
968 944 1009 966 est
1030 940 1056 966 in

266 992 349 1018 nobis
380 997 478 1024 expers
507 988 631 1019 rationis,
643 992 674 1014 iit
700 986 772 1021 quod
794 986 941 1020 aliquando
969 989 1059 1019 pateat

268 1037 381 1068 rationi,
395 1041 422 1062 et
435 1040 477 1062 est
493 1035 552 1070 ejus
570 1034 718 1068 particeps,
734 1037 762 1059 et
781 1032 815 1058 ab
827 1032 886 1066 ejus
909 1031 934 1057 vi
956 1030 1058 1057 illumi-

268 1089 360 1111 ttalur.
376 1083 411 1110 Ut
427 1082 491 1108 licet
506 1081 599 1107 videre
612 1087 645 1106 ex
662 1077 844 1106 incontiuettti
859 1077 1057 1106 continentem,

267 1135 296 1158 et
318 1139 351 1157 ex
371 1126 564 1162 intemperanti
590 1130 799 1160 temperantem,
816 1128 843 1151 et
865 1132 897 1150 ex
918 1122 1015 1150 audaci
1032 1127 1059 1148 et

269 1176 367 1204 timido
381 1183 444 1202 eum
459 1173 504 1208 qtii
519 1172 609 1207 magni
625 1171 708 1198 attittti
725 1175 847 1197 armatur
862 1169 973 1195 virtute.
987 1168 1060 1201 Quo—

269 1222 351 1249 modo
376 1228 441 1255 ει·ᾳο
457 1219 508 1246 hoc
527 1219 552 1245 iit
570 1217 650 1244 nobis
667 1216 767 1242 dicitur
782 1215 920 1248 particeps
935 1214 1057 1244 rationis,

268 1272 298 1295 et
323 1266 397 1302 quod
419 1269 461 1292 est
484 1263 595 1299 proprie
624 1262 736 1289 rationis
763 1260 908 1295 particeps,
931 1263 959 1286 et
987 1259 1059 1293 quod

267 1317 346 1341 caret
367 1312 474 1338 ratione
501 1317 599 1344 paretts
624 1308 743 1340 rationi;
766 1307 801 1334 ita
827 1305 937 1340 proprie
964 1313 1060 1339 magna

269 1363 336 1387 sunt
353 1357 511 1386 luminaria,
524 1360 551 1382 et
566 1355 606 1381 sol
623 1355 670 1388 qtti
688 1353 825 1380 illuminat
838 1360 885 1386 per
903 1351 1060 1380 essentiam,

270 1409 299 1433 et
316 1406 379 1432 lttna
398 1411 458 1438 qtae
475 1403 521 1429 dat
534 1402 626 1428 lumen
642 1407 690 1434 per
707 1398 946 1426 illuminatiouem.

307 1451 360 1479 Sed
378 1449 547 1477 redeundum
564 1452 605 1475 est
620 1447 653 1473 ad
674 1446 773 1473 serietn
788 1445 821 1471 ab
836 1444 914 1471 ittitio
934 1443 1061 1479 proposi-

271 1503 338 1529 tam,
355 1500 383 1522 et
395 1494 540 1522 dicendum
557 1492 642 1528 qttod,
659 1499 720 1518 cuni
734 1491 870 1525 Dcttsjam
888 1499 902 1516 a
916 1490 1005 1524 primo
1018 1489 1062 1515 die

272 1544 381 1571 fecisset
399 1542 486 1568 lucem
506 1548 554 1575 per
572 1547 610 1571 se,
630 1537 767 1573 separavit
788 1537 858 1564 ittter
875 1536 993 1562 medium
1009 1535 1062 1562 diei

271 1594 299 1616 et
315 1589 388 1616 inter
403 1580 646 1614 ιηυιὶίιιηιλιιῡριὶς.
659 1589 687 1611 et
709 1584 780 1610 inter
806 1583 926 1609 taedium
948 1581 1018 1609 lueis
1036 1585 1063 1607 et

274 1635 346 1661 ittter
361 1633 482 1661 ttiediuttt
503 1631 688 1659 tenebrarum.
708 1628 851 1663 Quomodo
866 1628 938 1655 ettint
957 1627 1063 1662 potuis-

274 1686 336 1708 sent
350 1680 402 1707 sub
422 1686 579 1706 mensuram
594 1677 692 1705 cadere
710 1676 895 1711 praecedentes
911 1679 965 1700 tres
985 1673 1062 1704 dies;

274 1731 322 1753 aut
335 1725 473 1761 quomodo
491 1724 624 1759 potuisset
638 1723 695 1750 lieri
711 1729 835 1756 vespera,
854 1725 881 1746 et
899 1720 956 1746 ﬁeri
973 1726 1063 1750 inane,

275 1773 327 1800 ttisi
342 1780 391 1807 per
407 1771 607 1806 separationem
620 1769 689 1796 lucis
706 1772 733 1794 et
749 1767 924 1794 tenebrarum
939 1766 950 1791 ?
966 1765 1066 1798 Quant-

274 1819 371 1846 obrem
387 1812 435 1852 per
449 1817 508 1844 lttrc
527 1815 684 1845 luminaria,
698 1813 821 1848 qutcdatit
837 1813 888 1839 alia
912 1811 1065 1846 spiritualia

276 1864 415 1900 mysteria,
435 1863 515 1889 docet
532 1869 582 1888 nos
597 1860 750 1894 Scriptura,
765 1866 856 1885 rerum
870 1857 1065 1892 corporalium.

278 1909 384 1936 Etenim
401 1907 479 1939 illud,
495 1906 555 1934 Sint
571 1907 598 1933 iu
610 1907 686 1941 signa
702 1905 763 1931 etin
779 1908 909 1939 tempora,
924 1908 947 1929 et
959 1903 985 1929 in
1002 1903 1065 1934 dies,

275 1961 301 1983 et
319 1956 345 1982 iu
360 1962 443 1981 annos
460 1962 469 1980 :
483 1961 538 1980 noti
560 1960 591 1979 ea
614 1951 681 1978 dicit
697 1946 769 1977 Deus
787 1950 881 1976 volens
894 1948 1067 1982 astrologiam

277 2000 375 2026 docere
399 1998 536 2028 homines,
554 2004 643 2030 neque
671 1996 698 2022 iit
730 1995 787 2022 sole
811 1999 836 2021 et
857 1995 921 2021 luna
943 1997 970 2019 et
987 1993 1069 2019 astris

279 2045 382 2072 habere
405 2051 480 2079 spem
502 2042 722 2078 gubernationis,
739 2046 768 2068 tit
780 2041 963 2074 desipientutn
979 2043 1069 2065 astro-

277 2091 401 2126 logorum
425 2090 535 2116 videtur
560 2089 674 2115 vanitati
686 2108 692 2116 .
709 2088 756 2114 sed
771 2095 820 2121 per
837 2087 894 2113 luce
908 2094 968 2120 qum
987 2092 1070 2119 appa-

280 2143 341 2166 rent
363 2138 509 2165 luminaria
525 2141 552 2164 et
565 2137 669 2167 stellas,
688 2135 821 2162 docemur
842 2133 918 2168 signa
939 2132 1070 2167 spiritua-

280 2187 326 2218 lia,
339 2190 366 2213 et
384 2190 517 2220 tetupora,
535 2189 563 2211 et
585 2190 683 2213 annos,
695 2186 723 2209 et
746 2181 867 2212 ordines,
884 2184 911 2206 ct
933 2179 1069 2213 guberna-

280 2232 395 2263 tionem,
409 2235 437 2258 et
464 2229 595 2265 mysteria
625 2226 864 2255 atlntirabilia.De
894 2225 948 2252 illis
978 2229 1069 2250 autent

280 2274 447 2305 dico‘mellis
456 2284 517 2311 qua:
533 2274 726 2302 illuminarunt
738 2277 766 2300 et
776 2272 803 2299 iit
815 2271 886 2299 viam
897 2270 1069 2298 deduxerunt

281 2332 365 2358 super
385 2328 486 2350 terram
502 2325 658 2349 sanctorum
675 2318 863 2354 apostolorum
883 2321 909 2344 et
922 2316 1070 2352 propheta-

281 2379 343 2398 rum
356 2375 384 2397 et
399 2370 544 2396 doctorum
572 2366 620 2401 qui
649 2365 840 2393 illttmittantur
856 2371 871 2390 a
903 2363 965 2390 Sole
986 2362 1069 2397 justi-

282 2418 336 2449 tite,
352 2422 380 2444 et
393 2417 490 2443 dicunt
505 2423 512 2440 :
530 2414 566 2440 De
586 2411 750 2447 plenitudine
771 2411 827 2445 ejus
840 2418 886 2437 nos
898 2417 987 2436 omnes
1001 2409 1070 2435 acci-

283 2464 368 2498 pimus
380 2462 413 2488 δ’.
427 2461 497 2494 Quid
518 2460 591 2487 enim
606 2463 667 2486 erat
681 2457 794 2485 omnino
810 2464 880 2491 opus
893 2455 979 2483 stellis
992 2455 1003 2481 ?
1017 2454 1072 2482 Cur

284 2514 374 2537 autent
387 2516 442 2535 non
459 2507 529 2534 facta
549 2510 590 2533 est
602 2505 667 2532 luna
681 2509 814 2539 perpetuo
828 2503 908 2538 plena
924 2506 952 2530 et
963 2506 1071 2529 noctem

285 2554 480 2583 illuminabat?
496 2552 568 2586 Quid
592 2556 684 2579 autem
702 2551 785 2579 etiam
807 2550 920 2585 juvatur
935 2551 1072 2577 creatura.

285 2600 359 2637 quod
379 2601 478 2628 attinet
496 2598 529 2626 ad
543 2598 676 2629 litteram,
692 2604 726 2624 ex
741 2601 803 2623 ortu
820 2599 848 2622 et
871 2593 1072 2621 instauratione

285 2652 313 2675 et
330 2647 440 2676 defectu
465 2645 560 2674 lunae?
577 2644 648 2678 Quid
667 2647 759 2670 autem
778 2641 848 2669 lucri
867 2640 933 2668 facit
952 2639 1075 2667 Ecclesia

285 2693 382 2721 videns
398 2700 458 2720 eam
475 2699 535 2727 quae
551 2690 654 2718 dicitur
667 2688 746 2719 Ursa,
764 2695 824 2722 quae
840 2693 979 2720 nunquam
1002 2685 1076 2712 occi-

286 2739 432 2773 ditiQuid
458 2739 541 2767 etiam
564 2735 703 2765 Pleiadem
733 2732 902 2761 unanimiter
931 2731 1076 2759 ducentem

286 2787 402 2814 chorum
415 2794 463 2814 sex
479 2784 620 2812 stellarum
634 2782 646 2808 ?
661 2781 727 2808 Alite
747 2787 856 2814 quoque
869 2783 934 2806 stitit
949 2778 1078 2805 innume-

287 2832 388 2860 ra'otles
406 2832 497 2866 ﬁgura:
517 2833 545 2857 et
563 2828 673 2856 nomina
695 2827 722 2853 in
748 2825 828 2852 astris
850 2823 1026 2855 ﬁrmamenti,
1045 2831 1078 2850 ex

323 2889 345 2902 “
362 2888 459 2914 Jtt:t.'i.l
494 2886 533 2911 iii.

288 2931 308 2955 t,
325 2923 369 2951 lt).

573 2884 595 2898 ““
607 2884 688 2911 Marc.
707 2890 725 2913 t,
743 2882 776 2908 lG
793 2888 870 2915 seqq.

860 201 891 230 S.
909 199 1108 231 ANASTASII
1137 200 1297 230 SINAITE

909 2880 929 2895 υ
943 2879 1039 2907 Matth.
1056 2887 1110 2911 χιε,
1135 2878 1177 2905 12.

1071 256 1090 282 Α
1107 254 1209 288 quibus
1226 255 1348 282 Ecclesia
1373 254 1442 281 nihil
1466 255 1580 281 docetur
1599 254 1741 289 spirittiale
1751 262 1785 281 ex
1797 263 1898 290 corpo-

1107 301 1157 327 rali
1184 308 1279 327 eorutn
1306 300 1430 334 posittira
1455 305 1483 326 et
1504 304 1590 326 motu.
1604 300 1631 326 Si
1653 301 1716 334 quis
1729 305 1822 327 autem
1841 300 1897 327 vim

1107 347 1191 373 habet
1216 351 1291 373 recte
1316 346 1499 381 cognoscendi
1523 354 1554 372 ac
1577 346 1748 379 dijudicandi
1764 367 1771 377 ,
1798 351 1898 380 estque

1105 392 1172 425 legis
1189 392 1289 418 divitiae
1301 393 1427 426 cognitor
1441 396 1468 417 et
1484 392 1579 423 lector,
1595 393 1666 426 legat
1682 392 1850 418 intrinsecus
1871 396 1899 417 et

1105 439 1277 465 extrinsecus
1295 438 1402 465 divitias
1420 437 1527 463 tabulas
1543 445 1556 463 a
1574 437 1628 463 Deo
1646 438 1773 472 striptas,
1792 443 1823 465 nt
1838 446 1900 471 qum

1105 485 1277 511 extrinsecus
1296 484 1407 518 quidem
1431 483 1622 517 intelligantur
1647 483 1798 510 secundum
1823 484 1898 510 litte-

1107 538 1163 557 ram
1176 551 1182 562 ,
1200 531 1366 557 intrinsecus
1383 534 1474 556 autem
1495 529 1646 556 secundum
1672 530 1809 563 spiritum.
1828 529 1900 556 Sunt

1108 580 1198 602 autem
1224 575 1283 602 dine
1305 583 1415 609 quoque
1437 574 1537 601 tabulzc
1559 574 1704 603 eti-lorum,
1720 582 1780 608 qua:
1800 574 1900 600 lltil‘tll-

1108 628 1188 647 sectis
1208 620 1320 654 quidem
1351 621 1443 646 t'crunt
1464 620 1569 646 ratione
1597 619 1726 653 praeditas
1745 619 1840 646 stellas
1870 623 1900 646 et

1107 667 1268 701 angelorum
1287 671 1314 693 et
1338 667 1526 701 angelicorum
1552 667 1748 700 mysteriorum
1762 674 1793 692 ac
1811 666 1885 692 ratio

1107 721 1184 744 ititnt,
1200 713 1374 740 extrinsecus
1396 717 1487 739 atttem
1515 712 1607 738 stellas
1632 720 1693 747 quae
1719 712 1823 738 cadunt
1846 711 1901 738 sub

1108 763 1271 793 aspectum:
1297 763 1324 785 et
1349 766 1443 784 earum
1472 757 1659 784 describeutcs
1680 758 1824 792 (enigmata
1849 765 1901 791 per

1108 812 1155 830 eas
1179 812 1240 838 quae
1268 808 1330 831 sunt
1355 804 1381 829 in
1399 803 1464 838 ipsis
1483 803 1593 837 ﬁguras,
1610 803 1724 836 locaque
1749 807 1776 828 et
1800 810 1900 829 cursus

1109 850 1291 880 ditl‘erentias,
1307 857 1357 876 nos
1371 849 1503 876 docentes
1517 848 1698 880 differentias,
1717 853 1744 875 et
1762 853 1900 882 tempora,

1109 902 1136 936 et
1154 898 1225 927 loca,
1245 901 1272 923 et
1291 905 1391 926 mores.
1411 893 1439 923 et
1458 904 1565 927 cursus,
1583 900 1609 922 ct
1629 895 1818 929 apparitiones
1837 903 1898 922 san»

1109 947 1215 969 etorttm
1231 942 1277 976 qui
1302 942 1450 968 illuxerunt
1475 942 1502 968 itt
1522 942 1695 968 ﬁrmamento
1717 940 1791 969 ﬁdei,
1805 941 1852 974 qui
1867 948 1901 967 ex

1109 988 1163 1014 alto
1180 995 1231 1014 nos
1256 987 1458 1014 illuminarunt.
1476 987 1628 1021 Propterea
1654 986 1713 1012 alite
1737 986 1848 1020 quidem
1867 994 1900 1012 ex

1110 1034 1207 1063 stellis,
1226 1039 1306 1060 nocte
1331 1033 1422 1060 adhuc
1448 1037 1590 1059 crescente
1609 1033 1731 1066 (errore,
1764 1032 1900 1065 inquath

1108 1080 1274 1106 exoriuntur
1289 1088 1294 1106 :
1314 1079 1468 1113 cujusmodi
1482 1079 1594 1106 fuerunt
1607 1078 1687 1108 Abel,
1704 1082 1731 1104 et
1750 1077 1857 1106 Ettocb,
1871 1081 1902 1103 et

1109 1127 1177 1157 Noe,
1203 1131 1229 1152 et
1256 1126 1404 1152 Abraham.
1420 1125 1486 1152 Alite
1510 1129 1601 1151 autem
1630 1131 1726 1150 rttrsus
1758 1123 1784 1150 in
1808 1122 1903 1149 medio

1110 1171 1178 1198 lttcis
1194 1176 1221 1198 et
1238 1171 1425 1202 tenebrarum,
1446 1171 1542 1205 quales
1561 1170 1690 1196 novimus
1707 1177 1755 1196 eos
1770 1169 1816 1203 qui
1840 1168 1904 1195 fue-

1110 1222 1174 1244 runt
1190 1217 1216 1243 iit
1232 1217 1300 1250 lege.
1319 1216 1384 1243 Aliae
1406 1220 1497 1242 atttem
1513 1222 1611 1241 rttrsns
1631 1214 1797 1248 procedente
1818 1217 1903 1239 nocte

1110 1268 1137 1290 ct
1153 1264 1196 1289 alio
1211 1262 1460 1297 appropinquante,
1478 1261 1524 1295 qui
1540 1264 1604 1287 sntit
1617 1259 1689 1286 beati
1710 1259 1861 1294 prophetae,
1875 1261 1905 1284 et

1113 1309 1244 1343 Baptista,
1260 1313 1287 1335 et
1301 1308 1417 1334 maxime,
1430 1307 1476 1341 qui
1493 1310 1571 1333 erant
1587 1305 1734 1340 propinqui
1759 1303 1904 1339 splendori

1111 1361 1188 1382 ortus
1205 1353 1322 1380 Domini.
1337 1353 1459 1385 Quorum
1478 1351 1590 1386 quidem
1613 1351 1812 1385 prophetarum
1835 1349 1905 1375 ulti-

1112 1409 1173 1427 mus
1187 1405 1214 1427 ct
1229 1400 1352 1427 omniuttt
1365 1399 1547 1428 clarissimus,
1560 1402 1688 1431 tanqnatn
1703 1395 1802 1423 lucifer
1813 1399 1906 1422 matu—

1113 1447 1196 1477 tittus,
1213 1445 1279 1472 solis
1290 1451 1398 1478 ttictnpe
1413 1442 1526 1475 Christi;
1540 1447 1694 1475 prtecursor
1706 1440 1824 1467 Joannes
1835 1459 1842 1470 ,
1858 1439 1906 1464 di-

1113 1500 1198 1519 cens:
1215 1491 1280 1518 Ecce
1301 1494 1356 1524 post
1373 1498 1413 1516 me
1428 1489 1518 1516 oritur
1537 1487 1640 1514 mttndo
1654 1486 1817 1520 soljustitiae
1835 1495 1840 1512 :
1855 1484 1906 1519 qui

1115 1546 1177 1565 etitit
1197 1541 1269 1564 esset
1282 1541 1395 1563 exortus
1408 1540 1436 1563 et
1450 1542 1578 1569 egressus
1591 1542 1622 1561 ex
1635 1534 1714 1567 aquis
1729 1532 1905 1562 .lordanis”,

1077 1600 1098 1627 ο
1116 1583 1238 1610 diltteulo
1264 1582 1385 1609 ostendit
1406 1581 1552 1608 duodecim
1569 1580 1668 1606 domus
1690 1577 1905 1612 discipulorum,

1115 1629 1162 1663 qui
1179 1633 1244 1655 suttt
1258 1628 1343 1654 stella:
1353 1635 1413 1661 qua:
1426 1626 1568 1653 continent
1579 1629 1607 1652 et
1622 1624 1800 1650 dontittantur
1814 1622 1907 1649 omni—

1115 1675 1168 1702 bus
1194 1674 1283 1701 stellis
1307 1673 1489 1703 ﬁrmamenti,
1510 1678 1608 1705 nempe
1630 1670 1768 1697 Ecelesizc.
1782 1668 1861 1700 Quod
1877 1667 1901 1693 si

1117 1721 1157 1746 vis
1173 1719 1271 1746 melius
1285 1719 1392 1745 discere
1410 1717 1501 1752 aliqua
1518 1716 1601 1743 etiam
1622 1714 1733 1742 nomina
1751 1714 1835 1748 hujus
1856 1712 1906 1746 qui

1116 1770 1176 1793 erat
1191 1765 1339 1800 aliquando
1355 1763 1490 1791 Zodiacus
1506 1762 1627 1789 circulus
1642 1760 1770 1787 Ecclesite
1783 1779 1789 1791 ,
1805 1764 1908 1792 nempe

1116 1812 1263 1840 duodecim
1288 1811 1429 1838 stellarum
1454 1808 1678 1843 apostolicaruttt,
1695 1805 1841 1832 considera
1861 1804 1908 1830 ﬁr—

1118 1858 1249 1886 mamenti
1264 1856 1410 1883 duodecim
1429 1854 1639 1889 appellationes.
1653 1853 1698 1880 lla:
1713 1856 1804 1878 autent
1817 1853 1883 1877 sunt
1897 1857 1904 1873 :

1118 1906 1212 1939 Virgo,
1225 1904 1374 1937 Hesperus,
1386 1902 1466 1936 Lyra,
1478 1899 1598 1931 Gemini,
1607 1899 1672 1931 Leo,
1685 1898 1803 1927 Taurus,
1816 1896 1908 1925 Aries,

1120 1950 1296 1984 Sagittarius,
1317 1947 1462 1982 Aquarius.
1493 1946 1596 1977 Pisces,
1621 1943 1762 1978 Scorpius,
1788 1941 1908 1971 Cancer,

1119 2001 1147 2024 et
1163 1997 1216 2023 alia
1242 1995 1372 2030 plitrinta.
1391 1993 1443 2020 Sed
1463 2000 1495 2019 ea
1512 1991 1623 2026 quidem
1643 1990 1767 2016 fabulose
1791 1993 1818 2015 et
1840 1987 1911 2014 falso

1120 2047 1184 2070 sunt
1209 2041 1366 2076 appellata,
1394 2040 1421 2066 itt
1456 2039 1627 2064 ﬁrmamento
1661 2040 1752 2062 autem
1778 2032 1911 2060 ECClt-Sltt‘

1121 2088 1302 2123 spiritualiter
1325 2091 1352 2112 et
1373 2093 1481 2118 semper
1504 2083 1608 2110 lucent.
1626 2081 1714 2108 liabet
1730 2080 1803 2107 enittt
1821 2079 1913 2113 Virgi-

1121 2142 1183 2161 itettt
1207 2134 1313 2160 stellam
1345 2131 1468 2158 Ecclesia
1499 2129 1650 2159 luminare,
1667 2134 1765 2160 nempe
1788 2130 1912 2151 sanctam

1123 2180 1286 2215 Virginem,
1312 2182 1340 2205 et
1361 2185 1408 2204 eos
1432 2177 1478 2211 qui
1504 2176 1601 2210 seipse:
1629 2177 1781 2200 castrorum
1805 2175 1914 2206 prapter

1125 2234 1232 2261 regnum
1250 2223 1411 2252 cwlorum“.
1423 2219 1779 2256 Exquibusl‘uerutttctiattt
1790 2217 1915 2251 quinque

1123 2274 1176 2301 illa:
1189 2272 1309 2307 virgines
1324 2279 1385 2305 qua:
1394 2269 1482 2296 media
1492 2272 1573 2295 nocte
1583 2271 1712 2300 tanquam
1723 2264 1808 2291 stella:
1819 2265 1914 2290 lumen

1124 2318 1282 2354 lampadum
1321 2314 1517 2343 accenderunt.
1545 2312 1634 2339 liabet
1672 2310 1756 2338 etiam
1790 2309 1916 2336 Ecclesia

1124 2364 1254 2393 Geminos
1281 2361 1399 2394 stellam,
1414 2360 1559 2390 Thomam,
1573 2357 1620 2393 qui
1648 2356 1751 2384 dicitur
1771 2354 1915 2381 Geminus.

1126 2410 1213 2438 Habet
1234 2409 1366 2440 Leonem,
1380 2413 1480 2441 nempe
1500 2405 1614 2432 Lucam.
1635 2403 1702 2430 Nam
1728 2405 1757 2428 et
1775 2400 1830 2428 Leo
1848 2407 1918 2428 cott-

1126 2462 1236 2492 spcctus
1260 2460 1302 2482 est.
1329 2454 1357 2480 in
1375 2452 1521 2487 Set-aptum
1535 2451 1569 2483 ⁸⁵,
1583 2447 1808 2484 quandoquidem
1823 2445 1858 2473 ad
1874 2446 1919 2472 vi-

1127 2511 1189 2530 rum
1219 2501 1354 2536 optimum
1384 2498 1497 2533 scripsit
1509 2494 1799 2530 EvangeliumJ’orro
1824 2494 1921 2519 autent

1126 2549 1195 2577 alios
1221 2554 1332 2583 quoque
1363 2545 1446 2573 habet
1470 2544 1575 2575 leones,
1589 2549 1658 2576 quos
1670 2539 1777 2575 peperit
1791 2537 1922 2566 Christus

1129 2596 1201 2623 sicut
1215 2593 1324 2621 catulus
1347 2591 1435 2619 leonis
1451 2589 1533 2620 Juda,
1551 2588 1598 2623 qui
1615 2587 1727 2622 quidem
1747 2585 1920 2619 imperarunt

1129 2646 1157 2669 et
1172 2647 1288 2676 regnum
1306 2637 1489 2666 obtinuerunt
1506 2635 1534 2662 iu
1548 2634 1622 2663 feras
1637 2630 1788 2667 aliquando
1801 2629 1921 2659 belluas,

1131 2694 1230 2721 nempe
1252 2689 1359 2720 gentes.
1378 2681 1556 2718 Congregatio
1573 2679 1648 2708 enim
1666 2678 1765 2705 horum
1782 2681 1924 2703 tauromm

1130 2735 1158 2760 in
1174 2729 1534 2768 jnvencis“Eeelesiarum.
1562 2726 1616 2754 Sed
1638 2729 1666 2752 et
1692 2724 1814 2751 Marcum
1840 2721 1925 2748 habet

1132 2779 1179 2814 qui
1207 2783 1338 2812 tanquam
1354 2776 1405 2802 bos
1429 2773 1557 2809 apparuit
1575 2773 1602 2799 in
1618 2770 1731 2799 animali
1753 2777 1800 2796 sex
1819 2774 1926 2802 penna-

1132 2813 1194 2849 rum
1207 2822 1240 2853 “1,
1257 2820 1387 2861 quoniam
1405 2827 1421 2846 a
1442 2817 1586 2846 sacriﬁciis
1604 2815 1717 2850 incozpit
1733 2813 1927 2847 Evangelium.

1217 2878 1238 2893 ⁸⁵
1255 2877 1355 2904 Ezeclt.
1369 2885 1386 2907 t,
1406 2875 1446 2902 i0.
1487 2875 1508 2890 τε
1520 2874 1580 2901 Psal
1609 2880 1690 2904 th'ti.
1707 2872 1749 2900 5i.
1787 2869 1809 2886 ⁸⁷
1822 2867 1929 2895 Elech.

1075 926 1093 954 Il

1087 2268 1107 2294 D
