1977 3228
111 213 163 245 9'39

658 208 698 238 ΙΝ
718 208 994 237 HEXAEMERUN.
1012 219 1046 223 -·
1063 206 1136 237 LIB.
1159 206 1205 237 iV.

1690 198 1744 231 910

113 267 201 295 Habet
218 271 245 293 et
260 265 369 293 Arietcs
383 265 430 299 qui
446 271 539 291 semen
558 263 634 290 verbi
652 263 725 298 gregi
736 264 852 299 jaciunt,
869 262 902 288 de
920 265 929 292 Α

971 280 1002 298 ur
1021 276 1149 306 tanquam
1169 269 1285 297 solitarii
1301 268 1428 295 monachi
1446 276 1452 300 ;
1468 271 1508 299 ut,
1520 266 1568 301 qui
1579 274 1613 293 ex
1629 272 1746 292 numero

113 313 214 348 quibus
228 311 333 339 dictmn
352 315 391 337 est
405 319 411 336 :
427 311 522 345 Aﬁerte
535 309 647 336 Domina
661 309 731 342 ﬁlios
745 309 858 335 arietum
869 309 902 334 δ”.

115 359 201 385 liabet
230 356 410 391 SagittariOs.
437 363 485 382 eos
512 355 560 389 qui
591 359 712 389 praesunt
744 354 846 388 populo
877 357 905 380 et

114 403 233 429 clamant
250 401 284 428 ad
312 401 474 428 hominum:
490 399 540 431 Qui
552 400 625 426 docet
651 407 745 425 manus
771 406 843 425 mea:
870 397 905 424 ad

114 449 221 480 bellum,
233 453 258 475 et
275 448 384 483 posuisti
402 451 430 473 ut
450 455 541 473 arcum
557 454 659 473 wneum
675 445 781 472 brachia
799 453 858 471 mea
871 444 903 470 ".

150 495 238 522 Habet
266 494 349 522 etiam
376 494 469 520 stellas
495 493 588 520 Pisces
614 493 666 518 hoc
691 492 905 521 ﬁrmamentum,

115 550 170 577 quo
188 540 286 575 piscati
313 544 378 566 sunt
402 539 500 566 Petrus
526 544 553 564 et
580 538 701 565 Jacobus
724 542 750 565 ct
776 537 906 566 Joannes.

115 589 279 624 piscatores.
303 586 392 613 liabet
416 585 498 612 etiam
528 584 626 619 Lyram
643 604 650 615 ,
669 583 906 618 sapientissimum

116 634 241 661 Paulum.
271 633 359 660 liabet
379 632 462 658 etiam
487 631 634 661 Cancrum,
654 636 750 656 rursus
776 629 906 655 Petrum:

116 679 220 714 duplici
241 678 315 705 enitn
329 685 423 713 gressu
445 677 473 703 in
491 684 524 703 eo
540 675 691 702 ambulavit
713 674 752 701 soi
770 673 817 708 qui
834 673 909 700 cadit

117 726 167 753 sub
185 724 395 759 intelligentiam
411 732 417 749 :
434 730 533 757 nempe
557 726 620 749 ante
634 725 663 748 et.
688 725 773 748 retro.
796 720 849 746 Per
865 719 908 754 ip—

118 777 177 797 sum
193 769 268 796 enim
285 767 447 803 tulguravit,
461 772 489 794 et
507 767 532 793 in
546 767 579 794 iis
598 766 646 800 qui
671 768 846 796 erantante,
861 764 908 798 qui

117 816 230 851 quidem
254 819 334 842 erant
353 822 385 841 ex
404 813 515 844 Judaeis,
532 817 560 839 et
575 813 601 838 in
622 812 656 839 iis
675 812 722 846 qui
743 814 822 837 erant
845 813 909 836 alite

117 863 164 896 qui
183 868 280 888 sumus
311 868 362 887 nos
379 869 385 885 ε
401 859 497 886 ambos
524 858 598 884 enim
622 857 706 884 traxit
729 857 840 886 Petrus,
860 855 909 882 ltus

117 908 231 942 quidem
247 906 343 941 signis,
358 906 421 932 illos
437 904 666 932 verodoctrinis.

153 951 243 979 Habet
256 952 339 978 etiam
353 957 457 985 septem
473 950 608 984 planetas.
620 956 718 982 nempe
734 952 838 982 septem
850 946 910 972 dia-

120 1006 214 1029 conus,
228 998 274 1033 qui
296 997 437 1024 contrario
451 996 574 1030 ingressu
587 995 781 1030 ingrediuntur
799 994 914 1020 aliorum

123 1044 300 1071 revolutioni.
319 1043 339 1070 li
358 1043 432 1070 enim
449 1043 475 1069 iu
492 1042 609 1069 ciltando
634 1040 837 1067 multitudinem
854 1048 915 1074 qu:e

121 1090 153 1116 ab
169 1090 234 1117 aliis
247 1089 411 1117 docebatur.
427 1097 460 1115 ne
471 1089 581 1116 caderet
595 1092 709 1122 propter
721 1086 914 1113 necessitatem

121 1137 267 1171 corporis,
293 1135 490 1162 suli‘ulcirhant
510 1135 624 1161 verbutn
641 1133 715 1168 qttod
737 1133 856 1159 dabatur
880 1131 916 1158 ab

120 1181 190 1209 aliis.
222 1181 309 1208 liabet
328 1185 356 1207 et
376 1181 506 1207 Perseum
533 1179 756 1213 stellam,quem
782 1177 857 1204 voles
882 1184 916 1203 ex

120 1227 201 1262 Magis
236 1226 414 1254 venientibus
443 1233 476 1251 es
504 1224 617 1252 Perside
640 1225 667 1250 in
698 1223 839 1250 Bethleem
868 1229 917 1256 per

119 1275 241 1306 stellam,
258 1273 291 1300 ad
317 1272 403 1300 solem
419 1271 466 1306 qui
490 1271 564 1298 cadit
581 1271 634 1297 sub
653 1269 862 1304 intelligentiam
890 1272 918 1296 et

120 1319 313 1347 absconditur.
328 1318 416 1345 liabet
428 1322 455 1344 et
465 1316 601 1351 Aquarius
614 1316 647 1342 ad
658 1323 727 1349 quos
738 1314 843 1341 dictum
857 1320 916 1341 est:

123 1366 205 1393 Fluvii
220 1373 254 1392 e1:
268 1369 358 1392 ventre
371 1365 426 1399 ejus
435 1365 517 1398 ﬂuent
529 1361 717 1396 aquarium”.
735 1360 822 1387 liabet
833 1360 916 1386 etiam

125 1412 273 1446 Hesperos,
288 1410 335 1445 qui
354 1410 441 1436 exorti
455 1413 520 1436 sunt
537 1409 609 1435 circa
622 1407 718 1434 horam
732 1406 918 1433 undecimam.

157 1459 215 1485 Non
232 1457 323 1485 solum
340 1460 430 1483 autem
453 1454 663 1489 appellationes,
681 1453 728 1480 sed
753 1452 836 1479 etiam
854 1452 919 1486 ipsae

126 1504 215 1539 figurae
233 1508 264 1530 et
280 1502 386 1536 species
399 1501 540 1528 stellarum
562 1508 612 1526 nos
633 1498 769 1526 reducunt
783 1498 818 1524 ad
835 1497 919 1531 spiri-

127 1550 213 1576 tuales
244 1548 376 1575 notiones
392 1551 420 1572 et
438 1545 697 1580 contemplationes.
714 1544 862 1578 Propterea
886 1550 919 1569 ex

127 1595 158 1622 iis
175 1595 235 1622 alia:
247 1593 361 1628 quidem
378 1593 446 1619 lana:
459 1596 525 1618 sunt
542 1596 672 1625 tanquatn
687 1589 872 1621 subridentes,
889 1594 920 1616 ut

930 959 948 985 ii

956 317 1129 344 duodenario
1151 315 1367 351 proficiscuntur
1385 313 1417 340 ad
1433 312 1666 348 praedicationem,
1682 318 1746 338 con-

956 363 1102 390 venienter
1116 362 1140 389 ei
1153 362 1199 396 qui
1215 361 1282 388 dicit
1295 370 1301 386 :
1315 358 1496 396 Singularitcr
1510 366 1556 393 ego
1566 358 1646 384 donec
1656 362 1748 383 tram—

956 416 1015 434 eam
1031 408 1054 423 ⁷³
1071 417 1077 434 :
1095 412 1124 434 et
1142 412 1172 434 ut
1190 407 1208 434 ii
1231 407 1277 442 qui
1296 406 1347 434 soli
1365 407 1449 432 vitam
1469 408 1599 432 exercent
1619 402 1748 429 monasti-

957 462 1016 480 cam
1033 453 1061 480 in
1077 452 1195 488 rupibus
1220 453 1246 479 in
1274 452 1375 487 quibus
1402 459 1455 478 non
1476 450 1557 485 8'77
1571 448 1748 479 suntfontes,

958 500 1082 527 dicentes
1096 508 1101 525 :
1116 498 1295 533 Siugulariter
1313 499 1339 524 in
1360 505 1405 532 spe
1419 496 1578 523 constituiin
1594 502 1634 521 me
1649 495 1682 520 ⁷³.
1697 493 1749 520 Alii

957 550 1049 572 autent
1066 545 1147 572 simul
1162 545 1217 572 bini
1231 551 1278 572 aut
1297 545 1368 571 terni
1386 552 1392 576 ;
1408 548 1448 574 ut,
1463 543 1511 578 qui
1525 550 1558 569 ex
1576 539 1749 576 septuaginta

959 592 1066 619 duobus
1080 591 1337 626 proficiscebantur,
1355 595 1402 616 aut
1418 590 1502 616 etiam
1522 588 1570 622 qui
1595 587 1650 613 duo
1669 586 1749 613 simul

959 635 1160 664 exercebantur
1172 637 1206 664 ad
1226 636 1375 664 certamina
1393 633 1510 662 ascetica
1531 641 1578 660 seu
1601 631 1750 659 monastica

959 689 1023 709 cum
1038 681 1192 708 attdiisseut
1204 687 1267 707 eum
1280 681 1326 715 qui
1344 679 1452 707 dicebat
1469 689 1474 705 :
1493 678 1540 705 Ubi
1559 682 1620 704 sunt
1637 677 1689 703 duo
1704 680 1752 702 aut

960 732 1012 753 tres
1030 728 1182 762 congregati
1201 726 1227 753 in
1254 727 1358 753 nomine
1377 734 1444 757 meo,
1458 725 1513 751 illic
1533 733 1591 750 sum
1617 724 1644 750 in
1670 723 1754 748 medio

959 781 1051 799 eorum
1067 774 1100 800 "'.
1115 773 1181 800 Aliae
1200 771 1392 807 ingrediuntur
1412 771 1498 798 instar
1520 770 1596 796 chori
1611 773 1657 795 aut
1673 776 1754 795 coro-

961 827 1013 850 nat,
1029 819 1183 854 cujusmodi
1202 822 1266 844 sunt
1279 818 1325 852 qui
1341 817 1434 844 dicunt
1455 825 1461 842 :
1481 815 1546 842 Ecca:
1562 823 1641 850 quam
1659 814 1755 840 bonum

961 870 985 891 et
1015 873 1094 900 quam
1114 864 1263 899 jucundum
1278 864 1398 890 habitare
1414 863 1509 897 fratres
1528 862 1555 888 in
1570 869 1649 886 unum
1662 860 1684 875 "
1699 860 1705 886 l
1723 860 1755 886 Et

960 911 1019 938 aliae
1046 911 1158 946 quidem
1185 910 1333 945 perfectae,
1360 917 1421 943 qua:
1447 908 1559 943 quidem
1584 911 1649 934 sunt
1678 906 1756 932 valde

965 957 1223 989 lucidac,tcnentes
1249 957 1339 983 locum
1367 955 1511 982 doctorum
1534 958 1561 980 et
1596 952 1755 988 pontiﬁcum

967 1003 1012 1038 qui
1031 1003 1127 1029 dicunt
1141 1011 1147 1028 :
1167 1002 1232 1028 Ecce
1246 1010 1293 1036 ego
1309 1006 1331 1027 et
1342 1001 1417 1036 pueri
1432 1009 1495 1034 quos
1511 999 1581 1026 dedit
1596 997 1756 1025 miltiDomi<

967 1049 1076 1075 nus":
1101 1047 1255 1082 cuiusmodi
1284 1047 1336 1074 fuit
1364 1046 1477 1077 Paulus,
1503 1045 1550 1079 qui
1586 1052 1649 1071 cum
1673 1051 1757 1078 supra

968 1103 1063 1122 omnes
1089 1099 1163 1122 esset
1183 1094 1271 1128 prima
1288 1098 1315 1120 et
1335 1093 1452 1120 maxima
1467 1093 1556 1122 stella,
1575 1091 1675 1118 haheat
1689 1097 1757 1116 cott-

967 1146 1116 1176 sequentes
1140 1141 1225 1167 veluti
1246 1140 1378 1175 quasdam
1404 1139 1502 1166 breves
1517 1159 1523 1170 ,
1541 1137 1715 1165 Timotheum
1730 1140 1758 1162 et

967 1186 1050 1213 Silam
1063 1192 1091 1214 et
1104 1187 1255 1213 Barnabam
1271 1191 1299 1214 et
1312 1186 1423 1218 Lucam,
1439 1185 1497 1220 qui,
1512 1193 1566 1211 non
1584 1183 1670 1210 multo
1685 1187 1756 1218 post,

967 1239 1000 1259 ex
1014 1232 1163 1266 discipulo,
1178 1232 1312 1267 magistro
1328 1232 1416 1259 tactus
1437 1235 1477 1258 est
1494 1230 1635 1257 confessor
1653 1238 1659 1255 :
1676 1233 1714 1259 et,
1735 1227 1756 1254 si

968 1285 1021 1305 non
1036 1279 1133 1305 falsum
1149 1278 1218 1305 dixit
1238 1279 1285 1313 qui
1307 1278 1385 1309 dicit,
1411 1276 1515 1311 Sufﬁcit
1538 1275 1665 1311 discipulo
1682 1275 1704 1301 si
1725 1275 1758 1300 sit

967 1323 1033 1350 sicut
1048 1325 1176 1358 umgistcr
1187 1324 1220 1354 ",
1233 1331 1287 1350 non
1301 1323 1353 1350 fuit
1365 1323 1454 1350 minor
1468 1322 1553 1349 Paulo
1567 1331 1573 1348 :
1589 1321 1671 1348 simul
1684 1320 1757 1347 enim

966 1370 1092 1397 considet
1117 1378 1178 1397 cum
1197 1370 1290 1397 Paulo.
1321 1369 1388 1397 Aliae
1418 1373 1510 1396 autem
1538 1375 1634 1395 rursus
1665 1372 1760 1394 tenent

969 1412 1083 1448 ﬁguram
1115 1413 1217 1445 crucis,
1231 1421 1264 1440 ex
1284 1413 1387 1448 quibus
1406 1418 1466 1439 erat
1494 1413 1540 1447 qui
1564 1411 1691 1439 dicebat:
1709 1410 1760 1444 Qui

967 1466 1044 1485 suam
1076 1467 1182 1485 carnem
1201 1459 1389 1492 cruci/ixcnmt
1411 1467 1470 1485 cum
1497 1459 1566 1486 vitiis
1595 1463 1617 1484 et
1637 1458 1760 1492 concupi-

969 1505 1075 1530 scentiis
1090 1504 1125 1530 ".
1141 1504 1209 1531 Alite
1225 1511 1337 1539 quoque
1355 1504 1470 1539 geminae
1483 1504 1615 1530 incedunt
1627 1508 1654 1530 ct
1666 1503 1760 1538 conju-

969 1554 1048 1584 gata.
1064 1550 1154 1584 ipsum
1186 1554 1316 1584 tanquam
1338 1548 1441 1576 Christi
1465 1550 1563 1584 jugum
1591 1548 1722 1580 ferentes,
1733 1553 1762 1574 et

970 1596 1061 1623 anima
1081 1600 1109 1623 et
1131 1603 1247 1631 corpore
1270 1596 1359 1631 ipsum
1387 1595 1544 1627 trahentes,
1559 1600 1689 1630 tauquam
1706 1594 1763 1621 duo

127 1642 148 1669 i5
164 1642 208 1676 qui
223 1641 295 1668 dic“-
310 1649 316 1666 ε
332 1639 440 1674 εειηρθτ
459 1639 571 1674 gaudete
587 1640 613 1665 ἱιι
629 1638 752 1669 Domino.
768 1638 824 1664 εἰπε
835 1638 918 1664 ἱηιεν-
933 1629 954 1658 c
971 1642 1043 1668 oeuli
1057 1629 1191 1669 lucentes.
1207 1629 1287 1670 Unde
1304 1646 1332 1669 et
1348 1645 1497 1669 moventur
1509 1644 1536 1667 ct
1548 1629 1665 1668 currunt
1678 1639 1762 1667 stellai

128 1688 247 1714 missione
261 1691 334 1713 orate
352 1686 374 1700 “
391 1694 398 1711 :
415 1685 474 1712 aliae
490 1692 556 1712 vero
570 1689 674 1711 mutatae
689 1688 716 1710 et
735 1683 838 1715 tristes,
855 1688 883 1710 ut
901 1683 920 1710 ii

127 1733 172 1768 qui
193 1733 346 1760 audierunt
371 1726 439 1758 cum‘
453 1730 500 1765 qui
518 1730 586 1757 dixit
604 1739 610 1756 :
628 1729 704 1756 Beati
723 1729 767 1764 qui
781 1729 871 1764 lugent
886 1729 919 1754 "'.

127 1780 193 1806 Aliae
218 1786 317 1805 rursus
335 1778 409 1804 diem
427 1777 526 1803 festum
543 1776 726 1807 celebrantes.
742 1780 771 1802 ut
782 1775 799 1802 ii
813 1775 859 1810 qui
871 1782 921 1810 pro

127 1825 237 1853 Christo
265 1829 331 1851 sunt
353 1824 474 1854 accensi,
493 1827 521 1850 et
539 1823 637 1849 dicttut
655 1832 662 1848 ;
680 1822 859 1848 Transiuimus
875 1829 922 1856 per

128 1870 211 1904 ignem
220 1873 244 1896 et
262 1868 398 1903 aquom”.
408 1868 442 1894 Et
450 1867 510 1894 alia:
519 1875 608 1898 acres,
616 1874 699 1894 cursu
707 1865 920 1897 contendentes,

130 1921 158 1942 ut
173 1917 218 1942 ille
229 1915 280 1950 qui
296 1915 331 1942 ab
341 1914 492 1942 JerUSalem
506 1914 613 1940 transiit
623 1921 709 1947 usque
721 1913 755 1939 ad
771 1912 921 1948 Illyricum,

130 1966 157 1988 et
173 1969 236 1988 cum
252 1960 312 1988 illic
335 1968 398 1987 cum
418 1967 469 1986 suo
485 1959 602 1993 conjuge
622 1959 704 1986 Petro
717 1958 874 1988 occidisset.
894 1957 921 1984 in

130 2015 227 2035 occasu
242 2006 324 2034 ambo
339 2005 518 2033 Occidentem
531 2005 697 2031 illuminant.
710 2003 787 2031 Unde
798 2004 923 2030 videmus

131 2054 200 2081 alias
225 2053 342 2088 quidctu
367 2060 401 2079 ex
428 2051 516 2078 stellis
545 2052 641 2078 lucere
657 2050 690 2077 ad
714 2050 840 2081 Boream,
855 2049 923 2076 alias

129 2107 195 2126 vero
216 2099 250 2126 ad
275 2099 418 2128 Austrum,
435 2097 504 2124 alias
527 2101 620 2123 autem
632 2095 665 2123 ad
681 2096 788 2127 Ursam,
801 2099 829 2122 et
856 2095 923 2121 alias

131 2145 156 2172 in
174 2146 244 2172 locis
265 2144 384 2171 diversis
400 2143 478 2172 oriri.
492 2151 553 2177 qua:
570 2142 719 2169 iiluxerunt
741 2141 767 2168 in
784 2145 840 2168 toto
855 2141 923 2168 orbe

131 2196 288 2221 terrarum,
307 2189 495 2224 significantes
520 2188 667 2214 luminaria
699 2187 836 2214 Ecclesiae.
856 2186 923 2213 Nam

130 2245 178 2266 cur
201 2245 257 2264 uott
285 2236 314 2262 in
338 2235 412 2261 omni
439 2239 563 2268 tempore
588 2233 701 2263 aestivae.
726 2240 787 2267 quae
811 2232 923 2267 quidem

131 2289 194 2317 Sunt
226 2283 245 2310 ii
275 2282 323 2317 qui
356 2286 430 2308 recte
463 2285 609 2314 portarunt
636 2279 744 2314 pondus
772 2282 798 2305 et
825 2283 922 2305 aestum

130 2329 323 2360 altlictionum,
335 2332 363 2355 et
377 2326 469 2354 carnis
481 2326 619 2357 ardorem,
633 2325 718 2352 fortes
732 2324 844 2360 quidem
859 2327 924 2352 sunt

131 2375 203 2402 beati
233 2374 365 2410 apostoli,
384 2377 414 2401 et
443 2372 490 2408 qui
520 2372 601 2399 simul
627 2371 681 2399 orti
702 2375 766 2399 sunt
781 2379 843 2398 cum
857 2371 925 2405 ipsis

130 2421 274 2457 dis‘cipuli.
295 2421 360 2448 Aliae
374 2425 466 2447 autem
479 2426 576 2446 rursus
588 2426 621 2445 ex
634 2418 722 2445 stellis
732 2422 795 2445 sunt
808 2426 814 2444 :
830 2417 923 2445 lucent

130 2476 228 2496 omnes
251 2467 357 2499 stellae,
382 2465 429 2493 sed
458 2466 519 2492 alia:
545 2464 658 2499 quidem
683 2464 815 2492 oriuntur
838 2471 924 2490 verno

133 2518 258 2548 tempore
282 2512 374 2539 statim
400 2514 463 2547 post.
478 2510 581 2538 Christi
605 2510 859 2541 resurrectionem,
877 2509 925 2543 qui

133 2562 173 2585 ter
198 2559 406 2589 sustinuerunt,
433 2562 461 2584 et
483 2557 639 2583 mercedem
668 2559 882 2590 exspectarunt,
898 2560 928 2582 ut

133 2604 256 2638 operarii
268 2604 366 2631 messis
382 2603 501 2631 Domini.
517 2603 588 2630 Sunt
601 2602 684 2629 etiam
702 2601 828 2636 quaedam
841 2601 928 2628 stellae

135 2647 283 2681 hiemales,
294 2657 354 2684 quae
364 2649 476 2684 quidem
487 2653 551 2676 sunt
561 2653 707 2684 martyres,
717 2648 765 2682 qui
776 2647 928 2674 illuxerunt

135 2691 161 2720 in
172 2694 264 2722 media
275 2694 365 2722 hieme
377 2694 550 2723 idololatriae.
559 2694 637 2727 Quod
649 2693 670 2720 si
681 2693 764 2721 etiam
777 2693 926 2721 dicendum

136 2742 178 2767 est
192 2740 228 2767 de
243 2747 344 2767 earum
362 2741 500 2775 positura,
512 2747 547 2767 ne
558 2747 590 2766 ea
603 2739 716 2774 quidem
725 2743 766 2766 est
776 2739 928 2774 impropria

136 2788 164 2812 et
173 2784 233 2813 sine
246 2786 389 2821 mysterio.
401 2785 470 2813 Nam
483 2785 542 2812 alite
553 2784 665 2819 quidem
677 2793 711 2813 ex
723 2785 756 2812 iis
770 2785 929 2820 ingrediun-

171 2853 194 2870 ⁸⁸
207 2854 280 2882 Psal.
296 2862 387 2886 xxvnt,
407 2855 432 2880 1.

141 2886 181 2914 12-
221 2889 319 2916 “Psal
347 2889 464 2918 ext.t0.

142 2922 184 2950 13.
220 2924 244 2939 ⁷⁸
257 2923 354 2951 Matth.
386 2933 412 2956 x,
438 2924 483 2950 25.

471 2854 494 2870 "
506 2854 577 2881 Psal.
597 2862 660 2884 xvn.
675 2855 720 2882 '55.

503 2888 526 2905 "
540 2889 610 2916 Psal.
624 2897 660 2922 tv,
686 2890 729 2916 10.

522 2925 547 2940 ⁸ο
564 2923 654 2951 Galat.
671 2933 704 2958 ν,
725 2924 769 2951 25.

942 2300 962 2327 D

757 2855 780 2870 '°
792 2854 869 2882 ποθι..
886 2862 921 2881 vu
935 2875 942 2886 ,
955 2854 999 2882 58.
1036 2855 1058 2870 ”
1070 2854 1080 2882 1
1092 2854 1224 2884 Thess.V.
1237 2853 1327 2885 16.”.
1339 2855 1362 2870 "
1375 2854 1470 2881 Matth.
1481 2861 1509 2886 ν,
1525 2853 1551 2880 5.

768 2890 790 2905 76
809 2890 890 2905 “natl-
922 2898 984 2905 σιν-ι.
1013 2889 1049 2905 οη
1097 2890 1117 2904 Π
1136 2889 1195 2905 Πολι
1219 2897 1307 2905 ἰν-ν.-
1331 2890 1341 2905 Α
1395 2888 1417 2903 νη
1430 2888 1469 2905 lno
1499 2895 1545 2905 mu

808 2890 902 2916 Matth.
922 2898 996 2920 xvnl,
1013 2889 1058 2917 20.

809 2924 830 2940 ¹¹
847 2925 870 2951 ιι
886 2925 950 2952 (lor.
965 2933 1011 2957 xu,
1028 2925 1055 2951 2.

973 1692 1104 1722 tanquam
1126 1689 1251 1723 quaedam
1269 1689 1398 1715 animata:
1423 1687 1557 1721 imagines
1575 1687 1762 1714 immituorum

972 1734 1150 1762 luminarium
1183 1734 1387 1769 magistrorum.
1420 1734 1565 1760 Deducunt
1595 1733 1687 1768 itaque
1708 1741 1764 1760 non

974 1783 1080 1806 tantum
1109 1787 1156 1806 833
1177 1779 1271 1806 stellas
1286 1787 1348 1814 quae
1367 1784 1433 1806 sunt
1446 1787 1529 1814 super
1549 1783 1662 1810 terram,
1676 1786 1764 1812 quau-

973 1829 1030 1851 tum
1045 1833 1092 1852 eas
1105 1833 1165 1860 qua:
1181 1831 1246 1852 sunt
1262 1825 1289 1852 iu
1303 1825 1382 1856 mari.
1402 1825 1457 1852 imo
1472 1824 1557 1860 magis
1568 1844 1575 1855 ,
1590 1824 1765 1859 quandoqui-

973 1870 1035 1897 dem
1050 1875 1078 1897 et
1094 1871 1180 1897 stellae
1197 1871 1304 1898 ratione
1319 1871 1440 1906 praedita:
1458 1871 1546 1897 multo
1559 1871 1646 1905 magis
1665 1871 1766 1897 illumi-

974 1921 1041 1943 nant
1078 1921 1106 1943 et
1137 1921 1302 1944 conservant
1333 1916 1361 1943 in
1392 1917 1455 1943 navi
1487 1916 1617 1943 Ecclesiae
1642 1924 1690 1943 eos
1718 1917 1765 1951 qui

970 1962 1112 1996 iactantur
1124 1962 1254 1988 [luctibus
1271 1962 1354 1989 maris
1370 1961 1520 1988 ati'ectuum
1539 1967 1567 1988 et
1593 1961 1677 1988 animi
1700 1969 1765 1996 per-

975 2007 1177 2039 turbationum,
1207 2007 1296 2034 donec
1317 2011 1438 2034 transeat
1453 2015 1506 2034 nox
1527 2008 1589 2034 vitae
1608 2011 1636 2034 et
1658 2008 1767 2034 oriatur

975 2062 1073 2081 rursus
1094 2061 1110 2081 e
1137 2054 1208 2081 cmlo
1227 2053 1273 2080 Sol
1294 2054 1415 2088 iustitiae.
1429 2053 1474 2080 Sic
1502 2054 1684 2088 spiritualiter
1714 2054 1766 2081 hoc

973 2098 1057 2126 modo
1072 2103 1144 2126 astra
1157 2098 1316 2126 consideret
1327 2098 1460 2129 Ecclesia.
1474 2106 1505 2125 ea
1520 2106 1580 2133 qua:
1591 2099 1721 2126 dicuntur
1732 2099 1766 2126 de

975 2145 1041 2177 sole,
1057 2145 1134 2176 luna.
1150 2149 1179 2172 et
1198 2144 1287 2172 stellis
1306 2144 1463 2179 :quomodo
1477 2144 1560 2171 etiam
1580 2144 1625 2171 ille
1655 2144 1767 2172 divinus

974 2191 1022 2226 qui
1040 2191 1074 2218 all
1091 2191 1197 2218 tertium
1219 2198 1301 2224 usque
1318 2191 1345 2216 iu
1362 2190 1455 2216 tortum
1471 2194 1499 2217 et
1516 2194 1593 2217 ortus
1609 2195 1647 2216 est
1670 2195 1696 2217 et
1724 2200 1767 2217 ra-

975 2243 1035 2269 ptus
1050 2237 1084 2269 “',
1099 2241 1127 2263 et
1144 2235 1242 2263 didicit
1257 2235 1324 2262 ferri
1346 2243 1432 2269 usque
1447 2233 1481 2262 ad
1503 2239 1622 2267 sanctos,
1637 2240 1767 2270 tanquam

977 2283 1089 2318 sapiens
1110 2282 1315 2316 contemplator
1332 2281 1473 2308 stellarum
1485 2302 1492 2311 ,
1510 2281 1607 2308 harum
1626 2282 1766 2309 stellarum

980 2329 1103 2363 solisque
1119 2333 1147 2355 et
1163 2328 1235 2355 lunae
1246 2327 1382 2354 rationem
1396 2331 1439 2354 est
1450 2327 1659 2361 interpretatus,
1674 2327 1769 2355 dicens

979 2375 1013 2402 de
1031 2374 1065 2401 iis
1085 2373 1133 2409 qui
1158 2373 1216 2400 suis
1241 2372 1412 2408 temporibus
1443 2373 1595 2400 illuxerunt
1616 2381 1623 2399 :
1646 2373 1705 2400 Alia
1731 2378 1769 2400 est

977 2419 1064 2455 gloria
1092 2418 1165 2451 solis,
1181 2425 1281 2453 nempe
1304 2417 1409 2446 Christi
1423 2427 1429 2445 ε
1445 2422 1474 2445 et
1498 2417 1553 2444 alia
1576 2418 1662 2453 gloria
1690 2418 1769 2449 lunw.

978 2465 1032 2492 hoc
1046 2470 1100 2496 est,
1115 2464 1258 2496 Ecclesiae,
1272 2469 1296 2491 et
1319 2459 1375 2491 alii
1396 2464 1482 2500 gloria
1501 2464 1653 2495 stellarum.
1663 2467 1772 2492 sancto-

980 2519 1054 2543 rum,
1072 2511 1185 2545 inquam
1205 2516 1212 2536 τ
1229 2509 1308 2537 stella
1325 2510 1395 2537 enim
1410 2519 1425 2537 a
1447 2510 1525 2538 stella
1547 2511 1573 2538 in
1590 2511 1632 2538 his
1642 2511 1727 2545 diﬂ‘ert
1745 2510 1770 2536 in

981 2557 1068 2592 gloria
1081 2556 1115 2583 δ’.
1129 2557 1197 2584 Nam
1226 2556 1325 2584 Petrus
1350 2556 1467 2592 primum
1495 2561 1594 2585 tenens
1624 2557 1729 2589 sedem,
1746 2560 1771 2582 et

981 2612 1042 2637 ego,
1057 2603 1148 2638 inquit
1165 2603 1277 2634 Paulus,
1293 2602 1424 2629 omnibus
1441 2603 1634 2630 antecellimus
1655 2601 1773 2628 maximo

980 2653 1096 2676 honore.

1016 2695 1054 2722 De
1076 2695 1120 2722 his
1135 2694 1210 2722 enim
1224 2694 1314 2722 stellis
1325 2686 1526 2730 intelligamus.
1542 2687 1616 2729 ipost
1645 2692 1773 2723 sensiles,

981 2741 1008 2769 id
1024 2741 1098 2776 quod
1111 2749 1127 2768 a
1144 2741 1201 2768 Deo
1212 2741 1318 2768 dictum
1331 2747 1389 2768 est:
1403 2740 1438 2768 Et
1450 2741 1503 2768 sint
1522 2740 1549 2766 tn
1567 2740 1644 2773 signa
1666 2742 1692 2764 et
1708 2742 1774 2764 tem-

981 2795 1047 2822 pora
1060 2791 1085 2813 et
1105 2787 1161 2813 dies
1178 2791 1202 2813 et
1229 2794 1325 2814 annos.
1338 2787 1377 2814 Ita
1406 2791 1448 2813 est
1475 2785 1561 2814 enim.
1588 2789 1616 2812 et
1630 2783 1702 2811 facta
1734 2787 1776 2809 cst

1588 2852 1611 2868 ’⁸
1626 2852 1698 2879 Psal.
1714 2859 1775 2884 ur,

1097 2890 1117 2904 "
1136 2889 1206 2916 Psal.
1219 2897 1318 2919 cxxxn,
1331 2890 1356 2916 t.
1395 2888 1417 2903 "‘
1430 2888 1481 2915 lsa.
1499 2895 1555 2919 vui,
1571 2888 1623 2917 18;
1644 2887 1728 2914 Hebr.
1746 2895 1774 2919 ιι,

1095 2925 1118 2940 ⁸·
1134 2924 1143 2950 l
1158 2924 1221 2951 Cor.
1235 2932 1279 2956 xv,
1289 2924 1333 2950 M.
