1977 3248
220 205 273 238 911

223 262 359 292 Ecclesia.
382 261 463 290 Aliud
481 261 556 289 enim
572 260 625 288 fuit
646 264 755 295 tempus
774 259 975 294 apostolorum,
988 261 1016 285 et
1032 262 1052 290 Α

225 310 301 338 aliud
319 314 428 343 tempus
451 312 611 335 sanctorum
638 307 685 341 qui
711 305 877 336 atierebant,
895 309 923 331 et
940 303 1016 331 aliud

224 361 385 384 sanctorum
411 357 576 389 martyrum,
589 356 617 379 et
636 351 711 378 aliud
731 355 840 384 tempus
857 349 1016 376 doctorum.

225 403 263 430 De
278 402 323 429 his
337 400 427 428 stellis
443 400 498 426 Deo
514 398 583 426 dicit
598 397 683 425 etiatn
696 396 784 424 David
798 405 804 422 :
825 395 877 428 Qui
895 398 1018 422 numerat

225 447 424 476 multitudinem
439 444 593 477 stellarum,
608 447 633 470 et
649 443 771 470 omnibus
794 442 830 468 eis
847 441 956 468 nomina
971 448 1018 466 υο-

225 499 267 521 cat
287 494 321 520 ⁸³.
340 493 398 520 Hoc
413 496 467 523 est,
484 498 517 517 ex
534 490 568 517 iis
588 490 658 516 alios
684 488 798 523 quidem
813 492 892 514 vocat
911 493 1017 518 servos,

224 541 296 570 alios
321 543 414 567 autem
442 536 640 568 merecnarios,
669 535 740 562 alios
767 541 835 561 vero
863 531 1018 567 operarios,

224 587 296 614 alios
312 589 404 613 autem
416 583 531 614 amicos,
550 582 620 609 alios
634 586 728 609 autem
746 586 849 615 patres.
862 579 931 606 Nam
945 578 968 605 si
985 577 1019 604 de

225 633 370 668 corporeis
383 630 473 658 stellis
489 629 543 656 hoc
560 627 744 659 intellexeris,
758 634 814 653 non
834 624 960 652 invenies
971 623 1019 658 qui

224 687 273 707 eas
301 678 368 705 fecit
385 677 469 704 Deum
502 674 655 709 unicuique
686 673 831 708 proprium
853 670 1019 706 imposuisse

225 733 337 757 nomen,
356 727 457 759 praeter
469 728 634 749 commune:
664 724 761 755 postea
775 719 850 746 enim
875 717 1018 744 hominum

226 771 372 808 sapientia,
388 769 471 796 aliaat
484 767 597 803 quidem
610 763 922 800 vocavitSagittarium,
936 762 1019 789 aliam

227 826 294 846 vero
309 816 432 849 Dociam,
450 815 533 842 aliam
549 817 643 841 autem
657 813 796 843 l’restera,
809 810 891 837 aliam
907 809 1020 845 Typho-

226 874 302 898 nem,
319 864 400 892 aliam
413 861 603 897 Lampadium,
623 859 704 887 aliam
729 857 891 892 Pogoniam,
903 860 930 883 et
939 855 1020 882 aliam

225 912 307 939 aliter
322 909 481 945 appellarit.
498 909 537 935 De
553 907 597 934 his
612 905 700 933 stellis
722 903 865 935 Ecclesiae,
883 902 1021 937 intelliges

225 962 252 985 et
269 940 385 992 quodin
401 959 500 982 octavo
519 952 625 988 psalmo
638 951 743 978 dictum
760 954 803 977 est
815 949 850 976 ad
863 948 1017 976 Christum:
1037 940 1056 968 Β

226 1004 330 1031 Lunam
346 1005 368 1028 ct
380 1000 473 1028 stellas
494 1007 561 1034 quas
591 1002 618 1024 tu
647 996 766 1032 fundasti
794 995 826 1022 ".
844 994 900 1022 Cur
927 998 1021 1021 autem

226 1057 282 1076 non
298 1048 384 1076 dixit:
404 1046 437 1074 Et
460 1045 543 1073 solem
560 1044 571 1071 1’
587 1043 738 1077 Quoniam,
755 1042 828 1070 sicut
848 1040 926 1076 prius
951 1039 1019 1072 dixi,

226 1103 292 1122 vera
307 1099 335 1122 et
354 1097 429 1120 certa
442 1091 545 1119 Christi
556 1091 645 1126 ﬁgura
662 1094 705 1117 est
717 1089 773 1117 sol:
786 1088 914 1116 Christus
927 1092 1021 1114 autem

222 1149 281 1170 non
298 1138 504 1170 fuitfundatus,
529 1145 582 1164 nec
611 1136 690 1164 stetit
707 1136 733 1162 in
756 1128 931 1162 firmamento
946 1132 1020 1164 cmli,

227 1187 274 1215 sed
290 1194 372 1221 supra
383 1185 469 1213 coalos
490 1184 518 1212 in
536 1184 636 1211 throno
648 1181 824 1210 Cherubico:
842 1188 905 1207 nam
916 1179 949 1206 de
962 1179 1022 1213 ipso

227 1233 320 1261 dictus
335 1234 378 1258 est
395 1235 469 1258 totus
480 1229 619 1264 psalmus:
638 1227 772 1260 Quoniam
787 1225 891 1252 elevata
907 1228 945 1252 est
965 1232 1022 1251 ma-

227 1277 384 1313 gniﬁcentia
397 1280 442 1302 tua
455 1283 535 1310 super
550 1273 638 1306 caelos,
653 1273 698 1308 qui
718 1280 750 1299 ex
767 1280 811 1303 ore
834 1271 978 1306 infantium
998 1273 1023 1296 et

228 1325 384 1353 [utentium
398 1321 531 1357 perfecisti
547 1320 662 1352 laudem,
675 1323 703 1346 et
729 1318 776 1354 qui
800 1325 916 1353 magnus
931 1315 1023 1352 ponti—

229 1367 478 1405 fexpcrtransiisti
494 1366 590 1394 caelos.
609 1365 679 1392 Eum
702 1369 795 1392 autem
818 1364 866 1399 qui
894 1363 928 1390 ad
951 1363 1023 1390 hanc

227 1423 316 1451 usque
338 1415 474 1446 litteram,
492 1412 676 1447 corporaliter
693 1411 824 1445 intelligit
840 1410 976 1437 rationem
988 1408 1023 1436 de

227 1461 298 1490 cmlo
314 1465 343 1487 et
367 1459 426 1487 sole
454 1462 482 1486 et
498 1458 564 1485 luna
581 1461 610 1485 et
634 1457 734 1488 stellis.
763 1457 855 1491 arguit
872 1456 930 1491 ipsa
949 1455 1023 1482 Scri-

227 1513 309 1544 ptura
321 1506 416 1534 divina
428 1513 490 1533 cum
504 1513 557 1532 non
571 1505 616 1540 pie
626 1505 713 1531 sacris
727 1503 888 1531 incumbere
898 1502 1021 1529 Litteris.

227 1555 336 1584 Dictum
354 1557 398 1580 est
409 1552 484 1579 enim
497 1551 524 1578 iu
542 1550 653 1586 hymnis
667 1550 752 1577 David
764 1570 770 1576 .
796 1549 916 1576 Lumlute
932 1547 1022 1574 Domi-

227 1609 302 1631 num,
313 1598 354 1626 sol
365 1603 389 1625 et
401 1598 478 1630 luna;
489 1596 598 1624 laudate
608 1604 678 1627 eum,
691 1603 780 1622 omnes
792 1594 877 1621 stella’
886 1599 908 1620 et
921 1593 1020 1620 lunmt.
1037 1611 1058 1639 C

227 1645 348 1674 Laudate
361 1653 433 1677 eum,
454 1643 512 1671 σανΙὶ
530 1642 668 1674 tartarum,
683 1642 810 1676 quoniam
839 1642 894 1675 ipse
917 1640 981 1666 dixit
997 1643 1021 1665 et

227 1691 298 1726 facta
313 1694 386 1722 sunt,
400 1689 496 1715 statuit
509 1696 539 1713 ut
554 1688 580 1713 in
595 1686 734 1719 sarculum,
746 1691 769 1712 et
785 1687 811 1712 iu
829 1684 956 1712 arculum
973 1692 1023 1711 δίε-

226 1735 291 1763 culi.
306 1735 472 1768 Pra'reptmu
488 1733 587 1768 posuit,
606 1736 630 1758 et
646 1740 697 1758 non
712 1731 855 1766 prwtcribit
868 1731 901 1757 ⁸⁵.
919 1730 946 1756 Si
957 1737 1022 1764 ergo

226 1781 325 1809 statuit
338 1781 412 1807 Deus
435 1779 462 1806 in
480 1778 612 1806 Steculum
629 1778 734 1808 sreettli,
748 1782 777 1804 ut
802 1781 898 1804 essent
916 1775 979 1804 cceli
993 1780 1023 1802 ct

228 1828 270 1855 sol
289 1832 317 1854 et
330 1827 395 1852 luna
406 1829 435 1854 et
446 1825 543 1856 stellae,
559 1823 699 1858 quomodo
730 1831 828 1850 rursus
856 1822 925 1849 dicit
950 1823 1022 1849 Deus

227 1882 277 1909 per
293 1872 421 1901 eumdem
439 1871 622 1906 prophetam:
635 1869 699 1898 (Σωίί
715 1870 846 1905 peribunt,
859 1873 1021 1904 rttanquam

227 1921 411 1947 vestimentum
424 1921 597 1948 veterascent,
611 1921 635 1943 et
648 1917 715 1944 sicut
730 1917 893 1952 opertorium
905 1916 1021 1943 circum-

226 1967 366 1994 volvcutur
381 1965 420 1999 ";
441 1968 468 1992 et
484 1972 580 1991 rursus
590 1963 660 1992 dicit
674 1972 725 1999 per
734 1963 820 1990 aliutn
838 1963 1020 1998 prophetam:

226 2013 451 2042 Circumvolvctur
476 2011 570 2040 calum
583 2016 714 2047 tanquam
729 2011 794 2038 liber
808 2012 836 2038 in
852 2019 1023 2038 consumma-

226 2061 296 2088 tione
314 2059 483 2090 δίκαιοι-ανῆ,
506 2063 530 2085 et
551 2057 608 2085 ειυιὶ
627 2063 758 2093 tanquam
774 2057 839 2092 folia
861 2057 955 2084 cadent
971 2058 993 2073 ⁸⁷
1009 2057 1021 2083 ?

225 2106 313 2140 Quam
334 2106 369 2132 ob
389 2113 445 2132 rem
468 2104 526 2139 ipse
547 2112 659 2138 quoque
687 2111 783 2130 carum
802 2108 922 2134 creator,
947 2103 1021 2130 Deus

224 2152 358 2180 Verbum.
370 2151 462 2181 Jcsus,
474 2149 559 2177 dicit:
571 2149 673 2177 .Crrlum
689 2153 713 2175 et
726 2153 798 2175 terra
813 2149 965 2176 transibunt
981 2149 1021 2174 δεῖ)

225 2197 369 2233 Tanquam
383 2197 490 2232 ligurtr:
506 2196 615 2223 ﬁrmum
631 2199 724 2222 autem
752 2195 852 2223 caelum
870 2195 932 2222 ﬁdei
964 2202 1020 2221 non

225 2243 366 2274 transibit.
392 2248 420 2271 et
436 2243 537 2270 ccelum
560 2242 635 2277 quod
660 2241 797 2273 cernitur,
824 2241 1019 2276 exstinguetur

225 2294 355 2325 tauquam
374 2288 476 2324 ﬁgura:
493 2288 534 2314 sol
547 2293 652 2320 autem,
667 2295 768 2322 nempe
782 2286 912 2314 Christus
935 2294 1017 2320 quem

224 2336 264 2363 sol
287 2334 484 2371 prmliguravit,
511 2334 535 2361 is
563 2338 657 2361 manet
689 2334 716 2360 in
750 2333 882 2360 Saeculum
911 2331 1016 2359 szcculi.

223 2380 359 2408 Similiter
374 2380 459 2407 etiam
477 2379 568 2415 typica
597 2379 661 2406 luna
691 2378 811 2413 peribit;
841 2385 907 2405 vera
923 2381 1016 2405 autem

225 2427 290 2453 luna
304 2425 435 2453 Ecclesia:
448 2433 530 2460 quam
549 2425 629 2460 prius
642 2425 804 2460 prtedicavit
821 2429 849 2452 et
869 2425 1018 2451 annuntia-

225 2473 264 2499 rit
278 2475 428 2502 nocturna,
451 2479 506 2498 non
527 2474 697 2498 veterasect:
728 2475 756 2497 et
786 2475 888 2498 sancta:
917 2471 1016 2501 stellae.

224 2524 325 2551 nempe
351 2516 458 2543 ratione
482 2516 589 2551 praediti
617 2515 698 2544 chori
728 2521 900 2547 sanctorum,
919 2516 1018 2550 tnt'erni

224 2567 410 2600 permanent;
429 2571 524 2591 earum
552 2569 645 2590 autem
666 2562 777 2598 ﬁgura,
802 2570 902 2597 nempe
931 2563 1017 2590 stella:

225 2610 406 2644 temporales,
428 2608 530 2637 cadent
546 2613 678 2645 tanquam
711 2609 788 2641 folia,
811 2608 924 2643 quando
947 2608 1018 2636 Justi

224 2657 362 2694 fulgebunt
385 2662 413 2684 ut
442 2657 493 2688 sol,
511 2656 564 2683 hoc
591 2660 644 2688 est,
662 2655 802 2683 Christus.
819 2655 911 2690 Ipsum
930 2655 1016 2688 enim,

223 2709 255 2732 ut
271 2703 373 2738 szepius
386 2703 512 2730 ostendit
529 2702 630 2734 oratio,
642 2702 802 2737 pnetigurat
819 2702 865 2729 hic
882 2702 939 2734 sol;
952 2702 1017 2729 luna

222 2755 328 2781 autem,
356 2749 521 2778 Ecclesiam.
540 2748 686 2786 Quomodo
699 2749 774 2776 enim
785 2757 820 2778 ex
836 2748 945 2776 duabus
958 2757 1019 2776 cor-

223 2796 317 2831 poreis
331 2795 513 2823 facultatibus
524 2799 633 2822 constat
648 2800 782 2823 externus
808 2794 892 2821 homo
907 2799 1014 2824 noster.

223 2833 323 2876 nempe
338 2850 371 2869 ex
384 2842 442 2869 solc
459 2841 634 2868 illuminante
651 2845 679 2867 et
695 2840 781 2872 sicco,
811 2845 838 2867 et
852 2847 885 2866 cr
900 2839 1016 2866 humido

584 2897 610 2913 ""
621 2897 692 2925 Psal.
724 2905 779 2930 \‘tll,
812 2898 838 2924 4.

1037 2287 1056 2313 Ξ)

259 2897 281 2913 ³³
301 2897 371 2925 Psal.
405 2906 493 2928 exui,
519 2898 545 2925 λι.

227 2931 250 2947 ⁵⁸
261 2932 358 2960 Matth.
378 2942 449 2967 un,
463 2934 507 2961 55.

827 201 858 231 S.
878 199 1078 231 ANASTASII
1098 199 1263 230 SlNAlT/E

878 2897 900 2913 ⁸³
916 2897 990 2924 I’sal.
1011 2903 1114 2930 curui,
1143 2899 1170 2924 5-

1811 194 1868 228 912

1067 262 1096 285 et
1112 258 1300 289 illuminante,
1324 264 1424 291 nempe
1439 255 1516 288 luna,
1543 254 1579 282 ita
1599 254 1684 282 etiam
1700 262 1734 282 ex
1765 254 1867 282 iisdem

1069 305 1179 332 duabus
1190 305 1274 332 rebus
1285 303 1481 338 spiritualibus
1493 306 1676 336 regeneratur
1687 306 1715 328 et
1726 300 1869 328 formatur

1067 351 1152 379 homo
1168 356 1266 378 noster
1282 342 1421 382 internus,
1438 349 1486 384 qui
1501 357 1534 375 ex
1546 349 1610 375 luna
1625 347 1751 382 quidem,
1765 355 1870 382 nempe

1069 399 1206 431 Ecclesia,
1224 398 1351 425 nascitur
1364 406 1412 432 per
1424 405 1524 431 aquam
1539 402 1566 423 et
1583 396 1729 430 Spiritum.

1104 446 1175 473 Audi
1188 446 1306 474 etlauda
1320 454 1381 480 quae
1402 450 1469 473 sunt
1487 445 1513 471 in
1534 445 1578 472 his
1598 444 1751 472 ineffabilia
1767 449 1796 471 et
1818 443 1869 471 ad-

1069 491 1219 519 mirabilia.
1235 491 1380 524 Quomodo
1407 491 1474 518 solis
1495 495 1523 517 et
1547 490 1621 517 luna)
1645 498 1731 517 unum
1753 491 1868 525 quidem

1069 542 1112 566 est
1126 539 1309 573 inspectabile
1326 546 1332 564 :
1353 538 1473 564 alterum
1492 541 1585 564 autem
1607 541 1651 564 est
1680 537 1819 571 cjusnmdi
1839 541 1871 562 ut

1070 585 1149 612 cadat
1163 585 1215 612 sub
1230 589 1385 619 aspectum,
1402 589 1497 619 aperte
1518 583 1601 610 nobis
1624 583 1744 610 clamant
1761 587 1869 617 mute-

1071 631 1143 658 rium
1165 630 1269 658 Christi
1297 635 1324 657 et
1343 630 1474 658 Ecclesia:
1491 630 1525 656 iis
1545 629 1593 664 qui
1610 629 1636 655 id
1651 629 1871 655 voluntintelii-

1071 685 1135 712 gere
1147 677 1345 712 spiritualiter.
1359 676 1426 703 Nam
1439 677 1559 703 alterum
1574 675 1686 710 quidem
1704 680 1747 702 est
1765 675 1870 701 subtile

1071 724 1099 751 in
1116 729 1212 759 typum
1239 723 1407 754 divinitatis,
1424 723 1543 749 alterum
1571 726 1664 749 autem
1691 729 1817 748 crassum
1835 720 1870 747 ad

1071 770 1219 805 imaginem
1236 769 1428 796 humanitatis.
1443 769 1511 796 Nam
1538 769 1655 802 spiritus
1668 768 1782 802 quidem
1799 767 1871 793 latet

1072 816 1101 843 in
1127 823 1215 850 aqua,
1244 815 1358 850 sanguis
1381 820 1475 842 autem
1505 814 1716 849 inaspectabilis
1741 814 1812 840 latet
1841 813 1870 840 in

1072 870 1201 898 corpore.
1223 862 1285 889 Haec
1295 867 1324 889 et
1334 870 1394 897 qua‘
1405 866 1471 889 sunt
1487 861 1624 897 ejusmodi
1642 869 1675 888 ne
1688 861 1790 895 legeris
1799 867 1871 887 con-

1072 909 1217 936 venienter
1241 908 1366 936 scientia:
1392 908 1558 940 medicinas,
1585 907 1634 934 scd
1663 907 1872 940 convenienter

1072 955 1223 990 spirituali,
1251 954 1391 992 siquidem
1407 953 1500 981 credis
1518 953 1592 988 quod
1609 953 1683 980 Deus
1697 953 1792 979 omnia
1803 952 1871 979 fecit

1072 1001 1101 1028 in
1114 1000 1263 1035 sapientia.
1282 1000 1380 1035 Cogita
1392 999 1489 1030 etiam,
1506 1007 1561 1026 non
1580 999 1609 1026 in
1623 999 1677 1026 hoc
1694 1004 1796 1034 quarto
1812 999 1869 1030 die,

1071 1051 1100 1075 et
1120 1047 1148 1074 in
1161 1047 1302 1083 mysteriis
1315 1054 1377 1082 quae
1390 1047 1418 1074 in
1433 1047 1494 1081 ipso
1510 1046 1582 1073 facta
1595 1050 1659 1073 sunt
1683 1045 1716 1072 de
1736 1046 1808 1077 sole,
1836 1045 1871 1072 de

1072 1094 1150 1125 luna,
1161 1098 1190 1121 et
1208 1093 1242 1120 de
1260 1093 1361 1125 stellis,
1375 1097 1403 1120 et
1416 1092 1450 1120 de
1469 1093 1573 1120 Christi
1589 1092 1714 1119 Ecclesia
1725 1096 1754 1118 et
1776 1091 1871 1125 bapti-

1073 1144 1173 1172 smate,
1189 1139 1265 1168 etde
1279 1140 1410 1167 omnibus
1428 1139 1537 1167 caeteris
1555 1147 1602 1166 sex
1619 1139 1741 1169 dierum,
1757 1146 1822 1173 qua:
1840 1138 1868 1164 in

1072 1191 1171 1222 quarto
1185 1187 1229 1214 die
1245 1187 1351 1217 saeculi,
1369 1186 1422 1213 hoc
1434 1191 1476 1214 est
1499 1186 1527 1213 in
1540 1190 1642 1221 quarto
1670 1185 1841 1216 millenario,
1855 1191 1872 1211 a

1073 1234 1130 1262 Deo
1145 1242 1195 1269 per
1219 1233 1314 1260 Mosen
1336 1233 1364 1260 in
1381 1233 1465 1260 lsrael
1489 1232 1594 1266 scripta
1622 1237 1688 1259 sunt
1699 1236 1727 1258 et
1741 1231 1872 1266 przetigu-

1074 1285 1143 1312 rata,
1162 1285 1190 1308 et
1204 1280 1285 1308 nobis
1299 1279 1421 1307 revelata
1436 1284 1463 1306 et
1476 1278 1627 1314 prmdieta:
1646 1277 1760 1312 quando
1779 1276 1871 1304 maxi-

1074 1333 1117 1353 me
1137 1330 1164 1353 et
1193 1330 1275 1361 typus
1303 1325 1481 1360 baptismatis
1508 1323 1561 1351 fuit
1585 1323 1611 1350 in
1627 1323 1749 1350 Jordane
1772 1329 1787 1348 a
1804 1321 1871 1349 Jrsu

1073 1373 1159 1404 Nave,
1189 1379 1223 1399 eo
1243 1372 1300 1399 illic
1326 1371 1486 1406 baptizante
1515 1370 1622 1405 absque
1652 1368 1870 1399 madefactione,

1073 1418 1183 1449 Arcam,
1199 1425 1298 1452 nempe
1310 1417 1414 1445 Christi
1428 1417 1595 1449 Ecclesiam,
1612 1416 1707 1443 adhuc
1729 1414 1872 1450 spirituali

1073 1468 1103 1491 et
1132 1463 1234 1490 diurno
1260 1467 1288 1491 ct
1316 1471 1401 1491 suave
1430 1463 1527 1490 [luenti
1550 1463 1701 1498 baptismo,
1723 1461 1771 1488 ubi
1786 1461 1872 1488 Jesus

1074 1517 1184 1544 quoque
1202 1509 1277 1537 Nare
1298 1510 1457 1545 baptizatus
1475 1509 1527 1536 fuit
1541 1514 1690 1540 nocturno,
1708 1509 1831 1537 marino.
1844 1512 1873 1534 et

1074 1555 1144 1582 falso
1162 1555 1283 1583 Mosaico
1295 1555 1387 1591 typico
1400 1555 1586 1590 baptismate:
1602 1555 1675 1590 quod
1695 1559 1794 1589 postea
1818 1554 1872 1581 fuit

1076 1602 1215 1630 redditum
1234 1602 1379 1637 spirituale
1401 1602 1532 1629 diurnum
1559 1607 1588 1630 et
1603 1602 1736 1632 salutare,
1756 1601 1872 1636 quando

1077 1649 1197 1684 Spiritus
1210 1648 1359 1676 descendit
1389 1648 1416 1675 in
1435 1656 1546 1683 aquam,
1564 1653 1709 1684 postquam
1734 1647 1872 1674 Dominus

1073 1702 1107 1722 ex
1125 1702 1157 1722 ea
1172 1693 1306 1721 ascendit.
1320 1693 1414 1728 Neque
1427 1693 1501 1720 enim
1520 1693 1684 1728 purgatione
1701 1701 1772 1727 opus
1785 1692 1873 1720 liabe-

1074 1741 1120 1768 bat
1138 1740 1332 1768 sanctissimus
1347 1740 1493 1772 Dominus,
1515 1745 1545 1767 ut
1575 1741 1653 1775 prius
1677 1739 1872 1766 descendente

1074 1786 1179 1821 Spiritu
1196 1786 1244 1820 qui
1275 1793 1374 1820 aquam
1400 1786 1599 1818 sanetilicarcl,
1622 1786 1680 1820 ipse
1699 1784 1871 1820 baptismum

1073 1831 1238 1866 susciperet,
1259 1836 1288 1858 ut
1304 1831 1331 1857 tit
1355 1831 1383 1858 in
1399 1831 1499 1858 nobis:
1522 1831 1570 1858 sed
1595 1836 1625 1858 ut
1649 1831 1797 1858 amborum
1820 1830 1871 1857 ba-

1073 1878 1235 1913 ptismatum
1246 1877 1327 1904 Jesus
1341 1882 1417 1904 stans
1432 1877 1551 1908 medius,
1564 1878 1668 1912 aliquid
1684 1878 1799 1912 quidem
1823 1878 1872 1905 de-

1073 1923 1186 1958 pressit,
1208 1922 1314 1957 aliquid
1328 1931 1394 1950 vero
1410 1923 1537 1956 tradidit,
1561 1924 1653 1958 primo
1672 1925 1802 1958 protinus
1820 1933 1871 1952 ex-

1073 1969 1226 1997 terminato
1247 1976 1309 1995 cum
1327 1969 1418 2004 primo
1437 1970 1549 2005 populo.
1568 1970 1618 1997 llic
1632 1975 1676 1997 est
1690 1970 1771 1998 .lesus
1783 1970 1870 2002 Nave,

1073 2013 1224 2050 primarius
1239 2013 1342 2041 Christi
1372 2019 1464 2050 typus,
1481 2016 1528 2050 qui
1542 2019 1616 2043 stare
1643 2016 1710 2042 fecit
1737 2017 1823 2043 solem
1843 2016 1869 2043 in

1072 2061 1175 2092 Cabaa,
1191 2061 1325 2088 otlunam
1344 2061 1372 2088 in
1391 2062 1547 2094 Pharanga,
1567 2062 1687 2089 alterum
1701 2070 1735 2089 ex
1748 2062 1870 2089 adverso

1073 2107 1198 2139 alterius,
1224 2107 1366 2141 quomodo
1382 2107 1433 2134 fuit
1446 2116 1463 2134 a
1482 2109 1630 2143 principio.
1656 2109 1684 2135 ln
1703 2108 1807 2143 quibus
1821 2117 1871 2143 per

1073 2152 1192 2180 duorum
1209 2153 1391 2179 lutniuarium
1424 2153 1572 2180 stationem
1603 2158 1630 2180 et
1655 2153 1785 2180 ﬂxioneln
1807 2161 1871 2188 qua!

1072 2199 1191 2227 erantin
1206 2198 1332 2234 ﬁgurant,
1346 2199 1492 2234 perierunt
1517 2200 1601 2226 etiam
1617 2200 1712 2227 hostes
1724 2199 1869 2227 Ecclesia.

1073 2245 1217 2278 Quomodo
1230 2250 1323 2272 autem
1339 2251 1469 2279 quartum
1492 2246 1679 2272 millenariutn
1701 2245 1793 2280 quarti
1813 2245 1870 2272 diei

1073 2291 1166 2319 szcculi
1183 2291 1358 2319 ostendimus
1372 2291 1523 2318 convenire
1538 2296 1640 2326 quarto
1669 2291 1725 2318 diei
1740 2299 1788 2317 sex
1807 2290 1870 2317 die-

1071 2346 1133 2365 rum
1159 2338 1326 2364 creationis:
1363 2338 1401 2366 ita
1432 2339 1516 2366 etiam
1536 2339 1717 2366 ostendemus
1742 2339 1871 2373 reliquos

1070 2392 1227 2420 congruere
1263 2393 1362 2412 eorum
1392 2386 1468 2420 paris
1498 2385 1610 2413 numeri
1636 2386 1803 2415 millenariis
1819 2392 1870 2412 suo

1071 2435 1208 2466 tempore,
1225 2431 1282 2458 Deo
1294 2431 1378 2460 dante
1392 2433 1472 2460 nobis
1496 2440 1656 2464 sermonem
1677 2432 1704 2458 in
1720 2432 1870 2467 apertione

1070 2477 1128 2504 oris
1141 2478 1240 2505 nostri.
1259 2477 1406 2511 Quomodo
1416 2483 1511 2506 autem
1526 2478 1610 2505 etiam
1623 2485 1657 2504 ex
1672 2478 1742 2512 ipsis
1755 2478 1828 2505 locis
1841 2478 1869 2505 ir

1072 2524 1176 2558 quibus
1191 2524 1273 2552 Jesns
1304 2528 1378 2552 stare
1408 2524 1474 2552 fecit
1491 2525 1579 2552 solem
1600 2529 1629 2552 et
1662 2524 1769 2557 lunam,
1784 2524 1869 2552 tidem

1071 2568 1175 2596 habeat
1189 2569 1300 2595 auditor
1313 2568 1436 2596 describi
1449 2573 1478 2596 et
1490 2568 1663 2604 praatigurari
1677 2572 1782 2595 statum
1799 2573 1829 2596 et
1842 2569 1870 2596 in

1071 2613 1158 2640 altum
1172 2613 1360 2641 sublationem
1378 2613 1485 2641 Christi
1500 2619 1528 2641 et
1545 2613 1688 2645 Ecclesiae,
1704 2613 1782 2646 audi,
1795 2622 1871 2649 qua:-

1073 2665 1115 2685 so.
1147 2657 1272 2690 Cabaon,
1296 2662 1349 2690 est,
1377 2659 1503 2686 sensim:
1522 2659 1609 2686 ﬂama
1636 2663 1741 2691 autem,
1774 2659 1869 2694 lingua

1074 2704 1230 2735 Hebraica,
1254 2706 1404 2739 exponitur
1433 2706 1562 2733 altitudo.
1591 2704 1735 2740 Pharauga
1763 2711 1868 2737 autem,

1070 2750 1209 2782 sublimis,
1228 2759 1276 2779 seu
1294 2753 1321 2778 in
1339 2753 1424 2778 altum
1440 2752 1529 2779 elata:
1557 2753 1584 2779 in
1610 2753 1696 2779 altum
1717 2752 1874 2779 elationem

1071 2796 1174 2823 Christi
1193 2800 1219 2823 et
1234 2796 1511 2833 Ecclesiadduorutn,
1527 2797 1652 2831 inquam,
1670 2797 1866 2830 luminartum)

1071 2849 1121 2876 per
1133 2842 1201 2869 duas
1225 2842 1428 2877 appellationes
1443 2843 1507 2870 loco
1527 2843 1703 2878 signiﬁcante
1721 2843 1747 2869 in
1764 2847 1868 2877 quarto

1511 2899 1548 2926 l7.

1175 2899 1202 2926 (ἶ.
1239 2897 1262 2914 ⁸⁵
1281 2898 1353 2925 Psal.
1389 2907 1422 2930 γε,
1440 2897 1548 2930 -Ξὺμῖ7,
1595 2898 1617 2915 ⁸⁷
1635 2898 1686 2926 lsa.
1712 2906 1805 2932 χχχιιι,
1835 2898 1865 2926 4.
