1977 3229
80 242 133 274 913
649 243 691 273 IN
711 242 1033 274 HEXAEMERONr-
1046 243 1121 273 LIB.
1140 242 1173 272 V.
1668 237 1722 270 9H

80 298 254 330 millenarto,
272 297 321 332 qui
346 301 389 325 est
407 297 516 325 medius
532 297 593 326 dies
612 299 706 326 saeculi
717 307 724 325 :
736 299 878 333 quomodo
893 302 913 330 Λ
930 299 994 326 dius
1008 299 1098 326 Patris
1112 303 1140 325 ct
1156 298 1279 333 Spiritus
1296 296 1396 328 sancti,
1411 300 1439 323 et
1453 293 1635 323 intermedms
1649 294 1721 329 lapis

79 346 165 373 etiam
177 345 205 371 in
223 345 307 371 initio
325 345 485 378 creationis,
499 350 615 380 quartus
627 346 688 373 dies
700 346 751 374 fuit
767 347 875 374 medius
929 344 1071 379 angularia
1085 343 1205 370 duorum
1220 343 1397 378 populorum.
1420 341 1472 374 Qui
1489 340 1572 368 etiam
1592 340 1620 366 in
1636 346 1719 367 cruce

80 393 188 423 septem
203 389 326 416 dierum.
345 391 494 424 Pr0plerca
508 391 534 417 in
550 399 583 418 eo
611 391 663 418 fuit
682 392 876 427 prmﬁguratus
928 391 981 419 fuit
1000 391 1027 418 in
1055 392 1142 418 altum
1167 390 1295 418 sublatus
1311 389 1338 417 in
1371 388 1463 416 medio
1496 388 1617 415 duorum
1635 391 1720 414 iatro-

80 434 128 461 Sol
140 435 272 469 justitiam
286 436 425 463 mediator
445 437 493 463 Dei
507 441 535 464 et
550 437 707 470 hominum,
724 442 752 465 et
766 439 876 466 medius
930 445 1008 469 num,
1022 440 1050 463 et
1079 436 1146 463 fecit
1169 436 1286 463 salutem
1302 435 1329 462 in
1348 434 1439 461 medio
1456 438 1536 461 terrae
1558 439 1620 460 cum
1647 436 1721 459 esset

81 485 110 506 ut
138 480 278 508 Dominus
304 485 358 508 tam
391 489 488 515 eorum
515 490 576 517 qua:
595 483 699 510 cadunt
715 484 800 518 878
824 483 876 510 sub
931 482 1043 510 medius
1062 481 1132 509 dies.
1158 481 1191 508 Ei
1217 480 1254 508 sit
1270 480 1357 516 gloria
1377 480 1404 507 in
1427 479 1526 506 saecula
1542 478 1719 505 seculorum.

80 529 227 559 aspectum
248 533 333 560 quam
361 533 460 553 eorum
476 534 537 561 quae
550 535 607 554 non
622 527 744 555 cadunt:
768 532 797 555 et
820 535 879 556 me-
931 528 1031 556 Amen.

1695 600 1709 610 α

88 601 1692 616 ____________________________________

645 685 822 729 LIBER
863 687 1156 745 QUINTUS.

563 769 605 790 DE
621 769 742 796 QUINTO
758 769 812 790 DIE
827 769 1016 793 CREATIONIS
1033 772 1094 793 SEX
1110 771 1246 793 DIERUM.

117 865 171 892 Vix
201 864 312 892 tandem
343 871 405 901 post
432 867 535 894 multos
554 866 705 893 verborum
730 867 877 899 circuitus,
897 871 915 898 Β
929 871 992 894 cant
1007 867 1112 902 reptilia
1129 868 1284 894 animarum
1304 867 1466 898 viventium;
1482 866 1509 893 in
1526 866 1656 894 omnibus
1667 874 1719 894 au-

82 915 202 944 quartus
221 910 282 938 dies
302 919 352 938 nos
372 912 406 939 ad
419 911 548 946 quintum
569 911 740 939 transmisit:
766 913 793 939 in
808 920 875 947 quo,
930 919 985 941 tem
997 921 1057 948 qua:
1084 921 1118 939 ex
1141 917 1214 939 terra
1243 916 1444 947 processerunt
1466 916 1544 938 sexto
1570 911 1625 943 die,
1640 912 1717 943 feris,

83 964 98 982 a
115 956 171 982 Deo
187 961 318 990 tauquam
336 962 439 997 apetra
452 958 542 992 aliqua
556 957 749 992 quatriduanm
765 958 875 990 mortis,
929 958 1087 993 reptilibus,
1101 957 1246 992 jumentis,
1260 957 1501 991 quadrupedibus,
1523 965 1578 983 non
1603 957 1718 992 plurali-

82 1003 117 1029 ad
136 1003 222 1030 vitam
251 1003 377 1037 procedit
405 1009 549 1031 creatura:
577 1008 605 1031 et
625 1004 680 1030 vita
705 1004 733 1030 in
751 1004 808 1038 ipsa
824 1005 877 1031 im-
929 1008 971 1032 ter
987 1003 1036 1030 sed
1048 1003 1226 1038 singulariter
1239 1003 1357 1038 imperat
1372 1003 1444 1029 Deus
1465 1003 1582 1029 Verbum
1598 1003 1714 1030 dicens:

83 1049 184 1083 primis
199 1050 370 1081 ostenditur,
388 1059 422 1078 ex
439 1058 510 1085 aqua
524 1055 552 1077 ct
570 1050 677 1085 Spiritu
705 1051 876 1085 principium
928 1050 1033 1077 Educet
1052 1054 1125 1076 terra
1152 1050 1272 1076 animum
1297 1048 1448 1076 viventem?
1462 1049 1517 1075 Nec
1530 1049 1582 1075 hoc
1608 1049 1712 1081 solum,

82 1095 192 1122 habens
219 1095 246 1122 in
273 1096 416 1129 Ecclesia,
447 1104 529 1131 quam
557 1097 751 1123 universorum
779 1095 877 1130 Opifex
927 1096 975 1124 sed
993 1096 1058 1123 illud
1075 1103 1185 1130 quoque
1199 1095 1349 1130 diligenter
1375 1103 1501 1130 quzercre
1528 1099 1570 1122 est
1590 1103 1718 1122 necessa-

82 1140 307 1175 prresignitieavit
324 1141 351 1168 in
363 1142 462 1176 quinto
471 1142 516 1170 die
530 1142 644 1170 dicens:
664 1142 785 1169 Educunt
799 1150 876 1177 aqua
928 1143 1019 1170 rium:
1035 1141 1122 1175 Quam
1138 1141 1174 1168 ob
1193 1148 1250 1168 rem
1270 1149 1331 1175 qum
1351 1148 1384 1167 ex
1400 1139 1480 1175 aquis
1499 1140 1611 1175 quidem
1627 1141 1716 1175 genita

61 1199 67 1205 κ
82 1185 190 1219 reptilia
209 1187 364 1214 animarum
383 1188 537 1219 viventium,
565 1191 588 1214 et
613 1186 733 1214 volucres
757 1187 876 1214 volantes
927 1192 992 1214 sunt
1005 1187 1099 1214 omnia
1120 1187 1193 1213 Deus
1207 1185 1360 1218 benedixit,
1373 1193 1388 1213 e
1405 1190 1480 1212 terra
1494 1191 1587 1213 autem
1607 1186 1718 1220 genitos

79 1238 160 1264 super
169 1234 270 1258 terram
281 1232 424 1258 secundant
436 1231 638 1266 ﬁrmamentum
652 1232 719 1258 carli.
731 1232 764 1259 Et
776 1232 876 1267 factum
927 1234 1094 1267 animantes,
1107 1237 1135 1261 et
1146 1233 1355 1268 quadrupedes,
1370 1237 1398 1260 et
1415 1241 1517 1268 pecora
1531 1233 1651 1268 privavit
1667 1233 1717 1260 be~

81 1277 180 1303 estsic.
197 1277 225 1304 Si
239 1285 273 1304 ex
300 1278 420 1305 naturali
447 1287 541 1306 rerum
567 1279 778 1313 consequentia,
799 1282 875 1306 terra
925 1280 1103 1308 nedietione:
1132 1279 1206 1307 unde
1231 1287 1308 1315 aquae
1326 1279 1449 1314 quidem,
1483 1283 1513 1306 ut
1541 1287 1601 1314 qure
1613 1279 1721 1306 fuerint

80 1327 147 1350 ante
160 1330 249 1357 aquas
277 1323 361 1351 debet
390 1324 474 1351 εἰ)εο
505 1324 631 1359 accipere
653 1324 874 1358 procreationem
926 1327 1091 1358 benedictae,
1121 1326 1176 1354 huc
1202 1334 1289 1361 usque
1315 1330 1343 1354 et
1369 1330 1506 1361 perpetuo
1532 1327 1644 1361 pariunt
1667 1334 1721 1353 Sua

80 1374 226 1402 pecornm,
239 1373 267 1396 et
281 1369 504 1404 quadrupedum,
523 1375 551 1397 ct
568 1370 709 1405 reptilium
721 1379 782 1405 qua:
797 1379 830 1398 ex
843 1379 874 1398 ea
926 1377 1025 1408 sponte
1041 1372 1146 1406 absque
1172 1371 1278 1399 semine
1294 1375 1322 1398 et
1351 1372 1552 1406 conjunctione
1578 1371 1715 1402 volucres.

82 1419 301 1448 processerunt:
319 1419 350 1442 ut
374 1423 437 1450 qua:
453 1416 584 1451 protinus
609 1417 680 1444 facta
698 1417 734 1444 sit
751 1417 874 1444 secunda
925 1425 958 1444 cx
974 1417 1709 1452 quarumnumerosuntcoturniccsetortygometrm;

82 1466 145 1494 post
161 1454 274 1494 cuilum,
289 1466 317 1489 et
334 1461 363 1489 in
389 1461 534 1497 Scriptura
558 1463 718 1490 nominetur
733 1468 761 1491 et
785 1463 872 1490 collo~
924 1467 999 1490 terra
1013 1467 1106 1490 autem
1132 1470 1187 1490 non
1210 1463 1306 1498 utique
1325 1463 1385 1490 sine
1398 1463 1505 1490 semine
1529 1463 1601 1498 parit
1617 1463 1714 1494 feram,

80 1514 162 1536 cetur
180 1514 244 1537 ante
273 1517 361 1544 aquas
380 1518 387 1537 :
405 1511 547 1545 quomodo
576 1519 651 1538 nunc
682 1519 762 1546 aqua:
784 1512 874 1546 primo
889 1537 908 1546 η
926 1513 974 1536 aut
990 1508 1137 1543 pecudem,
1167 1512 1215 1535 aut
1233 1507 1453 1543 quadrupedem.
1480 1508 1514 1535 Et
1533 1517 1630 1536 rursus
1655 1517 1717 1543 qua:

80 1554 142 1581 loco
170 1556 323 1583 ornantur?
343 1556 476 1584 Videmus
492 1557 568 1584 enim
596 1557 671 1592 quod
699 1558 727 1584 in
746 1558 869 1592 positura
888 1537 909 1566 ϐ
926 1560 1019 1582 ortum
1033 1554 1183 1582 habente:
1208 1559 1294 1586 terra,
1307 1559 1456 1581 versantur
1471 1555 1554 1582 etiam
1581 1561 1716 1590 perpetuo

79 1601 200 1628 duorum
217 1602 396 1630 luminarium
409 1623 417 1635 ,
436 1603 463 1630 id
480 1604 553 1638 quod
575 1603 602 1630 in
621 1604 794 1632 firmamento
807 1605 870 1633 caeli
925 1611 1011 1638 super
1032 1608 1134 1630 terram
1149 1611 1154 1629 :
1170 1610 1231 1637 qua:
1247 1606 1341 1629 autem
1353 1605 1417 1628 nata
1429 1605 1538 1628 suntex
1558 1602 1648 1636 aquis.
1662 1602 1716 1629 alia

79 1653 134 1678 est.
150 1647 271 1681 primum
289 1656 303 1675 a
317 1648 373 1675 Deo
391 1653 434 1676 est
448 1649 622 1676 ordinatum:
635 1657 734 1684 nempe
755 1650 806 1680 sol.
823 1651 871 1685 qui
924 1649 1038 1684 quidem
1065 1649 1198 1676 dicuntur
1213 1649 1330 1681 marina,
1346 1648 1399 1675 alia
1419 1652 1511 1675 autem
1535 1647 1608 1682 (cum
1622 1656 1717 1676 reces-

79 1697 125 1720 est
139 1693 209 1720 sicci
227 1693 361 1721 elementi
377 1699 425 1721 :et
434 1700 536 1722 terram
555 1703 617 1730 qua:
643 1699 686 1722 est
713 1696 871 1724 coelcmen-
922 1695 1022 1730 scrint)
1035 1695 1062 1722 in
1076 1695 1162 1722 altum
1180 1695 1287 1722 sublata
1297 1694 1474 1729 appellantur
1493 1695 1637 1722 coelestia:
1663 1695 1716 1722 hoc

83 1739 150 1765 laris
165 1739 322 1772 constituit,
349 1741 465 1775 ejusque
493 1744 536 1768 eSt
559 1741 721 1768 familiaris:
746 1746 774 1769 et
800 1750 871 1777 quo-
922 1746 965 1768 est
976 1741 1103 1768 volucres
1116 1741 1195 1768 cmli:
1214 1748 1283 1775 quas
1293 1740 1376 1767 etiam
1389 1740 1463 1768 Deus
1475 1741 1626 1776 cognoscit.
1644 1741 1717 1768 sicut

81 1784 166 1810 modo
183 1792 259 1811 nunc
273 1790 426 1820 rapuerunt
444 1794 522 1820 aqua:
531 1786 635 1821 primas
646 1791 739 1821 partes
758 1791 787 1814 et
808 1792 871 1815 tan-
923 1785 991 1813 dicit
1001 1794 1051 1821 per
1064 1785 1240 1820 Prophetam,
1253 1785 1367 1821 Cognovi
1383 1794 1474 1813 omnes
1489 1785 1608 1813 volucres
1615 1786 1716 1815 cadi".

81 1837 163 1864 quam
175 1831 425 1866 primogenitum!"
439 1833 522 1860 vitze?
537 1833 564 1860 Id
581 1833 671 1868 ipsum
690 1834 753 1861 dico
762 1835 871 1862 deluna
959 1831 1013 1858 Sed
1028 1838 1064 1858 ne
1081 1839 1131 1866 per
1151 1831 1313 1866 frequentes
1335 1835 1364 1858 et
1390 1831 1443 1858 sibi
1462 1831 1582 1859 invicem
1615 1840 1714 1860 succe-

81 1884 142 1911 quw
158 1885 209 1911 per
224 1885 324 1912 aquam
345 1883 375 1906 et
398 1879 540 1913 spiritum.
556 1887 653 1906 eorum
673 1887 734 1914 qua:
750 1880 785 1907 ab
812 1881 872 1915 ipsa
923 1877 1023 1905 dentes
1044 1877 1247 1909 dubitationes,
1278 1877 1307 1904 in
1333 1877 1538 1905 btesitationem
1571 1877 1715 1914 animique

81 1922 314 1950 administrantur
325 1927 353 1950 et
374 1925 542 1956 consistunt,
561 1925 642 1952 aliam
671 1925 793 1952 ostendit
808 1934 872 1961 gra-
924 1924 1137 1959 perplexitatem
1155 1931 1187 1950 ac
1203 1923 1397 1950 εοηΐυείοηεηι
1410 1923 1576 1951 inducamus
1603 1925 1714 1952 audito-

83 1968 146 1995 liam
174 1977 237 1996 eum
265 1969 480 2006 primogenitam
498 1971 583 1998 vitam
607 1975 634 1998 et
661 1972 789 2006 spiritum
815 1973 872 2000 vita
924 1971 1062 2005 rem,jam
1078 1970 1171 1998 dehis
1185 1977 1200 1997 a
1214 1969 1298 1997 nobis
1323 1969 1502 2002 tractabitur,
1522 1969 1600 2004 quod
1620 1970 1714 1997 brevi.

82 2015 234 2050 peperisset
260 2020 288 2043 et
299 2017 479 2048 ostendisset,
495 2017 590 2044 divine
610 2023 638 2044 et
658 2018 800 2052 sapienter
814 2026 873 2045 om-
923 2017 1132 2052 teraggredior,
1152 2024 1244 2043 rerum
1264 2015 1411 2042 historiam
1428 2023 1489 2050 qua:
1502 2019 1545 2042 est
1559 2016 1712 2044 secundum

80 2068 122 2087 ma
136 2061 311 2095 dispensavit
326 2067 354 2089 et
368 2062 517 2090 constituit
538 2063 566 2089 in
583 2063 730 2101 sapientia.
756 2063 825 2090 Nam
843 2064 871 2091 in
923 2062 1048 2090 litteram
1063 2062 1177 2089 minime
1190 2065 1332 2088 evertens:
1351 2068 1439 2095 pauca
1450 2065 1545 2088 autem
1557 2061 1591 2088 de
1615 2063 1713 2096 quinto

79 2108 156 2135 caelis
173 2108 286 2142 quidem
304 2109 411 2143 primas
423 2113 518 2144 partes
534 2113 561 2136 et
579 2109 698 2144 primum
722 2109 813 2136 locum
831 2110 871 2138 sol
925 2115 1052 2140 numero,
1061 2107 1216 2135 sicutetde
1231 2111 1343 2142 quarto,
1355 2114 1389 2134 ex
1405 2106 1499 2133 divina
1509 2106 1653 2142 Scriptura
1662 2116 1712 2135 ne-

78 2154 195 2188 accepit.
211 2154 344 2188 quoniam
360 2162 444 2189 super
456 2163 566 2182 onmem
582 2154 767 2190 principatum
783 2159 808 2182 ct
823 2163 874 2190 po-
924 2163 1003 2182 eesse
1015 2154 1149 2189 estprius
1173 2153 1277 2180 dicere.
1298 2153 1463 2180 Invenimus
1481 2161 1547 2188 ergo
1566 2153 1594 2180 in
1612 2154 1713 2188 quinto

78 2204 219 2232 testatem,
235 2199 363 2228 Christus
376 2202 432 2236 (qui
445 2207 489 2230 est
501 2203 548 2230 Sol
561 2204 607 2238 qui
621 2204 776 2240 percipitur
789 2205 855 2233 inte]

932 2201 1099 2232 :entenario.
1114 2207 1214 2235 nempe
1228 2199 1455 2234 quingentesimo
1475 2199 1624 2232 annoNoe,
1641 2207 1712 2227 arere

78 2245 204 2281 ﬁgentia)
220 2251 263 2274 cst
276 2248 303 2274 in
315 2249 395 2276 malis
416 2258 422 2276 :
449 2254 478 2276 ut
506 2250 552 2285 qui
567 2251 603 2277 sit
622 2251 724 2278 ostium
738 2256 766 2279 ει
782 2252 872 2279 imm-
920 2247 975 2282 jaci
987 2246 1180 2277 fundamenta.
1193 2252 1255 2280 qua:
1269 2244 1384 2279 quidem
1405 2247 1448 2271 est
1471 2251 1555 2271 verus
1572 2252 1605 2272 ac
1617 2249 1712 2273 certus

75 2292 184 2319 ducens
197 2293 232 2320 ad
254 2293 376 2321 Patrem.
393 2295 422 2322 ln
440 2299 514 2323 terra
538 2300 643 2328 autem,
659 2298 706 2324 ubi
722 2298 855 2326 humi/iam

931 2301 1004 2329 typus
1019 2292 1134 2323 Christi,
1152 2291 1180 2318 ln
1194 2299 1248 2326 qua
1261 2291 1327 2318 ferae
1338 2290 1463 2317 omnium
1477 2290 1605 2324 gentium
1628 2290 1711 2318 simul

73 2338 202 2372 seipsum,
221 2339 291 2365 servi
320 2339 435 2373 formam
461 2342 602 2375 accipiens,
618 2342 775 2370 voluntarie
793 2343 853 2370 dedi

932 2343 1034 2370 :oactze,
1049 2346 1064 2365 e
1081 2337 1153 2365 malo
1169 2337 1276 2365 diluvio
1289 2335 1447 2364 conservati
1469 2343 1567 2362 sumus
1591 2343 1642 2370 per
1666 2343 1712 2363 co-

73 2383 180 2417 primas
192 2389 289 2418 partes
318 2389 449 2419 tanquam
472 2387 587 2421 proprio
603 2395 654 2414 suo
671 2388 794 2423 corpori,
815 2389 869 2416 Ec-
920 2386 1054 2417 lumbam,
1068 2391 1169 2419 nempe
1196 2391 1246 2418 per
1259 2382 1406 2419 Spiritum.
1423 2381 1503 2411 Unde
1530 2382 1615 2410 etiam
1646 2391 1713 2410 con-

73 2428 179 2456 clesiae:
196 2429 260 2456 dico
276 2434 369 2457 autem
388 2432 521 2465 mysterio
539 2432 724 2467 baptismatis.
743 2433 868 2466 Quomo-
920 2433 992 2460 fceta
1009 2436 1137 2459 cstivarca:
1153 2429 1282 2461 latitudo,
1307 2428 1512 2464 quinquaginta
1527 2428 1689 2456 cubitorum
1703 2450 1711 2462 ,

72 2473 108 2500 do
120 2474 196 2501 enim
210 2474 237 2501 in
255 2475 335 2502 caelis
349 2476 451 2503 ostium
463 2483 588 2504 nostrum
606 2483 635 2505 et
653 2479 698 2506 via
709 2479 742 2506 ad
756 2480 866 2507 Patrem
922 2483 953 2505 ut
969 2478 1131 2513 quoniama
1147 2475 1354 2504 mathematicis
1371 2482 1508 2502 numerus
1522 2475 1668 2510 quinarius
1683 2480 1713 2504 t-t

71 2524 115 2547 est
131 2520 273 2552 Christus.
293 2521 329 2548 ita
340 2523 423 2549 etiam
437 2523 465 2549 in
482 2527 565 2554 terra.
582 2524 684 2551 ostium
701 2529 827 2552 nostrum
840 2529 868 2553 et
921 2525 1180 2560 quinquagenarius
1192 2521 1550 2558 justusdicitur.Aul‘ereus
1566 2521 1640 2548 enim
1652 2522 1714 2556 qui-

71 2567 115 2592 via
123 2566 158 2593 ad
171 2567 283 2593 Patrem
296 2573 337 2594 est
348 2568 495 2602 baptisma,
509 2569 543 2596 ad
554 2569 696 2598 Christum
710 2579 760 2606 per
771 2571 868 2599 Eccle-
921 2571 1021 2597 uarius
1032 2575 1154 2605 quatuor
1166 2577 1229 2607 qua;
1244 2571 1309 2595 sunt
1325 2567 1399 2602 apud
1414 2575 1525 2600 novem,
1545 2572 1573 2595 et
1594 2568 1711 2602 conjun-

71 2611 141 2642 siam
157 2621 164 2638 :
183 2617 212 2638 et
225 2619 258 2638 ea
272 2612 306 2639 de
318 2621 400 2640 causa
415 2619 479 2641 ante
494 2616 587 2642 omnia
598 2636 605 2648 ,
620 2621 649 2644 et
662 2617 718 2643 vita
731 2617 867 2644 etvivens
920 2625 988 2652 gens
999 2624 1063 2644 cum
1077 2617 1194 2648 unitate,
1205 2623 1237 2642 ea
1247 2615 1362 2642 deducit
1377 2614 1410 2642 ad
1425 2615 1602 2650 quinarium:
1616 2619 1645 2642 et
1660 2615 1713 2642 tria

70 2658 162 2685 anima
171 2658 334 2685 ostenditur
346 2667 379 2686 ex
389 2668 458 2694 aqua
467 2665 495 2688 et
506 2661 621 2696 Spiritu,
631 2667 659 2690 et
669 2670 753 2697 super
764 2666 864 2689 terram
920 2671 982 2698 qua:
1005 2668 1071 2690 sunt
1100 2663 1127 2690 in
1148 2663 1305 2694 octonario,
1333 2666 1361 2689 ct
1376 2669 1550 2697 componens
1561 2670 1624 2690 cum
1643 2661 1713 2688 duo-

71 2703 285 2735 manifestatur,
301 2704 413 2732 dicente
430 2705 505 2733 Deo:
524 2707 648 2734 Educant
669 2717 746 2743 aqua-
760 2709 866 2744 rcptilin
919 2709 982 2740 bus,
996 2717 1028 2736 ea
1043 2709 1106 2735 facit
1120 2709 1256 2743 quinque,
1268 2713 1296 2735 et
1307 2707 1362 2734 duo
1376 2715 1438 2742 quae
1456 2712 1521 2735 sunt
1538 2708 1565 2734 in
1580 2711 1709 2741 septena-

70 2751 227 2784 animarum
243 2751 396 2783 viventium,
409 2757 435 2778 et
450 2752 568 2780 volucres
582 2754 701 2781 rotantes
715 2763 795 2789 super
812 2759 866 2781 ter-
920 2755 973 2787 rio,
983 2759 1048 2782 ctea
1058 2755 1230 2790 conjungens
1239 2754 1443 2785 cumteruario,
1456 2753 1522 2780 facit
1532 2751 1710 2787 quinquc.Et

70 2804 139 2827 mm,
153 2795 303 2823 secundum
318 2797 520 2830 ﬁrmamentum
534 2799 602 2826 ca-li.
622 2800 722 2827 Dicant
736 2800 803 2827 Inibi
818 2801 865 2834 qui
920 2808 1005 2827 unum
1018 2808 1032 2827 a
1044 2798 1164 2832 senario,
1181 2803 1208 2827 et
1222 2800 1396 2834 conjungens
1409 2806 1472 2825 eum
1488 2801 1619 2832 quatuor,
1642 2795 1709 2823 facit

68 2843 220 2869 attendunt
237 2841 324 2868 solam
340 2843 461 2870 litteram
475 2844 635 2880 Scriptum,
650 2853 733 2881 quam
749 2845 785 2873 ob
801 2853 867 2873 cau-
919 2845 1052 2880 quinque.
1067 2844 1201 2872 Similiter
1217 2843 1301 2871 etiam
1315 2842 1514 2878 quinquaginta
1526 2841 1591 2868 facit
1606 2841 1707 2868 adver-

67 2895 126 2916 sam
144 2888 173 2914 in
189 2887 273 2921 aquis
292 2888 405 2922 quidem
423 2889 530 2918 dictum
547 2895 587 2918 est
604 2891 766 2926 pluraliter:
791 2891 865 2919 Edu-
918 2898 966 2918 sus
981 2898 1029 2918 eos
1047 2890 1094 2926 qui
1122 2890 1212 2925 ipsum
1232 2888 1404 2924 prteredunt,
1428 2891 1457 2915 et
1484 2894 1532 2915 eos
1548 2885 1598 2922 qui
1617 2886 1726 2922 ipsum.

100 2980 123 2996 "
136 2978 212 3007 Psal.
232 2986 307 3012 λιιι,
328 2979 366 3007 ll.
