1977 3246
186 237 281 281 ita
294 243 321 281 ῖ-

803 242 832 270 S.
849 239 1049 270 ANASTASII
1075 240 1239 270 SLV'AITIK

1793 239 1847 270 916

206 285 376 330 statuuntur:
389 295 492 323 Eadem
507 297 617 324 ratione
629 296 753 324 Ecclesia
768 304 880 331 quoque
899 296 998 331 praedi-
1014 298 1035 324 A
1051 303 1226 331 nequaquam
1239 305 1299 324 eam
1312 296 1448 331 impertiit
1462 296 1657 323 benedictione
1665 304 1688 323 'n
1700 308 1707 322 ι
1734 296 1784 324 sed
1796 305 1846 325 eos

207 346 251 367 eat
266 347 330 367 cum
344 345 459 375 peccato
478 342 615 369 diluvium
644 342 719 377 quod
742 342 828 369 Deum
851 342 998 377 justiticat,

206 387 457 422 ctejusjustitiam
479 397 540 423 quae
557 389 627 416 tollit
646 397 662 416 e
691 389 784 417 medio
813 397 876 423 qua:
900 394 998 416 contra

207 441 262 460 nos,
273 438 339 460 sunt
365 433 541 461 inimicitias.
556 434 614 462 Noe
641 443 753 470 quoque
775 434 936 469 quingentis
948 441 998 461 au-

207 478 252 516 iis
272 479 392 506 atditicat
418 487 522 511 arcam,
560 481 703 515 quoniam,
721 489 784 508 cum
807 480 833 507 in
849 479 1000 514 quinquies

208 524 358 551 millesimo
372 533 446 552 anno
464 526 589 553 vertisset
605 534 695 554 novus
712 527 782 559 Noe,
801 526 906 561 incepit
932 533 999 553 con-

205 576 316 598 struere
329 578 420 598 arcam
438 571 580 599 Ecclesiae.
898 567 901 570 ’

241 617 301 644 Non
318 623 360 645 est
379 622 472 646 autem
485 619 608 646 alienum
624 624 788 647 exterarum
803 629 915 656 quoque
927 629 998 648 arcte

205 671 398 691 mensurarum
421 665 595 694 meminisse.
621 666 746 701 Triginta
776 667 890 701 quidem
916 667 997 694 cubi-

206 717 295 737 torum
304 715 365 738 erat
380 719 452 738 arcae
462 712 593 744 altitudo,
603 717 631 739 et
640 712 742 740 deinde
761 713 874 740 redacta
884 717 945 740 erat
962 713 996 740 ad

205 757 423 784 unumcubitum
437 767 443 784 :
458 759 589 793 quoniam
605 759 729 786 Ecclesia
745 759 998 794 quoquepraedicat

205 808 261 830 tres
275 803 437 839 liypostases
454 810 479 832 et
492 811 619 832 naturam
639 813 721 832 unam
735 806 817 832 unius
830 805 916 832 solius
929 805 976 832 Dei
989 815 994 831 :

204 850 326 877 latitudo
343 856 436 878 autem
457 852 659 887 quinquaginta
670 852 843 883 cubitorum,
862 852 994 886 quoniam

204 897 265 924 illos
280 898 360 925 valde
379 899 528 934 permistos
547 899 669 926 ferarum
693 899 877 925 animantium
903 903 930 925 et
946 898 996 924 im-

203 943 357 975 peritarnm
380 945 504 980 gentium
523 953 631 980 greges,
653 942 774 972 ternario
791 945 996 979 multiplicibus
1013 965 1033 992 Β

203 989 374 1017 centenariis
390 990 477 1024 legem
495 990 590 1018 docuit
603 990 728 1017 Ecclesia
753 994 781 1017 et
803 989 992 1021 conservavit,

203 1035 323 1060 naturali
351 1035 529 1062 multifariam
546 1034 699 1069 multisque
717 1035 808 1062 modis
834 1035 993 1061 attraltente

203 1081 304 1115 scripta
326 1085 354 1107 et
378 1081 504 1116 mystica.
533 1080 616 1108 Multa
641 1085 733 1107 autem
760 1080 992 1115 quinquagenarii

203 1126 313 1153 nun'neri
338 1127 497 1154 invenimus
523 1126 646 1162 symbola
674 1126 806 1153 Ecclesia:
838 1126 865 1152 in
889 1125 994 1152 divinis

203 1172 366 1207 Seripturis.
381 1173 449 1200 Nam
463 1173 490 1200 in
500 1172 733 1207 quinquagesimo
751 1179 823 1198 anno
834 1171 909 1198 Deus
923 1178 994 1205 prze—

202 1217 277 1251 cepit
287 1217 384 1244 lsraeli
397 1217 425 1244 in
440 1225 543 1252 genere
559 1216 710 1251 perfectam
727 1221 754 1242 ct
767 1215 924 1242 absolutam
943 1214 993 1240 de-

203 1261 323 1287 litorum
338 1262 532 1288 remissionem
552 1266 579 1288 et
593 1261 840 1291 condonationem,
861 1267 893 1286 ac
915 1259 986 1286 libe-

202 1307 338 1334 rationem
367 1315 464 1335 eorum
487 1307 534 1342 qui
561 1311 641 1334 erant
669 1315 756 1341 super
783 1311 897 1333 terram.
928 1305 992 1332 llaec

201 1352 276 1379 enim
306 1352 374 1379 dicit
393 1353 466 1380 Deus
488 1353 515 1379 in
536 1352 680 1380 Levitico:
708 1351 878 1386 Sanctiﬁcate
892 1359 993 1378 annum

201 1399 396 1434 quinquaginta
410 1407 554 1430 annorum,
580 1404 604 1425 et
617 1398 782 1434 proclanmte
814 1398 992 1424 remissionem

200 1453 280 1478 super
299 1451 398 1473 terram
412 1446 532 1472 omnibus
546 1447 591 1481 qui
605 1454 663 1472 eant
690 1446 823 1477 habitant,
841 1453 941 1472 annum
953 1453 994 1471 re-

202 1491 334 1518 missionis
344 1491 383 1523 '°;
401 1499 432 1518 ea
443 1495 485 1518 est
497 1491 558 1526 ejus
576 1490 753 1526 significatio.
775 1489 881 1517 llcbrasi
900 1489 992 1524 itaque

201 1545 348 1565 numerum
388 1537 651 1572 quinquagesimum
690 1541 792 1563 vocant
823 1536 992 1568 Jobelazum,

200 1582 274 1616 quod
291 1583 404 1618 quidem
430 1582 634 1617 interpretatur
660 1581 842 1608 misericordia
864 1585 911 1608 aut
931 1588 992 1607 con-

1051 343 1166 377 reliquit
1190 343 1296 378 absque
1322 343 1537 370 benedictione:
1553 348 1621 370 tunc
1637 350 1770 378 tanquam
1786 352 1845 371 me-

1050 389 1113 417 dius
1126 393 1204 416 statis
1216 389 1346 416 Christus
1360 389 1436 416 inter
1449 389 1592 416 terrestria
1611 393 1638 416 et
1663 390 1770 417 marina
1782 391 1844 418 ani-

1050 435 1164 472 mantia,
1179 435 1252 462 etad
1277 443 1383 470 eaquae
1398 440 1462 462 sunt
1486 443 1501 462 e
1529 440 1604 462 terra
1628 436 1720 470 genita
1747 437 1846 464 oculos

1050 481 1185 516 defigens,
1202 486 1230 509 et
1249 482 1359 509 dicens:
1382 481 1439 508 Nisi
1462 483 1521 516 quis
1544 482 1623 516 fuerit
1650 488 1795 516 generatus,
1813 491 1845 510 ex

1050 535 1121 562 aqua
1139 532 1163 554 et
1175 527 1287 562 Spiritu,
1300 528 1346 562 qui
1358 528 1446 555 fertur
1455 535 1540 562 super
1550 535 1662 562 aquam,
1673 537 1724 554 non
1734 529 1845 556 intrabit

1048 576 1075 602 in
1089 576 1327 610 regnumctelorum
1342 577 1379 607 ”;
1398 584 1487 610 neque
1518 575 1565 602 fiet
1595 583 1645 610 per
1671 576 1843 610 columbam,

1049 629 1150 656 nempe
1180 630 1229 656 per
1242 621 1392 656 Spiritum,
1424 622 1549 648 volucris
1571 622 1654 649 cteli:
1679 631 1772 656 neque
1789 622 1845 650 Ra-

1048 668 1134 702 pietur
1162 668 1188 694 in
1203 668 1313 694 nubisz
1339 668 1444 695 obviam
1465 668 1532 694 mihi
1557 668 1585 694 in
1610 677 1675 694 aera
1685 669 1720 695 “.
1737 669 1765 696 Si
1783 669 1842 696 ltzec

1048 718 1142 740 autem
1176 722 1231 741 non
1258 714 1296 741 ita
1320 713 1391 741 facta
1416 719 1483 741 sunt
1511 720 1539 741 et
1565 714 1760 749 praefigurata;
1783 715 1840 746 die,

1047 759 1133 793 879
1167 767 1183 785 ο
1208 759 1324 794 Moyses,
1355 767 1478 790 causam,
1508 763 1536 785 et
1564 759 1600 785 ob
1631 759 1705 793 quod
1744 767 1844 794 pecea-

1049 811 1106 832 tum
1121 805 1147 832 in
1165 806 1250 832 Deum
1275 805 1438 837 admissum,
1456 810 1617 831 manserunt
1631 813 1730 839 pecora
1745 811 1773 832 et
1787 811 1844 832 ter-

1048 858 1084 876 ne
1115 850 1266 877 animantia
1283 850 1387 884 absque
1400 849 1606 876 benedictione.
1625 849 1771 882 Quomodo
1793 859 1842 881 au-

1049 899 1103 921 tem
1119 899 1146 921 et
1159 895 1269 929 reptilia
1283 903 1343 930 quae
1356 900 1421 922 sunt
1432 895 1549 922 rationis
1561 894 1685 929 expertia
1703 900 1731 922 et
1747 901 1842 923 mente

1047 942 1180 973 carentia,
1207 947 1234 968 et
1249 942 1349 976 pisces,
1365 946 1393 968 et
1420 941 1548 968 volucres
1571 946 1724 975 potuerunt
1742 942 1842 968 audire

1037 984 1095 1014 'Dei
1110 994 1206 1014 vocem
1221 992 1247 1014 et
1266 987 1489 1014 benedictionem
1503 995 1564 1021 qua:
1579 987 1715 1013 dabatur?
1740 989 1841 1014 Annon

1047 1037 1090 1060 est
1107 1033 1284 1060 manifestum
1297 1033 1369 1068 quod
1384 1033 1442 1059 lia-e
1464 1033 1628 1067 proplietice
1648 1032 1826 1067 prtediceban

1048 1084 1093 1106 tur
1109 1078 1143 1106 de
1167 1079 1327 1106 hominibus
1339 1079 1385 1114 qui
1418 1079 1594 1114 baptizantur
1618 1078 1644 1105 in
1669 1078 1841 1106 Christum?

1047 1125 1107 1159 Ipsa
1130 1129 1223 1151 autem
1245 1125 1334 1152 series
1358 1125 1510 1159 Scriptura:
1527 1124 1682 1151 secundum
1704 1125 1840 1156 litterarii,

1047 1171 1168 1198 ostendit
1185 1171 1259 1206 quati
1274 1171 1307 1197 de
1335 1171 1498 1198 hominibus
1529 1171 1638 1197 ratione
1673 1170 1799 1204 prmditis
1813 1176 1843 1197 et

1046 1217 1147 1243 animis
1165 1216 1368 1243 immortalibus
1384 1216 1443 1243 hate
1458 1224 1472 1243 a
1495 1216 1550 1242 Deo
1577 1215 1761 1250 jubebantur.
1779 1215 1840 1241 Non

1046 1265 1120 1291 enim
1136 1264 1204 1291 dixit
1217 1264 1305 1290 Deus:
1319 1263 1472 1290 Producant
1485 1271 1561 1298 aqme
1570 1262 1675 1297 raptilia
1690 1269 1840 1296 corporum

1046 1310 1249 1337 animatorum:
1279 1317 1342 1336 nam
1370 1309 1471 1336 animal
1500 1314 1529 1336 et
1553 1317 1655 1343 corpus
1682 1308 1841 1343 significant
1883 1307 1885 1311 ⁴

1047 1357 1133 1391 ipsam
1146 1363 1175 1382 se
1185 1359 1343 1382 moventem
1367 1359 1394 1381 et
1407 1355 1518 1381 vitalem
1543 1355 1680 1381 animam:
1709 1353 1758 1380 sed
1778 1355 1840 1380 ani-

1046 1410 1151 1428 marum
1164 1400 1315 1429 viventium.
1330 1399 1357 1426 id
1373 1404 1424 1430 cst,
1456 1407 1510 1426 non
1538 1399 1728 1426 morientium.
1754 1399 1839 1433 Atqui

1045 1446 1162 1481 piscium
1185 1450 1214 1472 et
1232 1445 1378 1472 volucrum
1399 1445 1499 1471 animae
1530 1453 1584 1470 non
1604 1450 1669 1471 sunt
1695 1443 1838 1483 viveqles,

1045 1491 1092 1518 sed
1122 1491 1294 1518 morientes:
1314 1490 1429 1526 Sanguis
1454 1490 1539 1520 enim,
1568 1490 1669 1524 inquit.
1694 1495 1731 1516 est
1746 1491 1839 1516 anima

1045 1538 1100 1572 ejus
1150 1545 1158 1569 ;
1176 1537 1267 1564 anima
1279 1541 1371 1563 autem
1392 1537 1500 1567 vivens,
1517 1536 1574 1563 sola
1592 1541 1636 1562 est
1653 1541 1748 1562 nostra
1777 1544 1840 1570 qua:

1045 1589 1087 1611 est
1102 1583 1208 1610 ratione
1222 1582 1348 1618 prmdita.
1368 1582 1464 1609 Factus
1486 1587 1523 1609 est
1539 1583 1625 1612 enim,
1643 1582 1745 1616 inquit,
1762 1582 1840 1608 Immo

200 1630 320 1655 donatio.
336 1629 394 1656 Hoc
412 1629 487 1656 enim
505 1628 590 1655 modo
613 1628 740 1663 psalmus
757 1635 869 1662 quoque
885 1626 991 1654 condo-
1006 1641 1027 1670 α
1044 1631 1070 1657 in
1084 1630 1203 1656 animam
1214 1627 1416 1659 uit-t-Iiteni"-";
1431 1627 1563 1662 quoniant
1582 1627 1707 1654 futurum
1731 1632 1794 1653 erat
1810 1632 1841 1654 ut

206 1674 322 1702 nationis
346 1678 373 1700 et
402 1674 579 1701 remissionis
618 1674 724 1708 peccati
753 1673 859 1705 David,
888 1673 992 1700 dicitur

199 1721 464 1756 quinquagesimus:
483 1725 525 1747 est
554 1720 630 1747 enim
648 1719 802 1747 verisimile
832 1725 897 1747 ante
917 1720 993 1747 hunc

199 1774 346 1792 lt‘tlllet‘tlll‘l
376 1770 424 1792 aut
456 1765 541 1792 etiam
571 1769 635 1800 p0st
667 1765 802 1799 scriptum
833 1773 894 1792 esse
918 1765 992 1792 hunc

200 1813 337 1845 psalmum
353 1813 539 1840 remissionis.
554 1811 617 1839 Hinc
632 1816 724 1838 autem
740 1811 833 1838 omnia
849 1815 914 1838 sunt
926 1819 990 1838 vera

200 1864 226 1885 l'l
246 1863 322 1886 certa
337 1859 526 1894 przefiguratio
547 1859 624 1886 illius
646 1858 736 1893 quinti
767 1858 822 1886 diei
838 1858 991 1885 hebdoma-

198 1903 252 1934 ιῖές,
278 1904 305 1930 in
321 1912 378 1938 quo
393 1904 518 1932 ascendit
533 1904 560 1930 in
578 1904 675 1935 caelos,
687 1907 715 1930 et
730 1903 758 1930 in
773 1904 860 1930 altum
878 1908 920 1930 est
932 1904 991 1930 cla-

200 1952 245 1973 tzis
261 1947 306 1974 Sol
331 1947 446 1981 justitiaa
463 1947 602 1974 Christus.
621 1947 654 1974 Et
683 1946 916 1982 quinquagesimo
946 1947 991 1974 die

199 1991 275 2019 misit
288 1991 438 2026 Spiritum:
465 2000 515 2027 per
534 2000 647 2027 aquam,
662 1992 788 2027 inquam,
805 1996 833 2020 et
857 1992 991 2027 Spiritum

200 2046 280 2066 suum
299 2038 622 2073 largitusremissionetn
641 2043 831 2073 peccatorum.
849 2039 882 2066 Et
894 2041 991 2074 quinto

200 2085 245 2111 die
256 2091 364 2111 coenam
377 2083 455 2111 dedit
468 2084 626 2119 mysticam,
643 2092 705 2119 qua:
720 2085 804 2112 solvit
819 2085 912 2112 omnia
928 2093 993 2120 pec-

199 2134 272 2157 «ata.
294 2130 385 2157 llabes
400 2138 467 2165 ergo
484 2135 608 2165 apertam
623 2131 813 2159 ostensionem
827 2139 877 2159 cur
893 2132 995 2166 quinto’

199 2184 233 2202 cx
246 2183 294 2203 sex
312 2176 422 2209 diebus,
437 2184 514 2211 aqum
531 2177 559 2203 in
574 2177 679 2212 quibus
690 2178 919 2212 superferebatur
931 2178 992 2212 Spi-

201 2222 281 2253 ritus,
308 2222 386 2250 vivas
406 2227 565 2258 genuerunt
579 2223 705 2250 animas:
722 2223 806 2250 nobis
826 2223 991 2258 praesignifi-

200 2273 295 2295 rantes
310 2269 550 2303 regenerationem
568 2277 630 2303 qua:
646 2268 676 2296 tit
690 2276 740 2303 per
756 2276 856 2303 aquam
884 2272 912 2296 et
927 2269 991 2303 Spi-

1044 1683 1255 1704 renasccremur
1278 1683 1328 1710 per
1356 1682 1456 1710 aquam
1483 1678 1511 1701 et
1542 1674 1690 1709 Spiritum.
1721 1673 1840 1701 Omnem

1044 1723 1137 1758 itaque
1165 1722 1320 1749 orationem
1343 1721 1481 1748 convertit
1511 1720 1544 1747 ad
1563 1721 1686 1751 animas;
1701 1725 1729 1747 et
1746 1721 1838 1752 dicit,

1042 1773 1105 1804 post
1122 1768 1291 1803 baptismum
1323 1773 1351 1794 et
1365 1775 1427 1801 qua:
1441 1775 1475 1793 ex
1508 1766 1569 1801 ipso
1591 1766 1702 1793 exsistit
1719 1766 1838 1799 gratiam

1042 1819 1069 1841 et
1082 1813 1328 1844 illuminationem,
1342 1820 1390 1839 eos
1402 1812 1448 1847 qui
1460 1816 1525 1838 sunt
1541 1811 1671 1846 baptizati
1688 1811 1759 1838 (εΠῖςί
1775 1811 1838 1838 ani-

1043 1860 1145 1887 mantia
1162 1867 1217 1886 non
1232 1859 1372 1885 viventia:
1386 1859 1523 1889 utetiam,
1539 1858 1641 1892 inquit,
1659 1865 1763 1891 corpus
1774 1865 1838 1884 cum

1042 1906 1135 1933 anima
1152 1905 1310 1932 reviviscat.
1326 1905 1379 1931 Sed
1409 1904 1539 1931 animalia
1565 1904 1622 1930 sola
1647 1908 1711 1930 sunt
1727 1903 1838 1930 anima-

1043 1960 1103 1978 rum
1120 1951 1290 1981 viventium;
1318 1949 1353 1976 de
1383 1950 1475 1976 anima
1497 1949 1571 1976 enim
1590 1949 1648 1975 sola
1669 1948 1704 1974 ab
1717 1955 1752 1974 eo
1770 1952 1839 1974 tem.

1042 2005 1109 2031 pore
1125 2001 1186 2031 post
1202 1996 1372 2030 baptismum
1386 1995 1530 2029 loquitur:
1549 2002 1611 2021 eam
1631 1994 1705 2021 enim
1723 1999 1836 2028 oportet

1043 2042 1148 2072 vivere‘,
1166 2047 1194 2068 et
1206 2050 1261 2068 non
1281 2049 1383 2076 corpus
1400 2049 1463 2068 cum
1479 2049 1510 2068 ea
1528 2050 1534 2067 :
1549 2041 1659 2075 corpori
1681 2041 1757 2067 enim
1771 2046 1837 2068 sunt

1043 2088 1197 2115 inimicitia:
1208 2088 1342 2115 adversus
1353 2088 1452 2115 Deum.
1463 2087 1582 2121 chtilia
1596 2095 1662 2122 ergo
1673 2087 1729 2114 sint
1743 2087 1776 2113 iis
1790 2086 1837 2121 qui

1043 2134 1239 2168 baptilantur;
1255 2137 1387 2167 tanquam
1401 2132 1434 2158 ad
1452 2133 1501 2159 Dei
1514 2132 1661 2158 obsonium
1680 2131 1762 2158 electi
1778 2132 1838 2166 pis-

1043 2187 1089 2207 ces
1106 2180 1153 2214 qui
1170 2179 1349 2206 adducuntur
1365 2179 1399 2205 ab
1415 2179 1449 2205 iis
1464 2178 1510 2213 qui
1530 2178 1608 2212 prius
1617 2181 1695 2204 erant
1714 2177 1838 2211 piscato-

1043 2233 1099 2255 res.
1117 2232 1192 2252 nunc
1213 2229 1307 2251 autem
1319 2223 1450 2258 apostoli.
1473 2222 1526 2250 Sed
1542 2223 1599 2249 sint
1611 2223 1693 2249 etiam
1706 2223 1836 2249 volucres

1045 2271 1063 2297 ii
1077 2271 1125 2306 qui
1145 2274 1258 2297 sursiun
1276 2270 1407 2297 feruntur
1419 2273 1450 2296 ut
1470 2269 1538 2295 [iant
1551 2269 1663 2295 obviam
1677 2267 1790 2295 Christo
1808 2268 1835 2294 in

201 2315 295 2341 ritum.
308 2315 338 2342 In
354 2315 440 2341 altum
453 2315 528 2341 enim
547 2314 575 2341 in
588 2314 667 2342 ccelis
683 2315 772 2342 elatus
791 2314 837 2342 Sol
853 2314 900 2349 qui
916 2315 990 2342 cadit
1008 2313 1029 2340 D
1043 2325 1119 2344 aere,
1148 2316 1211 2344 llaec
1236 2320 1328 2343 autem
1351 2320 1434 2342 erunt
1460 2315 1482 2342 εἰ
1506 2315 1541 2342 ab
1560 2322 1631 2349 aqua
1659 2314 1837 2348 baptismatis

199 2361 252 2388 sub
264 2361 478 2395 intelligentiam
493 2361 577 2396 (sicut
593 2361 633 2387 sol
655 2360 766 2387 sensilis
784 2360 811 2387 in
830 2361 991 2388 firmamen-

199 2414 239 2441 Io,
265 2408 387 2442 desuper
410 2408 531 2434 demisso
561 2407 589 2434 in
603 2414 690 2442 aquas
707 2415 758 2434 suo
778 2407 879 2443 radio),
896 2408 990 2435 statim

199 2455 267 2484 fecit
282 2454 523 2488 regenerationem
538 2461 600 2488 qua:
610 2458 653 2480 est
672 2461 722 2488 per
748 2461 846 2488 aquam
859 2458 887 2480 et
903 2454 992 2489 Spiri-

201 2507 270 2533 tum,
288 2504 477 2535 congruenter
492 2499 517 2526 ei
531 2499 605 2534 quod
628 2499 735 2526 dictum
763 2505 825 2527 est:
848 2500 882 2527 Et
904 2501 992 2527 mittes

199 2547 330 2581 Spiritum
354 2552 439 2578 tuum,
462 2549 487 2572 et
507 2546 680 2577 creabantur,
702 2550 727 2572 ct
742 2545 880 2573 renavubis
895 2546 989 2580 faciem

199 2599 278 2620 terra:
295 2593 328 2619 ".
343 2593 397 2619 Per
412 2593 486 2619 hunc
497 2599 575 2627 ergo,
590 2597 618 2619 et
633 2600 686 2619 non
703 2600 753 2627 per
767 2592 887 2627 aliquem
902 2592 988 2619 alium

199 2638 312 2666 modum
324 2658 330 2670 ,
348 2645 381 2665 ex
395 2638 475 2673 aquis
487 2637 600 2672 quidem
614 2638 722 2673 genitas
747 2639 855 2665 animas
877 2638 988 2673 (nempe

199 2693 249 2720 per
265 2684 438 2720 baptismum
467 2685 657 2720 regeneratas)
679 2685 825 2712 benedixit
847 2685 921 2712 Deus
944 2685 989 2712 di-

199 2739 268 2758 cens
283 2739 289 2758 :
305 2730 420 2758 Crescite
432 2734 457 2757 et
475 2730 702 2766 multiplicamini,
719 2735 744 2757 et
763 2731 860 2766 replete
891 2739 988 2766 aquas.

199 2777 399 2805 Animantibus
413 2782 506 2804 antem
526 2781 555 2804 et
569 2777 704 2812 jumentis
729 2782 757 2805 et
777 2776 844 2804 feris
858 2785 920 2812 qure
936 2777 989 2804 viri

199 2828 277 2857 sunt,
290 2825 526 2859 serpentibusque
540 2828 569 2851 et
582 2824 730 2852 venenatis
749 2823 921 2855 hominibus,
943 2823 991 2858 qui

199 2875 266 2898 sunt
288 2871 430 2906 peregrini
445 2876 475 2898 et
497 2871 580 2898 alieni
605 2879 620 2898 a
646 2870 826 2906 generatione
849 2869 992 2905 baptismi,

236 2927 258 2942 °°
267 2927 355 2955 chit.
375 2937 437 2956 xxv.
455 2929 496 2955 10.

207 2961 230 2976 ’⁸
244 2962 316 2991 l‘sal.
337 2972 415 2992 nxv.
443 2965 482 2991 lt).

535 2930 555 2944 τ’·
572 2929 641 2956 Psal.
658 2936 712 2960 CIII,
740 2929 783 2956 δελ.

835 2928 857 2944 ⁹¹
873 2927 952 2955 Joan.
965 2934 1004 2958 nt,
1020 2927 1044 2953 5.

1043 2363 1136 2390 educti
1151 2363 1287 2389 fuerimus
1299 2362 1422 2396 reptilia,
1437 2361 1484 2388 sed
1495 2361 1650 2387 animarum
1666 2359 1835 2386 viventium:

1043 2409 1101 2435 sola
1114 2408 1217 2439 anima,
1233 2413 1295 2443 post
1309 2408 1464 2442 baptisma;
1479 2407 1651 2441 suscipiente
1667 2405 1790 2432 studium
1803 2405 1835 2431 ad

1043 2454 1171 2487 meliora,
1185 2458 1213 2480 et
1229 2454 1276 2480 tali
1290 2454 1444 2480 constituta
1462 2453 1554 2488 qualis
1571 2451 1716 2479 exieritex
1740 2459 1833 2486 aqua;

1043 2505 1071 2527 et
1088 2508 1142 2527 non
1168 2500 1293 2527 exierant
1310 2499 1421 2534 reptilia
1444 2499 1599 2526 animarum
1615 2497 1782 2527 viventium,
1800 2505 1835 2523 ne

1046 2547 1245 2574 babeaturulla
1257 2554 1323 2574 cura
1336 2546 1473 2581 cerporis.
1487 2546 1553 2572 Nam
1564 2545 1585 2571 si
1598 2545 1708 2571 dicatur
1721 2543 1834 2574 animal.

1045 2593 1212 2628 intelligitur
1224 2593 1298 2628 quod
1314 2593 1397 2620 simul
1416 2593 1472 2619 sint
1483 2598 1585 2626 corpus
1597 2595 1625 2617 et
1636 2590 1738 2616 anima.
1752 2589 1789 2616 Ea
1802 2589 1835 2615 de

1043 2647 1127 2666 causa
1141 2639 1175 2666 ab
1196 2638 1276 2666 initio
1294 2638 1416 2674 Spiritus
1430 2638 1573 2664 ferebatur
1592 2642 1722 2670 tanquam
1740 2635 1835 2662 anima

1044 2688 1140 2714 \ivens
1152 2693 1237 2721 super
1250 2693 1363 2720 aquam,
1382 2691 1483 2718 aquam
1502 2682 1646 2709 viviﬁcans
1662 2686 1690 2709 et
1708 2689 1833 2708 movens.

1081 2733 1229 2767 Propterea
1240 2731 1332 2758 divina
1345 2738 1455 2765 quoque
1465 2729 1607 2763 Scriptura
1623 2728 1681 2754 lucc
1691 2729 1748 2754 duo
1759 2727 1835 2762 ponit

1045 2779 1125 2805 simul
1140 2777 1295 2812 congenita,
1323 2781 1452 2810 tanquam
1471 2774 1589 2802 animam
1611 2778 1638 2801 et
1653 2781 1765 2807 corpus,
1787 2772 1836 2799 ali‘

1046 2823 1157 2858 quando
1171 2823 1283 2858 quidem
1295 2821 1392 2848 dicens
1407 2829 1413 2847 :
1429 2820 1507 2854 Apud
1521 2825 1546 2846 te
1562 2820 1671 2854 (nempe
1687 2818 1833 2853 Spiritum,

1047 2874 1176 2904 tanquam
1191 2867 1287 2902 Deum)
1300 2871 1338 2894 est
1353 2867 1412 2902 [om
1432 2867 1492 2893 vita
1502 2866 1534 2892 ’⁸.
1552 2864 1709 2899 Aliquando
1720 2868 1812 2891 autem
1826 2869 1832 2889 :

1096 2925 1118 2941 ’⁵³
1134 2926 1142 2952 l
1156 2925 1252 2952 Thess.
1281 2932 1316 2957 iv,
1333 2922 1374 2950 l6.
1424 2919 1485 2938 "-"
1500 2921 1570 2952 Gen.
1589 2924 1620 2948 n,
1637 2915 1664 2941 7.

1542 2961 1551 2973 Ι
