1977 3232
74 205 125 239 9Π

633 209 672 239 IN
694 210 972 240 ΗΕΧΑΕΜΕΗΟΝ.
995 223 1029 227 -
1052 211 1124 241 LIB.
1150 212 1181 242 ν.

1668 208 1720 241 Sis

74 264 163 292 Nubit
180 265 295 298 spiritus
308 265 376 299 ejus,
388 269 412 291 et
424 266 507 300 ﬂuent
521 273 598 300 aqua:
609 266 643 292 ".
656 267 789 293 Dominus
806 274 875 301 quo-
891 271 911 296 Δ.
926 268 1054 294 viventem
1068 276 1076 294 :
1102 275 1156 295 una
1178 273 1221 295 est
1239 267 1314 295 enim
1338 272 1366 295 et
1388 267 1487 295 similis
1514 267 1644 295 omnibus
1670 267 1719 294 ho-

75 319 129 346 que
139 310 228 337 dicit:
241 310 294 342 Qui
306 311 390 338 credit
405 312 434 338 io
450 319 491 337 me
503 311 612 346 (nempe
628 317 715 338 totum
728 311 875 347 Spiritum,

76 357 98 384 si
117 357 204 384 fuerit
222 357 416 390 incrassatus),
435 358 505 384 sicut
520 358 581 384 dicit
597 357 747 392 Scriptura,
760 359 835 394 ﬂuvii
846 367 878 385 ex

76 407 168 430 centre
178 403 236 438 ejus
251 404 336 438 [luent
349 411 426 438 aqua:
440 404 501 430 vitae
511 403 545 430 ".
560 403 696 431 Similiter
707 405 792 431 etiam
810 405 878 432 dicit

77 448 270 478 Samaritanm.
290 448 395 483 Aquam
413 456 464 483 ego
487 450 509 475 ei
524 449 602 480 dabo,
620 449 667 484 qui
682 457 742 476 sum
761 450 878 484 spiritus

79 500 211 530 tauquam
227 496 312 527 Deus,
328 500 354 523 et
369 503 418 522 eos
434 496 482 530 qui
494 504 536 523 me
551 496 680 529 adorant,
698 498 725 524 in
739 498 835 532 spiritu
853 502 878 523 et

79 543 191 569 raritate
208 547 314 577 oportet
330 542 455 574 adorare,
471 547 495 570 et
511 542 529 577 ﬁ
542 547 557 569 ἰ
572 544 596 570 εἰ
610 543 668 578 {ous
683 545 743 571 vitaz
756 544 878 570 salientia

80 588 107 614 in
120 589 201 614 vitam
214 591 346 615 cateruam
359 589 393 615 ‘9.
410 589 501 615 Prima
518 596 585 624 ergo
597 589 663 621 vita,
682 589 834 616 viventium
846 597 879 616 ex

80 634 171 669 aquis.
191 634 232 661 Ex
255 634 297 661 eis
312 639 355 661 est
375 634 506 669 cognitus
519 635 626 669 primus
642 635 779 662 adventus
791 635 880 670 Spiri-

82 685 136 710 tus,
152 688 216 706 nam
235 688 319 715 super
331 688 378 707 eas
394 681 546 708 ferebatur.
561 681 653 708 Prima
666 682 836 709 resurrectio
846 690 879 709 ex

81 727 122 754 eis
144 727 217 754 facta
229 733 272 754 est
289 736 338 762 per
352 728 450 755 Jonam
470 737 476 754 :
495 728 520 755 in
534 728 576 755 eis
590 733 634 756 est
653 729 788 756 absconsa
805 738 879 756 mar-

81 773 169 807 garita
191 774 300 808 paterni
328 773 454 808 fulgoris.
481 774 534 801 Per
563 774 712 801 Jordanem
740 774 810 802 facta
837 781 881 802 est

82 821 212 854 purgatio
234 825 386 852 creatune;
413 827 445 846 ex
471 820 551 854 aquis
573 820 642 847 facta
671 825 714 847 est
739 820 879 848 fructttum

81 866 269 900 germinatio:
287 874 320 892 ex
334 867 413 900 aquis
427 866 479 893 fuit
494 866 616 900 paradisi
636 866 772 900 irrigatio.

116 912 188 938 Ante
211 913 305 938 omnia
320 919 398 946 aqua:
416 912 444 938 in
461 911 600 946 principio
618 915 788 946 acceperunt
806 911 878 938 lucis

83 958 328 989 illuminationem,
344 963 374 984 ut
390 966 452 993 qum
475 958 615 985 ferrentur
628 966 713 992 super
729 962 830 985 terram
848 962 878 984 et

81 1012 143 1031 eam
168 1004 307 1031 alluerent
321 1011 353 1030 ac
370 1003 520 1038 tingerent,
541 1008 570 1030 et
592 1003 792 1038 propemodum
808 1010 879 1036 pra:-

83 1049 210 1076 dicarcnt
233 1055 344 1075 onmem
365 1048 515 1075 humanam
540 1052 670 1074 naturam
684 1055 746 1082 qua:
757 1047 880 1074 eratba-

83 1095 223 1130 ptizanda.
246 1094 430 1127 Quamobrem
455 1094 539 1121 tertio
556 1094 601 1121 die
618 1101 693 1128 aqua.
706 1092 832 1120 ascendit
846 1100 879 1119 ex

84 1141 225 1176 baptismo
237 1140 374 1175 ejusmodi
386 1148 534 1175 aquarum,
551 1145 582 1167 ut
596 1147 657 1174 qua
673 1140 700 1166 in
714 1139 879 1166 Trinitatem

84 1187 175 1214 Patris
201 1190 229 1213 et
252 1186 313 1213 Filii
333 1190 361 1213 et
379 1185 501 1220 Spiritus
522 1185 610 1213 sancti
635 1185 774 1219 baptizata
792 1183 829 1211 sit
853 1188 881 1210 et

84 1232 246 1259 crediderit.
271 1231 358 1264 Quam
383 1231 496 1266 quidem
517 1239 585 1258 cum.
599 1231 673 1258 Deus
695 1235 823 1265 tanquam
847 1238 880 1257 ex

85 1279 177 1313 aliqua
206 1285 341 1312 aquarum
364 1277 470 1312 piscina
496 1276 650 1307 eduxisset,
684 1276 777 1303 statim
802 1275 882 1311 jubet

85 1325 159 1352 ferre
184 1325 302 1356 fructus,
330 1324 530 1352 convenienter
559 1323 689 1358 Baptistae
699 1323 810 1353 Joanni,
833 1323 881 1357 qui

85 1372 120 1398 iis
129 1372 178 1406 qui
190 1371 402 1406 baptizabantur
417 1370 594 1406 pnecipiebat
604 1374 632 1397 et
649 1369 759 1396 dicebat
773 1378 779 1396 :
792 1369 882 1396 Facite

87 1418 186 1453 {ructus
208 1418 301 1453 dignos
325 1419 486 1452 pmm‘tentiw
505 1418 529 1450 ';
554 1417 613 1452 ipse
637 1424 749 1452 quoque
774 1416 880 1448 dicens,

86 1464 220 1491 Germiuct
248 1470 320 1491 terra
339 1466 446 1490 herbam
469 1464 531 1498 feni,
550 1468 574 1490 et
593 1464 694 1497 lignum
715 1462 882 1497 fructiferum

85 1510 185 1544 faciens
197 1510 324 1544 fructum.
342 1511 476 1537 Existimo
500 1510 615 1536 herbam
632 1517 694 1536 esse
709 1513 881 1544 peccatores,

85 1556 159 1591 ligna
185 1556 342 1586 fructifera,
354 1556 460 1590 justus;
474 1555 522 1582 Dei
535 1563 602 1583 voce
616 1555 697 1582 nobis
710 1555 882 1589 significante

929 314 1063 346 minibus,
1081 322 1096 342 e
1118 319 1192 341 terra
1213 314 1304 350 genita
1326 319 1354 342 et
1376 315 1497 342 carnalis
1521 315 1662 349 generatio
1687 322 1720 340 ex

929 360 1047 388 muliere
1066 369 1072 387 :
1091 360 1117 387 in
1142 360 1222 395 aquis
1237 365 1329 387 autent
1354 364 1469 395 propter
1486 360 1669 395 spiritualem,
1687 367 1720 388 ex

930 407 1008 441 ipsis,
1024 407 1196 442 baptismatis
1217 407 1354 435 diversam
1371 407 1620 441 regenerationem,
1636 407 1720 433 dicit:
1739 436 1744 441 ἡ

930 453 1094 485 Producant,
1119 453 1219 487 inquit.
1238 461 1315 488 aqum
1336 453 1442 487 reptilio
1461 453 1615 479 animarum
1636 452 1724 478 viven-

930 499 1005 525 tium.
1025 498 1084 525 Alia
1105 498 1180 525 enim
1206 498 1349 533 egreditur
1372 498 1462 526 anima
1486 506 1519 525 ex
1541 498 1659 532 piscina,
1675 498 1721 532 qui

930 545 1048 574 sincere,
1061 551 1095 570 ex
1115 545 1208 571 animo
1224 549 1252 571 et
1269 544 1352 572 corde
1365 549 1408 571 est
1420 545 1577 580 baptizatus
1592 553 1598 577 ;
1612 549 1654 571 est.
1670 544 1723 571 alia

930 590 1022 617 anima
1039 590 1062 617 is
1078 590 1124 624 qui
1144 597 1207 617 cum
1222 590 1396 617 dubitatione
1411 591 1528 618 accessit
1543 590 1575 618 ad
1591 591 1722 624 gratiam;

930 640 957 662 et
975 636 1026 662 alia
1044 636 1135 663 anima
1148 635 1170 663 is
1184 636 1230 670 qui
1246 636 1376 662 tentando
1388 636 1505 663 accessit
1516 636 1549 663 ad
1568 644 1725 663 sacramen-

933 687 1003 714 tum,
1019 688 1049 709 ut
1068 682 1163 709 Simon
1188 682 1291 717 Magus,
1319 683 1352 708 de
1381 690 1436 717 quo
1459 683 1564 709 dictum
1591 687 1633 709 est
1649 691 1654 708 :
1669 682 1724 709 Ba-

934 730 1048 764 ptizatus
1075 733 1113 755 est
1139 729 1223 756 etiam
1249 728 1339 755 Simon
1365 727 1460 764 Magna
1485 729 1505 760 ',
1535 732 1564 755 et
1599 727 1725 755 ascendit

931 775 1020 809 qualis
1038 774 1181 801 descendit
1201 783 1207 800 :
1223 775 1274 801 hoc
1293 779 1344 806 est,
1364 782 1418 801 non
1437 774 1619 800 illuminatus.
1638 774 1726 800 Aliter

930 821 1004 847 enim
1028 820 1155 852 afﬁcitur,
1189 821 1215 847 in
1238 821 1272 847 iis
1295 821 1358 848 dico
1389 820 1435 854 qui
1462 820 1650 854 baptizantur,
1677 827 1726 846 cor

931 866 1043 901 gentilis
1066 870 1093 892 et
1110 865 1233 898 barbari,
1249 866 1296 901 qui
1318 871 1361 893 est
1384 866 1496 892 oumiuo
1511 866 1625 900 ignarus
1643 864 1725 892 Chrio

932 911 1068 939 stianismi
1090 915 1119 938 et
1142 911 1350 946 Scriplurarum
1371 911 1437 943 Dei;
1454 915 1481 938 ct
1503 911 1558 938 alio
1571 911 1663 937 animo
1678 918 1725 938 ac-

931 958 1006 985 cedit
1023 959 1046 985 is
1061 958 1107 993 qui
1121 963 1164 985 est
1180 958 1325 986 institutus
1335 963 1363 985 et
1379 958 1507 985 initiatus
1521 958 1547 985 in
1566 958 1725 993 cognitione

931 1010 959 1032 et
974 1005 1169 1039 intelligentia,
1193 1009 1220 1032 et
1245 1010 1375 1039 tanquam
1394 1005 1473 1038 prius
1497 1004 1670 1031 illuminatus
1697 1004 1724 1030 in

931 1051 1034 1079 Christi
1049 1055 1232 1082 sacramento.
1244 1051 1321 1078 Unde
1338 1058 1445 1083 rursus,
1461 1058 1523 1077 cum
1541 1051 1706 1085 baptismate
1717 1071 1724 1082 ,

932 1098 1102 1133 propheticis
1126 1097 1352 1129 charismatihus,
1382 1101 1409 1124 et
1437 1097 1550 1133 linguis,
1578 1102 1605 1125 et
1626 1097 1723 1132 signis.

931 1149 959 1171 et
975 1143 1206 1179 praenotionibus,
1223 1143 1298 1178 digni
1313 1143 1401 1170 habiti
1417 1148 1480 1170 sunt
1497 1143 1623 1170 nonnulli
1642 1151 1675 1170 ex
1691 1143 1725 1170 iis

932 1191 979 1226 qui
990 1190 1147 1225 cognitione
1160 1190 1308 1217 illuminati
1317 1190 1488 1217 acoedebant
1498 1190 1531 1217 ad
1540 1190 1722 1225 baptismum,

933 1237 1025 1264 statim
1050 1237 1140 1264 effecti
1168 1236 1203 1263 ab
1227 1236 1289 1263 aliis
1308 1236 1412 1263 diversi
1435 1240 1463 1263 et
1490 1235 1598 1263 mutati.
1620 1236 1724 1263 Novam

932 1288 1024 1311 autem
1044 1283 1115 1310 hanc
1125 1283 1328 1317 baptizatorum
1348 1282 1381 1309 ad
1399 1290 1431 1309 ea
1449 1289 1512 1316 quze
1527 1286 1592 1309 sunt
1610 1282 1725 1309 meliora

933 1329 1115 1356 mulationem
1129 1327 1288 1363 signiﬁcans
1300 1327 1478 1362 Soljustitize,
1497 1326 1613 1353 mutavit
1626 1334 1724 1361 aquam

934 1375 1029 1405 maris.
1054 1381 1114 1400 eam
1132 1373 1207 1400 intus
1223 1377 1252 1399 et
1264 1377 1342 1399 extra
1361 1373 1459 1399 salsam
1479 1372 1598 1399 reddens
1613 1381 1619 1398 :
1636 1380 1725 1407 quan-

933 1419 1081 1454 doquidem
1102 1419 1141 1445 sal
1162 1423 1205 1445 est
1219 1418 1340 1445 Verbum
1358 1418 1417 1449 Dei,
1434 1418 1534 1445 tollens
1549 1425 1632 1445 (nunc
1647 1418 1727 1444 virus

933 1469 961 1492 et
977 1472 1087 1492 omnem
1102 1464 1228 1491 fauorem
1247 1469 1405 1498 expurgans
1427 1468 1455 1490 et
1481 1463 1724 1497 putrefactionem,

934 1519 1051 1546 corpora
1077 1510 1248 1541 custodiens,
1277 1509 1348 1537 cibis
1366 1509 1553 1539 benefaciens,
1581 1513 1610 1536 et
1628 1517 1725 1543 panem

934 1557 1074 1584 cmlestcm
1097 1555 1207 1582 uniens.
1227 1555 1305 1582 Unde
1328 1559 1355 1582 et
1369 1554 1496 1582 Christus
1524 1554 1558 1581 iis
1573 1554 1726 1588 exprobrat

85 1602 159 1637 quod
180 1607 243 1637 post
268 1602 438 1637 baptismum
456 1602 663 1637 generaltuntur
677 1601 801 1636 quaedam
814 1608 883 1628 escm
897 1609 917 1637 ε
934 1604 980 1638 qui
994 1603 1033 1630 sal
1053 1602 1190 1637 ejusmodi
1215 1602 1241 1629 iu
1266 1609 1295 1628 sc
1312 1609 1366 1628 non
1384 1601 1487 1627 habent
1509 1604 1536 1627 et
1552 1599 1724 1627 custodiunt.

85 1655 218 1682 pecorum
247 1652 276 1675 et
317 1648 483 1679 daemonum,
512 1651 539 1675 et
558 1647 628 1683 ignis
652 1647 767 1674 materia
790 1655 823 1673 ex
839 1655 882 1673 so-

86 1694 178 1721 cordia
195 1701 228 1720 ac
252 1694 418 1728 negligentia
438 1699 566 1728 tanquam
587 1694 661 1724 feno,
691 1700 744 1720 non
760 1693 812 1719 hoc
827 1693 882 1719 Deo

83 1740 210 1775 iubente,
235 1740 283 1767 sed
309 1740 382 1775 quod
408 1742 534 1766 futurum
555 1744 617 1766 crat
639 1739 880 1774 praesigniticantc.

85 1785 218 1813 Nonnulli
240 1792 331 1813 autem
357 1791 487 1821 tanquam
507 1786 535 1812 in
566 1785 726 1812 nemoribus
749 1789 777 1812 et
794 1785 881 1812 hortis

86 1832 209 1859 fructum
235 1832 366 1864 ferentes,
383 1833 469 1859 veluti
494 1832 520 1858 in
541 1832 624 1859 trium
641 1831 770 1862 arborum
795 1831 880 1865 ligno,

86 1879 302 1906 subinclinatam
320 1878 462 1905 habebunt
476 1886 587 1905 crucem
601 1885 683 1912 quam
694 1877 882 1912 complectan-

87 1930 140 1956 tur,
163 1932 227 1959 qme
241 1925 408 1960 germinavit
423 1919 455 1951 ei
479 1922 683 1959 Iribusliguis;
707 1924 778 1951 bene
806 1924 882 1951 colo-

87 1977 174 1998 ratum
196 1971 384 2005 producentes
402 1971 524 1998 fructum
553 1971 653 1998 animae
677 1970 880 1997 sanctificatio—

87 2025 160 2048 nem,
176 2017 319 2044 Christum
332 2017 518 2048 invocantem,
536 2017 621 2052 quiin
635 2017 727 2044 crucis
741 2024 775 2044 ex
791 2017 881 2043 tribus

87 2064 236 2092 arboribus
257 2063 392 2091 confecta)
409 2063 485 2099 ligno
500 2063 669 2090 recubuerat
682 2066 711 2089 et
722 2062 881 2089 obdormie-

87 2116 137 2138 rat.
164 2111 248 2138 Forte
265 2110 339 2137 enim
354 2111 427 2137 sicut
439 2110 522 2137 tertio
544 2110 600 2141 die,
616 2109 709 2136 herbae
722 2113 750 2135 et
767 2108 881 2136 arbores

87 2157 228 2192 frugifera:
251 2161 316 2183 sunt
338 2161 419 2191 typus
433 2161 609 2191 peccatorum
623 2159 652 2182 ct
670 2156 826 2190 iustorum;
843 2155 880 2181 ita

85 2203 169 2230 etiam
182 2203 210 2229 in
221 2202 321 2237 quinto
335 2202 379 2229 die
393 2203 545 2237 proposito,
558 2202 649 2236 pisces
664 2202 775 2236 quidem
791 2202 837 2236 qui
853 2202 879 2228 in

85 2256 156 2283 aqua
180 2249 330 2283 tinguntur
350 2253 379 2275 et
396 2256 451 2275 non
473 2249 631 2283 suscipiunt
645 2256 740 2275 auram
757 2255 807 2275 nec
825 2248 881 2282 spi—

85 2299 147 2321 rant
167 2294 299 2329 spiritum
315 2294 362 2328 qui
385 2294 473 2321 fertur
495 2302 579 2329 super
600 2302 711 2328 aquam,
728 2299 793 2321 sunt
817 2302 880 2329 pec—
898 2282 920 2310 ί)

84 2345 194 2368 calores
212 2341 260 2375 qui
280 2341 364 2368 etiam
391 2346 454 2375 post
475 2341 642 2376 baptismum
662 2341 689 2368 in
705 2342 878 2376 voluptatum

83 2387 224 2422 profundo
239 2392 267 2414 et
285 2387 416 2414 fluctibus
433 2391 607 2421 permanent,
630 2393 659 2414 et
675 2387 783 2422 peccati
800 2388 878 2414 virus

84 2439 139 2459 non
161 2432 366 2468 deposuerunt,
391 2441 480 2468 neque
505 2433 597 2461 Solem
621 2434 735 2469 justitire
765 2442 881 2469 aspexe-

85 2482 161 2509 runt,
188 2485 281 2512 neque
305 2479 363 2505 alas
377 2479 512 2506 columba:
530 2479 640 2514 (nempe
656 2479 781 2514 spiritus)
802 2487 881 2507 acce-

84 2528 206 2557 perunt;
230 2528 258 2551 et
280 2524 344 2551 ideo
369 2533 424 2551 non
442 2529 559 2559 possunt
578 2526 690 2552 evolare
718 2525 745 2552 in
765 2526 877 2558 coelum,

84 2569 131 2596 sed
155 2574 352 2597 remanserunt
373 2571 493 2606 reptilia,
511 2576 538 2598 et
564 2579 618 2598 non
636 2575 701 2598 sunt
724 2571 816 2598 effecti
830 2579 881 2598 vo-

83 2615 175 2643 lucres
198 2617 272 2644 sicut
295 2616 375 2651 justi.
398 2617 522 2650 Quorum
549 2617 660 2652 quidem
678 2617 878 2644 virulentorum

85 2665 112 2689 et
135 2662 299 2689 fcetidorum
322 2663 438 2697 piscium
457 2671 506 2690 rex
529 2667 581 2693 est,
603 2671 730 2698 magnum
757 2663 824 2690 illud
851 2667 880 2690 et

83 2707 237 2742 malignum
254 2712 343 2738 cetus,
361 2707 395 2734 de
415 2715 470 2742 quo
491 2708 564 2735 Deus
575 2708 644 2735 dicit
662 2708 732 2735 Jobo
749 2717 756 2734 ε
777 2708 826 2735 Hic
841 2713 878 2735 εει

83 2759 130 2778 rex
157 2753 278 2779 omnium
305 2753 351 2787 qui
375 2757 439 2780 sunt
465 2754 493 2780 in
515 2754 592 2788 aquis
617 2755 637 2781 '.
658 2754 792 2781 Existimo
811 2762 878 2789 ergo

80 2798 156 2832 q'tod
168 2798 221 2825 hac
236 2797 271 2824 de
282 2806 375 2827 causa.
389 2798 416 2825 in
429 2800 608 2833 generatione
621 2799 733 2833 quidem
753 2799 879 2826 animan-

84 2850 150 2870 uum
169 2851 204 2870 ex
217 2847 302 2875 terra,
319 2843 389 2871 Deus
405 2844 475 2871 dixit
492 2853 498 2871 :
518 2844 651 2872 Producat
667 2850 739 2872 terra
757 2846 877 2872 auinmm

113 2901 136 2915 "'
156 2900 229 2927 Psal.
249 2907 345 2929 curn.
372 2902 412 2928 ⁸3.

80 2943 136 2968 vm,
166 2936 210 2962 13.

452 2902 474 2917 °‘
493 2902 571 2929 Joan.
598 2911 641 2934 vn,
661 2903 705 2930 58.

251 2936 260 2950 ⁸
284 2936 350 2963 .Ioan
378 2945 397 2969 ι,
420 2937 460 2964 l3.
499 2938 508 2952 '
525 2937 602 2965 Joan.
629 2947 687 2972 vtu,
714 2939 757 2966 ii.

744 2904 766 2919 δ’
785 2903 862 2930 Joan.
888 2910 925 2934 tv,
947 2900 990 2933 ‘33,
1010 2901 1050 2928 li.

970 1650 1018 1677 Est
1046 1649 1172 1684 quaedam
1188 1648 1363 1675 admirabilis
1382 1647 1454 1674 ratio
1477 1647 1504 1673 in
1521 1651 1620 1673 natura
1638 1653 1727 1680 aqua-

933 1704 1005 1727 rum,
1033 1695 1113 1722 valde
1131 1695 1258 1730 apposita
1281 1699 1309 1721 et
1329 1693 1500 1721 conveniens
1521 1692 1722 1727 regenerationi

932 1742 1117 1776 baptismatis,
1136 1748 1197 1776 qua:
1219 1740 1248 1767 [it
1273 1740 1333 1766 sine
1360 1739 1466 1767 semine
1490 1743 1519 1766 ct
1536 1739 1726 1774 corruptione.

932 1787 1011 1819 Nam,
1030 1791 1061 1813 ut
1078 1787 1176 1814 dicunt
1200 1787 1246 1822 qui
1262 1791 1365 1813 norunt
1382 1786 1506 1820 piscandi
1529 1791 1629 1818 artem,
1645 1785 1728 1814 habet

932 1833 1044 1868 quidem
1063 1833 1179 1867 piscium
1196 1832 1294 1860 natura
1311 1833 1496 1860 masculinum
1518 1836 1546 1860 et
1563 1832 1727 1859 femininum

932 1886 1029 1906 sexum
1046 1884 1183 1910 natantes,
1201 1884 1229 1906 et
1249 1880 1321 1906 inter
1345 1887 1374 1906 se
1390 1886 1445 1906 non
1473 1883 1591 1911 coeunt;
1607 1879 1654 1906 sed
1668 1879 1728 1905 sine.

932 1926 1037 1953 semine
1062 1933 1095 1952 ex
1112 1932 1182 1960 aqua
1209 1931 1236 1953 et
1257 1926 1355 1960 spiritu
1370 1925 1455 1952 veluti
1472 1925 1599 1960 pariunt;
1614 1925 1727 1959 proprie

931 1976 960 1999 et
977 1972 1036 1998 sine
1054 1971 1238 2002 dubitatione,
1253 1979 1287 1997 eo
1311 1971 1439 2005 exemplo
1453 1970 1625 2004 significante
1643 1969 1727 2004 spiri-

933 2019 1035 2046 tualem
1050 2023 1078 2045 et
1102 2019 1161 2045 sine
1181 2018 1285 2044 semine
1300 2021 1425 2043 nostram
1442 2024 1474 2043 ex
1491 2023 1562 2050 aqua
1582 2021 1610 2043 et
1626 2016 1725 2050 spiritu

931 2064 1151 2100 generationem,
1173 2063 1206 2090 de
1219 2071 1272 2098 qua
1284 2063 1392 2090 dictum
1415 2067 1457 2089 cst
1471 2071 1477 2088 τ
1492 2063 1549 2089 Non
1566 2071 1598 2089 ca:
1614 2064 1727 2098 sangui-

932 2111 1017 2140 m'bus,
1030 2117 1112 2145 neque
1126 2117 1157 2136 ex
1172 2108 1307 2136 voluntate
1321 2109 1381 2140 uiri,
1393 2108 1438 2135 sed
1449 2116 1480 2135 ex
1497 2108 1551 2135 Deo
1567 2109 1624 2135 nati
1635 2113 1695 2135 sunt
1707 2109 1725 2136 ‘.

932 2156 1031 2183 Dicttnt
1046 2160 1139 2182 autem
1153 2159 1181 2182 et
1197 2154 1375 2186 testudinem,
1393 2162 1455 2189 qme
1466 2154 1580 2186 dicitur,
1593 2159 1621 2181 et
1634 2162 1728 2181 mure-

932 2209 994 2228 nam
1019 2201 1113 2228 coire:
1136 2200 1184 2227 sed
1203 2199 1277 2235 quod
1298 2208 1392 2227 rarum
1415 2207 1468 2233 est,
1482 2207 1538 2227 non
1561 2204 1603 2227 est
1617 2200 1659 2226 lex
1678 2200 1728 2227 lie—

932 2246 1033 2274 clesize.
1049 2247 1103 2274 Sed
1121 2247 1253 2281 quoniam
1269 2251 1387 2281 utraque
1404 2246 1463 2274 hzec
1479 2246 1608 2274 animalia
1623 2247 1727 2274 marina

935 2297 962 2320 et
977 2293 1117 2323 coeuntia,
1133 2293 1160 2319 in
1175 2296 1275 2319 terram
1289 2300 1322 2319 ex
1333 2293 1414 2326 aquis
1426 2292 1619 2327 egrediuntur.
1642 2292 1727 2319 vitam

933 2338 1036 2372 degunt
1057 2337 1206 2371 ancipitem
1231 2341 1258 2364 et
1282 2345 1336 2364 non
1351 2328 1450 2364 vivunt
1471 2345 1546 2364 more
1568 2337 1727 2364 natatilium

933 2383 1126 2410 animantium.
1141 2381 1219 2409 Unde
1234 2389 1266 2408 ea
1282 2383 1393 2417 quidem
1409 2390 1468 2418 qua:
1482 2382 1586 2410 dicitur
1600 2390 1726 2415 murena,

932 2437 947 2456 e
964 2430 1033 2456 mari
1045 2428 1191 2463 egrediens
1208 2428 1274 2461 coit,
1291 2434 1321 2456 ut
1335 2430 1425 2460 aiunt,
1442 2437 1505 2457 cum
1524 2435 1654 2463 serpente
1672 2437 1728 2456 ma-

935 2476 1006 2503 rino.
1034 2476 1142 2503 Etenim
1169 2477 1330 2511 quicunque
1357 2477 1457 2503 nolunt
1487 2481 1593 2511 patrem
1626 2476 1728 2502 habere

935 2521 1093 2552 Dominum,
1111 2526 1264 2548 ctmatrem
1282 2521 1428 2556 piscinam,
1444 2521 1492 2548 sed
1510 2520 1572 2547 ﬁcte
1588 2525 1615 2547 et
1641 2520 1728 2547 simu-

935 2567 999 2597 late,
1021 2571 1050 2594 ut
1073 2568 1178 2599 Simon,
1207 2567 1344 2594 accedunt
1369 2567 1403 2594 ad
1429 2566 1608 2601 baptismum,
1628 2565 1646 2592 ii
1674 2564 1727 2592 sibi

934 2621 1032 2641 rursus
1057 2619 1162 2648 patrem
1185 2613 1328 2640 ascribunt
1351 2613 1492 2640 diabolum
1507 2613 1651 2647 antiquum
1667 2619 1727 2638 ser-

934 2664 1054 2694 pentem,
1073 2663 1100 2686 et
1117 2659 1244 2690 audiunt,
1271 2659 1320 2686 Vos
1347 2667 1378 2686 ea:
1402 2663 1478 2694 patre
1504 2663 1596 2686 vestro
1622 2658 1726 2684 diabolo

933 2705 995 2731 estis
1009 2705 1030 2736 ⁵,
1047 2709 1074 2732 et
1088 2705 1226 2740 abnegant
1250 2712 1349 2739 aquam
1367 2705 1492 2740 piscinze.
1508 2705 1568 2731 Non
1585 2703 1659 2730 enim
1676 2709 1726 2728 na-

933 2756 1049 2779 scuntur
1061 2751 1088 2778 in
1103 2758 1134 2778 ca
1145 2759 1153 2784 ;
1165 2755 1192 2778 et
1209 2751 1375 2778 accedentes
1395 2751 1421 2778 in
1436 2756 1549 2780 terram.
1567 2748 1725 2782 suscipiunt

933 2798 1139 2832 generationem
1160 2804 1221 2832 qme
1239 2801 1282 2824 est
1301 2796 1475 2824 conversatio
1494 2800 1522 2822 et
1535 2794 1591 2820 vita
1612 2792 1725 2819 minime

933 2843 1096 2875 illuminata,
1121 2851 1184 2870 nam
1203 2851 1287 2878 supra
1309 2851 1418 2878 aquam,
1443 2848 1497 2867 non
1514 2846 1596 2873 supra
1622 2843 1724 2865 terram

1094 2903 1100 2918 ¹
1123 2901 1218 2928 Matth.
1237 2909 1275 2934 ιιι,
1306 2901 1333 2928 8.
1371 2901 1381 2915 ¹
1400 2898 1450 2926 Job
1480 2906 1533 2930 xu,
1556 2897 1600 2924 25.
1642 2897 1723 2926 ’.ὶςμ
