1990 3183
190 149 243 183 919

791 153 820 182 S.
840 154 1039 183 ANASTASII
1060 154 1221 185 SlNAlTE

1772 151 1828 184 920

191 213 274 240 super
289 204 422 240 [erebutur
439 205 565 241 Spiritus.
591 207 712 235 Testudo
727 213 830 241 autem,
849 213 978 244 tanquam
996 212 1015 239 Α
1031 211 1076 244 qui
1092 211 1181 244 ipsum
1192 218 1288 237 rursus
1303 214 1444 237 evomunt.
1460 209 1514 237 Sed
1531 217 1585 236 non
1600 217 1665 237 eum
1685 208 1732 244 qui
1747 208 1829 244 prius

191 251 385 278 aversantibus
397 257 425 278 et
438 251 654 280 abhorrentibus
670 254 759 288 aquis,
777 254 838 288 ejus
856 254 978 289 iniquam

189 305 223 324 ex
243 297 347 324 semine
364 302 392 324 et
413 298 487 324 ﬂuxu
505 299 731 334 conceptionem,
749 300 776 326 in
795 299 866 326 hanc
880 304 980 327 terram

190 343 354 370 amandatur
371 348 399 370 ct
416 343 473 371 illic
491 353 541 372 ova
567 345 677 379 pariens
693 354 724 372 ea
742 346 873 378 occultat,
894 346 920 373 in
939 351 980 382 ty-:

191 397 255 423 pum
271 397 367 416 eorum
388 391 434 424 qui
460 398 556 417 revera
579 399 613 417 ex
630 399 699 426 aqua
726 391 899 426 baptismatis
916 400 982 419 ena-

192 439 250 462 tant
273 443 322 469 per
338 436 439 470 ipsum.
461 436 628 464 intrinsecus
658 441 750 464 autem
772 438 863 465 adhuc
892 439 982 466 celant

192 481 344 516 improbam
361 482 475 510 seminis
499 483 717 518 generationem,
742 488 770 511 et
795 489 908 519 propter
929 484 981 510 hu—

192 535 302 554 manum
324 527 394 555 forte
416 529 551 562 pudorem
570 537 630 556 eam
656 529 730 556 foras
757 537 812 556 non
839 530 981 557 emittunt.

192 573 277 600 Nemo
294 577 386 600 autem
407 573 524 601 irrideat
543 575 665 609 exempla
688 575 721 602 de
746 576 885 603 testudine
900 580 927 602 et
940 576 983 610 pi-

192 619 296 650 scibus,
320 620 437 647 audiens
461 620 581 648 divinam
601 621 783 655 Scripturam,
798 627 826 649 ct
845 631 980 655 vermcm.

192 669 220 692 et
242 671 399 700 serpentem
420 674 539 698 mneum,
555 667 639 702 880
654 671 682 694 et
696 668 814 699 leonem,
833 674 861 695 et
877 669 982 704 virgam

194 712 336 739 nominare
349 711 489 739 Christum
504 721 510 739 Ζ
527 713 573 747 qui
588 713 680 740 omnia
696 718 750 741 tum
766 714 870 748 abjecta
887 719 915 741 et
931 714 983 741 mi-

193 759 334 790 serabilia,
352 766 435 793 quam
451 760 569 786 maxima
585 759 651 786 fecit
668 760 695 786 iu
710 759 854 794 sapientia.

229 805 283 832 Sed
308 805 454 832 redeamus
469 806 503 833 ad
522 806 705 841 propositum,
731 814 826 833 rursus
845 810 984 832 sumentes

194 851 299 878 dictqu
312 851 460 879 Mosaicum
474 862 480 884 ;
500 853 567 880 dicit
579 853 664 883 enim,
682 852 716 878 Et
731 853 796 878 dixit
807 852 876 878 Deus
892 859 900 877 :
916 852 983 879 Pro-

193 897 292 926 rlucant
305 907 381 934 aqum
393 899 498 934 rcptilia
518 900 672 926 animarum
686 899 828 925 viventium
843 899 985 926 secundant

192 944 393 977 ﬁrmamentum
407 946 473 972 cazli.
486 946 519 972 Et
532 946 631 980 factum
648 950 685 972 cst
700 946 746 972 sic.
760 945 882 972 Collocat
898 946 986 980 pisres

193 995 257 1016 ante
282 990 419 1022 volucres,
443 991 539 1017 dicens
555 991 637 1017 nobis
654 991 727 1017 Deus
749 990 822 1025 quod
841 990 986 1025 reptilibus

193 1041 221 1063 et
243 1045 304 1072 qua:
320 1037 396 1064 humi
424 1042 452 1065 ct
474 1038 501 1065 in
521 1041 594 1064 terra
616 1043 763 1065 versantur
782 1038 892 1068 animis,
918 1038 987 1065 fiunt

193 1084 322 1111 volucres
346 1084 407 1112 coeli
440 1084 567 1112 volantes
592 1092 676 1119 super
704 1089 806 1111 torram
833 1083 986 1110 secundum

194 1130 398 1156 ﬁrmamentum
424 1131 504 1163 cceli;
526 1135 554 1157 et
577 1130 612 1158 ad
641 1130 822 1159 imitationem
850 1130 987 1162 omnium,

195 1172 366 1207 spiritualem
380 1175 540 1209 angelorum
555 1175 707 1202 ostendunt
718 1175 812 1202 vitam.
826 1175 986 1210 Cujusmodi

195 1224 236 1246 est
253 1219 299 1247 illa
315 1219 436 1247 volucris
450 1229 511 1255 quze
534 1221 639 1248 volavit
655 1229 741 1256 usque
757 1221 790 1248 ad
805 1222 916 1248 tertium
933 1230 988 1249 ca:-

195 1265 250 1291 lum
263 1269 291 1292 ct
304 1265 391 1293 dixit:
407 1266 505 1293 Nostra
516 1271 606 1293 autem
616 1267 779 1294 conversatio
795 1272 831 1294 est
844 1269 870 1294 in
885 1268 954 1295 civ/is
966 1268 986 1294 ⁸.

195 1312 248 1340 κει
274 1312 425 1339 Imitalorcx
446 1314 497 1340 mci
513 1313 546 1340 de
565 1317 665 1341 caetero
688 1318 785 1346 estote,
805 1315 873 1341 sicut
894 1319 917 1341 ct
942 1323 987 1349 ego

196 1359 293 1386 Christi
316 1360 336 1385 ".
365 1359 508 1392 Quomodo
532 1364 623 1387 autem
658 1360 768 1394 reptilia
796 1365 877 1387 vocat
899 1361 989 1395 piscos

195 1405 241 1438 qui
268 1404 370 1431 cadunt
392 1405 444 1431 sub
465 1404 695 1439 intelligentiam?
710 1404 817 1439 Repere
836 1405 908 1432 enim
925 1413 990 1439 pro-

197 1449 254 1484 prio
271 1449 374 1477 dicitur
400 1450 434 1477 de
460 1450 494 1477 iis
518 1458 581 1485 qua:
598 1450 748 1477 trahuntur
763 1454 791 1477 et
807 1456 922 1485 serpunt
940 1459 988 1486 per

196 1501 309 1529 terram,
333 1502 363 1524 ut
389 1505 512 1531 serpens.
536 1497 596 1529 Quo
619 1497 648 1524 ﬁt
682 1501 712 1523 ut
734 1497 799 1524 hinc
819 1498 859 1525 sic
883 1499 989 1532 perspi-

1032 257 1199 290 iullcxibilis,
1225 257 1323 284 didicit
1349 256 1436 291 magis
1464 263 1525 283 esse
1543 256 1689 291 benignus,
1702 256 1828 283 clemens

1031 308 1058 329 et
1072 303 1229 329 misericors
1239 302 1426 337 postCrucem
1441 309 1524 336 quam
1537 300 1682 336 ﬁgurabat,
1700 305 1728 328 et
1742 301 1829 328 trium

1031 349 1139 377 dierum
1160 349 1330 384 sepulturam
1345 357 1351 375 :
1367 348 1525 383 signiﬁcans
1550 356 1612 375 eum
1628 348 1676 383 qui
1694 348 1752 374 ham
1766 353 1831 375 erat

1032 403 1173 430 passurus,
1192 402 1243 429 pro
1260 394 1294 421 iis
1315 393 1487 421 intercedere
1505 393 1554 427 qui
1574 401 1637 420 eum
1657 393 1831 428 crueitigunt

1033 444 1061 468 et
1083 441 1163 467 malis
1178 439 1310 467 alliciunt.
1326 439 1480 466 Puerorum
1497 446 1608 473 quoque
1624 437 1770 466 Canticum
1786 438 1831 464 in-

1033 488 1110 514 ducit
1132 488 1189 522 ipsa
1209 492 1269 514 cete
1293 487 1379 513 Deum
1394 485 1569 515 honorantia.
1590 493 1653 511 cum
1667 485 1735 512 dicit
1752 495 1759 511 .'
1775 484 1830 511 Be—

1034 535 1221 566 nedicite,cetc
1245 538 1270 560 et
1299 534 1388 560 omnia
1411 540 1470 567 qua:
1493 536 1631 558 mouentur
1656 532 1683 558 in
1713 532 1789 566 aquis
1805 531 1830 562 ',

1035 581 1159 608 videntia
1182 588 1231 607 eos
1255 579 1302 614 qui
1326 579 1479 614 peccabant
1495 578 1636 613 suscipere
1651 578 1830 613 praedicatio—

1034 634 1108 657 nem,
1129 630 1157 652 et
1179 626 1272 652 statim
1295 625 1407 651 mutari.

1070 670 1124 698 Sed
1144 678 1206 698 cum
1228 670 1261 697 ad
1279 670 1353 697 hunc
1377 670 1507 697 dictionis
1532 673 1691 697 contextum
1706 669 1831 696 venisset

1036 716 1172 751 quispiam
1195 724 1228 743 ex
1244 715 1365 750 antiquis
1377 715 1592 750 expositoribus.
1609 715 1708 750 qua'rit
1730 723 1830 750 quam-

1035 763 1131 790 obrem
1162 763 1278 797 imperat
1301 762 1374 788 Deus
1396 767 1524 796 tanquam
1546 762 1686 796 aliquibus
1701 762 1773 793 aliis,
1788 762 1832 789 eis

1034 810 1134 845 jubcns
1144 814 1172 836 ct
1184 809 1278 836 dicens
1295 807 1521 843 :Multiplirrntur
1534 808 1672 840 volucres;
1686 816 1740 834 non
1754 807 1831 835 enim

1037 856 1069 882 ad
1087 855 1230 881 volucrum
1248 862 1394 889 personam
1411 854 1507 889 dirigit
1524 862 1690 885 sermonem,
1708 854 1781 880 sicut
1795 853 1831 880 ad

1038 901 1137 935 pisces.
1162 900 1186 926 ls
1207 903 1298 926 autem
1322 907 1385 926 eum
1403 899 1461 926 hzee
1482 899 1636 926 dubitasset
1653 904 1681 926 et
1703 900 1849 931 dixisset,,

1037 946 1149 980 exponit
1176 945 1250 980 quod
1271 953 1322 972 nos
1343 945 1407 972 hinc
1430 950 1557 979 oporteat
1573 946 1691 978 discere,
1707 945 1781 980 quod
1797 946 1832 972 iis

1037 992 1083 1026 qui
1104 991 1288 1026 baptizantur,
1311 995 1339 1017 et
1364 991 1398 1018 iis
1416 991 1534 1018 maxime
1557 992 1604 1026 qui
1634 991 1661 1018 in
1679 991 1833 1018 virtutibus

1037 1038 1130 1066 effecti
1148 1043 1212 1066 sunt
1233 1037 1376 1070 volucres,
1401 1045 1416 1064 a
1430 1038 1487 1065 Deo
1505 1037 1607 1065 dantur
1626 1038 1712 1065 sancti
1728 1038 1830 1072 angeli.

1038 1086 1084 1120 qui
1100 1093 1196 1112 eorum
1219 1093 1314 1112 curam
1338 1089 1435 1120 gerant
1449 1089 1477 1111 et
1493 1084 1657 1119 provideant
1672 1084 1705 1112 ad
1730 1085 1833 1111 illumi-

1038 1132 1190 1159 nationem.
1205 1131 1244 1159 Ad
1257 1139 1306 1159 eos
1321 1131 1395 1158 enim
1406 1131 1513 1166 jussum
1526 1130 1620 1166 dirigit
1632 1130 1715 1162 Deus,
1729 1131 1833 1165 jubens

1037 1185 1066 1206 et
1082 1179 1177 1206 dicens
1194 1182 1224 1205 ut
1239 1178 1458 1212 multiplicemur
1479 1177 1623 1209 volucres;
1643 1177 1696 1204 hoc
1715 1181 1766 1208 est,
1782 1177 1831 1212 qui

1038 1224 1160 1251 ctelestia
1185 1223 1295 1258 sapiunt
1311 1227 1339 1250 et
1357 1223 1471 1250 obeunt.
1490 1223 1551 1257 lpse
1569 1230 1681 1257 quoque
1696 1223 1832 1249 Dominus

1039 1269 1119 1296 nobis
1142 1269 1223 1297 tidem
1247 1269 1322 1302 facit,
1348 1273 1375 1296 et
1388 1269 1471 1296 docet
1487 1269 1598 1303 angelos
1621 1276 1681 1296 esse
1699 1269 1830 1296 custodes

1038 1323 1134 1342 eorum
1144 1315 1191 1348 qui
1205 1315 1322 1342 credunt
1339 1315 1365 1342 in
1378 1315 1478 1349 ipsum.
1494 1314 1566 1341 Dicit
1577 1315 1651 1341 enim
1663 1314 1829 1350 quihusdam

1040 1360 1219 1388 infidelibus:
1240 1360 1328 1387 Videte
1345 1369 1377 1387 ne
1393 1360 1544 1393 despiciatis
1567 1369 1652 1387 unum
1672 1369 1704 1387 ea;
1726 1361 1831 1395 pusillis

1039 1407 1095 1433 istis
1122 1408 1167 1442 qui
1180 1406 1288 1432 credunt
1302 1407 1329 1433 in
1344 1415 1394 1433 me.
1409 1406 1473 1433 Dico
1489 1407 1558 1433 enim
1573 1407 1644 1434 vobis
1658 1407 1728 1442 quod
1742 1405 1832 1442 angeli

1039 1461 1129 1479 eorum
1148 1457 1273 1488 perpetrm
1295 1453 1426 1487 aspiciunt
1442 1453 1536 1487 faciem
1553 1452 1643 1480 Patris
1659 1453 1710 1480 mei
1727 1453 1771 1488 qui
1793 1457 1832 1480 cu

1039 1498 1067 1524 in
1088 1497 1156 1524 caelis
1173 1498 1205 1524 ¹⁰.
1221 1498 1310 1532 Atque
1324 1498 1467 1525 sciendum
1481 1502 1523 1526 est
1535 1499 1646 1534 quidem
1663 1499 1736 1534 quod
1761 1499 1832 1526 nihil

196 1551 277 1570 cuum
294 1543 367 1578 quod
382 1543 528 1577 aenigmata
545 1543 670 1577 loquitur
685 1543 719 1570 de
735 1543 913 1574 animalibus,
925 1551 987 1578 qua:
1001 1550 1021 1578 ε
1038 1551 1072 1570 ex
1095 1544 1128 1571 iis
1141 1552 1202 1578 quze
1223 1548 1288 1570 sunt
1305 1549 1396 1570 creata
1416 1552 1463 1571 sex
1477 1543 1587 1575 diebus,
1602 1544 1687 1571 Deum
1706 1544 1832 1571 invenie-

197 1589 354 1616 rcferuntur
368 1589 402 1616 ad
419 1589 554 1616 homines.
577 1589 654 1616 Unde
676 1588 760 1616 etiam
781 1589 810 1615 in
828 1589 915 1616 libera
938 1597 986 1623 po-

198 1639 294 1662 testate
310 1642 392 1669 quam
418 1635 491 1662 Deus
504 1634 580 1663 dedit
595 1635 710 1667 Adamo,
735 1639 798 1662 ante
813 1640 910 1662 caetera
926 1635 986 1661 ani-

197 1681 300 1708 mantia
320 1685 348 1708 ct
371 1689 470 1716 pecora
487 1681 578 1715 posuit
591 1680 691 1715 pisces,
716 1680 831 1707 dicens:
848 1680 883 1706 Et
905 1681 988 1715 impe-

197 1732 255 1755 rata
280 1728 392 1762 piscibus
415 1728 512 1760 maris;
542 1727 643 1755 deinde
666 1726 735 1753 dicit
756 1735 763 1753 :
783 1726 816 1753 Et
841 1725 986 1752 volucribus

198 1773 266 1805 mli,
285 1773 438 1803 etomuibus
459 1773 604 1808 pecoribus,
622 1776 646 1802 et
665 1772 794 1800 universa:
811 1776 899 1804 terror,
915 1778 938 1799 et
955 1773 987 1800 iis

198 1828 256 1855 (καίει
276 1824 381 1855 reptant
395 1828 474 1855 super
488 1820 587 1855 ipsam.
606 1818 662 1848 Illis
678 1819 752 1847 enim
772 1822 814 1846 est
831 1812 988 1846 dominatus

199 1871 226 1893 et
246 1866 392 1901 imperavit
417 1866 555 1894 secundus
569 1865 666 1897 Adam,
682 1873 731 1900 per
743 1873 807 1893 suos
820 1865 986 1900 piscatores;

198 1913 323 1940 Christus
349 1919 457 1947 nempe,
486 1912 540 1940 illis
565 1913 613 1948 qui
639 1912 772 1940 sedebant
800 1911 827 1938 in
851 1910 988 1946 profundo

200 1959 369 1993 ignorantiae,
397 1959 425 1986 in
442 1959 563 1986 tenebris
583 1963 611 1986 et
642 1959 669 1985 in
690 1958 786 1985 umbra
808 1957 905 1984 mortis
924 1964 989 1992 gen-

201 2005 278 2038 tium,
296 2006 324 2033 in
341 2014 411 2042 quos
424 2013 521 2033 omnes
535 2005 671 2040 regnavit,
690 2009 719 2032 et
743 2012 859 2040 quorum
876 2012 924 2031 rex
937 2003 989 2030 fuit

201 2051 227 2079 in
243 2052 322 2086 aquis
339 2052 522 2087 baptismatis.

234 2098 269 2125 Et
286 2099 345 2134 fecit
360 2098 430 2126 Deus
444 2104 497 2126 cete
512 2107 621 2133 magna,
635 2102 659 2126 et
673 2105 777 2125 onmem
793 2098 912 2124 animam
926 2097 988 2123 ani-

200 2145 313 2172 malium
333 2145 468 2181 reptilium
482 2153 540 2181 qua:
556 2146 738 2181 produxerunt
754 2153 831 2180 aqua:
845 2144 988 2171 secundum

199 2201 249 2219 sua
269 2201 377 2227 genera,
402 2196 427 2218 et
447 2200 550 2220 omnem
567 2191 698 2219 noluerant
724 2191 827 2218 alatam
846 2190 988 2217 secundant

1041 1596 1102 1616 mus
1118 1589 1293 1616 benedixisse
1310 1589 1362 1616 nisi
1382 1589 1522 1616 hominem
1544 1594 1572 1616 et
1597 1597 1657 1624 quae
1678 1594 1741 1617 nata
1765 1594 1831 1616 sunt

1040 1646 1073 1665 ex
1095 1639 1183 1673 aquis.
1212 1638 1396 1671 Quamobrem
1424 1638 1459 1665 ab
1485 1638 1565 1665 initio
1585 1638 1696 1672 quando
1720 1638 1834 1664 fuerunt

1040 1685 1141 1719 genita.
1155 1685 1319 1719 implebatur
1331 1684 1522 1719 prOpheticum
1541 1684 1681 1718 eloquium
1697 1683 1772 1718 quod
1788 1683 1832 1710 di-

1040 1730 1078 1756 cit
1096 1738 1101 1756 :
1120 1729 1174 1756 V0.1;
1189 1729 1296 1756 Domini
1318 1738 1399 1765 super
1413 1738 1497 1765 aquas
1514 1731 1546 1762 “,
1565 1738 1626 1765 quae
1643 1730 1677 1756 ab
1693 1730 1753 1764 ipso
1768 1733 1833 1756 ante

1040 1777 1133 1803 omnia
1148 1775 1259 1803 fuerunt
1275 1776 1438 1808 benedictae,
1453 1780 1481 1803 et
1501 1783 1533 1803 ea
1550 1775 1584 1802 de
1600 1783 1681 1802 causa
1700 1782 1788 1809 usque
1803 1775 1831 1801 in

1041 1822 1207 1849 hodiernum
1224 1821 1309 1854 diem,
1336 1825 1364 1849 et
1389 1829 1477 1856 usque
1502 1821 1536 1848 ad
1565 1821 1832 1848 consummationem

1041 1869 1144 1901 sreculi,
1169 1869 1274 1903 absque
1289 1868 1394 1895 semine
1407 1868 1513 1895 animas
1534 1870 1667 1903 generant
1681 1867 1831 1893 multorum

1041 1914 1150 1949 quidem
1163 1914 1289 1949 piscium,
1300 1921 1451 1948 paucarum
1464 1917 1555 1940 autem
1566 1913 1720 1943 volucrum.
1733 1919 1832 1947 nempe

1042 1964 1290 1996 ortygometrarum
1308 1965 1336 1987 et
1357 1960 1485 1993 aliarum,
1509 1967 1544 1987 ex
1568 1960 1670 1994 quibus
1687 1959 1753 1993 olim
1779 1967 1831 1986 nu-

1042 2007 1122 2034 tritus
1139 2006 1190 2033 fuit
1212 2006 1306 2034 Israel.
1324 2006 1358 2033 Et
1372 2006 1443 2033 forte
1466 2006 1596 2041 quoniam
1610 2005 1689 2033 valde
1715 2006 1830 2040 exiguus

1042 2053 1151 2080 futurus
1166 2057 1227 2080 erat
1248 2060 1381 2080 numerus
1400 2061 1496 2080 earum
1515 2052 1669 2085 volucrum,
1681 2052 1827 2087 justorum,

1042 2099 1163 2134 inquam,
1179 2106 1211 2126 ea
1227 2098 1261 2124 de
1284 2105 1366 2125 causa
1390 2105 1485 2125 earum
1508 2105 1603 2124 curam
1627 2097 1714 2132 magis
1735 2105 1831 2132 gerens

1042 2145 1136 2177 Deus,
1155 2144 1233 2179 jubet
1263 2144 1366 2170 sanctis
1397 2143 1501 2178 angelis
1529 2143 1576 2178 qui
1607 2150 1702 2170 curam
1733 2147 1832 2178 gerunt

1043 2190 1182 2218 terrestris
1203 2195 1346 2217 creaturae.
1375 2189 1495 2216 Volucres
1524 2189 1733 2224 multiplicantur
1753 2198 1835 2224 super

200 2246 280 2273 genus
295 2247 382 2264 suum.
400 2238 434 2265 Et
449 2238 512 2264 vidit
525 2238 596 2264 Deus
607 2237 676 2273 quod
693 2236 815 2272 pulchra,
825 2240 848 2262 ιιι
858 2236 989 2262 betwdixit
1004 2229 1027 2257 Ι)
1041 2241 1152 2269 terram,
1166 2245 1227 2271 qua:
1238 2245 1272 2264 ex
1285 2236 1363 2270 aquis
1375 2240 1441 2263 sunt
1450 2239 1586 2271 generate
1597 2235 1638 2262 vel
1650 2235 1743 2270 potius
1754 2243 1836 2270 rcge-

201 2293 231 2310 ea
257 2284 326 2311 Deus
343 2284 432 2311 dicens
453 2293 461 2311 :
482 2283 595 2311 Crescite
620 2287 644 2310 et
670 2282 895 2318 multiplicamini,
911 2286 936 2308 ct
949 2290 989 2308 rc-

201 2329 269 2364 plcle
284 2338 367 2365 aquas
382 2330 409 2356 in
430 2331 508 2361 mari,
525 2329 674 2356 etvolucres
687 2328 893 2364 multiplicantur
907 2336 989 2363 supra

201 2381 311 2402 terram.
337 2376 420 2403 Jubet
441 2375 497 2402 ﬁeri
525 2383 622 2410 magna
638 2379 718 2402 cete:
739 2382 838 2409 nempe
854 2374 902 2401 Dei
918 2382 990 2409 pra;—

201 2422 340 2452 ilicalores
363 2421 512 2456 apostolos,
536 2421 584 2456 qui
612 2420 849 2448 conturbaverunt
877 2419 990 2455 quidem

201 2474 299 2501 aquam
328 2466 423 2498 maris,
452 2469 482 2493 ut
505 2466 532 2492 in
553 2465 621 2493 Jona
644 2465 747 2493 factum
762 2470 805 2493 est
825 2472 873 2500 per
899 2469 987 2492 cetus.

201 2513 276 2545 Quos
294 2512 389 2544 etiam,
407 2519 493 2547 equos
516 2511 631 2547 mystice
658 2511 727 2538 dixit
751 2511 880 2539 Habacuc
904 2512 924 2543 ⁸,
942 2510 988 2545 qui

202 2567 278 2586 mare
294 2558 388 2586 mundi
406 2559 614 2594 perturbarunt,
632 2563 660 2586 et
679 2559 726 2593 qui
746 2558 830 2585 etiam
849 2558 990 2594 (tanquam

201 2605 224 2631 si
243 2609 302 2632 cete
323 2605 426 2639 essent)
446 2605 567 2636 verbum:
587 2604 758 2632 devorarunt
780 2603 989 2639 propheticum;

202 2657 300 2685 nempe
325 2650 500 2685 peccantium
523 2650 728 2685 pomitentiam,
746 2654 773 2676 et
788 2650 911 2684 ipsorum
925 2657 990 2684 pro-

204 2696 277 2723 tinus
303 2696 583 2724 commiserationem.
610 2696 671 2722 Non
699 2695 802 2729 excipit
830 2695 904 2722 enim
927 2703 989 2722 eum

202 2741 250 2775 qui
267 2742 348 2769 simul
372 2748 400 2770 et
424 2746 558 2774 mutatur,
580 2745 608 2768 et
630 2741 677 2768 cui
700 2741 782 2767 simul
805 2741 989 2772 condonatur,

203 2786 256 2815 nisi
281 2787 363 2815 etiam
389 2787 517 2823 conjiciat
533 2787 560 2814 in
584 2786 762 2821 gravissimos
782 2786 929 2826 compedes
943 2794 991 2814 eos

239 2846 249 2861 '
269 2845 377 2889 Philipp
412 2853 450 2879 ιιι,
473 2844 518 2873 20.
557 2845 567 2860 "
583 2844 594 2872 Ι
611 2844 674 2872 Cor.
696 2852 735 2878 tv,
755 2844 795 2871 16.

207 2888 299 2913 ΣΧΠΗ,
320 2888 348 2909 ὒ-

835 2843 845 2859 ⁸
857 2843 956 2872 llahac.
982 2852 1019 2878 tu,
1036 2844 1078 2871 13.

1041 2287 1153 2314 ιιεηλιαι,
1167 2286 1194 2309 et.
1206 2281 1311 2317 peccati
1322 2281 1398 2308 virus
1411 2289 1442 2308 ac
1454 2281 1580 2308 faetorem
1592 2281 1648 2308 illic
1660 2280 1828 2315 deposuere;

1041 2333 1070 2355 et
1086 2328 1119 2355 ad
1136 2328 1235 2355 emtum
1254 2327 1387 2354 cvolanta
1401 2326 1481 2353 ﬂuxis
1491 2331 1519 2353 et
1533 2326 1713 2353 teuebricosis
1725 2325 1830 2352 etmul-

1044 2375 1080 2401 tis
1098 2373 1307 2408 tempestatibus
1330 2373 1440 2407 agitatis
1467 2372 1547 2407 aquis
1571 2372 1653 2407 hujus
1671 2371 1778 2403 mundi,
1797 2371 1830 2398 ad

1042 2429 1127 2456 aquas
1146 2428 1206 2455 quae
1222 2424 1287 2447 sunt
1309 2419 1393 2452 ﬁrmae
1407 2427 1439 2445 ac
1454 2419 1568 2446 stabiles
1586 2423 1613 2445 et
1629 2418 1791 2453 tranquilla),
1804 2422 1831 2445 et

1042 2469 1126 2495 nullis
1147 2475 1286 2495 concussze
1313 2466 1454 2497 ﬂuetibus,
1482 2465 1510 2492 in
1531 2464 1649 2492 excelsis
1666 2471 1716 2498 per
1740 2471 1829 2490 aerem

1044 2512 1230 2547 ingredientes
1241 2511 1287 2538 ubi
1299 2515 1342 2538 est
1358 2510 1430 2538 situs
1441 2510 1486 2537 Sol
1494 2509 1618 2545 iustitiae,
1628 2509 1723 2543 etejus
1733 2509 1830 2543 conjux

1044 2558 1108 2584 luna
1128 2565 1237 2592 semper
1253 2557 1407 2584 illuminata
1420 2555 1582 2590 requiescit,
1598 2559 1626 2583 et
1641 2554 1749 2582 ratione
1765 2561 1831 2588 prae—

1044 2604 1108 2631 ditas
1128 2604 1214 2631 stellm
1239 2603 1346 2631 cmlesti
1360 2602 1465 2629 lumine
1481 2601 1576 2629 orbem
1596 2605 1677 2628 terra:
1693 2599 1830 2627 deducunt

1044 2655 1072 2677 et
1084 2650 1234 2681 illustrant,
1245 2654 1273 2676 et
1283 2657 1354 2684 aqua
1368 2648 1518 2683 spiritualis
1528 2655 1589 2682 quae
1600 2650 1642 2674 est
1657 2654 1740 2681 supra
1751 2645 1830 2672 ctnlos

1044 2695 1148 2730 absque
1160 2696 1270 2723 silentio
1281 2695 1373 2722 laudat
1384 2702 1484 2722 nomen
1496 2693 1615 2720 Domini.
1632 2691 1716 2719 Multa
1728 2695 1757 2719 et
1772 2698 1831 2726 pro~
1861 2703 1864 2705 >

1044 2740 1128 2768 funda
1152 2741 1185 2768 de
1202 2741 1280 2776 aquis
1306 2741 1395 2768 oratio
1411 2740 1593 2766 annuntiatur
1609 2739 1636 2765 in
1657 2737 1749 2765 divina
1762 2736 1831 2764 Scri-

1046 2791 1125 2822 ptura
1138 2787 1295 2820 crcatiouis,
1311 2795 1372 2822 qua:
1384 2787 1491 2822 aliquot
1504 2785 1622 2819 saeculis,
1637 2788 1666 2812 et
1676 2783 1831 2812 coelestibus

1121 2845 1205 2872 ’Dan.
1227 2852 1264 2878 Ill,
1283 2844 1326 2872 79.
1387 2846 1406 2861 ιο
1426 2843 1522 2871 Matth.
1543 2850 1619 2876 xvnl,
1635 2842 1677 2870 lO.
1718 2841 1738 2857 ¹¹
1761 2840 1829 2870 Psal.
