1977 3230
35 214 88 248 9Ξ1

598 218 638 248 IN
659 217 935 249 HEXAEMERON.
950 232 983 236 —
994 220 1068 250 Lm.
1079 220 1130 251 Vl.

1633 216 1684 248 922

34 275 149 302 naturis
161 283 195 303 ac
213 275 354 304 mentibus
370 283 441 311 opus
455 276 538 304 habet
550 277 583 304 ad
599 282 722 312 apertam
737 285 834 304 eorum
852 281 871 306 Λ
888 285 987 312 nempe
1006 278 1117 313 penitus
1138 279 1233 306 divisa:
1248 287 1262 306 a
1278 283 1372 306 sancta
1386 279 1533 306 Triuitatc.
1555 279 1683 307 Fortasse

35 329 101 356 qua:
121 322 318 357 signiﬁcantur
337 322 614 357 comprehensionem
627 327 656 350 et
674 323 839 350 declaratio-

35 375 113 399 nem,
124 372 155 394 ut
166 367 342 396 considerate
353 372 381 395 et
391 368 459 395 citra
472 368 557 395 ullum
569 376 692 395 errorem
703 368 837 399 dicamus,

37 416 244 443 convenienter
267 415 319 450 ipsi
347 423 444 443 eorum
462 423 523 450 qua:
551 420 617 443 sunt
641 416 762 448 veritati,
789 424 839 450 per

37 469 122 497 quam
143 469 159 488 a
177 461 235 488 Deo
259 465 289 488 ut
313 465 406 488 essent
424 461 494 488 facta
511 465 586 488 sunt.

74 507 202 540 Quanam
225 514 291 542 ergo
305 506 339 534 de
357 513 438 534 causa
455 507 483 534 in
498 515 546 534 sex
558 507 667 534 dierum
683 506 837 539 creatione,

41 553 138 580 relicta
155 557 197 579 est
216 552 301 579 tacita
314 556 343 579 et
363 554 615 587 arcana’aquarum
640 553 727 584 ratio;
754 556 782 579 et
805 551 839 579 de

40 599 143 633 spiritu
167 603 197 626 et
213 598 275 633 igne
293 599 364 625 ratio
382 606 437 625 non
460 602 503 626 est
525 593 668 626 enuntiata
685 606 774 633 neque
791 607 840 633 pu-

42 643 145 670 blicata
157 642 300 678 quomodo
314 643 378 670 cuali
402 644 506 671 creatio
524 649 552 671 et
572 648 662 676 terrae,
679 648 707 670 et
731 645 840 678 planta-

41 698 116 719 rum,
134 694 162 717 et
177 689 370 720 lutninarium,
388 694 415 716 ct
428 689 591 716 hominum?
603 689 674 722 Quid
691 691 765 717 enim
779 695 839 718 erat

40 735 155 762 diﬁcile
177 735 251 768 quod
277 736 439 770 prohiberet
453 735 613 763 Creatorem
637 736 732 764 dicere
751 745 757 762 :
780 736 839 763 Fiut

40 790 134 816 aqua;
160 785 199 812 et,
215 781 276 808 Fiat
301 782 385 816 ignis;
411 782 482 809 sicut
500 782 584 817 jussit
608 783 636 809 in
654 783 759 818 reliqua
775 784 839 810 uni-

38 834 121 853 versa
144 827 293 853 creatura?
317 827 371 854 Sed
387 827 506 855 fortasse
530 835 581 855 nos
596 828 728 856 erudiens
746 829 839 856 divina

39 873 185 907 Scriptura
200 877 322 900 sanctam
338 873 502 900 Trinitatem
516 881 578 900 esse
593 873 755 906 increatam,
768 874 839 900 incf-

39 919 166 951 fabilem,
183 919 217 946 dc
230 919 273 946 his
290 919 378 946 tribus
391 920 528 946 creaturis
544 919 654 946 tacitam
670 924 695 946 et
709 927 837 946 arcanam

39 965 155 999 reliquit
166 965 312 997 rationem,
327 965 354 992 in
365 965 447 996 libro.
458 966 581 1000 inquam,
595 965 724 992 ltlosaico.
737 965 838 998 Quam-

39 1012 137 1038 obrem
162 1016 190 1038 et
219 1009 308 1046 ignefu
326 1015 355 1038 et
379 1019 479 1046 aquam
496 1017 524 1039 et
547 1012 675 1047 spiritum
704 1011 838 1046 ﬁngentes

39 1058 143 1084 divina:
157 1057 318 1092 Scriptura,
336 1057 488 1093 symbolice
499 1058 585 1085 Deum
599 1065 658 1085 esse
675 1057 836 1092 prmdicant.

40 1104 114 1138 Ergo
135 1107 164 1130 et
181 1103 255 1137 quod
277 1103 313 1130 sit
339 1103 392 1131 sub
414 1103 490 1130 omni
515 1108 643 1130 creatura
669 1103 697 1130 in
720 1103 837 1138 abyssis,

41 1148 173 1175 similiter
185 1148 269 1175 etiam
288 1156 373 1183 super
390 1154 504 1181 terram,
521 1153 548 1176 et
564 1149 591 1176 in
606 1149 695 1180 cretis,
711 1154 738 1176 et
755 1157 838 1184 supra

41 1195 127 1222 caries
137 1214 144 1226 ,
161 1194 298 1221 docemur
317 1195 407 1230 typice
423 1194 546 1221 divinam
561 1195 710 1222 essentiam
723 1202 783 1222 esse
798 1195 839 1222 in-

42 1241 293 1275 rircumscriptam,
315 1245 343 1268 et
367 1247 478 1268 omnem
505 1241 651 1268 continere
670 1245 836 1268 creaturam.

42 1287 121 1319 Quod
135 1287 249 1321 quidem
261 1294 358 1314 rursus
369 1286 543 1321 signiﬁcatur
556 1294 590 1314 ex
603 1294 638 1313 eo
649 1286 724 1321 quod
738 1290 839 1313 ventus

44 1339 70 1361 ιιι
88 1333 159 1369 ignis
174 1333 210 1360 sit
228 1333 437 1368 inaspectabilis
451 1337 480 1360 et
497 1333 736 1360 incontrectabilis
751 1333 838 1360 subti-

44 1380 142 1414 lisque,
155 1383 183 1406 et
193 1387 294 1414 expers
303 1380 436 1412 materias,
452 1384 481 1406 et
490 1379 565 1406 omni
581 1379 688 1406 ratione
700 1378 836 1406 viviﬁeus.

78 1425 210 1452 Nonnulli
227 1428 319 1451 autem
337 1424 548 1459 quadruplicem
565 1432 700 1459 aquarum
720 1424 836 1451 divisio-

44 1478 105 1498 nem
115 1490 122 1502 ,
136 1478 209 1502 eam,
224 1470 348 1505 inquam,
365 1478 427 1505 qua:
443 1474 486 1498 est
499 1478 583 1505 supra
598 1470 683 1497 cmlos
698 1474 727 1497 et
744 1470 838 1496 ﬁrma-

46 1521 180 1549 utentum,
199 1515 274 1551 quod
295 1520 337 1543 est
359 1524 392 1543 ex
406 1524 489 1551 aqua,
507 1523 662 1551 aquamque
678 1520 838 1543 terrestrem

44 1567 70 1587 ct
83 1562 297 1588 subterraneam
315 1569 377 1596 quae
389 1565 432 1588 est
448 1561 593 1588 tenebrosa
614 1565 643 1588 et
669 1561 776 1594 ultima,
794 1561 838 1588 di-

857 947 876 973 ll

889 325 963 352 enim
981 326 998 352 ii
1013 331 1076 354 sunt
1089 326 1225 353 vulnerati
1245 326 1464 354 iinmcdicabiles
1479 327 1526 362 qui
1541 327 1569 353 in
1587 327 1684 354 inferis

890 371 1032 399 donniunt
1048 380 1175 399 somnum
1192 373 1306 407 peccati,
1330 380 1449 407 quorum
1468 372 1542 399 Deus
1558 380 1611 398 non
1627 379 1684 398 am-

890 417 963 452 plius
984 418 1142 445 meminerit
1163 426 1285 453 linquam
1308 426 1360 445 nec
1376 418 1507 448 omnino,
1522 422 1549 444 et
1568 416 1610 451 ips
1639 425 1684 444 re-

889 462 960 497 pulsi
985 467 1050 489 sunt
1065 471 1079 489 a
1099 470 1180 489 manu
1205 464 1266 498 ejus
1289 470 1340 490 nec
1357 467 1474 497 possunt
1492 469 1576 489 stare.
1592 461 1685 488 Pisces

889 515 991 540 autem,
1009 509 1056 542 qui
1071 509 1181 543 quidem
1198 515 1263 537 sunt
1285 513 1444 544 peccatores
1460 517 1466 534 :
1489 511 1554 535 sunt
1571 507 1684 541 quidem

889 555 960 582 lucis
972 562 1005 581 ex
1020 559 1098 589 parte
1113 555 1204 589 aliqua
1217 556 1378 590 participes,
1390 559 1420 582 ut
1433 555 1480 589 qui
1498 555 1553 581 sint
1570 553 1597 580 in
1614 554 1684 581 mari

889 604 918 627 et
934 607 988 626 non
1005 600 1032 626 in
1045 600 1114 627 locis
1131 600 1339 627 subterraneis:
1357 605 1385 628 ct
1402 599 1464 627 ideo
1480 600 1565 626 etiam
1578 607 1684 626 conan-

891 651 936 673 tur
955 654 1036 680 parva
1053 654 1085 673 ex
1098 651 1176 680 parte
1189 646 1291 673 imitari
1314 647 1454 677 volucres,
1471 650 1501 672 ut
1514 644 1560 679 qui
1579 652 1686 679 pennas

890 693 1009 720 habeant
1028 702 1033 719 :
1054 693 1106 720 hoc
1125 696 1178 723 est,
1196 700 1230 719 ex
1253 697 1329 727 parte
1343 693 1474 727 pietatem
1490 701 1496 718 :
1512 691 1586 719 unde
1600 691 1684 718 etiam

889 738 982 764 volant
1007 738 1033 764 in
1060 738 1141 772 aquis
1158 741 1287 772 tanquam
1306 738 1444 764 volucres.
1470 737 1508 764 Ex
1534 737 1568 764 iis
1593 741 1684 764 autem

889 783 973 816 aliqui
1000 783 1070 810 vecti
1093 791 1177 817 super
1194 791 1280 817 aquas
1297 789 1325 810 et
1343 787 1470 810 natantes
1483 803 1490 815 ,
1513 783 1598 810 solem
1626 782 1687 810 ﬁxis

889 830 1029 864 aspiciunt
1051 830 1150 857 oculis.
1168 829 1219 862 Qui
1235 834 1300 857 sunt
1314 835 1408 858 autem
1430 838 1464 857 ex
1477 830 1511 856 iis
1524 829 1684 864 nequiores,

889 880 916 902 et
933 876 993 910 plus
1012 876 1115 902 habent
1130 876 1263 908 materiae,
1288 883 1351 903 cum
1368 884 1422 903 non
1437 876 1492 902 sint
1507 875 1684 910 squainmati,

890 921 996 947 inferne
1018 921 1120 947 habent
1136 925 1226 947 ortum
1243 928 1276 947 ex
1289 928 1400 947 caenosa
1416 920 1549 952 materia;
1564 919 1608 954 qui
1625 919 1687 953 qui-

891 967 954 993 dem
968 967 1036 993 nihil
1061 967 1172 1001 penitus
1184 967 1287 994 habent
1310 967 1447 993 bonorum
1468 974 1596 1000 operum,
1613 965 1685 1000 pigri

891 1013 1039 1040 etdcsidcs
1055 1017 1082 1040 et
1106 1013 1256 1039 diﬁicilitcr
1272 1020 1300 1039 se
1317 1017 1459 1038 moventes
1476 1020 1482 1038 :
1499 1016 1526 1038 et
1544 1011 1623 1037 facile
1639 1018 1686 1036 ca-

892 1060 1008 1094 piuntur
1023 1059 1055 1086 ad
1076 1063 1206 1090 mortem,
1219 1063 1247 1085 et
1259 1062 1324 1084 sunt
1339 1057 1372 1084 ad
1390 1065 1468 1084 csum
1487 1056 1572 1083 noxii.
1592 1055 1686 1089 Aqui-

893 1106 945 1132 bns
963 1111 989 1132 et
1005 1105 1147 1132 abstinere
1167 1109 1196 1131 et
1208 1112 1263 1131 non
1280 1104 1432 1135 abstinere,
1452 1110 1534 1129 verus
1547 1101 1683 1130 Israelita,

891 1152 939 1187 qui
959 1159 1055 1178 sumus
1071 1159 1132 1182 nos,
1149 1151 1244 1186 jussus
1263 1154 1315 1177 est.
1334 1150 1397 1176 Haec
1416 1157 1467 1176 nos
1494 1148 1610 1183 quintus
1624 1147 1685 1174 dies

892 1198 974 1225 docet
985 1197 1019 1224 de
1031 1197 1144 1224 Christo
1154 1201 1181 1224 et
1197 1196 1330 1227 Ecclesia,
1345 1195 1469 1231 symbola
1486 1200 1514 1222 et
1528 1194 1683 1228 aenigmata.

892 1248 956 1271 ante
971 1243 1053 1270 nobis
1073 1243 1234 1278 signiﬁcans
1256 1242 1424 1277 principium
1454 1240 1627 1274 baptismatis
1656 1239 1684 1266 in

892 1296 948 1323 quo
971 1288 1057 1315 creati
1078 1292 1143 1315 sunt
1158 1288 1282 1322 quinque
1307 1295 1406 1314 sensus
1426 1287 1555 1313 hmnamc
1569 1289 1684 1315 natum,

892 1333 982 1365 visus,
1005 1333 1127 1365 auditus,
1143 1338 1251 1367 gustus,
1270 1332 1396 1363 olfactns,
1414 1336 1442 1358 et
1457 1335 1557 1358 tactus.
1573 1330 1602 1357 ln
1619 1330 1684 1361 hoc,

891 1379 1002 1414 quinto,
1015 1378 1138 1413 inquam,
1155 1378 1200 1405 die
1211 1377 1316 1409 saeculi,
1333 1377 1360 1404 in
1375 1375 1524 1411 quinquies
1538 1375 1686 1402 millesimo

891 1432 966 1452 anno
990 1423 1093 1450 factum
1109 1429 1152 1450 est
1167 1423 1251 1450 etiam
1266 1423 1407 1449 lavacrum
1432 1429 1447 1448 a
1469 1421 1617 1448 Salomone
1631 1420 1687 1447 ﬁlio

892 1471 989 1502 David,
1007 1471 1036 1497 in
1061 1470 1164 1504 templo
1186 1470 1234 1497 Dei
1255 1468 1464 1504 Hierosolymis.
1482 1467 1509 1494 in
1525 1471 1619 1501 typum
1640 1466 1687 1492 ba-

892 1517 1032 1552 ptismatis
1054 1516 1188 1544 Ecclesiae
1211 1516 1314 1544 Christi
1340 1515 1400 1546 Dei,
1424 1514 1471 1541 ﬁlii
1492 1513 1586 1540 David.
1611 1512 1686 1545 Quo-

891 1563 976 1590 modo
992 1562 1075 1590 etiam
1093 1569 1193 1589 rursus
1207 1561 1253 1588 illa
1266 1560 1355 1596 pelvis
1378 1560 1405 1586 in
1419 1566 1518 1594 magno
1532 1557 1685 1588 caenaculo,

45 1612 110 1635 runt
127 1615 190 1635 esse
208 1611 302 1642 typum
327 1611 446 1642 quatuor
464 1596 595 1634 ordinum
612 1611 773 1634 naturarum
793 1615 837 1633 ra-
853 1624 874 1654 Ο
891 1610 972 1645 881
984 1609 1082 1644 quinto
1091 1608 1147 1640 die,
1164 1607 1320 1642 exemplum
1333 1605 1583 1640 babenspiscinaa;
1602 1603 1688 1638 pcdcit

46 1653 117 1680 tione
130 1653 322 1688 przcditarum.
334 1653 475 1688 Aquarum
491 1652 604 1687 quidem
617 1660 679 1686 qua:
698 1657 740 1679 est
755 1660 838 1686 supra

46 1699 268 1730 ﬁrmamentum,
295 1706 356 1726 esse
377 1698 525 1734 imaginem
550 1698 722 1726 Potestatum
741 1706 838 1733 super-

45 1745 198 1772 cmlestium
218 1753 225 1771 :
243 1745 447 1772 ﬁrmamentum
466 1749 568 1775 autent,
585 1752 682 1772 rursus
694 1752 756 1771 esse
767 1752 840 1780 sym-

47 1791 137 1818 bolum
159 1796 321 1818 sanctorum
344 1791 524 1818 luminarium
548 1790 657 1818 ordinis
682 1790 837 1817 hominum.

47 1837 164 1865 Diversa:
187 1842 280 1864 autem
298 1841 542 1872 aqum-terrestres
558 1841 623 1864 sunt
639 1837 696 1872 typi
714 1837 840 1864 diversa-

48 1891 106 1910 rum
127 1884 253 1918 gentium
276 1888 450 1911 terrenarum
470 1887 499 1910 et
520 1891 576 1909 non
599 1883 838 1915 convenientium,

49 1929 154 1964 ﬁdeque
182 1930 347 1956 divisarnm.
373 1929 450 1963 Aqua
473 1933 566 1955 autem
589 1929 769 1956 subterranea
799 1933 842 1955 est

49 1975 199 2002 svmbolum
224 1975 403 2002 adversarum
422 1974 594 2002 Potestatum
619 1982 681 2009 qua:
693 1978 758 2001 sunt
781 1981 843 2000 om—

49 2020 113 2047 nino
130 2025 266 2056 separatae
278 2028 293 2047 a
314 2021 409 2047 divino
424 2020 498 2056 igne,
522 2020 640 2055 luceque
665 2024 694 2047 et
720 2019 840 2054 spiritu;

892 1655 1092 1690 discipulorum
1102 1654 1221 1688 primum
1232 1651 1382 1687 baptizavit
1391 1659 1405 1678 a
1415 1650 1577 1678 Cbristo:ct
1585 1647 1687 1675 deinde

891 1700 933 1727 eis
948 1700 1026 1728 dedit
1043 1707 1145 1735 corpus
1161 1703 1189 1726 et
1204 1698 1367 1733 sanguinem
1384 1696 1411 1723 in
1433 1693 1687 1730 participationem,

892 1747 1004 1781 quando
1019 1746 1103 1773 etiam
1125 1745 1198 1773 facto
1215 1747 1384 1771 testamento
1395 1741 1522 1769 Christus
1540 1738 1686 1774 postridie,

892 1796 970 1823 sexto
990 1792 1045 1821 dic,
1071 1791 1148 1818 cruci
1177 1790 1274 1818 aﬁixus
1294 1789 1347 1816 fuit
1364 1788 1391 1815 in
1404 1786 1551 1822 Golgotba,
1566 1784 1686 1819 etpara-

893 1838 984 1865 disum
1008 1837 1108 1864 latroni
1123 1836 1242 1871 aperuit.
1265 1835 1306 1862 Ad
1328 1841 1409 1869 quem
1429 1840 1480 1860 nos
1495 1839 1618 1866 quoque,
1635 1837 1684 1857 sex

891 1883 1012 1915 dierum,
1028 1888 1117 1914 sexto,
1133 1882 1246 1910 Christo
1256 1880 1413 1908 deducente
1428 1883 1456 1905 et
1470 1877 1590 1904 Verbum
1607 1874 1688 1902 nobis

891 1928 975 1955 dante
991 1927 1018 1954 in
1037 1927 1180 1962 apertione
1198 1926 1256 1952 oris
1268 1924 1357 1952 nostri
1376 1923 1531 1949 veniemus.
1561 1920 1611 1949 Cui
1626 1920 1686 1955 glo-

890 1974 931 2000 ria
950 1973 976 1999 in
996 1973 1096 2000 saecula
1122 1972 1301 1999 stcculorum.
1318 1969 1417 1996 Amen.

58 2108 1668 2129 __________________________________._____

634 2200 810 2244 LIBER
848 2198 1098 2243 SEXTUS.

607 2306 647 2326 DE
665 2304 764 2326 SEXTO
788 2302 889 2324 DlVINl
904 2301 1033 2323 OPIFICII
1053 2300 1118 2322 DIE.

847 2381 883 2388 ...-

84 2448 133 2481 ριιῑ
150 2456 184 2475 ex
197 2446 355 2481 tranquillis
371 2445 508 2480 portubus
519 2444 553 2472 ad
569 2451 715 2479 :vquorcos
739 2451 840 2471 cursus
857 2445 877 2472 D
892 2450 945 2477 que
958 2441 1066 2469 dierum
1087 2447 1201 2467 cursum
1222 2437 1353 2467 celeriter
1380 2436 1530 2472 peregerit,
1558 2435 1686 2470 pervenit

53 2493 157 2527 scaphis
170 2493 230 2519 vias
245 2491 367 2522 marinas
384 2490 548 2523 coniiciunt,
563 2498 626 2518 cum
640 2490 762 2525 aliquem
775 2489 842 2516 dex-

53 2544 120 2567 trum
142 2548 174 2567 ac
187 2538 345 2567 secundum
374 2542 487 2564 ventum
512 2537 618 2564 fuerint
643 2536 748 2571 adepti,
761 2540 788 2563 et
807 2535 840 2562 ad

53 2584 175 2618 quintum
191 2588 220 2611 et
233 2587 343 2611 sextum
356 2582 429 2609 diem
439 2586 534 2617 gratos
549 2576 708 2616 hilaresque
726 2585 843 2615 etaptos

53 2630 147 2657 ﬁnctns
159 2631 297 2657 habentes
310 2629 337 2655 in
349 2636 441 2663 prora,
451 2627 627 2662 terribilique
638 2635 670 2654 ac
683 2626 843 2653 vehementi

54 2682 181 2709 aquarum
209 2676 316 2710 impetu
332 2682 444 2710 gressus
460 2674 567 2701 celeres
596 2677 624 2700 et
641 2680 740 2699 cursus
763 2671 843 2698 navis

54 2725 182 2754 peragunt
199 2729 205 2746 :
220 2719 387 2754 quibusdam
407 2718 547 2753 plumbeis
561 2722 590 2744 et
606 2717 779 2752 gravissimis
794 2716 844 2742 bo-

54 2763 152 2792 lidibus
170 2765 291 2800 probant
305 2768 334 2791 et
357 2764 509 2798 exquirunt
524 2770 662 2797 aquarum
693 2761 842 2796 profunda,

54 2808 88 2835 de
100 2810 143 2837 die
155 2811 182 2837 in
195 2810 269 2837 diem
283 2817 316 2837 ex
331 2808 662 2844 incomprehensibilibus
675 2812 703 2835 et
714 2807 844 2834 ineﬁabi-

57 2853 127 2882 libus
136 2855 284 2890 profundis
293 2855 326 2882 ad
340 2855 480 2882 levioraet
491 2854 519 2880 in
529 2853 678 2888 superﬁcie
691 2853 779 2888 magis
793 2860 843 2887 po-

58 2897 108 2924 sita
124 2900 271 2934 profunda,
300 2899 373 2926 etde
398 2904 500 2927 caetero
528 2899 563 2926 ad
580 2899 674 2926 littora
699 2903 845 2933 sperantes

58 2946 209 2979 pfrvenire.
224 2946 394 2973 (iamautem
407 2946 490 2982 hujus
505 2945 567 2973 libri
582 2945 684 2980 scapha
695 2945 749 2981 jam
763 2945 844 2979 quin—

893 2488 928 2515 ad
947 2487 1065 2522 majores
1077 2493 1164 2520 aquas
1177 2489 1205 2511 et
1219 2483 1417 2518 profundiores
1432 2482 1519 2509 maris
1549 2481 1687 2516 gurgites.

895 2533 943 2569 qui
965 2536 1030 2560 sunt
1055 2538 1151 2558 revera
1174 2529 1287 2557 obscuri
1315 2533 1343 2556 et
1372 2527 1686 2562 incompreliensibiles.

893 2579 1079 2613 Quamobrem
1096 2576 1251 2604 ferventius
1268 2579 1310 2602 est
1331 2573 1463 2609 precibus
1476 2572 1642 2600 excitandus
1659 2571 1687 2598 in

893 2625 1001 2653 somnis
1017 2631 1100 2658 super
1109 2622 1252 2656 scapham.
1270 2625 1298 2647 et
1310 2621 1338 2647 in
1348 2618 1480 2647 eervicali
1495 2618 1597 2645 mentis
1610 2617 1688 2652 prin-

893 2671 1002 2706 cipalis,
1022 2669 1200 2704 requiescens
1216 2668 1289 2694 Deus
1303 2665 1438 2697 Verbum,
1466 2665 1514 2699 qui
1528 2663 1686 2698 apprehen-

894 2717 933 2745 sis
950 2716 1037 2744 clavis
1059 2715 1162 2742 mentis
1178 2719 1205 2741 et
1221 2713 1334 2747 lingum,
1354 2717 1486 2746 tanquam
1506 2710 1617 2737 duobus
1645 2713 1687 2734 te-

895 2762 1026 2790 monibus
1041 2759 1170 2788 animalis
1182 2763 1283 2786 nostrzn
1301 2758 1422 2793 scapha}.
1450 2756 1605 2784 contrarios
1621 2753 1685 2788 qui-

895 2809 957 2836 dem
973 2807 1088 2842 spiritus
1099 2809 1128 2833 et
1144 2804 1343 2840 intelligentias
1356 2803 1493 2836 increpet,
1515 2807 1566 2828 suo
1591 2803 1683 2826 autem

894 2852 998 2880 lumine
1014 2850 1183 2886 profundum
1206 2850 1317 2884 (nempe
1342 2843 1538 2882 ignorantiam)
1557 2843 1683 2878 proposi-

896 2902 986 2925 tarum
1006 2904 1143 2932 aquarum
1155 2895 1305 2924 illttminet,
1317 2894 1351 2920 ad
1368 2893 1421 2919 hoc
1441 2898 1492 2918 una
1510 2890 1557 2917 ι)ρ‹
1592 2887 1682 2923 insli-

898 2944 949 2971 rati
965 2943 1133 2978 aspiciamus
1143 2945 1169 2968 et
1186 2940 1314 2968 dicamus
1331 2947 1338 2966 :
1355 2937 1476 2966 Curnam
1493 2935 1566 2964 Deus
1580 2935 1627 2971 qui
1639 2942 1684 2962 sa.-
