1990 3183
261 194 318 224 92]
854 196 884 225 S.

916 194 1115 224 ANASTASII
1134 195 1220 225 SINA
1227 195 1296 225 ΠΕ

1855 192 1892 223 24

263 253 431 286 ῃῖρηιὶδςὶηιο
452 258 481 280 et
507 261 588 287 supra
612 253 776 288 sipieutiant
809 254 875 280 fecit
897 254 988 280 omnia
1009 254 1160 288 (inAlege
1193 259 1318 280 statuens
1360 253 1406 279 illa
1437 252 1523 278 multa
1560 259 1652 278 crassa
1690 255 1718 277 ct
1750 250 1785 277 ad
1817 258 1897 278 exse-

262 298 354 332 primo
369 298 412 325 die
423 298 512 325 lucem
525 299 698 333 Ῐςιὲιιὶθηειικ),
717 307 770 325 ιι‹ιιι
787 300 880 325 statim
891 299 973 325 etiam
985 307 1048 325 cum

261 352 295 370 eo
308 349 350 371 cst
369 344 522 371 fabricatus
539 345 629 371 omnia
648 354 708 379 qtae
724 349 788 371 sunt
805 353 837 371 cx
855 345 926 375 luce,
951 352 1049 378 nempe

263 390 430 416 luminaria:
448 390 494 416 sed
525 390 558 415 iis
585 391 688 417 relictis
702 399 762 425 qua:
787 395 851 417 sunt
865 399 897 416 ex
909 391 969 417 luce
986 399 1051 425 pro-

262 439 365 465 creata,
384 436 532 462 transiitad
545 445 640 470 :ltlllas,
661 436 732 462 facto
748 445 780 462 ex
801 437 841 463 eis
861 437 1052 462 firmamento?

263 481 366 507 Deinde
381 489 443 507 cum
465 481 568 507 fixisset
586 482 790 507 firmamentum
802 502 808 513 ,
835 490 867 508 tte
881 482 921 507 sic
939 481 1052 516 quidem

263 536 276 552 τι
290 527 394 560 limplet
408 532 535 554 ornatum
553 536 647 554 eorum
664 535 725 561 qu.e
736 532 800 553 sunt
817 528 842 554 in
857 528 916 562 ipso
933 528 1053 554 Iuntina—

264 573 335 598 rium
357 581 362 598 :
382 573 428 599 sed
444 582 477 599 eo
493 581 603 607 quoque
623 574 720 599 relicto
746 574 921 608 imperfecto.
955 575 1053 601 transit

264 627 361 645 rursus
376 619 457 645 tertio
470 619 513 645 die
527 619 560 645 ad
578 627 673 653 aquas,
687 627 733 645 eas
745 628 915 652 congregans
932 629 945 646 a
967 624 1052 647 terra.

263 665 297 692 lit
313 673 409 691 rursus
427 673 489 691 cum
505 665 604 692 nonad
621 665 732 699 plenum
761 666 922 699 perfecisset
943 674 974 692 ea
994 674 1054 700 quze

264 715 328 736 sunt
345 711 435 744 genita
447 719 478 738 ex
489 711 568 745 aquis
579 716 606 737 et
626 711 652 737 iIt
676 711 766 745 aquis,
796 720 895 746 nempe
922 712 1012 746 pisces
1026 716 1055 738 et

264 761 335 788 rete,
351 757 384 783 iis
403 765 513 792 quoque
527 757 631 784 relictis
648 758 849 792 semiperfeetis
864 762 891 784 et
910 766 963 784 non
979 758 1055 791 geni-

265 801 377 831 talibus,
396 802 504 828 transiit
519 802 552 828 ad
571 807 682 830 terram.
697 802 811 828 dicens:
829 802 963 828 (iri-minet
983 808 1054 828 terra

265 848 372 873 ln'rfmm
387 853 410 873 rt
423 847 522 882 lignum
538 847 693 882 frugiferum
709 848 720 873 1’
743 848 780 874 Eo
797 853 887 874 autcttt
907 848 988 881 facto,
1007 857 1056 875 cur

266 902 319 920 non
330 894 423 920 statim
439 894 501 922 facit
519 894 600 920 etiam
617 894 768 920 animantia
787 894 862 920 exire
880 902 894 921 c
923 899 1006 926 terra,
1027 900 1055 920 et

266 942 347 971 feras,
361 945 388 966 et
407 940 515 974 reptilia
533 949 539 965 :
560 940 607 966 sed
625 940 720 966 siueus
743 939 931 974 iutperfectant
946 948 1007 974 qua:
1026 941 1055 966 fit

265 994 297 1012 ex
315 991 386 1013 terra
398 986 542 1017 fabricam,
570 994 666 1013 rursus
686 986 757 1012 redit
784 986 817 1012 ad
840 987 1053 1018 firmamentum,

265 1038 293 1059 rt
315 1033 379 1059 facit
395 1037 494 1067 quarto
510 1032 554 1058 die
572 1032 666 1058 stellas
683 1038 711 1059 et
738 1032 793 1059 duo
824 1033 971 1060 luminaria
999 1041 1005 1059 :
1028 1038 1056 1060 et

266 1079 341 1105 idine
357 1087 453 1104 rursus
469 1079 620 1105 revertitur
635 1079 668 1105 ad
690 1087 775 1112 aquas
789 1078 832 1105 die
845 1079 955 1113 quinto,
972 1088 1005 1106 cx
1016 1080 1057 1107 eis

266 1123 386 1157 perfecta
406 1123 522 1157 piscium
537 1128 564 1149 et
580 1123 724 1150 volucrum
741 1124 940 1158 generatione?

302 1168 404 1195 Deinde
418 1169 457 1196 sie
470 1173 547 1196 sexto
571 1169 616 1196 die
632 1177 760 1196 reversus
776 1174 818 1196 est
834 1170 866 1196 ad
891 1174 1004 1201 terram,
1025 1169 1058 1196 iis

267 1215 388 1249 impletis
403 1224 464 1250 qua:
477 1220 541 1242 sunt
556 1223 588 1242 ex
604 1216 661 1250 ipsa
679 1224 685 1242 :
705 1223 804 1250 nempe
817 1215 1017 1246 animantibus,
1030 1219 1058 1242 et

264 1261 408 1297 jamentis,
427 1266 454 1288 ct
470 1262 627 1296 reptilibus,
641 1266 671 1288 et
687 1261 764 1292 feris,
784 1266 810 1288 ct
825 1262 948 1288 homine.

302 1308 362 1340 Quo
376 1308 405 1334 fit
418 1313 446 1334 ut
459 1308 523 1334 hine
538 1308 712 1341 ostendatur,
737 1309 842 1343 primos
867 1309 979 1343 quidem
1003 1313 1060 1336 trcs

268 1362 330 1380 Γὃὸσέ
343 1353 568 1387 imperfectarum
587 1358 776 1380 Cl‘CﬂlUI‘ﬂI‘UIII
789 1359 967 1389 susceptores
981 1363 987 1380 ;
1005 1359 1061 1382 ’.Γυὸ

270 1403 361 1426 autem
377 1399 488 1426 ultimos
503 1400 614 1435 (nempe
630 1405 760 1434 quartum
775 1405 803 1427 et
815 1401 943 1435 quintum
955 1405 983 1427 et
997 1409 1061 1428 sex-

272 1444 348 1478 tum)
367 1452 516 1472 exornasse
534 1450 560 1472 ct
581 1446 748 1480 adimplesse
778 1446 936 1472 universam
964 1446 1062 1473 mundi

271 1494 439 1521 creaturam,
456 1499 505 1525 per
523 1491 607 1518 triuut
624 1491 733 1518 dierqu
743 1491 885 1518 Christum
906 1492 953 1526 qui
982 1492 1062 1524 dicit,

274 1536 357 1562 Hodie
370 1540 462 1563 elcrat
471 1537 540 1570 facio
562 1539 649 1573 signa,
663 1539 738 1565 tertio
763 1544 851 1565 autem
865 1539 906 1565 die
931 1538 1064 1573 perﬁciar,

1074 931 1091 955 ιι

1101 299 1241 334 quendam
1264 305 1291 326 et
1322 298 1488 333 portandum
1512 297 1634 324 dilIieilia
1651 301 1797 331 prmeepta,
1831 305 1896 324 clnn

1101 345 1214 371 acribus
1244 344 1327 371 minis
1354 348 1381 371 et
1412 342 1665 371 exsecrationibus,
1689 350 1739 376 pro
1753 342 1795 368 eis
1811 341 1897 369 coale-

1102 391 1184 417 stium
1198 390 1299 416 nullam
1319 390 1447 424 promisit
1470 388 1737 418 remunerationem.
1753 387 1803 414 sed
1833 395 1896 414 ntu-

1103 446 1168 463 ncra
1190 442 1310 468 terrena,
1328 437 1498 466 fertilitates,
1515 435 1713 468 ctcorporales
1735 434 1897 464 felicitates,

1102 488 1129 510 et
1142 483 1203 510 lata:
1215 487 1294 509 teme
1310 483 1528 517 possessionem,
1547 486 1575 508 et
1598 489 1658 515 qua:
1679 481 1830 507 interirent
1847 480 1898 506 bo-

1103 536 1215 559 norum,
1232 527 1372 554 fructuum
1390 526 1609 562 perceptionem.
1631 525 1701 551 Hinc
1730 529 1757 551 et
1783 530 1900 559 propter

1104 574 1172 606 lucc,
1189 579 1290 601 terram
1303 574 1364 609 jure
1385 573 1566 607 intelligimus
1579 572 1710 605 populum
1724 571 1897 601 .Itnheorum.

1105 621 1186 654 utqui
1203 620 1417 655 tcrrcnasapiat,
1434 625 1527 646 etnon
1545 616 1897 644 habeatconversationem

1103 666 1213 693 inea-Iis
1231 666 1262 692 ’⁸.

1140 713 1289 746 Propterea
1307 712 1363 738 haec
1388 720 1438 738 nos
1455 711 1558 738 ducens
1573 710 1645 737 Deus
1665 709 1690 736 itt
1712 717 1758 736 sex
1783 708 1895 735 dierum

1105 757 1200 784 mundi
1213 757 1365 787 creatione,
1386 765 1441 783 non
1458 756 1539 783 simul
1553 755 1669 790 perfecit
1684 762 1779 789 aquas,
1794 759 1821 780 et
1835 762 1897 788 qua:

1105 808 1166 830 orta
1183 808 1248 830 sunt
1264 811 1296 830 ex
1316 803 1396 836 aquis
1412 811 1418 828 :
1432 810 1522 836 tteque
1539 809 1636 828 rursus
1652 801 1679 828 in
1709 808 1764 826 uno
1779 800 1824 827 die
1841 805 1898 826 ter-

1107 857 1162 876 ratn
1181 849 1335 879 exornavit.
1350 853 1376 875 et
1394 856 1455 882 qua:
1468 856 1501 874 ex
1517 855 1551 874 ea
1562 850 1758 882 processerunt
1775 846 1900 872 animan-

1107 897 1144 923 tia
1160 901 1187 922 ct
1219 896 1291 930 ligna
1315 894 1668 926 fructifera.Quatttobretn
1687 893 1756 919 mihi
1784 891 1897 926 quidem

1109 941 1218 967 videtur
1234 940 1308 975 quod
1324 940 1458 970 caelestia,
1479 939 1574 965 divina
1586 939 1648 965 luce
1663 943 1743 965 antea
1760 942 1841 964 erant
1863 937 1899 964 il-

1105 987 1239 1013 Iuminata
1253 995 1260 1012 :
1272 994 1334 1012 cum
1351 990 1443 1012 autem
1458 992 1542 1018 super
1555 989 1656 1010 terram
1673 984 1770 1010 fuisset
1783 991 1898 1017 compo-

1106 1038 1176 1060 srtus
1192 1033 1238 1059 Sol
1252 1032 1298 1066 qui
1318 1032 1501 1066 intelligentia
1523 1030 1678 1065 percipitur
1695 1030 1805 1064 (nempe
1817 1029 1898 1056 Chri-

1106 1080 1186 1112 stus)
1218 1084 1245 1105 ct
1267 1085 1378 1105 sursum
1407 1081 1589 1111 assumptus,
1621 1084 1760 1110 supernus
1789 1083 1899 1110 quoque

1108 1125 1229 1152 mundus
1259 1125 1380 1158 amplius
1408 1124 1460 1150 fuit
1487 1123 1660 1150 illuminatus
1679 1126 1708 1148 et
1734 1121 1900 1148 illustratus.

1107 1171 1300 1205 Congrucnter
1316 1177 1382 1203 ergo
1397 1169 1431 1195 iis
1443 1177 1504 1203 qua:
1525 1169 1604 1203 jussu
1623 1167 1693 1193 fiuttt
1709 1165 1902 1194 exornationi-

1110 1219 1172 1249 hus,
1191 1222 1219 1244 et
1235 1217 1426 1252 spiritualihus
1441 1215 1610 1249 profectibus
1624 1213 1746 1241 caelestis
1762 1217 1789 1240 et
1811 1217 1902 1240 terre-

1110 1263 1176 1290 stris
1192 1267 1220 1289 et
1236 1262 1351 1288 marina:
1363 1266 1508 1292 creatum,
1535 1259 1745 1294 intelligendum
1761 1263 1805 1285 est
1833 1257 1903 1292 Opi-

1112 1309 1190 1337 ficem
1205 1309 1231 1335 itt
1245 1316 1276 1335 ea
1295 1316 1356 1342 qua:
1374 1312 1438 1334 tunc
1462 1307 1514 1333 fuit
1538 1315 1586 1334 sex
1613 1305 1722 1332 dierum
1749 1304 1903 1335 creatione,

1112 1364 1187 1382 nunc
1201 1358 1320 1389 exparte
1333 1354 1360 1380 in
1372 1353 1451 1388 aquis
1467 1353 1587 1387 operari,
1605 1351 1706 1379 deinde
1720 1351 1755 1378 ab
1765 1351 1798 1378 iis
1812 1355 1906 1377 trans-

1112 1403 1153 1429 ire
1173 1402 1206 1429 ad
1226 1402 1431 1428 firmamentum
1449 1405 1497 1426 :et
1525 1407 1621 1426 rursus
1633 1398 1754 1433 perfecte
1768 1402 1906 1424 exornato

1115 1449 1298 1479 firmamento,
1319 1447 1437 1474 transire
1453 1446 1487 1473 ad
1507 1450 1610 1472 terram
1628 1448 1677 1471 :et
1695 1451 1758 1471 eutn
1783 1451 1815 1470 ea
1831 1447 1908 1470 esset

1115 1493 1319 1529 semiperfecta,
1336 1491 1488 1526 procedere
1509 1491 1542 1517 ad
1558 1497 1644 1524 aquas
1662 1498 1669 1516 τ
1692 1488 1793 1515 deinde
1816 1487 1909 1523 perfe-

1116 1546 1159 1568 cte
1171 1541 1359 1567 absolventem
1373 1539 1588 1568 firmamentum,
1603 1541 1630 1563 et
1642 1535 1829 1563 Ecclesiarum
1840 1541 1909 1568 gen-

273 1581 420 1609 dominans
443 1583 603 1610 ctelestibus
629 1583 735 1610 ratione
761 1584 882 1619 put-ditis
910 1584 1008 1615 stellis,
1033 1590 1061 1612 et
1078 1602 1101 1631 ο
1118 1588 1185 1614 tium
1211 1591 1299 1614 cmtus
1321 1585 1541 1615 benedicentan
1569 1588 1597 1610 et
1629 1587 1770 1617 postremo
1803 1585 1908 1607 terram

275 1629 456 1656 terrestribus
470 1635 493 1656 et
504 1631 705 1657 subterraneis.
727 1631 839 1658 Plenum
851 1632 925 1659 enim
945 1632 997 1658 fuit
1010 1641 1064 1659 cu:-

276 1675 332 1700 lnm
347 1679 374 1701 et
389 1680 460 1701 terra
474 1680 501 1702 et
526 1683 601 1702 mare
615 1676 702 1710 gloria
719 1677 789 1711 ejus.
810 1678 925 1710 Quando
942 1678 1016 1704 enim
1036 1679 1066 1704 iI-

276 1721 346 1747 luxit
361 1722 401 1748 sol
415 1725 443 1747 et
464 1721 540 1753 luna,
556 1723 648 1749 statim
677 1728 809 1750 exornata
834 1729 920 1751 estet
945 1729 1018 1752 terra
1038 1730 1066 1752 et

277 1766 443 1793 ntare.l\'aln
469 1773 497 1793 et
519 1772 581 1794 ante
599 1768 755 1795 universam
786 1775 942 1796 creaturam
973 1775 1065 1798 mente

274 1813 435 1848 concipitet
454 1819 528 1841 creat
545 1815 673 1842 crelestes
696 1820 724 1843 et
747 1816 888 1850 angelicas
910 1817 1066 1844 Potestates

275 1866 336 1892 qua:
354 1867 404 1885 nos
419 1859 584 1886 illuminant.
605 1860 746 1887 Secundas
768 1866 861 1888 autem
885 1867 1014 1896 procreat
1033 1870 1066 1889 ac

275 1909 389 1937 generat
403 1913 536 1939 aquarum
554 1906 795 1940 congregationes.
817 1915 916 1942 nempe
941 1908 1065 1942 gentium

275 1957 370 1983 aquas.
385 1957 446 1984 qua:
457 1950 533 1984 prius
545 1956 625 1977 erant
640 1951 719 1978 fluam
738 1956 766 1978 ct
780 1951 934 1983 instabiles,
951 1957 978 1980 et
994 1953 1064 1979 nuti-

277 1995 312 2021 tis
326 1995 433 2030 agitata:
450 1995 591 2028 fluctibus,
608 2003 635 2023 et
650 1998 735 2024 celeri
753 2006 835 2024 cursu
852 1998 1016 2025 ferebantur
1033 1999 1066 2025 ad

276 2041 473 2068 iilololatriam.
498 2042 623 2069 Tertium
652 2048 746 2070 autetn
774 2051 872 2071 rursus
896 2044 1019 2070 visitavit
1039 2050 1066 2072 cl,

275 2087 348 2113 diem
373 2087 506 2122 Spiritus,
530 2089 640 2122 quando
670 2089 792 2123 ingressa
816 2089 900 2117 fuerit
922 2090 1066 2124 plenitudo

275 2133 410 2167 gentium.
427 2134 557 2169 Respexit
572 2135 646 2161 enim
664 2136 734 2162 Deus
747 2141 890 2163 creaturas
902 2137 997 2163 mundi
1017 2138 1064 2164 :ad

275 2187 362 2213 aquas
374 2179 482 2206 Graecas
494 2180 603 2215 (nempe
618 2181 746 2215 gentiles)
763 2182 913 2209 ostendens
925 2182 965 2209 eis
976 2183 1065 2209 lucem

276 2224 377 2252 divina:
396 2227 565 2261 cognitionis
591 2227 617 2253 in
634 2228 724 2261 primo
745 2227 789 2254 die
816 2228 980 2254 s.‘eeuli.Scd
1007 2237 1065 2255 eum

1117 1641 1228 1669 quoque
1254 1632 1339 1659 Israel
1365 1635 1575 1658 convertentem
1610 1629 1638 1656 in
1665 1627 1908 1655 consummatione

1117 1681 1292 1710 seculorum,
1313 1679 1340 1706 in
1354 1677 1526 1713 plenitudine
1543 1685 1590 1703 sex
1618 1675 1727 1703 dierum
1743 1674 1908 1702 creationis.

1118 1727 1145 1754 Si
1156 1732 1248 1754 autem
1260 1725 1392 1757 auditori,
1404 1729 1434 1752 ut
1447 1724 1494 1759 qui
1508 1723 1609 1751 norrsit
1620 1722 1761 1758 mysteriis
1770 1721 1908 1751 initiatus,

1116 1781 1171 1800 non
1197 1773 1303 1808 placeat
1318 1771 1391 1806 quod
1410 1770 1514 1797 dicitur
1533 1778 1539 1795 :
1558 1768 1603 1795 die
1617 1768 1683 1794 tttilti
1712 1772 1739 1794 tu
1764 1774 1848 1801 quam
1873 1765 1910 1793 ob

1117 1827 1237 1849 causam.
1256 1826 1318 1845 cum
1334 1818 1406 1844 Deus
1420 1824 1473 1843 non
1497 1814 1579 1841 simul
1593 1813 1718 1848 singulas
1743 1811 1912 1839 absolvisset.

1117 1869 1272 1894 creaturas,
1285 1868 1351 1889 tunc
1364 1861 1463 1888 transit
1483 1860 1515 1887 ad
1536 1859 1638 1886 aliam:
1657 1857 1705 1885 sed
1729 1857 1850 1892 priorem
1867 1864 1912 1883 re-

1116 1911 1245 1945 linquens
1259 1908 1459 1943 imperfectam,
1477 1914 1575 1933 rursus
1605 1904 1689 1932 rediit
1704 1904 1738 1931 ad
1770 1903 1912 1938 priorem?

1118 1956 1266 1983 Sittautettt
1284 1954 1332 1981 tibi
1353 1953 1437 1985 fideli,
1458 1953 1510 1979 fide
1525 1952 1606 1986 digna
1624 1955 1653 1978 et
1687 1948 1835 1977 credibilia
1867 1947 1911 1973 vi—

1117 2002 1292 2036 denturqute
1306 2001 1440 2028 dicuntur
1456 1999 1529 2025 :huc
1545 1997 1649 2025 ittelina
1664 2004 1758 2023 aurem
1773 1999 1862 2026 tuam,
1880 1999 1911 2020 et

1119 2048 1186 2075 mihi
1199 2048 1320 2073 auimutn
1336 2045 1448 2076 adverte
1465 2053 1470 2070 τ
1490 2049 1519 2070 et
1544 2043 1652 2069 videbis
1679 2042 1706 2068 in
1731 2040 1824 2068 carnis
1845 2047 1910 2067 sus-

1117 2098 1203 2127 cepta:
1220 2092 1426 2126 dispensatione
1439 2091 1524 2117 Deum
1550 2089 1673 2117 Verbum
1704 2088 1801 2115 eodettt
1825 2086 1911 2113 modo

1119 2148 1216 2166 novant
1240 2146 1351 2173 quoque
1375 2145 1453 2164 suam
1487 2141 1643 2163 creaturam
1674 2133 1864 2161 construxisse
1883 2137 1911 2160 ef.

1118 2186 1275 2220 perfecisse.
1292 2185 1328 2210 lis
1343 2184 1416 2210 enim
1431 2183 1478 2217 qui
1494 2182 1521 2208 in
1538 2190 1566 2208 se
1586 2181 1689 2207 ltabent
1705 2181 1796 2207 lucem
1814 2177 1911 2213 cogni-

1119 2232 1211 2261 tinnis,
1233 2236 1274 2257 est
1294 2231 1389 2264 utique
1404 2228 1581 2263 perspicuum
1598 2227 1671 2262 quod
1685 2227 1797 2260 antiqua
1813 2223 1911 2251 mundi

277 2271 361 2298 Deum
373 2274 562 2307 cognovissent.
579 2282 630 2300 non
646 2274 712 2300 sicut
729 2273 809 2300 Deum
827 2274 1013 2308 gloriﬁcurnnt
1031 2276 1062 2306 ¹¹,
1082 2282 1102 2308 ι)
1117 2278 1220 2304 creatio
1238 2281 1298 2303 erat
1311 2275 1498 2305 adumbratio,
1513 2279 1606 2309 typum
1623 2273 1730 2300 habens
1759 2271 1911 2302 ECCleSiﬂ‘;

277 2322 308 2344 ut
327 2323 444 2345 testatur
458 2320 568 2351 Partitis,
591 2319 687 2346 dicens
710 2320 784 2354 quod
813 2321 846 2346 ad
871 2326 1065 2354 :ll'gutttentum

279 2365 325 2391 Dei
343 2364 508 2398 cognitionis
523 2365 600 2391 dedit
621 2365 692 2391 Deus
704 2365 866 2399 sapientiam
884 2365 910 2391 itt
925 2365 1022 2398 initiis,
1041 2371 1068 2392 et

278 2410 462 2444 cognitionem
477 2411 510 2437 de
526 2411 578 2437 situ
597 2411 670 2439 coeli.
685 2416 711 2437 et
729 2411 882 2442 stellarum,
903 2416 930 2438 et
947 2412 1024 2443 solis,
1041 2417 1066 2439 cl

281 2457 360 2488 Iunze,
377 2460 404 2483 et
422 2457 532 2491 plantis,
547 2462 574 2484 et
593 2457 769 2488 animalibus,
787 2461 814 2483 et
847 2457 1024 2492 corporibus,
1039 2463 1068 2485 et

280 2502 385 2537 figuris.
403 2503 537 2536 Quoniam
555 2512 620 2538 ergo
640 2512 710 2538 apta
732 2504 854 2538 gentium
870 2512 923 2530 tton
940 2505 1069 2539 cognovit

280 2550 423 2584 sapientiae
445 2551 603 2577 effectorettt
620 2572 627 2583 ,
648 2552 720 2578 Deus
744 2559 804 2578 eam
835 2551 995 2585 relinquens
1017 2552 1069 2578 im-

282 2596 430 2629 perfectam
446 2601 473 2624 et
491 2606 546 2624 ttott
574 2597 733 2632 genitalem,
761 2597 880 2624 accessit
900 2597 934 2623 ad
954 2601 1067 2630 terrattt,

280 2642 348 2668 dans
364 2651 412 2677 per
429 2643 564 2670 Abraham
581 2644 688 2677 signum
706 2643 940 2670 circumcisionis.
966 2643 1069 2670 Etidco

281 2687 438 2723 huiussigni
450 2693 586 2716 terrenam
598 2689 725 2724 promisit
736 2689 903 2720 mercedem,
916 2693 944 2715 et
954 2689 1071 2716 Abraha:

281 2739 308 2760 et
333 2735 437 2766 lsracli,
454 2735 550 2762 dicens
570 2743 599 2762 se
610 2735 651 2762 eis
664 2735 732 2762 dare
754 2735 780 2762 in
796 2735 1002 2769 possessionem
1016 2741 1071 2762 ter-

282 2787 340 2807 ram
366 2781 505 2808 terrestris
525 2781 679 2808 Palaestina:
710 2780 914 2815 ptotuisazmis.
936 2780 1071 2808 Similiter

281 2827 363 2853 etiam
378 2835 393 2861 p
405 2827 478 2861 )plllﬂ
496 2827 646 2855 Israelitico
658 2827 704 2861 qui
722 2827 787 2854 exiit
801 2836 833 2854 ex
851 2827 979 2862 ,πῐεὶηεηειιιη
995 2828 1069 2855 Deus

320 2912 340 2927 "
352 2913 430 2941 Rcui.
448 2922 464 2947 ι,
480 2914 523 2941 21.
565 2917 584 2929 ’⁸
603 2914 771 2949 Philippm,
787 2916 830 2942 :10.

873 2917 890 2931 ‘i'
904 2917 952 2943 lata.
981 2925 1015 2947 ιλ,
1038 2917 1058 2946 Ι,
1076 2917 1101 2943 '2.

1120 2331 1212 2358 quam.
1229 2323 1302 2350 sicut
1317 2321 1464 2356 quemdam
1478 2320 1574 2347 orbem
1588 2325 1668 2346 terra:
1683 2326 1781 2346 creans
1791 2322 1819 2345 et
1844 2325 1913 2344 con-

1121 2374 1231 2396 struens
1261 2369 1334 2395 Deus
1359 2367 1479 2394 Verbum
1511 2367 1594 2393 homo
1617 2365 1723 2395 factus,
1750 2363 1848 2397 incipit
1879 2369 1914 2389 ex

1121 2415 1200 2448 aquis
1212 2412 1372 2449 gentiiibus,
1387 2417 1419 2439 ut
1431 2412 1478 2446 qui
1493 2412 1519 2438 iu
1530 2412 1641 2446 regione
1652 2409 1776 2445 gentium
1787 2413 1914 2435 versatus

1121 2461 1158 2487 sit
1174 2461 1200 2486 in
1218 2459 1365 2487 Nazarcth.
1383 2458 1420 2485 De
1434 2457 1536 2492 quibus
1559 2456 1625 2484 dicit
1640 2455 1774 2490 proplteta
1802 2453 1890 2480 Isaias
1906 2462 1913 2479 :

1122 2506 1202 2533 Terra
1213 2505 1332 2532 Zulmlon
1351 2509 1374 2530 ot
1391 2508 1462 2530 terra
1476 2502 1638 2538 Nephtalim.
1652 2502 1695 2528 via
1726 2500 1819 2530 maris,
1837 2499 1913 2526 Gali-

1123 2553 1173 2579 (ητα
1198 2552 1326 2587 gentium,
1342 2550 1455 2586 populus
1471 2550 1516 2585 qui
1540 2549 1639 2576 vivebat
1657 2549 1685 2574 in
1706 2546 1820 2574 tenebris
1847 2545 1914 2572 vidit

1124 2598 1208 2624 luccnt
1229 2604 1353 2631 magnam
1366 2594 1398 2623 ’⁸.
1411 2595 1458 2622 Sic
1474 2594 1547 2621 enim
1557 2593 1670 2620 Simeon
1688 2598 1800 2626 quoque
1815 2593 1916 2623 gentes

1123 2643 1209 2678 priori
1226 2643 1287 2670 loco
1308 2642 1411 2676 posuit.
1435 2646 1463 2668 et
1482 2639 1580 2668 deinde
1596 2638 1738 2669 Israelem,
1759 2637 1857 2664 dicens
1881 2635 1916 2662 de

1120 2690 1231 2717 Christo
1250 2698 1256 2715 :
1278 2688 1375 2715 Lmneu
1393 2688 1427 2714 ad
1441 2687 1625 2714 reuelationem
1638 2684 1766 2720 gentium,
1794 2682 1913 2709 deinde:

1121 2739 1145 2761 et
1173 2735 1287 2770 gloriam
1305 2733 1386 2768 plebi:
1405 2738 1457 2758 tum
1485 2731 1572 2758 Israel
1598 2731 1628 2755 ”.
1650 2728 1773 2756 Transiit
1792 2727 1869 2754 enim
1901 2735 1914 2752 a

1122 2780 1257 2808 Nazareth
1275 2779 1398 2815 gentium
1415 2778 1507 2808 maris.
1518 2782 1547 2804 et
1560 2776 1637 2804 venit
1654 2774 1873 2809 Hierosolymam
1887 2773 1915 2799 in

1123 2821 1273 2854 Bethleem.
1290 2830 1318 2853 et
1334 2826 1372 2852 ibi
1390 2829 1471 2852 natus
1486 2829 1537 2855 est,
1552 2827 1580 2850 et
1597 2823 1694 2850 relicta
1712 2819 1876 2856 imperfecta
1888 2823 1916 2846 e'.

1145 2917 1162 2931 "
1180 2916 1246 2942 Luc.
1264 2922 1291 2947 tt,
1308 2914 1352 2940 52.
