1980 3265
249 237 299 270 9’27

853 233 883 262 S.
904 230 1104 262 ANASTASII
1135 233 1300 265 SlNAIT/E

1841 235 1898 268 9%

250 299 384 330 gentium.
408 293 546 321 Abraham
563 292 637 320 enim
657 292 857 326 interpretatur
884 295 962 326 pater
980 298 1042 325 gen-
1056 288 1080 316 Α
1094 293 1183 327 ipsum
1205 297 1247 320 est
1265 293 1408 328 plenitudo
1424 293 1547 322 ﬁdelium
1563 302 1569 320 ε
1587 293 1663 329 quod
1687 298 1861 329 unguentum
1879 302 1900 322 ει

250 342 327 372 lium,
342 341 370 367 in
388 340 502 376 ﬁguram
523 339 570 367 Dei
584 343 610 366 et
625 339 714 366 Patris
729 339 864 374 gentium.

285 386 464 414 Multilariam
486 393 552 420 ergo
573 390 601 412 et
622 385 717 412 multis
737 384 828 411 modis
858 383 1042 415 ostendimus,

249 441 310 467 qua:
335 439 368 459 ex
385 432 465 466 aquis
491 431 606 466 quidem
631 436 713 458 enata
741 435 806 458 sunt
823 430 964 463 animalia,
983 438 1044 458 csse

251 478 366 513 ﬁguram
387 477 511 512 gentium
540 484 601 511 qua:
619 476 732 503 fuerunt
749 476 898 511 aliquando
922 476 950 502 in
977 482 1044 510 pro-

249 524 336 551 fundo
352 523 525 558 ignorantiae.
547 522 732 555 Quamobrem
750 526 778 549 et
802 529 898 549 eorum
923 522 1045 556 piscato-

249 569 364 596 rescﬁ‘ci
375 569 395 595 it
409 568 539 596 Christus
555 576 620 595 suos
646 566 809 602 discipulos.
835 567 976 594 Habemus
995 575 1044 594 au-

250 619 304 641 tem
320 615 401 641 aliam
412 622 524 649 quoque
546 613 731 641 ﬁrmissimam
748 617 777 640 ct
794 613 874 640 valde
889 613 1044 640 admirabi—

249 661 304 688 lem
324 661 529 695 probationem,
554 668 615 695 quae
643 660 726 687 etiam
742 659 822 687 valde
849 659 994 686 incredulo
1017 663 1046 686 et

250 706 426 734 contentioso
458 706 624 741 persuadeat
648 705 723 740 quod
748 713 809 740 qua:
840 709 905 732 sunt
933 713 949 732 a
970 710 1045 732 terra

250 757 311 778 orta
338 751 468 778 animalia
486 751 580 778 ferunt
601 754 707 778 certum
732 755 761 778 et
772 750 931 777 evidentem
948 754 1044 785 typum

251 797 345 832 populi
360 797 529 824 Iudaeorum.
539 797 670 830 Quaenam
685 801 778 823 autem
796 800 838 823 est
849 803 882 822 ea
898 796 1046 830 probatio?

251 843 318 870 Dico
335 843 410 877 quod
427 851 442 870 a
458 847 531 870 terra
543 844 654 877 genitus
669 841 768 873 Adam,
784 846 838 873 est,
852 841 925 876 quod
939 841 973 868 ad
985 850 1046 869 car-

251 895 312 915 nem
326 889 437 920 attinet,
453 893 587 923 cognatus
606 888 715 915 illarum
731 895 746 914 e
763 890 837 913 terra
854 892 979 915 ortarum
998 887 1047 914 be-

250 934 376 966 stiarum,
393 939 421 961 et
436 934 589 968 reptilium.
610 934 692 962 Sexto
710 936 784 962 enim
799 935 854 968 die,
873 939 901 962 et
922 935 991 969 ipse,
1018 939 1047 962 et

251 979 305 1007 illae
316 985 380 1006 sunt
391 985 502 1011 creatas,
518 989 572 1007 non
585 986 677 1008 autem
690 981 790 1008 marini
805 981 905 1016 pisces,
919 981 967 1015 qui
980 981 1046 1008 facti

251 1030 316 1052 sunt
328 1026 373 1053 die
388 1026 497 1061 quinto.
508 1026 654 1059 Quomodo
668 1027 752 1054 etiam
764 1026 893 1054 Christus
906 1027 1047 1054 secundus

250 1072 348 1104 Adam,
364 1078 498 1108 cognatus
511 1073 684 1105 .Iuda:orum,
702 1074 775 1108 quod
801 1074 834 1101 ad
848 1081 962 1101 carnem
981 1074 1048 1100 atti~

251 1116 308 1151 net,
321 1123 363 1146 est
378 1127 412 1147 ex
427 1121 580 1147 mansuetis
595 1121 649 1147 illis
658 1120 757 1148 bestiis
777 1125 805 1147 et
821 1120 969 1154 reptilibus
990 1128 1046 1147 non

250 1166 405 1195 venenatis.
415 1170 573 1193 nonrautem
581 1173 614 1192 ex
623 1166 819 1200 nobis,nempe
825 1164 1046 1200 gentibus.Quod

251 1216 364 1239 anteme
381 1216 453 1239 terra
468 1212 502 1238 sit
516 1211 639 1246 gentium
653 1219 741 1246 genus
762 1211 933 1243 Judzeorum,
951 1219 985 1238 ex
1004 1211 1047 1238 his

251 1257 419 1285 ostenditur.
433 1257 585 1284 Didisceris
599 1260 693 1284 autem
706 1256 789 1283 etiam
807 1263 841 1283 ex
855 1256 923 1291 ipsis
935 1256 1045 1283 verbis:

253 1303 386 1329 Producat
398 1307 470 1329 terra
484 1301 677 1336 quadrupedes.
691 1301 828 1334 Quoniam
842 1302 869 1328 in
881 1306 985 1329 terram
998 1301 1047 1329 de-

251 1347 375 1382 spiciunt
403 1352 430 1374 et
447 1351 559 1374 terrena
580 1351 727 1381 appetunt,
740 1354 789 1374 eos
808 1346 842 1374 ad
860 1351 942 1374 terra:
969 1346 1048 1382 ﬁngit

252 1393 411 1430 imaginem,
429 1396 460 1419 ut
474 1392 522 1427 qui
535 1392 671 1427 resipiant
688 1393 872 1427 impietatem,
888 1397 916 1420 et
928 1393 1047 1420 Incredi-

253 1442 336 1465 tatem
361 1438 532 1473 acceperint,
559 1442 641 1466 terras
674 1438 863 1466 latitudinem.
878 1439 1048 1474 Prophetice

251 1489 344 1512 autem
361 1485 489 1519 pnedicit
502 1492 613 1520 quoque
624 1483 714 1519 Moses
733 1484 767 1511 de
781 1492 878 1512 eorum
897 1484 1004 1512 furioso
1019 1489 1049 1511 et

251 1531 347 1558 Iethali
359 1538 477 1563 veneno,
493 1538 542 1558 eos
558 1531 613 1558 alta
626 1538 694 1558 voce
706 1538 809 1558 vocans
832 1531 942 1566 reptilia
959 1535 988 1558 et
1002 1531 1050 1558 be-

252 1577 330 1605 stias.
342 1577 481 1604 Praeterea
493 1581 622 1605 recenset
639 1577 723 1604 etiam
749 1577 873 1610 illorum,
894 1577 955 1612 ejus
974 1577 1048 1612 quod

1097 339 1153 366 Deo
1165 339 1259 374 jussus
1275 339 1412 367 conﬁcere
1427 340 1451 355 ¹¹
1471 348 1478 366 :
1493 339 1630 368 calamum
1654 340 1767 374 quidem
1784 340 1900 375 accepit.

1095 393 1111 413 e
1125 389 1210 416 terra,
1229 385 1371 421 myrrham
1395 390 1487 413 autem
1510 393 1525 413 e
1544 386 1626 413 mari.
1644 385 1677 413 Et
1694 385 1811 413 fortasse
1828 394 1899 421 pro-

1095 437 1190 466 pterea
1207 431 1336 459 Christus
1347 439 1458 466 quoque
1475 438 1525 465 per
1544 431 1681 458 calamum
1693 439 1708 458 e
1724 435 1798 458 terra
1818 431 1904 466 geni-

1097 483 1154 504 tum
1166 482 1193 504 et
1205 478 1349 512 spongiam
1366 478 1510 508 marinam.
1524 481 1597 504 aceto
1605 477 1629 492 "
1640 480 1734 512 potato
1748 476 1776 503 in
1792 483 1879 504 cruce
1888 484 1900 507 :

1097 524 1150 551 hoc
1162 528 1214 556 est,
1228 523 1326 551 mortis
1342 527 1435 558 gustat
1447 523 1639 550 acerbitatem.
1655 522 1722 550 Nam
1744 522 1807 550 duze
1821 529 1902 557 quo—

1096 577 1149 604 que
1169 573 1265 603 gentes
1278 569 1489 602 (Romanorum,
1514 568 1636 602 inquam,
1651 571 1679 594 ct
1699 566 1899 601 Hebraeorum)

1095 623 1159 642 eum
1172 619 1260 642 morte
1269 615 1488 642 condemnarunt
1502 623 1508 641 :
1521 621 1639 648 quorum
1656 617 1737 649 typus
1749 613 1800 640 fuit
1809 612 1900 640 etiam

1096 669 1146 695 par
1165 661 1315 691 latronum,
1340 668 1440 695 nempe
1462 665 1490 687 et
1517 660 1577 695 ejus
1602 660 1650 694 qui
1679 663 1722 687 est
1736 659 1831 687 salvus
1846 668 1903 695 per

1097 706 1202 739 ﬁdem,
1230 712 1258 734 et
1286 707 1373 734 Judagi
1399 707 1446 742 qui
1478 707 1551 741 perit
1578 714 1634 741 per.
1656 706 1898 733 incredulitatem.

1097 753 1206 780 Rursus
1221 757 1313 780 autem
1330 753 1459 780 audimus
1472 753 1558 780 Deum
1569 752 1636 779 Mosi
1649 752 1805 787 jubentcm,
1822 759 1901 786 pon-

1098 798 1180 825 tiﬁcis
1201 798 1318 825 Aaronis
1343 797 1465 824 tunicam
1492 801 1639 824 contexere
1661 804 1694 823 ex
1707 804 1832 831 purpura
1851 804 1902 824 re«

1098 848 1181 871 torta.
1200 844 1325 879 Purpura
1344 847 1436 871 autem
1465 846 1573 870 constat
1588 850 1621 869 ex
1642 842 1753 870 duobus
1767 842 1901 869 animali—

1099 890 1151 917 bus
1169 898 1175 916 :
1190 898 1224 917 ex
1237 898 1339 922 verme,
1368 890 1490 924 inquam,
1507 897 1522 916 e
1539 893 1610 916 terra
1625 888 1730 923 genito,
1753 893 1781 915 et
1802 892 1901 915 ostreo

1099 937 1218 964 marino.
1244 937 1393 971 Propterea
1406 944 1471 972 ergo
1496 943 1594 962 rursus
1612 935 1668 962 duo
1683 935 1778 970 populi
1791 934 1820 961 in
1833 942 1902 969 pas-

1099 984 1177 1011 sione
1208 983 1348 1010 Christum
1380 983 1531 1010 induerunt
1564 980 1698 1009 chlamide
1722 984 1900 1016 'purpurea;

1099 1035 1163 1056 ante
1176 1028 1446 1064 signiﬁcantesquod
1465 1032 1592 1063 regnaret
1606 1035 1691 1062 super
1707 1026 1778 1054 duos
1807 1034 1902 1061 popu-

1099 1074 1222 1102 loscarni
1236 1074 1319 1100 unius
1329 1074 1450 1101 cwlestis
1469 1073 1542 1100 Deus
1557 1072 1689 1099 Verbum.
1709 1071 1787 1104 Quod
1799 1076 1901 1105 aperte

1098 1120 1180 1154 883
1209 1119 1288 1154 prius
1308 1119 1505 1146 describebant
1525 1118 1617 1145 ceteri
1645 1124 1756 1152 quoque
1785 1117 1904 1144 colores

1098 1164 1214 1191 aliarum
1232 1165 1360 1197 vestium,
1375 1164 1423 1199 qui
1439 1172 1502 1191 cum
1519 1171 1642 1198 purpura
1661 1164 1688 1190 in
1706 1163 1826 1190 Aaronis
1855 1167 1906 1190 tu—

1098 1210 1159 1237 nica
1176 1215 1242 1237 tunc
1269 1214 1464 1238 contexuntur.
1485 1210 1552 1236 Nam
1572 1209 1672 1245 byssus
1694 1209 1807 1244 quidem
1833 1216 1909 1243 quia

1098 1259 1160 1294 plus
1175 1265 1257 1293 quam
1287 1256 1333 1283 nix
1348 1255 1476 1290 refulget,
1495 1255 1618 1282 ostendit
1646 1254 1801 1290 symbolum
1826 1254 1908 1281 lucis

1099 1313 1159 1340 qua:
1174 1303 1301 1339 procedit
1313 1311 1346 1330 ex
1360 1302 1423 1329 luce
1442 1302 1490 1329 Dei
1516 1301 1599 1328 Verbi
1619 1310 1626 1328 ε
1643 1305 1779 1328 retortum
1803 1304 1905 1327 autem

1099 1350 1244 1379 coccinum
1269 1349 1323 1376 I'ert
1340 1347 1486 1383 imaginem
1502 1347 1604 1377 carnis,
1620 1354 1682 1373 cum
1704 1346 1799 1381 pueris
1821 1346 1903 1373 enim

1099 1395 1341 1424 communicarunt
1358 1394 1434 1421 carni
1448 1399 1476 1421 et
1496 1393 1635 1438 sanguipi.
1652 1392 1825 1428 Hyacinthus
1849 1399 1906 1419 au—

1100 1446 1155 1469 tem
1179 1449 1241 1476 qua:
1265 1440 1380 1471 dicitur,
1405 1443 1447 1466 est
1469 1439 1599 1466 similiter
1621 1438 1723 1465 coloris
1747 1438 1871 1465 cmlestis
1895 1448 1902 1464 :

1100 1487 1280 1523 quamobrem
1296 1493 1360 1513 eum
1372 1492 1482 1519 quoque
1496 1484 1617 1511 colorem
1630 1484 1737 1511 aerium
1751 1484 1905 1511 nominant

1100 1534 1148 1569 qui
1163 1534 1284 1561 sericeos
1297 1532 1405 1559 colores
1421 1535 1637 1566 persequuntur.
1670 1530 1830 1558 Invenimus
1846 1538 1903 1556 ως

1101 1585 1156 1607 tem
1174 1579 1266 1615 Μῐιεοε
1282 1586 1393 1613 quoque
1422 1585 1485 1605 cum
1506 1585 1576 1604 auro
1592 1585 1608 1604 e
1626 1581 1698 1604 terra
1730 1581 1806 1608 nato,
1825 1584 1911 1611 myr—

252 1629 295 1652 est
310 1624 409 1651 melius
437 1624 652 1659 ignorationem,
678 1623 776 1650 dicens
789 1631 822 1651 ea
837 1624 976 1658 jumenta.
994 1623 1047 1651 Sed
1063 1633 1086 1663 ρ
1102 1626 1180 1652 rham
1195 1625 1278 1652 etiam
1291 1623 1425 1650 marinam
1449 1622 1584 1650 obtulisse
1605 1621 1727 1650 Christo.
1752 1621 1904 1654 Quomodo

253 1671 327 1705 quod
353 1671 388 1698 ab
416 1671 546 1698 IIabacuc
568 1670 704 1705 propheta
723 1670 827 1697 dicitur
848 1670 883 1697 de
909 1670 1021 1697 Christo
1040 1678 1047 1697 :

253 1715 285 1743 In
310 1716 395 1743 media
414 1716 526 1743 duorum
552 1716 713 1743 animalium
735 1716 900 1751 cognosceris
909 1716 943 1748 ",
962 1716 989 1743 id
1005 1724 1050 1743 sa-

252 1761 364 1796 pientes
381 1761 476 1788 Patres
494 1761 637 1796 accipiunt
649 1761 683 1788 de
700 1761 809 1788 duobus
831 1761 941 1796 populis
955 1769 961 1787 :
976 1761 1050 1787 Duo-

254 1815 313 1834 rum
335 1807 507 1838 animalium,
531 1807 610 1842 quasi
628 1807 715 1839 dicas,
744 1807 826 1834 unius
846 1807 942 1842 populi
964 1812 1051 1834 terre-

253 1852 329 1883 stris.
341 1851 456 1878 alterius
467 1851 578 1878 marini.
591 1851 714 1886 Etplane
726 1852 780 1879 hoc
789 1852 870 1881 modo
881 1852 977 1883 Evam.
989 1860 1051 1886 qua:

253 1901 296 1924 cst
312 1897 398 1932 ﬁgura
419 1897 551 1924 Ecclesia:
564 1896 670 1925 Christi
683 1906 716 1925 ex
733 1898 873 1933 gentibus.
902 1899 976 1926 Deus
994 1907 1050 1926 non

254 1939 319 1967 fecit
332 1947 366 1967 ex
381 1944 454 1967 terra
469 1940 543 1968 unde.
561 1941 639 1968 ﬁnxit
652 1942 751 1975 Adam,
774 1943 906 1978 quoniam
925 1944 1052 1971 Ecclesia

255 1993 309 2012 non
324 1990 366 2013 est
377 1990 505 2021 cognata,
522 1987 571 2014 sed
584 1987 688 2015 diversi
707 1989 818 2023 generis
829 1989 998 2025 hospesque,
1023 1994 1051 2018 ct

254 2031 343 2058 aliena
360 2039 374 2058 a
391 2031 505 2064 Judmis,
519 2033 565 2067 qui
582 2041 638 2060 non
655 2038 720 2060 sunt
732 2034 878 2062 benedicta
897 2035 1027 2063 animalia
1043 2045 1050 2062 :

255 2081 286 2104 ut
302 2085 363 2112 qua:
378 2077 415 2105 sit
432 2086 465 2105 cx
475 2079 624 2113 reptilibus
638 2083 666 2107 et
691 2080 853 2108 volucribus
878 2082 963 2109 maris
990 2090 1052 2117 qua:

255 2129 422 2159 acceperunt
435 2125 483 2152 Dei
498 2126 733 2154 benedictionem.

290 2169 369 2202 Quod
385 2170 406 2198 si
419 2171 504 2198 alacri
518 2176 547 2198 et
558 2174 663 2207 patenti
676 2174 769 2201 animo
787 2174 821 2202 iis
836 2183 896 2210 quae
920 2176 1052 2204 dicuntur

256 2223 338 2243 aures
349 2217 485 2251 prtebcas,
499 2225 516 2245 ο
527 2217 651 2251 auditor,
661 2227 722 2254 qua:
736 2219 770 2247 de
788 2220 832 2248 his
843 2221 954 2249 duobus
965 2231 1054 2257 popu-

211 2278 214 2282 ι
255 2261 291 2289 lis
307 2262 439 2290 dicuntur
458 2263 504 2298 (de
521 2265 659 2297 terrestri,
672 2266 798 2301 inquam,
815 2271 843 2294 et
859 2269 989 2303 marino),
1001 2270 1051 2296 tibi

257 2308 382 2343 probabo
403 2314 432 2337 ct
451 2318 485 2337 ex
503 2311 654 2346 graphicis,
678 2317 706 2339 et
725 2313 843 2341 diversis
866 2319 921 2342 tam
943 2315 1052 2343 Veteris

256 2361 338 2388 quam
350 2355 418 2382 Novi
433 2355 603 2384 Testamenti
623 2357 920 2388 demonstrationilms.
940 2361 1051 2388 Etenim

258 2399 365 2427 suﬁitus
393 2408 442 2428 seu
465 2402 623 2435 incensum,
654 2404 730 2439 quod
753 2405 837 2440 jussit
862 2407 934 2434 Deus
958 2407 1054 2435 Mosen

258 2445 394 2473 conﬁcere
413 2447 581 2482 (signiﬁcans
599 2451 729 2477 unionem
742 2455 770 2478 et
780 2451 940 2480 Judreorum
950 2459 978 2481 et
989 2462 1055 2488 gen-

260 2490 327 2518 tium
345 2493 530 2527 credentium,
545 2503 614 2530 quas
630 2497 703 2524 Deus
724 2502 766 2525 est
786 2498 920 2526 odoratus
944 2507 972 2528 et
991 2501 1054 2527 fue-

258 2543 324 2566 runt
336 2539 360 2566 ei
375 2539 402 2566 in
417 2540 530 2568 odorem
546 2543 777 2578 suaveolentem),
794 2545 853 2580 lege
866 2547 1012 2575 constituit
1024 2552 1055 2575 ut

258 2585 318 2620 ejus
332 2587 497 2620 compositio
510 2587 587 2615 ﬁeret
599 2597 632 2616 ex
651 2593 723 2617 terra
738 2596 766 2618 et
780 2592 858 2619 mari.
869 2591 961 2620 Staete
978 2594 1053 2621 enim

258 2635 351 2658 ortum
380 2632 464 2661 habet
490 2642 524 2662 ex
557 2639 642 2668 terra,
672 2644 744 2672 onyx
774 2642 867 2665 autem
894 2644 1002 2667 constat
1021 2649 1055 2668 ex

259 2677 341 2704 mari.
352 2677 486 2706 Similiter
498 2680 580 2707 etiam
593 2681 675 2709 Mosis
685 2688 856 2717 unguentum
867 2685 951 2718 (quod
964 2685 1053 2720 ipsum

260 2731 369 2758 quoque
385 2724 454 2752 duos
464 2725 774 2764 signiﬁcabatpopulos)
793 2737 825 2756 ex
859 2730 960 2758 dilecto
985 2732 1054 2760 Filio

259 2771 375 2798 omnino
391 2772 521 2805 etl'usnm,
540 2775 738 2802 convenienter
761 2777 786 2803 ci
812 2777 858 2811 qui
888 2777 980 2805 dicit:
999 2779 1054 2806 Un-

260 2821 385 2851 guentum
399 2818 508 2853 effusum
520 2818 645 2847 "dilecti
657 2828 709 2848 mei
729 2829 736 2847 :
755 2828 789 2848 ex
804 2821 864 2857 ipso
876 2823 948 2850 enim
965 2828 992 2851 et
1005 2832 1054 2859 per

295 2920 428 2948 “Hahae.
445 2930 482 2955 ιιι,
498 2924 524 2950 ‘2.
563 2923 585 2938 "
599 2923 679 2953 Cant.
704 2935 725 2959 ι,
753 2926 780 2954 2.

295 2926 428 2948 uuanae.
445 2930 482 2955 ιιι,
498 2926 524 2950 '2.
563 2926 679 2953 "Cant.
704 2935 725 2959 ι,
753 2926 780 2954 2.
819 2926 940 2955 "Exod.
965 2928 1084 2962 nni-IS.

256 2968 294 2994 Si,
310 2959 355 2993 Ὦς
378 2960 410 2987 Ill
431 2962 494 2997 ιιι-ε.
516 2971 550 2996 vi,
568 2962 611 2991 12.

1101 1671 1168 1699 olim
1181 1677 1292 1705 quoque
1307 1669 1363 1696 duo
1375 1669 1413 1696 illi
1432 1669 1551 1696 duorum
1575 1668 1740 1703 populorum
1760 1668 1829 1702 typi,
1852 1667 1904 1694 Jo-

1102 1716 1168 1751 seph
1183 1720 1211 1743 et
1230 1715 1408 1747 Nicodamus,
1421 1713 1531 1741 duobus
1551 1713 1723 1740 aromatibus
1749 1713 1902 1747 (terrestri,

1103 1761 1225 1795 inquam.
1243 1760 1313 1791 aioe,
1326 1764 1354 1787 et
1376 1759 1482 1786 marina
1509 1758 1631 1795 myrrha)
1646 1759 1740 1786 Jesum
1762 1758 1906 1793 sepelien-

1102 1807 1169 1835 dum
1186 1807 1374 1834 involverunt.

1137 1853 1206 1881 Cum
1224 1861 1257 1880 ex
1273 1853 1370 1880 multis
1384 1861 1451 1888 ergo
1459 1853 1682 1888 probationibus
1697 1851 1905 1887 periphrastice

1102 1900 1296 1932 didicerimus,
1309 1899 1417 1926 marina
1431 1903 1487 1926 etc
1504 1903 1578 1926 terra
1594 1905 1656 1926 nata
1674 1898 1825 1925 animantia
1839 1905 1904 1925 esse

1102 1947 1262 1974 evidentem
1283 1950 1377 1981 typum
1394 1945 1512 1972 duorum
1530 1945 1710 1980 populorum;
1727 1951 1842 1971 necesse
1860 1948 1903 1970 est

1102 1993 1186 2021 etiam
1203 1992 1296 2019 dicere
1315 1997 1428 2026 propter
1443 1999 1514 2026 quas
1531 1999 1630 2018 causas
1647 1999 1711 2025 grex
1729 1995 1804 2017 terra
1820 1989 1904 2024 geni-

1103 2045 1154 2068 tus
1170 2040 1353 2068 animantium
1378 2038 1496 2074 (populi,
1513 2038 1636 2072 inquam,
1652 2036 1748 2071 Israel)
1772 2044 1826 2063 non
1849 2035 1904 2062 fuit

1102 2087 1244 2122 particeps
1258 2086 1334 2121 paris
1348 2083 1556 2112 benedictionis
1571 2083 1651 2117 cujus
1665 2082 1757 2117 pisces
1771 2081 1902 2116 gentiles,

1103 2139 1131 2161 et
1150 2142 1212 2168 qua:
1233 2138 1298 2161 sunt
1317 2140 1349 2160 ex
1368 2131 1410 2159 eis
1428 2131 1566 2158 volucres.
1583 2130 1617 2156 Et
1635 2129 1756 2164 primum
1775 2127 1902 2162 quidem.

1103 2187 1251 2216 propterea
1264 2179 1338 2215 quod
1355 2187 1410 2206 non
1426 2181 1491 2205 sunt
1506 2176 1636 2212 baptizati
1648 2195 1655 2208 ,
1673 2180 1701 2202 et
1717 2183 1772 2202 non
1787 2174 1903 2201 fuerunt

1104 2227 1284 2262 congcncrati
1312 2232 1376 2252 cum
1405 2231 1476 2258 aqua
1502 2227 1531 2250 et
1557 2222 1656 2256 spiritu
1684 2220 1731 2256 qui
1759 2220 1903 2247 ferebatur

1105 2281 1189 2308 super
1208 2279 1308 2307 aquam
1325 2280 1332 2298 :
1348 2269 1469 2298 secunda
1485 2273 1577 2296 autem
1595 2275 1676 2295 causa
1691 2271 1806 2302 propter
1818 2274 1902 2301 quam

1105 2319 1205 2354 privati
1234 2322 1299 2345 sunt
1322 2316 1534 2348 benedictione;
1560 2315 1693 2350 quoniam
1718 2314 1745 2341 in
1771 2313 1814 2340 cis
1842 2318 1903 2340 erat

1105 2371 1235 2398 serpens,
1253 2363 1317 2390 Eva:
1339 2362 1393 2397 (vel
1416 2361 1508 2396 potius
1529 2365 1630 2388 sancta:
1652 2359 1793 2393 Ecclesim)
1816 2359 1903 2386 hostis

1105 2415 1133 2438 et
1149 2409 1307 2440 insidiator,
1322 2412 1349 2435 et
1365 2408 1476 2434 futurus
1493 2411 1553 2434 erat
1570 2406 1708 2434 obnoxius
1725 2406 1764 2432 illi
1784 2407 1901 2433 terribili

1105 2455 1209 2483 Christi
1233 2454 1432 2482 exsecrationi.
1458 2453 1616 2480 Invenimus
1641 2457 1733 2479 autem
1762 2452 1850 2478 Deum
1876 2453 1900 2478 in

1106 2501 1238 2528 universa
1255 2500 1399 2534 Scriptura
1414 2499 1493 2534 legis,
1509 2506 1572 2526 cum
1588 2506 1635 2525 ore
1651 2498 1765 2532 proprio
1780 2498 1901 2532 aliquem

1107 2547 1308 2578 benedixissct,
1318 2551 1418 2573 etcum
1431 2550 1526 2580 postea
1538 2549 1613 2572 esset
1622 2548 1794 2576 exseCratus;
1809 2545 1904 2571 nescio

1108 2602 1143 2620 an
1159 2601 1213 2620 non
1228 2600 1290 2620 cum
1308 2592 1400 2627 aliqua
1414 2591 1594 2619 distinctione
1608 2590 1718 2618 dederit
1730 2590 1902 2617 benedictio-

1107 2646 1172 2666 nem
1193 2648 1198 2665 :
1217 2638 1357 2673 quomodo
1379 2637 1407 2664 in
1430 2637 1530 2664 Israele
1548 2637 1616 2664 dicit
1632 2642 1659 2663 et
1676 2636 1825 2663 Salomone
1846 2645 1854 2662 -.
1875 2635 1902 2662 Si

1109 2684 1285 2712 rustodicrilis
1301 2687 1431 2720 prwcepta
1447 2691 1505 2710 mea
1523 2687 1547 2709 et
1560 2683 1767 2717 justi/tentiones
1784 2690 1858 2708 meas
1870 2683 1900 2708 ".

1108 2731 1275 2758 Prmseiebat
1291 2731 1365 2758 enim
1385 2730 1508 2757 futurum
1527 2733 1557 2755 ut
1576 2732 1693 2762 uterque
1717 2729 1757 2762 (et
1784 2728 1901 2755 maxime

1107 2778 1210 2814 Israel)
1227 2778 1336 2805 divinas
1349 2778 1425 2812 leges
1445 2781 1519 2804 esset
1533 2776 1690 2803 aboliturus
1704 2779 1732 2802 et
1745 2779 1901 2810 transgres-

1107 2833 1205 2856 surus,
1222 2830 1250 2852 et
1266 2824 1377 2851 futurus
1393 2827 1467 2851 esset
1483 2821 1621 2850 obnoxius
1638 2822 1691 2849 illis
1711 2820 1901 2848 innumerabi-

1134 2928 1156 2942 "
1175 2927 1246 2955 Psal.
1266 2935 1356 2960 vam,
1371 2926 1422 2960 ‘22;
1449 2925 1544 2953 Matth.
1572 2931 1652 2958 um,
1678 2923 1723 2951 48.
1775 2923 1798 2940 ³⁷
1821 2922 1900 2950 Deut.
