1980 3235
61 201 113 232 θὲῡ

61 259 134 287 libus
149 265 213 293 qua:
230 262 299 285 sunt
316 257 343 285 in
361 257 433 292 Lege
449 255 690 284 exsecrationibus
712 265 719 283 :
743 256 860 283 maxime

60 310 151 332 autem
164 303 307 336 omnium,
318 308 430 338 propter
439 303 559 330 futuram
572 310 668 330 eorum
681 302 709 329 in
720 302 860 330 Christum

61 350 248 385 impietatem,
261 357 296 376 ex
317 357 365 376 ore
386 349 461 377 illius
480 356 540 375 esse
560 351 741 382 suscepturos
757 356 797 374 va:
814 347 860 374 illa

60 395 291 429 innumerabilia,
307 400 334 422 et
347 395 499 422 sententias
510 394 693 421 desolatiouis
705 398 734 420 et
744 393 860 428 cjectio-

60 443 112 469 nis.
127 442 182 475 Qui
199 447 296 469 autem
314 449 368 468 non
385 442 424 468 sic
439 440 591 475 accipiens,
608 440 717 467 divinas
733 439 860 474 Scriptu-

60 496 104 514 ras
125 487 264 522 explicat,
284 487 427 522 quodnam
447 491 590 520 peccatum
609 485 636 512 in
654 485 740 512 Deum
761 491 859 519 potuc-

60 536 123 558 runt
137 539 256 566 peccare
271 535 353 557 terra:
367 529 531 561 animantia,
545 529 619 564 quod
636 537 690 556 non
707 529 749 556 eis
765 537 859 564 parem

59 578 229 613 imperticrit
256 576 482 604 benedictionem
511 584 593 610 qualn
622 576 763 611 piscibus?
790 576 858 603 Nam

59 624 131 659 quod
154 624 189 650 ad
209 623 340 658 corporis
359 621 586 649 constitutionem
607 622 708 648 attinet
727 625 755 648 ct
775 625 857 648 natu-

60 679 128 702 ram,
141 678 204 697 eam
222 670 304 704 longe
321 668 425 695 habent
437 668 663 707 excellentiorem
677 672 705 694 et
719 668 799 702 plane
815 668 858 694 in-

59 715 277 750 comparabilem
290 722 306 742 e
320 719 394 741 terra
406 713 500 748 genita
515 712 666 740 animantia
680 717 708 740 et
719 714 855 748 jumenta,

40 783 45 791 ,
58 770 140 796 quam
156 761 261 796 pisces.

92 807 150 834 Hoc
168 807 220 834 tibi
236 806 402 841 persuadeat
416 809 444 833 et
455 805 534 832 canis
548 804 596 839 qui
611 804 731 832 ﬁdeliter
744 813 855 840 gregem

56 858 165 886 servat,
178 853 292 880 domum
311 852 448 884 custodit,
462 856 491 879 ct
505 855 548 878 est
562 851 649 878 vinea:
667 851 809 886 plmttidio;
828 854 855 877 ct

57 901 106 927 bos
116 904 145 927 et
155 899 253 926 asinus
261 898 309 934 qui
318 901 423 925 norunt
432 905 498 925 suos
509 897 717 929 benefactores;
730 901 757 924 et
766 905 854 931 equus

54 947 84 972 et
97 944 192 970 mulus
206 948 234 970 et
249 943 373 970 camelus
388 942 435 977 qui
452 950 536 977 supra
553 942 701 969 humanam
719 942 853 969 rationem

55 997 129 1024 saepe
142 990 238 1016 sciunt
250 989 310 1016 vias
324 996 393 1023 quas
407 988 492 1015 semel
510 988 626 1023 ingressi
642 992 715 1020 sunt,
729 992 757 1015 et
769 993 851 1014 noctu

55 1043 128 1070 stepe
150 1039 216 1062 sunt
233 1035 303 1062 certi
321 1035 408 1062 duces
425 1042 541 1062 suorum
559 1034 734 1061 dominorum
754 1043 760 1061 ε
779 1034 852 1061 unde

54 1082 139 1109 etiam
154 1089 227 1116 saepe
244 1081 271 1108 in
288 1081 362 1108 bello
377 1084 440 1115 post
453 1081 550 1113 Deum,
563 1088 700 1115 equorum
717 1084 744 1106 et
761 1080 852 1107 mulo-

57 1135 117 1154 rum
140 1131 169 1153 et
185 1127 356 1154 camelorum
377 1126 563 1153 ministerium
580 1131 624 1153 est
641 1126 733 1152 saluti.
746 1125 852 1159 Quibus

55 1174 77 1200 si
99 1178 212 1201 careret
233 1173 386 1200 humanum
410 1180 508 1208 genus,
524 1171 645 1207 periret;
671 1176 701 1199 ut
722 1171 796 1206 quod
817 1171 850 1198 ad

57 1217 271 1244 ministrandum
294 1216 348 1243 sibi
370 1224 425 1244 non
446 1216 595 1244 sulliceret.
615 1217 693 1244 Unde
713 1217 797 1243 etiam
818 1224 851 1244 ea

56 1263 157 1289 habere
182 1263 352 1297 sapientiam
380 1266 498 1290 testatus
524 1266 567 1290 est
593 1262 682 1294 Deus,
701 1262 758 1297 jam
783 1262 850 1289 olim

56 1307 172 1343 loquens
192 1308 458 1335 misericordissimo
479 1311 507 1335 et
528 1307 733 1342 patientissimo
749 1307 820 1334 Jobo
841 1315 848 1333 :

55 1353 182 1390 Nunquid
197 1355 323 1389 pra-bebis
341 1363 408 1390 equo
425 1354 620 1389 fortitudinem,
637 1359 682 1380 aut
698 1353 850 1380 circumda-

54 1400 90 1426 bit
105 1400 173 1427 collo
188 1401 246 1434 ejus
260 1401 413 1428 hinnitum?
429 1400 553 1427 Exsultat
567 1400 704 1432 audacter,
718 1400 744 1426 in
759 1407 850 1425 occur-

53 1453 109 1472 sum
133 1447 221 1481 pergit
242 1447 367 1473 armatis.
387 1445 538 1473 Contemnil
558 1454 698 1481 pauorem,
715 1453 762 1472 nec
781 1445 849 1472 cedit

53 1490 141 1525 gladia
151 1490 187 1522 "‘,
203 1494 258 1517 etc.
275 1490 305 1517 ln
322 1491 435 1518 marinis
453 1495 544 1517 autem
560 1490 717 1525 reptilibus,
733 1489 848 1524 piscium

53 1543 143 1570 neque
167 1543 220 1562 vox
242 1540 296 1567 est,
317 1543 408 1570 neque
432 1535 564 1571 cognitio,
583 1543 674 1570 neque
699 1535 846 1570 sapientia,

52 1587 142 1614 neque
160 1581 290 1613 scientia,
306 1587 396 1614 neque
414 1579 561 1611 memoria,
578 1588 669 1614 neque
687 1587 785 1607 sensus
800 1579 846 1614 qui

51 1630 211 1660 cognoscat,
225 1634 317 1661 neque
336 1625 472 1653 adversus
489 1625 637 1653 Dominum
657 1626 778 1653 servitus
797 1626 847 1652 ali-

51 1681 105 1708 qua
118 1679 168 1700 aut
181 1672 377 1699 benevolentia
389 1677 437 1699 aut
448 1679 536 1698 amor.
548 1672 614 1704 Qua.-
625 1672 738 1706 quidem
751 1680 848 1699 omnes

52 1719 170 1754 piscium
193 1719 381 1753 proprietates
402 1717 520 1745 rationis
540 1721 568 1744 et
590 1724 689 1744 sensus
709 1722 846 1752 expertes,

51 1767 152 1801 populo
162 1765 288 1800 gentium
305 1763 384 1790 valde
401 1763 583 1795 conveniunt,
602 1768 632 1789 ut
647 1763 680 1790 dc
697 1770 731 1790 eo
744 1763 848 1790 intelli-

49 1817 148 1848 gantur
162 1815 188 1838 et
204 1811 345 1838 dicantur.
358 1810 441 1838 Prius
457 1809 531 1837 enim
547 1815 606 1837 erat
618 1810 720 1837 surdus
734 1811 809 1837 sicut
820 1814 849 1838 et

50 1860 152 1894 pisces,
167 1867 224 1886 non
245 1858 365 1885 audiens
377 1865 474 1885 vocem
494 1857 614 1884 Domini.
635 1857 700 1883 Erat
712 1862 804 1884 autem
821 1860 849 1884 et

50 1910 142 1932 mutus
163 1905 236 1932 sicut
256 1904 320 1939 ipsi.
345 1904 406 1931 Non
426 1903 546 1931 habebat
565 1903 639 1930 enim
661 1902 689 1929 iu
711 1911 740 1930 se
759 1903 846 1929 Deum

49 1951 186 1983 Verbum;
202 1958 287 1977 aures
298 1950 358 1985 ejus
371 1953 399 1976 et
411 1957 442 1977 os
455 1949 653 1976 obturantibus
667 1948 847 1976 daemoniacis

49 1998 136 2033 aquis,
151 1997 300 2031 oculisque
322 1996 451 2023 tenebras
470 1995 692 2027 ollundentibus,
710 2003 744 2022 ne
761 2002 846 2030 agno-

49 2048 158 2071 scerent
173 2048 203 2070 et
220 2043 319 2070 oculos
340 2042 518 2070 intenderent
536 2043 564 2069 in
586 2042 678 2069 Solem
698 2042 844 2069 Dominum

48 2089 189 2117 Christum
203 2089 302 2116 Deum.
316 2089 466 2124 Propterea
479 2089 553 2116 enim
569 2089 596 2115 in
613 2093 707 2124 typum
722 2089 844 2123 gentium

48 2136 118 2164 Deus
136 2135 291 2171 appellavit
311 2135 420 2170 reptilia
441 2135 533 2170 pisces
554 2135 695 2167 animalia,
713 2135 844 2169 quoniam

49 2181 146 2216 reptile
173 2185 218 2208 est
244 2180 334 2207 simile
362 2179 501 2207 diabolico
525 2180 669 2214 serpenti,
697 2179 789 2206 anima
816 2184 845 2207 et

47 2228 128 2255 corde
141 2232 169 2255 et
185 2227 302 2254 ratione.
314 2226 429 2254 Pectore
447 2227 475 2254 in
491 2231 592 2254 terrain
608 2231 696 2254 totum
711 2226 842 2258 trahitur,

44 2281 77 2301 ex
92 2273 258 2302 cmlestibué
274 2273 342 2300 nihil
360 2273 529 2305 considerat,
544 2273 615 2300 nihil
631 2273 750 2300 sublime
769 2273 842 2308 cogi-

46 2324 92 2352 tat,
106 2320 179 2347 nihil
193 2319 334 2346 excelsum
349 2319 571 2354 contemplatur;
585 2319 633 2346 sed
648 2323 704 2346 tota
716 2319 843 2354 corporis

43 2371 150 2394 statura
171 2366 299 2393 adhzeret
317 2369 397 2393 teme
416 2373 431 2392 a
452 2366 543 2400 capite
565 2373 651 2400 usque
672 2365 704 2392 ad
727 2366 841 2393 caudam

45 2412 106 2447 (hoc
122 2417 166 2439 est
180 2411 217 2438 ab
233 2411 317 2438 initio
331 2412 365 2438 ad
382 2411 476 2447 ﬁnem)
493 2416 599 2439 tractus
614 2411 642 2438 in
659 2412 801 2446 pulverem
814 2417 842 2439 et

45 2458 150 2490 timum,
167 2458 232 2485 alvo
247 2457 399 2489 idolorum,
417 2462 514 2485 ventre
532 2463 559 2485 et
576 2458 709 2485 umbilico
726 2458 842 2484 luxuria:

44 2508 70 2531 et
82 2503 224 2530 libidinis.
238 2502 318 2530 Unde
334 2508 449 2538 propter
462 2503 520 2531 haec
535 2504 656 2539 reptilia,
669 2512 700 2531 ex
718 2504 842 2538 piscibus

44 2549 196 2584 gentilibus
214 2553 281 2575 ante
298 2556 397 2575 onmes
413 2549 542 2577 Christus
556 2550 665 2577 vocavit
680 2550 841 2584 piscatores.

46 2594 131 2622 Porro
148 2598 242 2622 autem
262 2594 382 2628 primum
400 2599 482 2621 natus
499 2595 582 2627 (ilius,
600 2603 698 2630 nempe
719 2595 797 2627 Cain,
814 2595 841 2622 in

46 2640 159 2675 llguram
186 2639 367 2674 primogeniti
390 2640 489 2672 Israel,
510 2640 562 2667 fuit
583 2641 703 2675 agricola
730 2641 771 2675 (ut
794 2640 842 2674 qui

47 2690 117 2713 esset
137 2690 276 2721 cognatus
300 2685 484 2712 animantium
505 2693 520 2713 e
543 2690 616 2713 terra
639 2687 795 2721 genitarum
815 2691 843 2713 ct

47 2738 100 2758 non
127 2731 363 2765 benedictarum)
389 2733 500 2758 occisor
525 2732 590 2759 boni
615 2732 734 2767 pastoris
757 2732 841 2764 Abel,

50 2783 144 2812 nempe
167 2777 276 2804 Christi
300 2786 307 2803 :
329 2776 362 2804 de
383 2778 486 2812 quibus
507 2778 565 2812 ipse
584 2778 694 2805 diccbat
717 2788 722 2805 :
744 2779 792 2805 Vos
812 2787 843 2805 ex

48 2826 120 2855 patre
141 2821 250 2849 ιιὶιιιιιίυ
275 2821 351 2854 estis;
375 2822 427 2849 hoc
452 2826 504 2855 est,
522 2830 554 2850 ex
582 2823 649 2850 Cain
672 2823 718 2858 qui
739 2823 842 2851 tlfaboli

80 2911 166 2940 "Job
178 2919 274 2943 xxxix,
291 2911 321 2938 l9
343 2917 399 2945 seq.
438 2913 459 2928 "
475 2912 551 2941 Joan.
566 2920 622 2946 vni,
643 2915 683 2941 Η.

621 199 662 228 ΙΝ
682 198 958 228 IIEXAEMERON.
973 211 1006 216 -
1025 198 1098 229 LIB.
1120 199 1169 230 VI.

879 258 900 286 Α
915 264 999 291 opera
1016 261 1058 284 est
1075 257 1199 284 imitatus
1217 265 1223 284 :
1241 257 1292 284 Ille
1309 263 1367 284 erat
1381 259 1513 287 homicida
1532 260 1563 287 ab
1580 261 1657 288 initia
1668 263 1706 296 ";

914 303 967 330 hoc
986 308 1039 336 est,
1057 304 1148 330 statim
1170 304 1205 330 ab
1227 304 1307 331 initio
1329 305 1523 339 productionis
1544 307 1656 340 mundi;
1678 313 1708 336 ut

913 349 959 383 qui
979 348 1123 382 preprium
1141 348 1255 376 fratrem
1277 348 1461 376 interfecerit.
1482 349 1553 384 Ergo
1569 358 1618 377 vos
1635 358 1706 385 quo~

911 402 965 429 quc
985 395 1065 422 eritis
1087 386 1233 421 homicida:
1253 395 1286 422 ad
1309 395 1504 427 imitationem,
1522 401 1610 423 morte
1632 397 1706 424 enim

911 441 1036 468 atlieietis
1059 449 1149 468 meam
1171 441 1235 479 Jcsu
1260 441 1477 474 humanitatem;
1501 442 1620 474 nullum,
1645 447 1706 470 tan—

911 493 993 519 quam
1011 485 1078 517 Deo,
1098 485 1166 512 mihi
1184 486 1315 513 damnum
1334 487 1449 520 illaturi,
1465 492 1612 522 propterea
1631 488 1705 523 quod

910 539 966 558 non
983 532 1097 566 possitis
1112 532 1139 558 in
1155 540 1189 559 eo
1203 541 1245 560 me
1260 533 1384 568 aggredi.

946 577 1009 604 ll:ec
1025 583 1119 605 autem
1136 578 1228 605 omnia
1243 579 1401 606 testimonia
1414 579 1581 607 adduximus
1597 580 1631 606 ad
1647 580 1703 615 glo-

909 624 1056 652 riationem
1072 630 1100 652 et
1111 626 1324 653 exsultationem
1337 626 1439 653 Christi
1454 627 1584 654 Ecclesia:
1598 637 1604 654 :
1618 628 1706 654 maxi-

908 679 982 698 mam
998 672 1072 700 enim
1089 673 1235 699 utilitatem
1252 677 1280 699 et
1294 673 1533 701 conﬁrmationem
1552 674 1704 708 accipimus

908 725 959 744 nos
987 718 1102 750 lidclcs,
1129 726 1191 745 cum
1223 719 1357 746 discimus
1385 720 1471 754 quod,
1489 728 1552 746 cum
1582 720 1702 754 primum

907 763 1008 790 caelum
1029 768 1057 790 et
1080 768 1153 791 terra
1175 765 1352 797 creabantur,
1367 773 1400 792 ex
1420 773 1453 792 eo
1473 770 1596 800 tempore
1617 766 1704 793 admi-

906 809 1035 836 rabilium
1050 818 1184 844 aquarum
1201 812 1319 846 populus
1333 812 1473 846 rcptilium
1487 812 1603 846 piscium
1619 812 1704 840 bene-

906 855 1057 882 dictionem
1076 857 1185 891 aceepit
1201 865 1215 883 a
1232 857 1359 884 Domino.
1374 858 1471 885 Frater
1485 862 1576 885 autem
1594 858 1702 893 prodigi

906 900 991 935 hujus
1011 901 1059 927 lilii
1078 901 1204 936 gentilis,
1221 903 1268 936 qui
1286 908 1346 930 erat
1364 903 1390 929 in
1409 911 1473 938 agro
1490 903 1576 930 vincte
1594 903 1703 931 lsraelis

904 947 1038 982 agricola,
1051 947 1153 974 mansit
1165 948 1224 975 sine
1237 948 1432 976 benedictione
1446 954 1475 976 ut
1485 950 1532 984 qui
1545 950 1600 977 huc
1614 958 1701 985 usque

904 1001 960 1020 non
983 993 1099 1021 inducat
1120 994 1147 1021 in
1171 994 1293 1021 animum
1313 995 1420 1030 ingredi
1438 999 1542 1023 etesse
1560 997 1702 1032 particeps

903 1039 1028 1074 corporis
1057 1044 1086 1066 et
1115 1040 1259 1075 sanguinis
1285 1040 1365 1067 vituli
1395 1041 1523 1076 saginati.
1553 1042 1701 1077 Saginatus

903 1089 996 1112 autem
1010 1085 1115 1113 vitulus
1129 1087 1292 1113 nominatur
1305 1087 1443 1119 Christus,
1457 1088 1588 1122 quoniam
1605 1089 1700 1116 multis

903 1131 1076 1165 temporibus
1092 1135 1156 1159 ante
1173 1132 1286 1167 nuptias
1301 1137 1330 1159 et
1345 1133 1475 1159 unionem
1494 1141 1557 1160 cum
1576 1133 1699 1161 Ecclesia

902 1176 1053 1211 parabatur
1074 1185 1089 1204 a
1109 1185 1160 1204 suo
1180 1178 1260 1204 Patre
1284 1178 1310 1204 in
1333 1186 1410 1204 esum
1432 1179 1568 1213 gentium,
1582 1183 1610 1206 et
1627 1187 1698 1214 quo-

901 1222 1049 1249 dammodo
1075 1223 1255 1258 saginabatur
1280 1229 1496 1251 sacramentum.
1524 1225 1598 1252 Deus
1623 1225 1697 1252 enim

900 1271 964 1294 ante
984 1267 1084 1294 sazcula
1103 1268 1249 1303 antiquum
1269 1276 1367 1296 verum
1389 1269 1525 1296 revelavit
1548 1270 1697 1297 consilium

900 1312 934 1338 ad
949 1311 1065 1346 gloriam
1082 1317 1206 1340 nostram
1222 1314 1358 1348 gentium,
1373 1314 1445 1341 sicut
1459 1315 1559 1342 clamat
1571 1315 1655 1342 Isaias
1670 1320 1700 1343 et

900 1357 1010 1384 Paulus.
1026 1358 1060 1385 Et
1074 1358 1143 1384 dixit
1159 1359 1232 1386 Deus
1251 1368 1257 1386 :
1275 1359 1419 1387 Faciamus
1433 1360 1564 1387 Ironiinem
1582 1361 1616 1388 ad
1631 1361 1699 1388 ima-
1726 1355 1729 1358 ’

899 1403 986 1437 ginem
1007 1408 1032 1430 et
1052 1404 1254 1431 similitudinem
1275 1410 1405 1433 nostram.
1425 1406 1632 1434 Convenicnter
1652 1414 1697 1434 ra-

900 1448 966 1476 tioni
994 1456 1147 1484 anagoges.
1172 1449 1314 1477 Christum
1339 1450 1384 1477 hic
1407 1451 1563 1486 intelliges,
1590 1451 1616 1478 in
1642 1459 1698 1485 quo

899 1494 1002 1522 dicitur
1018 1494 1085 1522 illud
1105 1503 1112 1522 :
1127 1494 1269 1522 Faciamus
1286 1497 1429 1528 hominem,
1444 1497 1556 1532 quando
1574 1498 1697 1532 suscepit

900 1538 1058 1571 hominem;
1079 1540 1146 1567 illud
1169 1545 1274 1573 autem,
1291 1541 1443 1575 Faciamus,
1459 1551 1513 1569 non
1534 1543 1609 1570 solus
1629 1543 1697 1570 dicit

861 1595 882 1623 ρ
899 1585 982 1612 Pater
1004 1591 1032 1613 et
1057 1585 1194 1620 Spiritus,
1219 1587 1264 1614 hic
1291 1587 1404 1622 quidem
1428 1593 1458 1615 ut
1484 1589 1643 1623 approbatis
1668 1593 1696 1616 et.

900 1634 991 1656 ratum
1009 1630 1125 1662 habens,
1141 1631 1186 1657 ille
1202 1635 1293 1658 autem
1311 1636 1341 1658 ut
1357 1639 1529 1666 praeparans;
1547 1634 1594 1659 sed
1611 1633 1695 1661 etiam

900 1674 986 1701 Filius
1001 1679 1030 1701 ut
1043 1675 1117 1702 Deus
1129 1676 1268 1702 consentit
1281 1675 1314 1702 de
1329 1684 1363 1702 eo
1377 1676 1451 1711 quod
1468 1681 1510 1703 est
1525 1677 1695 1711 faciendum,

899 1725 929 1747 ut
946 1721 1005 1756 ipse
1022 1728 1133 1756 quoque
1152 1726 1283 1749 cernatur
1297 1722 1426 1757 amplecti
1445 1723 1573 1750 humana:
1590 1729 1696 1751 natura:

898 1768 1105 1801 susceptionth
1129 1777 1136 1794 :
1157 1768 1205 1794 sed
1231 1768 1352 1802 primum
1372 1772 1415 1795 est
1434 1769 1515 1796 aliter
1534 1769 1694 1796 examinan—

898 1813 964 1840 dum
980 1813 1107 1841 verbum.
1124 1814 1158 1841 Et
1171 1815 1227 1849 jam
1245 1815 1358 1849 quidem
1374 1823 1388 1842 a
1404 1815 1485 1842 nobis
1501 1815 1535 1842 de
1549 1823 1592 1847 co,
1609 1823 1696 1849 quan-

899 1861 956 1884 tum
981 1859 1122 1893 potuimus
1142 1860 1263 1894 assequi,
1281 1865 1346 1888 sunt
1365 1861 1429 1887 libri
1451 1861 1599 1892 elaborati,
1615 1866 1643 1888 ct
1661 1869 1695 1888 eo

897 1904 1114 1931 transulittitnus
1133 1913 1183 1932 eos
1202 1906 1250 1940 qui
1272 1907 1420 1934 voluerint.
1437 1907 1465 1933 ln
1488 1914 1624 1934 summam
1643 1915 1694 1933 au—

898 1953 964 1981 tem,
979 1958 1014 1977 ne
1032 1950 1120 1977 instar
1134 1952 1254 1979 mutilali
1273 1953 1390 1979 membri
1409 1957 1456 1979 aut
1470 1953 1596 1987 corporis
1613 1953 1649 1979 sit
1666 1952 1693 1979 in

896 1995 952 2022 illis
973 2003 1043 2030 opus
1065 2004 1193 2023 mancum
1216 2005 1249 2024 ac
1271 1999 1417 2030 mutilum,
1437 1998 1489 2024 hoc
1510 2003 1553 2025 est
1574 1998 1693 2033 implen-

896 2041 973 2068 dum.
990 2041 1060 2068 Sunt
1078 2046 1170 2069 autem
1190 2043 1259 2074 balc,
1274 2051 1324 2070 cur
1342 2051 1396 2070 non
1415 2043 1542 2071 distinxit
1557 2044 1630 2070 Deus
1648 2044 1692 2070 in—

896 2091 938 2114 ter
954 2088 1123 2114 creationem
1141 2089 1303 2115 animalium
1322 2097 1355 2116 ex
1374 2094 1458 2120 terra,
1474 2093 1502 2116 ct
1519 2089 1690 2117 creationem

895 2132 1028 2165 hominis,
1045 2133 1118 2162 sicut
1132 2133 1226 2161 divisit
1244 2135 1317 2162 inter
1334 2135 1425 2170 pisces
1444 2139 1472 2162 et
1499 2134 1650 2162 animantia
1672 2142 1687 2162 e

895 2183 968 2206 terra
987 2179 1080 2214 genita
1102 2188 1108 2206 :
1130 2180 1179 2207 sed
1200 2185 1329 2214 tanquam
1350 2185 1424 2208 esset
1444 2180 1570 2215 quaedam
1592 2188 1689 2207 eorum

895 2226 1035 2260 cognatio,
1049 2226 1147 2253 eodem
1164 2226 1220 2260 die,
1233 2230 1261 2254 et
1274 2227 1413 2254 hominem
1429 2232 1456 2254 et
1470 2235 1502 2254 ea
1516 2231 1558 2254 est
1571 2227 1691 2254 fabrica-

859 2268 879 2295 ῐ)
898 2275 952 2298 tus.
976 2271 1054 2305 Quod
1072 2271 1185 2306 quidem
1206 2272 1317 2300 solvens
1336 2273 1448 2307 quidam
1467 2281 1501 2300 ex
1522 2272 1683 2307 cxpositori-

896 2317 959 2350 bus,
969 2323 1081 2353 propter
1093 2326 1153 2345 eam
1168 2327 1229 2353 qua:
1241 2327 1304 2346 cum
1316 2319 1420 2346 Judazis
1433 2319 1458 2346 ei
1473 2319 1525 2346 fuit
1536 2318 1688 2346 secundum

895 2372 1007 2392 carnem
1023 2365 1226 2400 cognationem,
1243 2365 1312 2392 dixit
1328 2373 1388 2392 eam
1400 2373 1461 2392 esse
1473 2366 1554 2393 simul
1571 2366 1690 2393 creatio—

896 2418 969 2438 nem.
993 2411 1081 2442 Unde,
1095 2411 1135 2438 ait
1146 2411 1230 2444 idem,
1245 2412 1311 2439 licet
1323 2412 1506 2447 t'tmlenlplari
1519 2417 1547 2439 et
1559 2411 1689 2440 admirari

894 2457 980 2491 quod,
994 2456 1026 2483 iis
1038 2457 1141 2484 relictis
1154 2465 1215 2492 qttze
1228 2462 1309 2495 erant
1320 2458 1345 2485 ei
1359 2458 1512 2494 propinqua
1525 2464 1552 2485 et
1563 2463 1689 2494 cognata,

896 2502 948 2529 iste
965 2502 1049 2529 homo
1066 2511 1081 2530 a
1098 2503 1153 2530 Deo
1170 2508 1212 2531 est
1229 2505 1405 2532 introductus
1423 2509 1450 2532 et
1465 2505 1547 2532 datus
1564 2506 1590 2532 in
1608 2513 1690 2540 para-

896 2549 998 2583 disum,
1011 2551 1045 2578 ad
1061 2559 1125 2578 eum
1142 2552 1315 2586 operandmn
1332 2555 1360 2579 et
1374 2551 1598 2579 custodiendum.
1612 2552 1692 2585 Qum-

896 2596 960 2623 dam
980 2600 1073 2624 autem
1095 2598 1147 2624 alia
1167 2603 1196 2624 et
1216 2598 1338 2625 secunda
1358 2598 1512 2625 animantia
1533 2599 1575 2625 vel
1598 2599 1690 2633 potiris

897 2641 1001 2669 bestias
1013 2641 1116 2670 diversi
1131 2642 1166 2670 ab
1180 2651 1214 2670 eo
1227 2643 1339 2678 generis
1349 2648 1377 2670 et
1388 2651 1449 2677 quas
1461 2644 1558 2678 procul
1573 2643 1690 2670 aberant

896 2687 1012 2726 add/usit
1027 2696 1080 2715 non
1095 2689 1200 2723 priora,
1214 2689 1262 2716 sed
1278 2689 1413 2721 secunda,
1425 2697 1486 2724 quae
1498 2689 1610 2724 quidem
1624 2693 1690 2716 sunt

895 2741 993 2768 greges
1008 2733 1170 2764 bestiarum,
1185 2742 1285 2769 nempe
1300 2735 1434 2769 gentium.

932 2780 997 2806 l‘ost
1017 2779 1075 2807 hmo
1094 2785 1186 2807 autem
1208 2781 1430 2815 cognoscendum
1452 2783 1494 2807 est
1512 2787 1539 2806 et
1557 2778 1687 2805 conside-

897 2825 1026 2857 randum,
1044 2825 1118 2859 quod
1138 2825 1195 2852 ha'c
1215 2826 1300 2861 prima
1320 2833 1370 2852 rex
1390 2826 1416 2852 in
1435 2825 1526 2851 divina
1544 2822 1686 2858 Scriptura
