  <div class='ocr_page' id='page_1' title='image "/cluster/home/n/w/nwhite01/storage/ocr_20150623/89/njp.32101064224908/475.png"; bbox 0 0 1990 3183; ppageno 0'>
   <div class='ocr_carea' id='block_1_1' title="bbox 310 186 365 218">
    <p class='ocr_par' dir='ltr' id='par_1_1' title="bbox 310 186 365 218">
     <span class='ocr_line' id='line_1_1' title="bbox 310 186 365 218; baseline -0.018 0"><span class='ocrx_word' id='word_1_1' title='bbox 310 186 365 218; x_wconf 66' lang='lat'><strong>831</strong></span> 
     </span>
    </p>
   </div>
   <div class='ocr_carea' id='block_1_2' title="bbox 913 183 1346 214">
    <p class='ocr_par' dir='ltr' id='par_1_2' title="bbox 913 183 1346 214">
     <span class='ocr_line' id='line_1_2' title="bbox 913 183 1346 214; baseline -0.007 0"><span class='ocrx_word' id='word_1_2' title='bbox 913 185 942 214; x_wconf 77' lang='grc' dir='ltr'><strong>Ξ.</strong></span> <span class='ocrx_word' id='word_1_3' title='bbox 965 183 1162 213; x_wconf 62' lang='grc' dir='ltr'><strong>ΑΧᾹΞΤΛΞῘῘ</strong></span> <span class='ocrx_word' id='word_1_4' title='bbox 1183 183 1346 213; x_wconf 64' lang='grc' dir='ltr'><strong>ΞῘΝΛἎΤΕ</strong></span> 
     </span>
    </p>
   </div>
   <div class='ocr_carea' id='block_1_3' title="bbox 1894 184 1942 214">
    <p class='ocr_par' dir='ltr' id='par_1_3' title="bbox 1894 184 1942 214">
     <span class='ocr_line' id='line_1_3' title="bbox 1894 184 1942 214; baseline 0 0"><span class='ocrx_word' id='word_1_5' title='bbox 1894 184 1942 214; x_wconf 68' lang='grc' dir='ltr'><strong>9ἲὲ</strong></span> 
     </span>
    </p>
   </div>
   <div class='ocr_carea' id='block_1_4' title="bbox 313 239 1941 277">
    <p class='ocr_par' dir='ltr' id='par_1_4' title="bbox 313 239 1941 277">
     <span class='ocr_line' id='line_1_4' title="bbox 313 239 1941 277; baseline -0.002 -8"><span class='ocrx_word' id='word_1_6' title='bbox 313 243 388 270; x_wconf 84' lang='lat' dir='ltr'><strong>dicta</strong></span> <span class='ocrx_word' id='word_1_7' title='bbox 407 246 449 270; x_wconf 83' lang='lat' dir='ltr'><strong>est</strong></span> <span class='ocrx_word' id='word_1_8' title='bbox 467 241 627 277; x_wconf 76' lang='lat' dir='ltr'><strong>pluraliter;</strong></span> <span class='ocrx_word' id='word_1_9' title='bbox 646 242 779 272; x_wconf 77' lang='lat' dir='ltr'><strong>divinant,</strong></span> <span class='ocrx_word' id='word_1_10' title='bbox 797 243 924 275; x_wconf 76' lang='lat' dir='ltr'><strong>inquam,</strong></span> <span class='ocrx_word' id='word_1_11' title='bbox 946 241 1105 275; x_wconf 36' lang='lat' dir='ltr'><strong>sibn&#39;tllcuns</strong></span> <span class='ocrx_word' id='word_1_12' title='bbox 1122 244 1140 267; x_wconf 66' lang='grc' dir='ltr'><strong>Δ</strong></span> <span class='ocrx_word' id='word_1_13' title='bbox 1156 248 1223 269; x_wconf 72' lang='lat' dir='ltr'><strong>ntus,</strong></span> <span class='ocrx_word' id='word_1_14' title='bbox 1239 240 1365 274; x_wconf 84' lang='lat' dir='ltr'><strong>quoniam</strong></span> <span class='ocrx_word' id='word_1_15' title='bbox 1377 239 1518 265; x_wconf 75' lang='lat' dir='ltr'><strong>ridebimus</strong></span> <span class='ocrx_word' id='word_1_16' title='bbox 1531 247 1589 264; x_wconf 78' lang='lat' dir='ltr'><strong>cum</strong></span> <span class='ocrx_word' id='word_1_17' title='bbox 1604 240 1670 265; x_wconf 77' lang='lat' dir='ltr'><strong>sicut</strong></span> <span class='ocrx_word' id='word_1_18' title='bbox 1684 243 1720 265; x_wconf 55' lang='lat' dir='ltr'><strong>est</strong></span> <span class='ocrx_word' id='word_1_19' title='bbox 1731 239 1763 266; x_wconf 68' lang='lat'><strong>’°.</strong></span> <span class='ocrx_word' id='word_1_20' title='bbox 1777 239 1859 267; x_wconf 74' lang='lat' dir='ltr'><strong>Vides</strong></span> <span class='ocrx_word' id='word_1_21' title='bbox 1873 242 1941 274; x_wconf 80' lang='lat' dir='ltr'><strong>quod</strong></span> 
     </span>
    </p>
   </div>
   <div class='ocr_carea' id='block_1_5' title="bbox 314 286 1098 319">
    <p class='ocr_par' dir='ltr' id='par_1_5' title="bbox 314 286 1098 319">
     <span class='ocr_line' id='line_1_5' title="bbox 314 286 1098 319; baseline -0.004 -4"><span class='ocrx_word' id='word_1_22' title='bbox 314 289 495 319; x_wconf 69' lang='lat' dir='ltr'><strong>Trinitatem,</strong></span> <span class='ocrx_word' id='word_1_23' title='bbox 520 288 617 315; x_wconf 85' lang='lat' dir='ltr'><strong>dicens</strong></span> <span class='ocrx_word' id='word_1_24' title='bbox 642 289 668 315; x_wconf 95' lang='lat' dir='ltr'><strong>in</strong></span> <span class='ocrx_word' id='word_1_25' title='bbox 697 289 754 315; x_wconf 85' lang='lat' dir='ltr'><strong>sola</strong></span> <span class='ocrx_word' id='word_1_26' title='bbox 781 287 901 314; x_wconf 90' lang='lat' dir='ltr'><strong>hominis</strong></span> <span class='ocrx_word' id='word_1_27' title='bbox 927 286 1065 314; x_wconf 83' lang='lat' dir='ltr'><strong>creatione</strong></span> <span class='ocrx_word' id='word_1_28' title='bbox 1093 295 1098 312; x_wconf 89' lang='lat'>:</span> 
     </span>
    </p>
   </div>
   <div class='ocr_carea' id='block_1_6' title="bbox 315 333 1101 368">
    <p class='ocr_par' dir='ltr' id='par_1_6' title="bbox 315 333 1101 368">
     <span class='ocr_line' id='line_1_6' title="bbox 315 333 1101 368; baseline -0.005 -6"><span class='ocrx_word' id='word_1_29' title='bbox 315 334 454 362; x_wconf 74' lang='lat' dir='ltr'><strong>Faciamus</strong></span> <span class='ocrx_word' id='word_1_30' title='bbox 477 335 609 360; x_wconf 79' lang='lat' dir='ltr'><strong>hominem</strong></span> <span class='ocrx_word' id='word_1_31' title='bbox 633 334 668 361; x_wconf 86' lang='lat' dir='ltr'><strong>ad</strong></span> <span class='ocrx_word' id='word_1_32' title='bbox 691 334 832 368; x_wconf 75' lang='lat' dir='ltr'><strong>imugiurm</strong></span> <span class='ocrx_word' id='word_1_33' title='bbox 858 338 882 359; x_wconf 80' lang='lat' dir='ltr'><strong>ct</strong></span> <span class='ocrx_word' id='word_1_34' title='bbox 900 333 1101 359; x_wconf 77' lang='lat' dir='ltr'><strong>similitudinem</strong></span> 
     </span>
    </p>
   </div>
   <div class='ocr_carea' id='block_1_7' title="bbox 315 378 1101 413">
    <p class='ocr_par' dir='ltr' id='par_1_7' title="bbox 315 378 1101 413">
     <span class='ocr_line' id='line_1_7' title="bbox 315 378 1101 413; baseline -0.001 -9"><span class='ocrx_word' id='word_1_35' title='bbox 315 383 451 411; x_wconf 71' lang='lat' dir='ltr'><strong>nostram;</strong></span> <span class='ocrx_word' id='word_1_36' title='bbox 470 379 584 413; x_wconf 82' lang='lat' dir='ltr'><strong>perinde</strong></span> <span class='ocrx_word' id='word_1_37' title='bbox 605 387 635 405; x_wconf 88' lang='lat' dir='ltr'><strong>ac</strong></span> <span class='ocrx_word' id='word_1_38' title='bbox 656 379 745 405; x_wconf 89' lang='lat' dir='ltr'><strong>trihns</strong></span> <span class='ocrx_word' id='word_1_39' title='bbox 764 378 882 405; x_wconf 81' lang='lat' dir='ltr'><strong>diversis</strong></span> <span class='ocrx_word' id='word_1_40' title='bbox 906 378 1031 412; x_wconf 89' lang='lat' dir='ltr'><strong>personis</strong></span> <span class='ocrx_word' id='word_1_41' title='bbox 1050 378 1101 404; x_wconf 83' lang='lat' dir='ltr'><strong>ho-</strong></span> 
     </span>
    </p>
   </div>
   <div class='ocr_carea' id='block_1_8' title="bbox 316 425 1101 456">
    <p class='ocr_par' dir='ltr' id='par_1_8' title="bbox 316 425 1101 456">
     <span class='ocr_line' id='line_1_8' title="bbox 316 425 1101 456; baseline -0.001 -5"><span class='ocrx_word' id='word_1_42' title='bbox 316 426 430 456; x_wconf 77' lang='lat' dir='ltr'><strong>mitium,</strong></span> <span class='ocrx_word' id='word_1_43' title='bbox 449 426 471 451; x_wconf 93' lang='lat' dir='ltr'><strong>si</strong></span> <span class='ocrx_word' id='word_1_44' title='bbox 493 426 530 452; x_wconf 81' lang='lat' dir='ltr'><strong>ita</strong></span> <span class='ocrx_word' id='word_1_45' title='bbox 550 425 631 451; x_wconf 83' lang='lat' dir='ltr'><strong>liceat</strong></span> <span class='ocrx_word' id='word_1_46' title='bbox 651 425 754 456; x_wconf 85' lang='lat' dir='ltr'><strong>dicere,</strong></span> <span class='ocrx_word' id='word_1_47' title='bbox 773 433 806 451; x_wconf 78' lang='lat' dir='ltr'><strong>ex</strong></span> <span class='ocrx_word' id='word_1_48' title='bbox 827 425 966 451; x_wconf 87' lang='lat' dir='ltr'><strong>eomtnnni</strong></span> <span class='ocrx_word' id='word_1_49' title='bbox 985 425 1101 451; x_wconf 79' lang='lat' dir='ltr'><strong>consilio</strong></span> 
     </span>
    </p>
   </div>
   <div class='ocr_carea' id='block_1_9' title="bbox 313 470 1101 504">
    <p class='ocr_par' dir='ltr' id='par_1_9' title="bbox 313 470 1101 504">
     <span class='ocr_line' id='line_1_9' title="bbox 313 470 1101 504; baseline 0.001 -8"><span class='ocrx_word' id='word_1_50' title='bbox 313 476 341 498; x_wconf 73' lang='lat' dir='ltr'><strong>rt</strong></span> <span class='ocrx_word' id='word_1_51' title='bbox 360 479 496 497; x_wconf 73' lang='lat' dir='ltr'><strong>consensu</strong></span> <span class='ocrx_word' id='word_1_52' title='bbox 519 471 746 497; x_wconf 83' lang='lat' dir='ltr'><strong>construcntihns</strong></span> <span class='ocrx_word' id='word_1_53' title='bbox 767 470 885 504; x_wconf 81' lang='lat' dir='ltr'><strong>aliquam</strong></span> <span class='ocrx_word' id='word_1_54' title='bbox 907 470 1053 504; x_wconf 77' lang='lat' dir='ltr'><strong>imaginem</strong></span> <span class='ocrx_word' id='word_1_55' title='bbox 1074 474 1101 497; x_wconf 86' lang='lat' dir='ltr'><strong>ct</strong></span> 
     </span>
    </p>
   </div>
   <div class='ocr_carea' id='block_1_10' title="bbox 309 515 1101 550">
    <p class='ocr_par' dir='ltr' id='par_1_10' title="bbox 309 515 1101 550">
     <span class='ocr_line' id='line_1_10' title="bbox 309 515 1101 550; baseline -0.003 -7"><span class='ocrx_word' id='word_1_56' title='bbox 309 517 508 547; x_wconf 64' lang='lat' dir='ltr'><strong>simulacrum,</strong></span> <span class='ocrx_word' id='word_1_57' title='bbox 528 521 555 542; x_wconf 89' lang='lat' dir='ltr'><strong>et</strong></span> <span class='ocrx_word' id='word_1_58' title='bbox 576 524 740 550; x_wconf 78' lang='lat' dir='ltr'><strong>unaquaque</strong></span> <span class='ocrx_word' id='word_1_59' title='bbox 763 517 878 543; x_wconf 83' lang='lat' dir='ltr'><strong>i&#39;aeiente</strong></span> <span class='ocrx_word' id='word_1_60' title='bbox 904 515 930 542; x_wconf 93' lang='lat' dir='ltr'><strong>in</strong></span> <span class='ocrx_word' id='word_1_61' title='bbox 954 516 1101 542; x_wconf 74' lang='lat' dir='ltr'><strong>simulacro</strong></span> 
     </span>
    </p>
   </div>
   <div class='ocr_carea' id='block_1_11' title="bbox 314 562 1099 597">
    <p class='ocr_par' dir='ltr' id='par_1_11' title="bbox 314 562 1099 597">
     <span class='ocr_line' id='line_1_11' title="bbox 314 562 1099 597; baseline -0.001 -8"><span class='ocrx_word' id='word_1_62' title='bbox 314 564 431 597; x_wconf 77' lang='lat' dir='ltr'><strong>aliquam</strong></span> <span class='ocrx_word' id='word_1_63' title='bbox 457 563 594 597; x_wconf 82' lang='lat' dir='ltr'><strong>propriam</strong></span> <span class='ocrx_word' id='word_1_64' title='bbox 617 562 826 589; x_wconf 79' lang='lat' dir='ltr'><strong>similitudinem</strong></span> <span class='ocrx_word' id='word_1_65' title='bbox 846 562 961 596; x_wconf 75' lang='lat' dir='ltr'><strong>elligiem</strong></span> <span class='ocrx_word' id='word_1_66' title='bbox 982 566 1009 588; x_wconf 84' lang='lat' dir='ltr'><strong>et</strong></span> <span class='ocrx_word' id='word_1_67' title='bbox 1031 562 1099 596; x_wconf 76' lang='lat' dir='ltr'><strong>ligu-</strong></span> 
     </span>
    </p>
   </div>
   <div class='ocr_carea' id='block_1_12' title="bbox 313 608 1099 643">
    <p class='ocr_par' dir='ltr' id='par_1_12' title="bbox 313 608 1099 643">
     <span class='ocr_line' id='line_1_12' title="bbox 313 608 1099 643; baseline -0.003 -7"><span class='ocrx_word' id='word_1_68' title='bbox 313 617 380 641; x_wconf 81' lang='lat' dir='ltr'><strong>ram.</strong></span> <span class='ocrx_word' id='word_1_69' title='bbox 399 614 427 636; x_wconf 86' lang='grc' dir='ltr'><strong>ιιι</strong></span> <span class='ocrx_word' id='word_1_70' title='bbox 448 610 483 636; x_wconf 82' lang='lat' dir='ltr'><strong>sit</strong></span> <span class='ocrx_word' id='word_1_71' title='bbox 503 610 528 636; x_wconf 87' lang='lat' dir='ltr'><strong>in</strong></span> <span class='ocrx_word' id='word_1_72' title='bbox 552 617 582 635; x_wconf 88' lang='lat' dir='ltr'><strong>ea</strong></span> <span class='ocrx_word' id='word_1_73' title='bbox 605 609 632 636; x_wconf 92' lang='lat' dir='ltr'><strong>id</strong></span> <span class='ocrx_word' id='word_1_74' title='bbox 655 609 727 643; x_wconf 87' lang='lat' dir='ltr'><strong>quod</strong></span> <span class='ocrx_word' id='word_1_75' title='bbox 749 609 867 638; x_wconf 80' lang='lat' dir='ltr'><strong>videtur,</strong></span> <span class='ocrx_word' id='word_1_76' title='bbox 883 608 1054 642; x_wconf 83' lang='lat' dir='ltr'><strong>corporalius</strong></span> <span class='ocrx_word' id='word_1_77' title='bbox 1072 613 1099 634; x_wconf 88' lang='lat' dir='ltr'><strong>et</strong></span> 
     </span>
    </p>
   </div>
   <div class='ocr_carea' id='block_1_13' title="bbox 311 655 1099 690">
    <p class='ocr_par' dir='ltr' id='par_1_13' title="bbox 311 655 1099 690">
     <span class='ocr_line' id='line_1_13' title="bbox 311 655 1099 690; baseline -0.003 -7"><span class='ocrx_word' id='word_1_78' title='bbox 311 656 441 683; x_wconf 58' lang='lat' dir='ltr'><strong>crassius.</strong></span> <span class='ocrx_word' id='word_1_79' title='bbox 458 656 534 685; x_wconf 82' lang='lat' dir='ltr'><strong>Erat,</strong></span> <span class='ocrx_word' id='word_1_80' title='bbox 549 656 670 690; x_wconf 82' lang='lat' dir='ltr'><strong>inquam,</strong></span> <span class='ocrx_word' id='word_1_81' title='bbox 684 656 796 682; x_wconf 79' lang='lat' dir='ltr'><strong>alterius</strong></span> <span class='ocrx_word' id='word_1_82' title='bbox 816 655 926 689; x_wconf 88' lang='lat' dir='ltr'><strong>quidetn</strong></span> <span class='ocrx_word' id='word_1_83' title='bbox 948 663 979 681; x_wconf 73' lang='lat' dir='ltr'><strong>ex</strong></span> <span class='ocrx_word' id='word_1_84' title='bbox 999 655 1099 681; x_wconf 68' lang='lat' dir='ltr'><strong>divinis</strong></span> 
     </span>
    </p>
   </div>
   <div class='ocr_carea' id='block_1_14' title="bbox 307 700 1101 732">
    <p class='ocr_par' dir='ltr' id='par_1_14' title="bbox 307 700 1101 732">
     <span class='ocr_line' id='line_1_14' title="bbox 307 700 1101 732; baseline 0.001 -7"><span class='ocrx_word' id='word_1_85' title='bbox 307 701 466 727; x_wconf 74' lang='lat' dir='ltr'><strong>artiﬁcibus</strong></span> <span class='ocrx_word' id='word_1_86' title='bbox 492 701 626 732; x_wconf 84' lang='lat' dir='ltr'><strong>altitudo,</strong></span> <span class='ocrx_word' id='word_1_87' title='bbox 662 702 776 727; x_wconf 82' lang='lat' dir='ltr'><strong>alterius</strong></span> <span class='ocrx_word' id='word_1_88' title='bbox 801 707 891 727; x_wconf 81' lang='lat' dir='ltr'><strong>autem</strong></span> <span class='ocrx_word' id='word_1_89' title='bbox 918 700 1050 731; x_wconf 85' lang='lat' dir='ltr'><strong>latitudo,</strong></span> <span class='ocrx_word' id='word_1_90' title='bbox 1074 704 1101 726; x_wconf 83' lang='lat' dir='ltr'><strong>et</strong></span> 
     </span>
    </p>
   </div>
   <div class='ocr_carea' id='block_1_15' title="bbox 312 746 1101 781">
    <p class='ocr_par' dir='ltr' id='par_1_15' title="bbox 312 746 1101 781">
     <span class='ocr_line' id='line_1_15' title="bbox 312 746 1101 781; baseline 0.003 -10"><span class='ocrx_word' id='word_1_91' title='bbox 312 746 426 772; x_wconf 74' lang='lat' dir='ltr'><strong>alterius</strong></span> <span class='ocrx_word' id='word_1_92' title='bbox 442 747 626 780; x_wconf 68' lang='lat' dir='ltr'><strong>profunditas.</strong></span> <span class='ocrx_word' id='word_1_93' title='bbox 640 747 685 773; x_wconf 80' lang='lat' dir='ltr'><strong>Sic</strong></span> <span class='ocrx_word' id='word_1_94' title='bbox 701 747 773 773; x_wconf 86' lang='lat' dir='ltr'><strong>enim</strong></span> <span class='ocrx_word' id='word_1_95' title='bbox 789 751 830 772; x_wconf 78' lang='lat' dir='ltr'><strong>est</strong></span> <span class='ocrx_word' id='word_1_96' title='bbox 846 746 955 780; x_wconf 81' lang='lat' dir='ltr'><strong>proprie</strong></span> <span class='ocrx_word' id='word_1_97' title='bbox 972 747 1060 781; x_wconf 80' lang='lat' dir='ltr'><strong>imago</strong></span> <span class='ocrx_word' id='word_1_98' title='bbox 1074 750 1101 773; x_wconf 84' lang='lat' dir='ltr'><strong>et</strong></span> 
     </span>
    </p>
   </div>
   <div class='ocr_carea' id='block_1_16' title="bbox 312 791 1098 826">
    <p class='ocr_par' dir='ltr' id='par_1_16' title="bbox 312 791 1098 826">
     <span class='ocr_line' id='line_1_16' title="bbox 312 791 1098 826; baseline 0.001 -9"><span class='ocrx_word' id='word_1_99' title='bbox 312 792 489 818; x_wconf 72' lang='lat' dir='ltr'><strong>simulacrum</strong></span> <span class='ocrx_word' id='word_1_100' title='bbox 504 792 537 818; x_wconf 81' lang='lat' dir='ltr'><strong>ad</strong></span> <span class='ocrx_word' id='word_1_101' title='bbox 553 792 746 822; x_wconf 81' lang='lat' dir='ltr'><strong>imitationem,</strong></span> <span class='ocrx_word' id='word_1_102' title='bbox 761 791 886 825; x_wconf 79' lang='lat' dir='ltr'><strong>ﬁguram,</strong></span> <span class='ocrx_word' id='word_1_103' title='bbox 900 796 927 818; x_wconf 88' lang='lat' dir='ltr'><strong>et</strong></span> <span class='ocrx_word' id='word_1_104' title='bbox 940 792 1098 826; x_wconf 80' lang='lat' dir='ltr'><strong>imaginem,</strong></span> 
     </span>
    </p>
   </div>
   <div class='ocr_carea' id='block_1_17' title="bbox 312 836 1100 871">
    <p class='ocr_par' dir='ltr' id='par_1_17' title="bbox 312 836 1100 871">
     <span class='ocr_line' id='line_1_17' title="bbox 312 836 1100 871; baseline 0.001 -9"><span class='ocrx_word' id='word_1_105' title='bbox 312 837 484 864; x_wconf 84' lang='lat' dir='ltr'><strong>diversorum</strong></span> <span class='ocrx_word' id='word_1_106' title='bbox 511 837 647 863; x_wconf 85' lang='lat' dir='ltr'><strong>artillcnm</strong></span> <span class='ocrx_word' id='word_1_107' title='bbox 676 837 764 871; x_wconf 84' lang='lat' dir='ltr'><strong>ipsius</strong></span> <span class='ocrx_word' id='word_1_108' title='bbox 790 836 871 862; x_wconf 85' lang='lat' dir='ltr'><strong>unius</strong></span> <span class='ocrx_word' id='word_1_109' title='bbox 898 841 925 863; x_wconf 90' lang='lat' dir='ltr'><strong>et</strong></span> <span class='ocrx_word' id='word_1_110' title='bbox 950 837 1100 864; x_wconf 65' lang='lat' dir='ltr'><strong>individua!</strong></span> 
     </span>
    </p>
   </div>
   <div class='ocr_carea' id='block_1_18' title="bbox 313 883 1100 909">
    <p class='ocr_par' dir='ltr' id='par_1_18' title="bbox 313 883 1100 909">
     <span class='ocr_line' id='line_1_18' title="bbox 313 883 1100 909; baseline -0.001 0"><span class='ocrx_word' id='word_1_111' title='bbox 313 883 394 909; x_wconf 87' lang='lat' dir='ltr'><strong>unius</strong></span> <span class='ocrx_word' id='word_1_112' title='bbox 417 888 444 909; x_wconf 88' lang='lat' dir='ltr'><strong>et</strong></span> <span class='ocrx_word' id='word_1_113' title='bbox 466 883 552 909; x_wconf 89' lang='lat' dir='ltr'><strong>solius</strong></span> <span class='ocrx_word' id='word_1_114' title='bbox 574 883 618 909; x_wconf 84' lang='lat' dir='ltr'><strong>Dei</strong></span> <span class='ocrx_word' id='word_1_115' title='bbox 641 883 766 909; x_wconf 71' lang='lat' dir='ltr'><strong>essentne</strong></span> <span class='ocrx_word' id='word_1_116' title='bbox 790 886 817 908; x_wconf 86' lang='lat' dir='ltr'><strong>et</strong></span> <span class='ocrx_word' id='word_1_117' title='bbox 843 887 946 908; x_wconf 77' lang='lat' dir='ltr'><strong>natura:</strong></span> <span class='ocrx_word' id='word_1_118' title='bbox 971 891 977 908; x_wconf 86' lang='lat'>:</span> <span class='ocrx_word' id='word_1_119' title='bbox 1002 883 1100 909; x_wconf 66' lang='lat' dir='ltr'><strong>animae</strong></span> 
     </span>
    </p>
   </div>
   <div class='ocr_carea' id='block_1_19' title="bbox 312 928 1099 963">
    <p class='ocr_par' dir='ltr' id='par_1_19' title="bbox 312 928 1099 963">
     <span class='ocr_line' id='line_1_19' title="bbox 312 928 1099 963; baseline 0 -9"><span class='ocrx_word' id='word_1_120' title='bbox 312 929 433 963; x_wconf 82' lang='lat' dir='ltr'><strong>quidem,</strong></span> <span class='ocrx_word' id='word_1_121' title='bbox 445 929 478 955; x_wconf 88' lang='lat' dir='ltr'><strong>ad</strong></span> <span class='ocrx_word' id='word_1_122' title='bbox 493 929 638 962; x_wconf 78' lang='lat' dir='ltr'><strong>imaginem</strong></span> <span class='ocrx_word' id='word_1_123' title='bbox 652 928 698 954; x_wconf 73' lang='lat' dir='ltr'><strong>Dei</strong></span> <span class='ocrx_word' id='word_1_124' title='bbox 714 933 740 954; x_wconf 84' lang='lat' dir='ltr'><strong>et</strong></span> <span class='ocrx_word' id='word_1_125' title='bbox 754 928 854 957; x_wconf 75' lang='lat' dir='ltr'><strong>Patris,</strong></span> <span class='ocrx_word' id='word_1_126' title='bbox 865 928 1003 962; x_wconf 89' lang='lat' dir='ltr'><strong>quomodo</strong></span> <span class='ocrx_word' id='word_1_127' title='bbox 1018 928 1099 954; x_wconf 82' lang='lat' dir='ltr'><strong>etiam</strong></span> 
     </span>
    </p>
   </div>
   <div class='ocr_carea' id='block_1_20' title="bbox 312 974 1101 1008">
    <p class='ocr_par' dir='ltr' id='par_1_20' title="bbox 312 974 1101 1008">
     <span class='ocr_line' id='line_1_20' title="bbox 312 974 1101 1008; baseline -0.001 -7"><span class='ocrx_word' id='word_1_128' title='bbox 312 976 389 1008; x_wconf 82' lang='lat' dir='ltr'><strong>prius</strong></span> <span class='ocrx_word' id='word_1_129' title='bbox 404 975 607 1001; x_wconf 75' lang='lat' dir='ltr'><strong>nominmimus</strong></span> <span class='ocrx_word' id='word_1_130' title='bbox 621 974 647 1000; x_wconf 90' lang='lat' dir='ltr'><strong>in</strong></span> <span class='ocrx_word' id='word_1_131' title='bbox 661 974 770 1000; x_wconf 89' lang='lat' dir='ltr'><strong>duobus</strong></span> <span class='ocrx_word' id='word_1_132' title='bbox 785 974 864 1000; x_wconf 79' lang='lat' dir='ltr'><strong>libris</strong></span> <span class='ocrx_word' id='word_1_133' title='bbox 879 982 948 1008; x_wconf 86' lang='lat' dir='ltr'><strong>quos</strong></span> <span class='ocrx_word' id='word_1_134' title='bbox 962 974 1101 1001; x_wconf 85' lang='lat' dir='ltr'><strong>edidimus</strong></span> 
     </span>
    </p>
   </div>
   <div class='ocr_carea' id='block_1_21' title="bbox 311 1020 1100 1051">
    <p class='ocr_par' dir='ltr' id='par_1_21' title="bbox 311 1020 1100 1051">
     <span class='ocr_line' id='line_1_21' title="bbox 311 1020 1100 1051; baseline 0 -5"><span class='ocrx_word' id='word_1_135' title='bbox 311 1021 345 1047; x_wconf 83' lang='lat' dir='ltr'><strong>de</strong></span> <span class='ocrx_word' id='word_1_136' title='bbox 369 1020 575 1046; x_wconf 78' lang='lat' dir='ltr'><strong>constructione</strong></span> <span class='ocrx_word' id='word_1_137' title='bbox 603 1020 722 1046; x_wconf 84' lang='lat' dir='ltr'><strong>hominis</strong></span> <span class='ocrx_word' id='word_1_138' title='bbox 751 1028 757 1045; x_wconf 91' lang='lat'>:</span> <span class='ocrx_word' id='word_1_139' title='bbox 782 1020 906 1047; x_wconf 74' lang='lat' dir='ltr'><strong>Rationis</strong></span> <span class='ocrx_word' id='word_1_140' title='bbox 921 1025 1024 1051; x_wconf 79' lang='lat' dir='ltr'><strong>autem,</strong></span> <span class='ocrx_word' id='word_1_141' title='bbox 1051 1027 1100 1046; x_wconf 82' lang='lat' dir='ltr'><strong>seu</strong></span> 
     </span>
    </p>
   </div>
   <div class='ocr_carea' id='block_1_22' title="bbox 311 1064 1099 1099">
    <p class='ocr_par' dir='ltr' id='par_1_22' title="bbox 311 1064 1099 1099">
     <span class='ocr_line' id='line_1_22' title="bbox 311 1064 1099 1099; baseline 0 -9"><span class='ocrx_word' id='word_1_142' title='bbox 311 1065 387 1091; x_wconf 82' lang='lat' dir='ltr'><strong>verbi</strong></span> <span class='ocrx_word' id='word_1_143' title='bbox 415 1065 537 1096; x_wconf 82' lang='lat' dir='ltr'><strong>interni,</strong></span> <span class='ocrx_word' id='word_1_144' title='bbox 563 1065 636 1099; x_wconf 91' lang='lat' dir='ltr'><strong>quod</strong></span> <span class='ocrx_word' id='word_1_145' title='bbox 666 1065 799 1091; x_wconf 71' lang='lat' dir='ltr'><strong>describit</strong></span> <span class='ocrx_word' id='word_1_146' title='bbox 825 1073 856 1091; x_wconf 89' lang='lat' dir='ltr'><strong>ac</strong></span> <span class='ocrx_word' id='word_1_147' title='bbox 882 1064 986 1099; x_wconf 78' lang='lat' dir='ltr'><strong>ellingit</strong></span> <span class='ocrx_word' id='word_1_148' title='bbox 1014 1065 1099 1091; x_wconf 86' lang='lat' dir='ltr'><strong>Deum</strong></span> 
     </span>
    </p>
   </div>
   <div class='ocr_carea' id='block_1_23' title="bbox 312 1110 1100 1146">
    <p class='ocr_par' dir='ltr' id='par_1_23' title="bbox 312 1110 1100 1146">
     <span class='ocr_line' id='line_1_23' title="bbox 312 1110 1100 1146; baseline -0.003 -8"><span class='ocrx_word' id='word_1_149' title='bbox 312 1111 429 1138; x_wconf 85' lang='lat' dir='ltr'><strong>Verbum</strong></span> <span class='ocrx_word' id='word_1_150' title='bbox 451 1119 464 1137; x_wconf 89' lang='lat' dir='ltr'><strong>a</strong></span> <span class='ocrx_word' id='word_1_151' title='bbox 484 1112 539 1138; x_wconf 89' lang='lat' dir='ltr'><strong>Deo</strong></span> <span class='ocrx_word' id='word_1_152' title='bbox 560 1112 700 1146; x_wconf 77' lang='lat' dir='ltr'><strong>genitum;</strong></span> <span class='ocrx_word' id='word_1_153' title='bbox 723 1111 824 1138; x_wconf 80' lang='lat' dir='ltr'><strong>mentis</strong></span> <span class='ocrx_word' id='word_1_154' title='bbox 846 1115 949 1142; x_wconf 81' lang='lat' dir='ltr'><strong>autent,</strong></span> <span class='ocrx_word' id='word_1_155' title='bbox 967 1118 1027 1144; x_wconf 66' lang='lat' dir='ltr'><strong>quae</strong></span> <span class='ocrx_word' id='word_1_156' title='bbox 1047 1110 1100 1137; x_wconf 88' lang='lat' dir='ltr'><strong>l&#39;ert</strong></span> 
     </span>
    </p>
   </div>
   <div class='ocr_carea' id='block_1_24' title="bbox 311 1156 1099 1191">
    <p class='ocr_par' dir='ltr' id='par_1_24' title="bbox 311 1156 1099 1191">
     <span class='ocr_line' id='line_1_24' title="bbox 311 1156 1099 1191; baseline -0.004 -7"><span class='ocrx_word' id='word_1_157' title='bbox 311 1158 457 1190; x_wconf 58' lang='lat' dir='ltr'><strong>imaginem</strong></span> <span class='ocrx_word' id='word_1_158' title='bbox 484 1158 572 1184; x_wconf 84' lang='lat' dir='ltr'><strong>sancti</strong></span> <span class='ocrx_word' id='word_1_159' title='bbox 601 1157 732 1191; x_wconf 74' lang='lat' dir='ltr'><strong>Spiritus.</strong></span> <span class='ocrx_word' id='word_1_160' title='bbox 755 1157 822 1184; x_wconf 87' lang='lat' dir='ltr'><strong>Cum</strong></span> <span class='ocrx_word' id='word_1_161' title='bbox 850 1164 901 1184; x_wconf 91' lang='lat' dir='ltr'><strong>nos</strong></span> <span class='ocrx_word' id='word_1_162' title='bbox 927 1159 1018 1182; x_wconf 77' lang='lat' dir='ltr'><strong>autent</strong></span> <span class='ocrx_word' id='word_1_163' title='bbox 1047 1156 1099 1182; x_wconf 70' lang='lat' dir='ltr'><strong>ali~</strong></span> 
     </span>
    </p>
   </div>
   <div class='ocr_carea' id='block_1_25' title="bbox 311 1202 1098 1237">
    <p class='ocr_par' dir='ltr' id='par_1_25' title="bbox 311 1202 1098 1237">
     <span class='ocr_line' id='line_1_25' title="bbox 311 1202 1098 1237; baseline -0.001 -9"><span class='ocrx_word' id='word_1_164' title='bbox 311 1203 420 1237; x_wconf 71' lang='lat' dir='ltr'><strong>quando</strong></span> <span class='ocrx_word' id='word_1_165' title='bbox 443 1203 514 1230; x_wconf 90' lang='lat' dir='ltr'><strong>hanc</strong></span> <span class='ocrx_word' id='word_1_166' title='bbox 533 1211 628 1230; x_wconf 84' lang='lat' dir='ltr'><strong>vocem</strong></span> <span class='ocrx_word' id='word_1_167' title='bbox 650 1203 840 1237; x_wconf 79' lang='lat' dir='ltr'><strong>proicrrenms</strong></span> <span class='ocrx_word' id='word_1_168' title='bbox 861 1202 932 1237; x_wconf 87' lang='lat' dir='ltr'><strong>apud</strong></span> <span class='ocrx_word' id='word_1_169' title='bbox 953 1202 1098 1236; x_wconf 79' lang='lat' dir='ltr'><strong>quemdam</strong></span> 
     </span>
    </p>
   </div>
   <div class='ocr_carea' id='block_1_26' title="bbox 303 1249 1099 1284">
    <p class='ocr_par' dir='ltr' id='par_1_26' title="bbox 303 1249 1099 1284">
     <span class='ocr_line' id='line_1_26' title="bbox 303 1249 1099 1284; baseline 0 -10"><span class='ocrx_word' id='word_1_170' title='bbox 303 1257 343 1275; x_wconf 71' lang='lat' dir='ltr'><strong>cx</strong></span> <span class='ocrx_word' id='word_1_171' title='bbox 369 1249 508 1281; x_wconf 70' lang='lat' dir='ltr'><strong>llehrmis,</strong></span> <span class='ocrx_word' id='word_1_172' title='bbox 531 1249 624 1276; x_wconf 67' lang='lat' dir='ltr'><strong>multm</strong></span> <span class='ocrx_word' id='word_1_173' title='bbox 648 1249 732 1284; x_wconf 71' lang='grc'><strong>884</strong></span> <span class='ocrx_word' id='word_1_174' title='bbox 758 1250 832 1276; x_wconf 87' lang='lat' dir='ltr'><strong>enim</strong></span> <span class='ocrx_word' id='word_1_175' title='bbox 857 1253 884 1276; x_wconf 90' lang='lat' dir='ltr'><strong>et</strong></span> <span class='ocrx_word' id='word_1_176' title='bbox 909 1255 1099 1283; x_wconf 73' lang='lat' dir='ltr'><strong>smpenumero</strong></span> 
     </span>
    </p>
   </div>
   <div class='ocr_carea' id='block_1_27' title="bbox 310 1294 1099 1328">
    <p class='ocr_par' dir='ltr' id='par_1_27' title="bbox 310 1294 1099 1328">
     <span class='ocr_line' id='line_1_27' title="bbox 310 1294 1099 1328; baseline 0 -8"><span class='ocrx_word' id='word_1_177' title='bbox 310 1301 372 1320; x_wconf 84' lang='lat' dir='ltr'><strong>cum</strong></span> <span class='ocrx_word' id='word_1_178' title='bbox 394 1302 490 1320; x_wconf 90' lang='lat' dir='ltr'><strong>eorum</strong></span> <span class='ocrx_word' id='word_1_179' title='bbox 511 1302 610 1328; x_wconf 77' lang='lat' dir='ltr'><strong>genere</strong></span> <span class='ocrx_word' id='word_1_180' title='bbox 631 1299 697 1321; x_wconf 75' lang='lat' dir='ltr'><strong>erue</strong></span> <span class='ocrx_word' id='word_1_181' title='bbox 719 1295 799 1321; x_wconf 89' lang='lat' dir='ltr'><strong>nobis</strong></span> <span class='ocrx_word' id='word_1_182' title='bbox 821 1298 885 1320; x_wconf 91' lang='lat' dir='ltr'><strong>sunt</strong></span> <span class='ocrx_word' id='word_1_183' title='bbox 903 1294 1099 1321; x_wconf 63' lang='lat' dir='ltr'><strong>controversae</strong></span> 
     </span>
    </p>
   </div>
   <div class='ocr_carea' id='block_1_28' title="bbox 311 1338 1097 1374">
    <p class='ocr_par' dir='ltr' id='par_1_28' title="bbox 311 1338 1097 1374">
     <span class='ocr_line' id='line_1_28' title="bbox 311 1338 1097 1374; baseline 0.001 -9"><span class='ocrx_word' id='word_1_184' title='bbox 311 1345 342 1365; x_wconf 83' lang='lat' dir='ltr'><strong>ac</strong></span> <span class='ocrx_word' id='word_1_185' title='bbox 367 1338 602 1366; x_wconf 78' lang='lat' dir='ltr'><strong>contradictiones</strong></span> <span class='ocrx_word' id='word_1_186' title='bbox 631 1339 726 1374; x_wconf 87' lang='lat' dir='ltr'><strong>(plane</strong></span> <span class='ocrx_word' id='word_1_187' title='bbox 752 1339 984 1373; x_wconf 76' lang='lat' dir='ltr'><strong>extemporales),</strong></span> <span class='ocrx_word' id='word_1_188' title='bbox 1002 1344 1097 1366; x_wconf 85' lang='lat' dir='ltr'><strong>contra</strong></span> 
     </span>
    </p>
   </div>
   <div class='ocr_carea' id='block_1_29' title="bbox 311 1383 1096 1420">
    <p class='ocr_par' dir='ltr' id='par_1_29' title="bbox 311 1383 1096 1420">
     <span class='ocr_line' id='line_1_29' title="bbox 311 1383 1096 1420; baseline 0.001 -10"><span class='ocrx_word' id='word_1_189' title='bbox 311 1383 380 1410; x_wconf 74' lang='lat' dir='ltr'><strong>dixit</strong></span> <span class='ocrx_word' id='word_1_190' title='bbox 404 1384 564 1419; x_wconf 86' lang='lat' dir='ltr'><strong>improbus,</strong></span> <span class='ocrx_word' id='word_1_191' title='bbox 590 1393 680 1420; x_wconf 79' lang='lat' dir='ltr'><strong>regem</strong></span> <span class='ocrx_word' id='word_1_192' title='bbox 704 1385 823 1419; x_wconf 82' lang='lat' dir='ltr'><strong>aliquem</strong></span> <span class='ocrx_word' id='word_1_193' title='bbox 848 1385 882 1419; x_wconf 85' lang='lat' dir='ltr'><strong>(et</strong></span> <span class='ocrx_word' id='word_1_194' title='bbox 906 1385 927 1411; x_wconf 91' lang='lat' dir='ltr'><strong>si</strong></span> <span class='ocrx_word' id='word_1_195' title='bbox 953 1385 988 1412; x_wconf 87' lang='lat' dir='ltr'><strong>sit</strong></span> <span class='ocrx_word' id='word_1_196' title='bbox 1011 1385 1096 1420; x_wconf 87' lang='lat' dir='ltr'><strong>solus)</strong></span> 
     </span>
    </p>
   </div>
   <div class='ocr_carea' id='block_1_30' title="bbox 311 1431 1096 1464">
    <p class='ocr_par' dir='ltr' id='par_1_30' title="bbox 311 1431 1096 1464">
     <span class='ocr_line' id='line_1_30' title="bbox 311 1431 1096 1464; baseline 0.004 -9"><span class='ocrx_word' id='word_1_197' title='bbox 311 1438 390 1464; x_wconf 82' lang='lat' dir='ltr'><strong>posse</strong></span> <span class='ocrx_word' id='word_1_198' title='bbox 410 1431 502 1457; x_wconf 82' lang='lat' dir='ltr'><strong>dicere</strong></span> <span class='ocrx_word' id='word_1_199' title='bbox 523 1431 589 1458; x_wconf 89' lang='lat' dir='ltr'><strong>illud</strong></span> <span class='ocrx_word' id='word_1_200' title='bbox 607 1441 612 1458; x_wconf 87' lang='lat'>:</span> <span class='ocrx_word' id='word_1_201' title='bbox 634 1431 843 1463; x_wconf 63' lang='lat' dir='ltr'><strong>Facianitts;‘et</strong></span> <span class='ocrx_word' id='word_1_202' title='bbox 862 1431 939 1462; x_wconf 74' lang='lat' dir='ltr'><strong>illud,</strong></span> <span class='ocrx_word' id='word_1_203' title='bbox 956 1431 1096 1458; x_wconf 76' lang='lat' dir='ltr'><strong>Iussimus.</strong></span> 
     </span>
    </p>
   </div>
   <div class='ocr_carea' id='block_1_31' title="bbox 310 1476 1098 1505">
    <p class='ocr_par' dir='ltr' id='par_1_31' title="bbox 310 1476 1098 1505">
     <span class='ocr_line' id='line_1_31' title="bbox 310 1476 1098 1505; baseline 0 -2"><span class='ocrx_word' id='word_1_204' title='bbox 310 1476 376 1503; x_wconf 91' lang='lat' dir='ltr'><strong>Cum</strong></span> <span class='ocrx_word' id='word_1_205' title='bbox 396 1482 487 1503; x_wconf 84' lang='lat' dir='ltr'><strong>autem</strong></span> <span class='ocrx_word' id='word_1_206' title='bbox 506 1485 555 1504; x_wconf 84' lang='lat' dir='ltr'><strong>nos</strong></span> <span class='ocrx_word' id='word_1_207' title='bbox 573 1478 794 1504; x_wconf 84' lang='lat' dir='ltr'><strong>occurrissetnus</strong></span> <span class='ocrx_word' id='word_1_208' title='bbox 811 1484 839 1505; x_wconf 82' lang='lat' dir='ltr'><strong>et</strong></span> <span class='ocrx_word' id='word_1_209' title='bbox 856 1477 1021 1504; x_wconf 78' lang='lat' dir='ltr'><strong>dixissemus</strong></span> <span class='ocrx_word' id='word_1_210' title='bbox 1039 1486 1045 1503; x_wconf 84' lang='lat'><strong>:</strong></span> <span class='ocrx_word' id='word_1_211' title='bbox 1065 1476 1098 1503; x_wconf 89' lang='lat' dir='ltr'><strong>Et</strong></span> 
     </span>
    </p>
   </div>
   <div class='ocr_carea' id='block_1_32' title="bbox 310 1522 1096 1550">
    <p class='ocr_par' dir='ltr' id='par_1_32' title="bbox 310 1522 1096 1550">
     <span class='ocr_line' id='line_1_32' title="bbox 310 1522 1096 1550; baseline 0.003 -3"><span class='ocrx_word' id='word_1_212' title='bbox 310 1530 359 1548; x_wconf 89' lang='lat' dir='ltr'><strong>cur</strong></span> <span class='ocrx_word' id='word_1_213' title='bbox 376 1527 438 1549; x_wconf 77' lang='lat' dir='ltr'><strong>ante</strong></span> <span class='ocrx_word' id='word_1_214' title='bbox 458 1523 625 1550; x_wconf 75' lang='lat' dir='ltr'><strong>creationem</strong></span> <span class='ocrx_word' id='word_1_215' title='bbox 642 1523 763 1550; x_wconf 86' lang='lat' dir='ltr'><strong>hominis</strong></span> <span class='ocrx_word' id='word_1_216' title='bbox 774 1531 828 1550; x_wconf 88' lang='lat' dir='ltr'><strong>non</strong></span> <span class='ocrx_word' id='word_1_217' title='bbox 845 1523 969 1550; x_wconf 83' lang='lat' dir='ltr'><strong>cernitur</strong></span> <span class='ocrx_word' id='word_1_218' title='bbox 982 1523 1054 1550; x_wconf 84' lang='lat' dir='ltr'><strong>Deus</strong></span> <span class='ocrx_word' id='word_1_219' title='bbox 1070 1522 1096 1549; x_wconf 89' lang='lat' dir='ltr'><strong>in</strong></span> 
     </span>
    </p>
   </div>
   <div class='ocr_carea' id='block_1_33' title="bbox 309 1568 1097 1604">
    <p class='ocr_par' dir='ltr' id='par_1_33' title="bbox 309 1568 1097 1604">
     <span class='ocr_line' id='line_1_33' title="bbox 309 1568 1097 1604; baseline 0.001 -10"><span class='ocrx_word' id='word_1_220' title='bbox 309 1568 400 1602; x_wconf 81' lang='lat' dir='ltr'><strong>aliqua</strong></span> <span class='ocrx_word' id='word_1_221' title='bbox 421 1568 474 1595; x_wconf 82' lang='lat' dir='ltr'><strong>alia</strong></span> <span class='ocrx_word' id='word_1_222' title='bbox 496 1568 677 1603; x_wconf 65' lang='lat' dir='ltr'><strong>(quaecunque</strong></span> <span class='ocrx_word' id='word_1_223' title='bbox 695 1577 725 1595; x_wconf 86' lang='lat' dir='ltr'><strong>ea</strong></span> <span class='ocrx_word' id='word_1_224' title='bbox 743 1569 789 1604; x_wconf 77' lang='lat' dir='ltr'><strong>sit)</strong></span> <span class='ocrx_word' id='word_1_225' title='bbox 809 1573 935 1595; x_wconf 80' lang='lat' dir='ltr'><strong>creatura</strong></span> <span class='ocrx_word' id='word_1_226' title='bbox 953 1576 1020 1595; x_wconf 89' lang='lat' dir='ltr'><strong>usus</strong></span> <span class='ocrx_word' id='word_1_227' title='bbox 1036 1576 1097 1595; x_wconf 86' lang='lat' dir='ltr'><strong>esse</strong></span> 
     </span>
    </p>
   </div>
   <div class='ocr_carea' id='block_1_34' title="bbox 311 1613 1098 1646">
    <p class='ocr_par' dir='ltr' id='par_1_34' title="bbox 311 1613 1098 1646">
     <span class='ocr_line' id='line_1_34' title="bbox 311 1613 1098 1646; baseline 0 -6"><span class='ocrx_word' id='word_1_228' title='bbox 311 1613 363 1640; x_wconf 85' lang='lat' dir='ltr'><strong>hoc</strong></span> <span class='ocrx_word' id='word_1_229' title='bbox 374 1614 468 1644; x_wconf 77' lang='lat' dir='ltr'><strong>verbo,</strong></span> <span class='ocrx_word' id='word_1_230' title='bbox 485 1614 678 1646; x_wconf 85' lang='lat' dir='ltr'><strong>Faciamus;ct</strong></span> <span class='ocrx_word' id='word_1_231' title='bbox 689 1614 790 1641; x_wconf 80' lang='lat' dir='ltr'><strong>dixisse</strong></span> <span class='ocrx_word' id='word_1_232' title='bbox 804 1615 854 1641; x_wconf 85' lang='lat' dir='ltr'><strong>nisi</strong></span> <span class='ocrx_word' id='word_1_233' title='bbox 867 1615 893 1641; x_wconf 93' lang='lat' dir='ltr'><strong>in</strong></span> <span class='ocrx_word' id='word_1_234' title='bbox 907 1615 965 1641; x_wconf 90' lang='lat' dir='ltr'><strong>solo</strong></span> <span class='ocrx_word' id='word_1_235' title='bbox 978 1614 1098 1645; x_wconf 85' lang='lat' dir='ltr'><strong>homine,</strong></span> 
     </span>
    </p>
   </div>
   <div class='ocr_carea' id='block_1_35' title="bbox 310 1660 1099 1695">
    <p class='ocr_par' dir='ltr' id='par_1_35' title="bbox 310 1660 1099 1695">
     <span class='ocr_line' id='line_1_35' title="bbox 310 1660 1099 1695; baseline 0 -9"><span class='ocrx_word' id='word_1_236' title='bbox 310 1664 338 1687; x_wconf 86' lang='lat' dir='ltr'><strong>et</strong></span> <span class='ocrx_word' id='word_1_237' title='bbox 352 1668 449 1687; x_wconf 80' lang='lat' dir='ltr'><strong>rursus</strong></span> <span class='ocrx_word' id='word_1_238' title='bbox 467 1660 493 1686; x_wconf 92' lang='lat' dir='ltr'><strong>in</strong></span> <span class='ocrx_word' id='word_1_239' title='bbox 510 1661 625 1688; x_wconf 87' lang='lat' dir='ltr'><strong>muliere</strong></span> <span class='ocrx_word' id='word_1_240' title='bbox 641 1669 701 1695; x_wconf 63' lang='lat' dir='ltr'><strong>qua:</strong></span> <span class='ocrx_word' id='word_1_241' title='bbox 718 1665 812 1695; x_wconf 79' lang='lat' dir='ltr'><strong>postea</strong></span> <span class='ocrx_word' id='word_1_242' title='bbox 828 1661 879 1687; x_wconf 77' lang='lat' dir='ltr'><strong>fuit</strong></span> <span class='ocrx_word' id='word_1_243' title='bbox 893 1661 973 1692; x_wconf 82' lang='lat' dir='ltr'><strong>facta,</strong></span> <span class='ocrx_word' id='word_1_244' title='bbox 989 1660 1099 1695; x_wconf 81' lang='lat' dir='ltr'><strong>quando</strong></span> 
     </span>
    </p>
   </div>
   <div class='ocr_carea' id='block_1_36' title="bbox 311 1705 1100 1741">
    <p class='ocr_par' dir='ltr' id='par_1_36' title="bbox 311 1705 1100 1741">
     <span class='ocr_line' id='line_1_36' title="bbox 311 1705 1100 1741; baseline 0 -9"><span class='ocrx_word' id='word_1_245' title='bbox 311 1706 394 1738; x_wconf 80' lang='lat' dir='ltr'><strong>dixit,</strong></span> <span class='ocrx_word' id='word_1_246' title='bbox 410 1705 551 1732; x_wconf 76' lang='lat' dir='ltr'><strong>Faciamus</strong></span> <span class='ocrx_word' id='word_1_247' title='bbox 572 1706 594 1732; x_wconf 80' lang='lat' dir='ltr'><strong>ei</strong></span> <span class='ocrx_word' id='word_1_248' title='bbox 615 1707 780 1741; x_wconf 80' lang='lat' dir='ltr'><strong>adjutorium</strong></span> <span class='ocrx_word' id='word_1_249' title='bbox 799 1706 855 1733; x_wconf 90' lang='lat' dir='ltr'><strong>:ad</strong></span> <span class='ocrx_word' id='word_1_250' title='bbox 873 1706 930 1733; x_wconf 64' lang='lat' dir='ltr'><strong>hinc</strong></span> <span class='ocrx_word' id='word_1_251' title='bbox 948 1706 1023 1732; x_wconf 85' lang='lat' dir='ltr'><strong>nulla</strong></span> <span class='ocrx_word' id='word_1_252' title='bbox 1040 1710 1100 1732; x_wconf 88' lang='lat' dir='ltr'><strong>erat</strong></span> 
     </span>
    </p>
   </div>
   <div class='ocr_carea' id='block_1_37' title="bbox 310 1751 1098 1786">
    <p class='ocr_par' dir='ltr' id='par_1_37' title="bbox 310 1751 1098 1786">
     <span class='ocr_line' id='line_1_37' title="bbox 310 1751 1098 1786; baseline 0 -8"><span class='ocrx_word' id='word_1_253' title='bbox 310 1759 363 1778; x_wconf 81' lang='lat' dir='ltr'><strong>vox</strong></span> <span class='ocrx_word' id='word_1_254' title='bbox 378 1752 483 1784; x_wconf 60' lang='lat' dir='ltr'><strong>Judaei,</strong></span> <span class='ocrx_word' id='word_1_255' title='bbox 499 1759 588 1786; x_wconf 82' lang='lat' dir='ltr'><strong>neque</strong></span> <span class='ocrx_word' id='word_1_256' title='bbox 605 1759 703 1778; x_wconf 82' lang='lat' dir='ltr'><strong>rursus</strong></span> <span class='ocrx_word' id='word_1_257' title='bbox 721 1752 914 1778; x_wconf 82' lang='lat' dir='ltr'><strong>contradictio.</strong></span> <span class='ocrx_word' id='word_1_258' title='bbox 931 1751 1002 1779; x_wconf 80' lang='lat' dir='ltr'><strong>Fieri</strong></span> <span class='ocrx_word' id='word_1_259' title='bbox 1024 1752 1098 1778; x_wconf 87' lang='lat' dir='ltr'><strong>enim</strong></span> 
     </span>
    </p>
   </div>
   <div class='ocr_carea' id='block_1_38' title="bbox 311 1797 1099 1832">
    <p class='ocr_par' dir='ltr' id='par_1_38' title="bbox 311 1797 1099 1832">
     <span class='ocr_line' id='line_1_38' title="bbox 311 1797 1099 1832; baseline 0 -9"><span class='ocrx_word' id='word_1_260' title='bbox 311 1804 365 1823; x_wconf 92' lang='lat' dir='ltr'><strong>non</strong></span> <span class='ocrx_word' id='word_1_261' title='bbox 388 1801 480 1830; x_wconf 66' lang='lat' dir='ltr'><strong>potest</strong></span> <span class='ocrx_word' id='word_1_262' title='bbox 500 1802 529 1822; x_wconf 92' lang='lat' dir='ltr'><strong>ut</strong></span> <span class='ocrx_word' id='word_1_263' title='bbox 551 1797 586 1823; x_wconf 82' lang='lat' dir='ltr'><strong>sit</strong></span> <span class='ocrx_word' id='word_1_264' title='bbox 607 1797 689 1823; x_wconf 88' lang='lat' dir='ltr'><strong>homo</strong></span> <span class='ocrx_word' id='word_1_265' title='bbox 711 1797 744 1823; x_wconf 88' lang='lat' dir='ltr'><strong>ad</strong></span> <span class='ocrx_word' id='word_1_266' title='bbox 766 1797 909 1832; x_wconf 76' lang='lat' dir='ltr'><strong>imaginem</strong></span> <span class='ocrx_word' id='word_1_267' title='bbox 932 1804 1028 1824; x_wconf 90' lang='lat' dir='ltr'><strong>eorum</strong></span> <span class='ocrx_word' id='word_1_268' title='bbox 1052 1798 1099 1832; x_wconf 89' lang='lat' dir='ltr'><strong>qni</strong></span> 
     </span>
    </p>
   </div>
   <div class='ocr_carea' id='block_1_39' title="bbox 310 1843 1101 1877">
    <p class='ocr_par' dir='ltr' id='par_1_39' title="bbox 310 1843 1101 1877">
     <span class='ocr_line' id='line_1_39' title="bbox 310 1843 1101 1877; baseline -0.001 -7"><span class='ocrx_word' id='word_1_269' title='bbox 310 1843 420 1870; x_wconf 83' lang='lat' dir='ltr'><strong>dicunt:</strong></span> <span class='ocrx_word' id='word_1_270' title='bbox 439 1843 576 1869; x_wconf 79' lang='lat' dir='ltr'><strong>Faciamus</strong></span> <span class='ocrx_word' id='word_1_271' title='bbox 591 1843 721 1869; x_wconf 83' lang='lat' dir='ltr'><strong>hominem</strong></span> <span class='ocrx_word' id='word_1_272' title='bbox 736 1843 770 1869; x_wconf 80' lang='lat' dir='ltr'><strong>ad</strong></span> <span class='ocrx_word' id='word_1_273' title='bbox 785 1844 925 1877; x_wconf 76' lang='lat' dir='ltr'><strong>imaginem</strong></span> <span class='ocrx_word' id='word_1_274' title='bbox 941 1843 1101 1870; x_wconf 82' lang='lat' dir='ltr'><strong>ctsimititu-</strong></span> 
     </span>
    </p>
   </div>
   <div class='ocr_carea' id='block_1_40' title="bbox 311 1889 1100 1924">
    <p class='ocr_par' dir='ltr' id='par_1_40' title="bbox 311 1889 1100 1924">
     <span class='ocr_line' id='line_1_40' title="bbox 311 1889 1100 1924; baseline 0 -9"><span class='ocrx_word' id='word_1_275' title='bbox 311 1889 399 1916; x_wconf 80' lang='lat' dir='ltr'><strong>dinem</strong></span> <span class='ocrx_word' id='word_1_276' title='bbox 414 1893 548 1921; x_wconf 79' lang='lat' dir='ltr'><strong>nostram;</strong></span> <span class='ocrx_word' id='word_1_277' title='bbox 566 1889 616 1915; x_wconf 76' lang='lat' dir='ltr'><strong>nisi</strong></span> <span class='ocrx_word' id='word_1_278' title='bbox 632 1889 699 1915; x_wconf 79' lang='lat' dir='ltr'><strong>lerat</strong></span> <span class='ocrx_word' id='word_1_279' title='bbox 717 1889 742 1915; x_wconf 89' lang='lat' dir='ltr'><strong>in</strong></span> <span class='ocrx_word' id='word_1_280' title='bbox 758 1897 786 1916; x_wconf 86' lang='lat' dir='ltr'><strong>se</strong></span> <span class='ocrx_word' id='word_1_281' title='bbox 803 1889 921 1923; x_wconf 82' lang='lat' dir='ltr'><strong>aliquam</strong></span> <span class='ocrx_word' id='word_1_282' title='bbox 937 1890 1018 1916; x_wconf 83' lang='lat' dir='ltr'><strong>aliam</strong></span> <span class='ocrx_word' id='word_1_283' title='bbox 1037 1897 1100 1924; x_wconf 92' lang='lat' dir='ltr'><strong>pro-</strong></span> 
     </span>
    </p>
   </div>
   <div class='ocr_carea' id='block_1_41' title="bbox 312 1934 1099 1969">
    <p class='ocr_par' dir='ltr' id='par_1_41' title="bbox 312 1934 1099 1969">
     <span class='ocr_line' id='line_1_41' title="bbox 312 1934 1099 1969; baseline 0 -9"><span class='ocrx_word' id='word_1_284' title='bbox 312 1935 399 1968; x_wconf 89' lang='lat' dir='ltr'><strong>priam</strong></span> <span class='ocrx_word' id='word_1_285' title='bbox 421 1935 535 1969; x_wconf 81' lang='lat' dir='ltr'><strong>ﬁguram</strong></span> <span class='ocrx_word' id='word_1_286' title='bbox 558 1939 605 1961; x_wconf 85' lang='lat' dir='ltr'><strong>aut</strong></span> <span class='ocrx_word' id='word_1_287' title='bbox 627 1934 743 1968; x_wconf 82' lang='lat' dir='ltr'><strong>elligiem</strong></span> <span class='ocrx_word' id='word_1_288' title='bbox 765 1935 980 1969; x_wconf 83' lang='lat' dir='ltr'><strong>uniuscujusque</strong></span> <span class='ocrx_word' id='word_1_289' title='bbox 1001 1934 1099 1960; x_wconf 90' lang='lat' dir='ltr'><strong>horum</strong></span> 
     </span>
    </p>
   </div>
   <div class='ocr_carea' id='block_1_42' title="bbox 313 1979 1098 2014">
    <p class='ocr_par' dir='ltr' id='par_1_42' title="bbox 313 1979 1098 2014">
     <span class='ocr_line' id='line_1_42' title="bbox 313 1979 1098 2014; baseline 0 -8"><span class='ocrx_word' id='word_1_290' title='bbox 313 1979 458 2006; x_wconf 55' lang='lat' dir='ltr'><strong>mtilicttm.</strong></span> <span class='ocrx_word' id='word_1_291' title='bbox 478 1979 554 2007; x_wconf 83' lang='lat' dir='ltr'><strong>Unde</strong></span> <span class='ocrx_word' id='word_1_292' title='bbox 574 1979 599 2005; x_wconf 91' lang='lat' dir='ltr'><strong>id</strong></span> <span class='ocrx_word' id='word_1_293' title='bbox 618 1979 730 2013; x_wconf 81' lang='lat' dir='ltr'><strong>quidem</strong></span> <span class='ocrx_word' id='word_1_294' title='bbox 748 1980 820 2013; x_wconf 86' lang='lat' dir='ltr'><strong>quod</strong></span> <span class='ocrx_word' id='word_1_295' title='bbox 843 1984 884 2006; x_wconf 88' lang='lat' dir='ltr'><strong>est</strong></span> <span class='ocrx_word' id='word_1_296' title='bbox 901 1979 935 2006; x_wconf 81' lang='lat' dir='ltr'><strong>ad</strong></span> <span class='ocrx_word' id='word_1_297' title='bbox 954 1980 1098 2014; x_wconf 80' lang='lat' dir='ltr'><strong>imaginem</strong></span> 
     </span>
    </p>
   </div>
   <div class='ocr_carea' id='block_1_43' title="bbox 311 2021 1099 2059">
    <p class='ocr_par' dir='ltr' id='par_1_43' title="bbox 311 2021 1099 2059">
     <span class='ocr_line' id='line_1_43' title="bbox 311 2021 1099 2059; baseline 0 -8"><span class='ocrx_word' id='word_1_298' title='bbox 311 2021 472 2056; x_wconf 70' lang='lat' dir='ltr'><strong>Trinitatis,</strong></span> <span class='ocrx_word' id='word_1_299' title='bbox 493 2024 520 2050; x_wconf 94' lang='lat' dir='ltr'><strong>in</strong></span> <span class='ocrx_word' id='word_1_300' title='bbox 542 2024 661 2051; x_wconf 85' lang='lat' dir='ltr'><strong>eSsentia</strong></span> <span class='ocrx_word' id='word_1_301' title='bbox 683 2024 852 2058; x_wconf 71' lang='lat' dir='ltr'><strong>incorporea:</strong></span> <span class='ocrx_word' id='word_1_302' title='bbox 872 2029 900 2051; x_wconf 86' lang='lat' dir='ltr'><strong>et</strong></span> <span class='ocrx_word' id='word_1_303' title='bbox 922 2024 1099 2059; x_wconf 70' lang='lat' dir='ltr'><strong>intelligentis</strong></span> 
     </span>
    </p>
   </div>
   <div class='ocr_carea' id='block_1_44' title="bbox 309 2069 1099 2104">
    <p class='ocr_par' dir='ltr' id='par_1_44' title="bbox 309 2069 1099 2104">
     <span class='ocr_line' id='line_1_44' title="bbox 309 2069 1099 2104; baseline -0.001 -7"><span class='ocrx_word' id='word_1_304' title='bbox 309 2075 338 2097; x_wconf 84' lang='lat' dir='ltr'><strong>et</strong></span> <span class='ocrx_word' id='word_1_305' title='bbox 361 2071 482 2097; x_wconf 65' lang='lat' dir='ltr'><strong>materia:</strong></span> <span class='ocrx_word' id='word_1_306' title='bbox 503 2070 626 2104; x_wconf 78' lang='lat' dir='ltr'><strong>expertis</strong></span> <span class='ocrx_word' id='word_1_307' title='bbox 647 2075 674 2097; x_wconf 90' lang='lat' dir='ltr'><strong>et</strong></span> <span class='ocrx_word' id='word_1_308' title='bbox 695 2069 982 2104; x_wconf 81' lang='lat' dir='ltr'><strong>incomprehensibilis</strong></span> <span class='ocrx_word' id='word_1_309' title='bbox 1002 2070 1099 2097; x_wconf 75' lang='lat' dir='ltr'><strong>anima:</strong></span> 
     </span>
    </p>
   </div>
   <div class='ocr_carea' id='block_1_45' title="bbox 311 2116 1099 2147">
    <p class='ocr_par' dir='ltr' id='par_1_45' title="bbox 311 2116 1099 2147">
     <span class='ocr_line' id='line_1_45' title="bbox 311 2116 1099 2147; baseline 0.001 -5"><span class='ocrx_word' id='word_1_310' title='bbox 311 2121 428 2147; x_wconf 64' lang='lat' dir='ltr'><strong>nostrm;</strong></span> <span class='ocrx_word' id='word_1_311' title='bbox 455 2124 550 2142; x_wconf 88' lang='lat' dir='ltr'><strong>omnes</strong></span> <span class='ocrx_word' id='word_1_312' title='bbox 585 2116 711 2142; x_wconf 67' lang='lat' dir='ltr'><strong>homines</strong></span> <span class='ocrx_word' id='word_1_313' title='bbox 738 2116 870 2142; x_wconf 78' lang='lat' dir='ltr'><strong>habemus</strong></span> <span class='ocrx_word' id='word_1_314' title='bbox 897 2116 1034 2144; x_wconf 78' lang='lat' dir='ltr'><strong>similiter.</strong></span> <span class='ocrx_word' id='word_1_315' title='bbox 1071 2116 1099 2143; x_wconf 94' lang='lat' dir='ltr'><strong>ld</strong></span> 
     </span>
    </p>
   </div>
   <div class='ocr_carea' id='block_1_46' title="bbox 310 2161 1098 2196">
    <p class='ocr_par' dir='ltr' id='par_1_46' title="bbox 310 2161 1098 2196">
     <span class='ocr_line' id='line_1_46' title="bbox 310 2161 1098 2196; baseline 0.003 -9"><span class='ocrx_word' id='word_1_316' title='bbox 310 2166 402 2187; x_wconf 85' lang='lat' dir='ltr'><strong>autem</strong></span> <span class='ocrx_word' id='word_1_317' title='bbox 418 2161 490 2195; x_wconf 89' lang='lat' dir='ltr'><strong>quod</strong></span> <span class='ocrx_word' id='word_1_318' title='bbox 507 2165 548 2188; x_wconf 88' lang='lat' dir='ltr'><strong>est</strong></span> <span class='ocrx_word' id='word_1_319' title='bbox 563 2161 597 2187; x_wconf 82' lang='lat' dir='ltr'><strong>ad</strong></span> <span class='ocrx_word' id='word_1_320' title='bbox 612 2161 820 2193; x_wconf 76' lang='lat' dir='ltr'><strong>similitudinem,</strong></span> <span class='ocrx_word' id='word_1_321' title='bbox 836 2161 854 2187; x_wconf 89' lang='lat' dir='ltr'><strong>ii</strong></span> <span class='ocrx_word' id='word_1_322' title='bbox 871 2161 921 2188; x_wconf 90' lang='lat' dir='ltr'><strong>soli</strong></span> <span class='ocrx_word' id='word_1_323' title='bbox 937 2161 1038 2188; x_wconf 82' lang='lat' dir='ltr'><strong>habent</strong></span> <span class='ocrx_word' id='word_1_324' title='bbox 1051 2162 1098 2196; x_wconf 85' lang='lat' dir='ltr'><strong>qui</strong></span> 
     </span>
    </p>
   </div>
   <div class='ocr_carea' id='block_1_47' title="bbox 311 2207 1099 2241">
    <p class='ocr_par' dir='ltr' id='par_1_47' title="bbox 311 2207 1099 2241">
     <span class='ocr_line' id='line_1_47' title="bbox 311 2207 1099 2241; baseline 0 -8"><span class='ocrx_word' id='word_1_325' title='bbox 311 2207 418 2241; x_wconf 79' lang='lat' dir='ltr'><strong>seipsos</strong></span> <span class='ocrx_word' id='word_1_326' title='bbox 437 2211 599 2234; x_wconf 82' lang='lat' dir='ltr'><strong>recrearunt</strong></span> <span class='ocrx_word' id='word_1_327' title='bbox 616 2215 646 2233; x_wconf 89' lang='lat' dir='ltr'><strong>ea</strong></span> <span class='ocrx_word' id='word_1_328' title='bbox 661 2207 724 2233; x_wconf 72' lang='lat' dir='ltr'><strong>vitae</strong></span> <span class='ocrx_word' id='word_1_329' title='bbox 741 2207 914 2234; x_wconf 82' lang='lat' dir='ltr'><strong>institutione</strong></span> <span class='ocrx_word' id='word_1_330' title='bbox 930 2215 990 2241; x_wconf 82' lang='lat' dir='ltr'><strong>qua:</strong></span> <span class='ocrx_word' id='word_1_331' title='bbox 1008 2212 1049 2234; x_wconf 84' lang='lat' dir='ltr'><strong>est</strong></span> <span class='ocrx_word' id='word_1_332' title='bbox 1066 2215 1099 2233; x_wconf 77' lang='lat' dir='ltr'><strong>ex</strong></span> 
     </span>
    </p>
   </div>
   <div class='ocr_carea' id='block_1_48' title="bbox 1120 919 1138 944">
    <p class='ocr_par' dir='ltr' id='par_1_48' title="bbox 1120 919 1138 944">
     <span class='ocr_line' id='line_1_48' title="bbox 1120 919 1138 944; baseline 0 0"><span class='ocrx_word' id='word_1_333' title='bbox 1120 919 1138 944; x_wconf 70' lang='lat' dir='ltr'><strong>ll</strong></span> 
     </span>
    </p>
   </div>
   <div class='ocr_carea' id='block_1_49' title="bbox 1156 284 1941 323">
    <p class='ocr_par' dir='ltr' id='par_1_49' title="bbox 1156 284 1941 323">
     <span class='ocr_line' id='line_1_49' title="bbox 1156 284 1941 323; baseline 0.001 -12"><span class='ocrx_word' id='word_1_334' title='bbox 1156 289 1217 319; x_wconf 83' lang='lat' dir='ltr'><strong>post</strong></span> <span class='ocrx_word' id='word_1_335' title='bbox 1234 290 1358 311; x_wconf 83' lang='lat' dir='ltr'><strong>sanctum</strong></span> <span class='ocrx_word' id='word_1_336' title='bbox 1377 285 1512 318; x_wconf 82' lang='lat' dir='ltr'><strong>baptisma</strong></span> <span class='ocrx_word' id='word_1_337' title='bbox 1529 284 1597 310; x_wconf 87' lang='lat' dir='ltr'><strong>dicit</strong></span> <span class='ocrx_word' id='word_1_338' title='bbox 1619 285 1701 310; x_wconf 78' lang='lat' dir='ltr'><strong>vitam</strong></span> <span class='ocrx_word' id='word_1_339' title='bbox 1717 292 1778 318; x_wconf 69' lang='lat' dir='ltr'><strong>quae</strong></span> <span class='ocrx_word' id='word_1_340' title='bbox 1794 293 1828 312; x_wconf 83' lang='lat' dir='ltr'><strong>ex</strong></span> <span class='ocrx_word' id='word_1_341' title='bbox 1842 286 1941 323; x_wconf 80' lang='lat' dir='ltr'><strong>virtute</strong></span> 
     </span>
    </p>
   </div>
   <div class='ocr_carea' id='block_1_50' title="bbox 1157 330 1940 365">
    <p class='ocr_par' dir='ltr' id='par_1_50' title="bbox 1157 330 1940 365">
     <span class='ocr_line' id='line_1_50' title="bbox 1157 330 1940 365; baseline 0.001 -8"><span class='ocrx_word' id='word_1_342' title='bbox 1157 331 1246 365; x_wconf 76' lang='lat' dir='ltr'><strong>agitur</strong></span> <span class='ocrx_word' id='word_1_343' title='bbox 1266 339 1397 365; x_wconf 78' lang='lat' dir='ltr'><strong>generare</strong></span> <span class='ocrx_word' id='word_1_344' title='bbox 1420 330 1493 364; x_wconf 89' lang='lat' dir='ltr'><strong>quod</strong></span> <span class='ocrx_word' id='word_1_345' title='bbox 1514 334 1556 357; x_wconf 85' lang='lat' dir='ltr'><strong>est</strong></span> <span class='ocrx_word' id='word_1_346' title='bbox 1576 330 1607 356; x_wconf 90' lang='lat' dir='ltr'><strong>ad</strong></span> <span class='ocrx_word' id='word_1_347' title='bbox 1631 330 1851 358; x_wconf 80' lang='lat' dir='ltr'><strong>similitudinem.</strong></span> <span class='ocrx_word' id='word_1_348' title='bbox 1866 331 1940 364; x_wconf 82' lang='lat' dir='ltr'><strong>Quod</strong></span> 
     </span>
    </p>
   </div>
   <div class='ocr_carea' id='block_1_51' title="bbox 1156 376 1942 410">
    <p class='ocr_par' dir='ltr' id='par_1_51' title="bbox 1156 376 1942 410">
     <span class='ocr_line' id='line_1_51' title="bbox 1156 376 1942 410; baseline 0.004 -8"><span class='ocrx_word' id='word_1_349' title='bbox 1156 377 1265 410; x_wconf 80' lang='lat' dir='ltr'><strong>quidem</strong></span> <span class='ocrx_word' id='word_1_350' title='bbox 1281 377 1302 403; x_wconf 86' lang='lat' dir='ltr'><strong>si</strong></span> <span class='ocrx_word' id='word_1_351' title='bbox 1319 377 1401 404; x_wconf 79' lang='lat' dir='ltr'><strong>fuerit</strong></span> <span class='ocrx_word' id='word_1_352' title='bbox 1416 377 1618 403; x_wconf 68' lang='lat' dir='ltr'><strong>manifestatum</strong></span> <span class='ocrx_word' id='word_1_353' title='bbox 1632 376 1659 402; x_wconf 92' lang='lat' dir='ltr'><strong>in</strong></span> <span class='ocrx_word' id='word_1_354' title='bbox 1673 377 1767 407; x_wconf 86' lang='lat' dir='ltr'><strong>corde,</strong></span> <span class='ocrx_word' id='word_1_355' title='bbox 1779 377 1856 404; x_wconf 92' lang='lat' dir='ltr'><strong>illum</strong></span> <span class='ocrx_word' id='word_1_356' title='bbox 1870 379 1942 405; x_wconf 83' lang='lat' dir='ltr'><strong>vide-</strong></span> 
     </span>
    </p>
   </div>
   <div class='ocr_carea' id='block_1_52' title="bbox 1156 422 1942 457">
    <p class='ocr_par' dir='ltr' id='par_1_52' title="bbox 1156 422 1942 457">
     <span class='ocr_line' id='line_1_52' title="bbox 1156 422 1942 457; baseline 0.003 -9"><span class='ocrx_word' id='word_1_357' title='bbox 1156 423 1220 449; x_wconf 75' lang='lat' dir='ltr'><strong>bitis</strong></span> <span class='ocrx_word' id='word_1_358' title='bbox 1237 423 1263 449; x_wconf 91' lang='lat' dir='ltr'><strong>in</strong></span> <span class='ocrx_word' id='word_1_359' title='bbox 1281 422 1339 457; x_wconf 84' lang='lat' dir='ltr'><strong>ipso</strong></span> <span class='ocrx_word' id='word_1_360' title='bbox 1357 423 1381 449; x_wconf 89' lang='lat' dir='ltr'><strong>ei</strong></span> <span class='ocrx_word' id='word_1_361' title='bbox 1401 422 1572 449; x_wconf 83' lang='lat' dir='ltr'><strong>conforntato</strong></span> <span class='ocrx_word' id='word_1_362' title='bbox 1589 426 1616 448; x_wconf 86' lang='lat' dir='ltr'><strong>ct</strong></span> <span class='ocrx_word' id='word_1_363' title='bbox 1632 422 1793 454; x_wconf 85' lang='lat' dir='ltr'><strong>assimilato,</strong></span> <span class='ocrx_word' id='word_1_364' title='bbox 1809 427 1942 457; x_wconf 87' lang='lat' dir='ltr'><strong>quantum</strong></span> 
     </span>
    </p>
   </div>
   <div class='ocr_carea' id='block_1_53' title="bbox 1155 468 1477 503">
    <p class='ocr_par' dir='ltr' id='par_1_53' title="bbox 1155 468 1477 503">
     <span class='ocr_line' id='line_1_53' title="bbox 1155 468 1477 503; baseline 0 -9"><span class='ocrx_word' id='word_1_365' title='bbox 1155 468 1227 502; x_wconf 86' lang='lat' dir='ltr'><strong>capit</strong></span> <span class='ocrx_word' id='word_1_366' title='bbox 1240 473 1267 495; x_wconf 87' lang='lat' dir='ltr'><strong>et</strong></span> <span class='ocrx_word' id='word_1_367' title='bbox 1280 473 1370 503; x_wconf 81' lang='lat' dir='ltr'><strong>potest</strong></span> <span class='ocrx_word' id='word_1_368' title='bbox 1384 468 1477 494; x_wconf 91' lang='lat' dir='ltr'><strong>homo.</strong></span> 
     </span>
    </p>
   </div>
   <div class='ocr_carea' id='block_1_54' title="bbox 1191 513 1944 548">
    <p class='ocr_par' dir='ltr' id='par_1_54' title="bbox 1191 513 1944 548">
     <span class='ocr_line' id='line_1_54' title="bbox 1191 513 1944 548; baseline 0.004 -9"><span class='ocrx_word' id='word_1_369' title='bbox 1191 513 1268 540; x_wconf 81' lang='lat' dir='ltr'><strong>Unde</strong></span> <span class='ocrx_word' id='word_1_370' title='bbox 1284 514 1365 540; x_wconf 89' lang='lat' dir='ltr'><strong>etiam</strong></span> <span class='ocrx_word' id='word_1_371' title='bbox 1381 513 1434 540; x_wconf 89' lang='lat' dir='ltr'><strong>hoc</strong></span> <span class='ocrx_word' id='word_1_372' title='bbox 1450 514 1555 548; x_wconf 81' lang='lat' dir='ltr'><strong>accepit</strong></span> <span class='ocrx_word' id='word_1_373' title='bbox 1568 513 1680 547; x_wconf 83' lang='lat' dir='ltr'><strong>quidam</strong></span> <span class='ocrx_word' id='word_1_374' title='bbox 1695 521 1728 540; x_wconf 71' lang='lat' dir='ltr'><strong>ex</strong></span> <span class='ocrx_word' id='word_1_375' title='bbox 1742 515 1863 542; x_wconf 76' lang='lat' dir='ltr'><strong>externis</strong></span> <span class='ocrx_word' id='word_1_376' title='bbox 1879 516 1944 542; x_wconf 84' lang='lat' dir='ltr'><strong>insi-</strong></span> 
     </span>
    </p>
   </div>
   <div class='ocr_carea' id='block_1_55' title="bbox 1157 559 1942 596">
    <p class='ocr_par' dir='ltr' id='par_1_55' title="bbox 1157 559 1942 596">
     <span class='ocr_line' id='line_1_55' title="bbox 1157 559 1942 596; baseline 0.005 -12"><span class='ocrx_word' id='word_1_377' title='bbox 1157 559 1298 593; x_wconf 76' lang='lat' dir='ltr'><strong>pictilibus</strong></span> <span class='ocrx_word' id='word_1_378' title='bbox 1312 560 1484 594; x_wconf 78' lang='lat' dir='ltr'><strong>philosophis</strong></span> <span class='ocrx_word' id='word_1_379' title='bbox 1498 567 1531 586; x_wconf 74' lang='lat' dir='ltr'><strong>ex</strong></span> <span class='ocrx_word' id='word_1_380' title='bbox 1556 565 1649 586; x_wconf 83' lang='lat' dir='ltr'><strong>nostra</strong></span> <span class='ocrx_word' id='word_1_381' title='bbox 1664 560 1764 587; x_wconf 83' lang='lat' dir='ltr'><strong>divina</strong></span> <span class='ocrx_word' id='word_1_382' title='bbox 1786 560 1942 596; x_wconf 81' lang='lat' dir='ltr'><strong>Scriptura,</strong></span> 
     </span>
    </p>
   </div>
   <div class='ocr_carea' id='block_1_56' title="bbox 1157 602 1944 640">
    <p class='ocr_par' dir='ltr' id='par_1_56' title="bbox 1157 602 1944 640">
     <span class='ocr_line' id='line_1_56' title="bbox 1157 602 1944 640; baseline 0.006 -12"><span class='ocrx_word' id='word_1_383' title='bbox 1157 602 1466 638; x_wconf 84' lang='lat' dir='ltr'><strong>dicensphilosophiam</strong></span> <span class='ocrx_word' id='word_1_384' title='bbox 1486 612 1546 630; x_wconf 82' lang='lat' dir='ltr'><strong>esse</strong></span> <span class='ocrx_word' id='word_1_385' title='bbox 1567 604 1622 630; x_wconf 88' lang='lat' dir='ltr'><strong>Deo</strong></span> <span class='ocrx_word' id='word_1_386' title='bbox 1632 605 1944 640; x_wconf 59' lang='lat' dir='ltr'><strong>assimilationemquo—</strong></span> 
     </span>
    </p>
   </div>
   <div class='ocr_carea' id='block_1_57' title="bbox 1155 648 1941 684">
    <p class='ocr_par' dir='ltr' id='par_1_57' title="bbox 1155 648 1941 684">
     <span class='ocr_line' id='line_1_57' title="bbox 1155 648 1941 684; baseline 0.006 -10"><span class='ocrx_word' id='word_1_387' title='bbox 1155 648 1189 674; x_wconf 79' lang='lat' dir='ltr'><strong>ad</strong></span> <span class='ocrx_word' id='word_1_388' title='bbox 1207 649 1267 682; x_wconf 82' lang='lat' dir='ltr'><strong>ejus</strong></span> <span class='ocrx_word' id='word_1_389' title='bbox 1285 649 1342 676; x_wconf 90' lang='lat' dir='ltr'><strong>lieri</strong></span> <span class='ocrx_word' id='word_1_390' title='bbox 1361 655 1451 684; x_wconf 78' lang='lat' dir='ltr'><strong>potest</strong></span> <span class='ocrx_word' id='word_1_391' title='bbox 1469 650 1502 676; x_wconf 85' lang='lat' dir='ltr'><strong>ab</strong></span> <span class='ocrx_word' id='word_1_392' title='bbox 1520 650 1646 682; x_wconf 84' lang='lat' dir='ltr'><strong>homine,</strong></span> <span class='ocrx_word' id='word_1_393' title='bbox 1662 658 1724 678; x_wconf 90' lang='lat' dir='ltr'><strong>cum</strong></span> <span class='ocrx_word' id='word_1_394' title='bbox 1745 651 1816 679; x_wconf 84' lang='lat' dir='ltr'><strong>hanc</strong></span> <span class='ocrx_word' id='word_1_395' title='bbox 1836 660 1941 679; x_wconf 85' lang='lat' dir='ltr'><strong>sacram</strong></span> 
     </span>
    </p>
   </div>
   <div class='ocr_carea' id='block_1_58' title="bbox 1155 694 1943 730">
    <p class='ocr_par' dir='ltr' id='par_1_58' title="bbox 1155 694 1943 730">
     <span class='ocr_line' id='line_1_58' title="bbox 1155 694 1943 730; baseline 0.006 -10"><span class='ocrx_word' id='word_1_396' title='bbox 1155 694 1300 721; x_wconf 83' lang='lat' dir='ltr'><strong>Mosaicam</strong></span> <span class='ocrx_word' id='word_1_397' title='bbox 1319 696 1470 729; x_wconf 76' lang='lat' dir='ltr'><strong>aspexisset</strong></span> <span class='ocrx_word' id='word_1_398' title='bbox 1487 695 1657 730; x_wconf 81' lang='lat' dir='ltr'><strong>Scripturam</strong></span> <span class='ocrx_word' id='word_1_399' title='bbox 1674 705 1734 730; x_wconf 59' lang='lat' dir='ltr'><strong>qum</strong></span> <span class='ocrx_word' id='word_1_400' title='bbox 1751 697 1832 730; x_wconf 88' lang='lat' dir='ltr'><strong>dicit,</strong></span> <span class='ocrx_word' id='word_1_401' title='bbox 1849 698 1943 725; x_wconf 75' lang='lat' dir='ltr'><strong>Facia-</strong></span> 
     </span>
    </p>
   </div>
   <div class='ocr_carea' id='block_1_59' title="bbox 1156 738 1939 774">
    <p class='ocr_par' dir='ltr' id='par_1_59' title="bbox 1156 738 1939 774">
     <span class='ocr_line' id='line_1_59' title="bbox 1156 738 1939 774; baseline 0.01 -12"><span class='ocrx_word' id='word_1_402' title='bbox 1156 745 1213 763; x_wconf 82' lang='lat' dir='ltr'><strong>mus</strong></span> <span class='ocrx_word' id='word_1_403' title='bbox 1226 738 1355 764; x_wconf 75' lang='lat' dir='ltr'><strong>hominem</strong></span> <span class='ocrx_word' id='word_1_404' title='bbox 1371 739 1404 764; x_wconf 85' lang='lat' dir='ltr'><strong>ad</strong></span> <span class='ocrx_word' id='word_1_405' title='bbox 1418 740 1557 774; x_wconf 79' lang='lat' dir='ltr'><strong>imaginem</strong></span> <span class='ocrx_word' id='word_1_406' title='bbox 1570 746 1591 766; x_wconf 75' lang='lat' dir='ltr'><strong>et</strong></span> <span class='ocrx_word' id='word_1_407' title='bbox 1602 740 1802 768; x_wconf 73' lang='lat' dir='ltr'><strong>similitudinem</strong></span> <span class='ocrx_word' id='word_1_408' title='bbox 1813 748 1939 772; x_wconf 77' lang='lat' dir='ltr'><strong>nostram.</strong></span> 
     </span>
    </p>
   </div>
   <div class='ocr_carea' id='block_1_60' title="bbox 1155 783 1940 819">
    <p class='ocr_par' dir='ltr' id='par_1_60' title="bbox 1155 783 1940 819">
     <span class='ocr_line' id='line_1_60' title="bbox 1155 783 1940 819; baseline 0.011 -12"><span class='ocrx_word' id='word_1_409' title='bbox 1155 787 1178 808; x_wconf 79' lang='lat' dir='ltr'><strong>et</strong></span> <span class='ocrx_word' id='word_1_410' title='bbox 1189 783 1298 817; x_wconf 70' lang='lat' dir='ltr'><strong>imperet</strong></span> <span class='ocrx_word' id='word_1_411' title='bbox 1314 784 1425 818; x_wconf 73' lang='lat' dir='ltr'><strong>piscibus</strong></span> <span class='ocrx_word' id='word_1_412' title='bbox 1441 786 1532 816; x_wconf 81' lang='lat' dir='ltr'><strong>maris,</strong></span> <span class='ocrx_word' id='word_1_413' title='bbox 1542 791 1566 812; x_wconf 79' lang='lat' dir='ltr'><strong>et</strong></span> <span class='ocrx_word' id='word_1_414' title='bbox 1580 786 1725 814; x_wconf 77' lang='lat' dir='ltr'><strong>volucribus</strong></span> <span class='ocrx_word' id='word_1_415' title='bbox 1738 788 1807 819; x_wconf 71' lang='lat' dir='ltr'><strong>«eli,</strong></span> <span class='ocrx_word' id='word_1_416' title='bbox 1820 793 1844 814; x_wconf 87' lang='lat' dir='ltr'><strong>et</strong></span> <span class='ocrx_word' id='word_1_417' title='bbox 1858 792 1940 816; x_wconf 86' lang='lat' dir='ltr'><strong>omni-</strong></span> 
     </span>
    </p>
   </div>
   <div class='ocr_carea' id='block_1_61' title="bbox 1155 828 1939 867">
    <p class='ocr_par' dir='ltr' id='par_1_61' title="bbox 1155 828 1939 867">
     <span class='ocr_line' id='line_1_61' title="bbox 1155 828 1939 867; baseline 0.01 -13"><span class='ocrx_word' id='word_1_418' title='bbox 1155 828 1201 855; x_wconf 72' lang='lat' dir='ltr'><strong>bus</strong></span> <span class='ocrx_word' id='word_1_419' title='bbox 1223 829 1358 863; x_wconf 77' lang='lat' dir='ltr'><strong>reptilibus</strong></span> <span class='ocrx_word' id='word_1_420' title='bbox 1382 839 1440 866; x_wconf 68' lang='lat' dir='ltr'><strong>quae</strong></span> <span class='ocrx_word' id='word_1_421' title='bbox 1465 836 1558 866; x_wconf 73' lang='lat' dir='ltr'><strong>repunt</strong></span> <span class='ocrx_word' id='word_1_422' title='bbox 1580 841 1658 867; x_wconf 75' lang='lat' dir='ltr'><strong>super</strong></span> <span class='ocrx_word' id='word_1_423' title='bbox 1681 838 1792 860; x_wconf 77' lang='lat' dir='ltr'><strong>terram.</strong></span> <span class='ocrx_word' id='word_1_424' title='bbox 1816 835 1885 862; x_wconf 87' lang='lat' dir='ltr'><strong>Cum</strong></span> <span class='ocrx_word' id='word_1_425' title='bbox 1908 837 1939 862; x_wconf 85' lang='lat' dir='ltr'><strong>ad</strong></span> 
     </span>
    </p>
   </div>
   <div class='ocr_carea' id='block_1_62' title="bbox 1156 874 1940 912">
    <p class='ocr_par' dir='ltr' id='par_1_62' title="bbox 1156 874 1940 912">
     <span class='ocr_line' id='line_1_62' title="bbox 1156 874 1940 912; baseline 0.008 -12"><span class='ocrx_word' id='word_1_426' title='bbox 1156 874 1229 901; x_wconf 88' lang='lat' dir='ltr'><strong>hunc</strong></span> <span class='ocrx_word' id='word_1_427' title='bbox 1253 876 1342 902; x_wconf 85' lang='lat' dir='ltr'><strong>locum</strong></span> <span class='ocrx_word' id='word_1_428' title='bbox 1366 878 1584 911; x_wconf 83' lang='lat' dir='ltr'><strong>pervenerimus.</strong></span> <span class='ocrx_word' id='word_1_429' title='bbox 1601 884 1756 912; x_wconf 79' lang='lat' dir='ltr'><strong>opportune</strong></span> <span class='ocrx_word' id='word_1_430' title='bbox 1777 880 1858 906; x_wconf 89' lang='lat' dir='ltr'><strong>nobis</strong></span> <span class='ocrx_word' id='word_1_431' title='bbox 1878 886 1940 908; x_wconf 85' lang='lat' dir='ltr'><strong>sunt</strong></span> 
     </span>
    </p>
   </div>
   <div class='ocr_carea' id='block_1_63' title="bbox 1156 921 1938 958">
    <p class='ocr_par' dir='ltr' id='par_1_63' title="bbox 1156 921 1938 958">
     <span class='ocr_line' id='line_1_63' title="bbox 1156 921 1938 958; baseline 0.008 -11"><span class='ocrx_word' id='word_1_432' title='bbox 1156 921 1290 948; x_wconf 82' lang='lat' dir='ltr'><strong>laudanda</strong></span> <span class='ocrx_word' id='word_1_433' title='bbox 1310 930 1341 949; x_wconf 87' lang='lat' dir='ltr'><strong>ac</strong></span> <span class='ocrx_word' id='word_1_434' title='bbox 1363 923 1528 950; x_wconf 80' lang='lat' dir='ltr'><strong>celebranda</strong></span> <span class='ocrx_word' id='word_1_435' title='bbox 1547 925 1749 958; x_wconf 69' lang='lat' dir='ltr'><strong>sapientissimo</strong></span> <span class='ocrx_word' id='word_1_436' title='bbox 1767 931 1795 952; x_wconf 89' lang='lat' dir='ltr'><strong>et</strong></span> <span class='ocrx_word' id='word_1_437' title='bbox 1811 926 1938 953; x_wconf 64' lang='lat' dir='ltr'><strong>illustris-</strong></span> 
     </span>
    </p>
   </div>
   <div class='ocr_carea' id='block_1_64' title="bbox 1155 967 1938 1007">
    <p class='ocr_par' dir='ltr' id='par_1_64' title="bbox 1155 967 1938 1007">
     <span class='ocr_line' id='line_1_64' title="bbox 1155 967 1938 1007; baseline 0.008 -14"><span class='ocrx_word' id='word_1_438' title='bbox 1155 967 1223 994; x_wconf 81' lang='lat' dir='ltr'><strong>silua</strong></span> <span class='ocrx_word' id='word_1_439' title='bbox 1244 976 1259 994; x_wconf 88' lang='lat' dir='ltr'><strong>a</strong></span> <span class='ocrx_word' id='word_1_440' title='bbox 1281 969 1337 995; x_wconf 83' lang='lat' dir='ltr'><strong>Deo</strong></span> <span class='ocrx_word' id='word_1_441' title='bbox 1359 969 1422 996; x_wconf 85' lang='lat' dir='ltr'><strong>data</strong></span> <span class='ocrx_word' id='word_1_442' title='bbox 1443 970 1608 997; x_wconf 87' lang='lat' dir='ltr'><strong>sanctissimi</strong></span> <span class='ocrx_word' id='word_1_443' title='bbox 1634 971 1754 1005; x_wconf 85' lang='lat' dir='ltr'><strong>Spiritus</strong></span> <span class='ocrx_word' id='word_1_444' title='bbox 1777 972 1899 1007; x_wconf 82' lang='lat' dir='ltr'><strong>eloquia,</strong></span> <span class='ocrx_word' id='word_1_445' title='bbox 1913 978 1938 999; x_wconf 75' lang='lat' dir='ltr'><strong>et</strong></span> 
     </span>
    </p>
   </div>
   <div class='ocr_carea' id='block_1_65' title="bbox 1155 1014 1938 1052">
    <p class='ocr_par' dir='ltr' id='par_1_65' title="bbox 1155 1014 1938 1052">
     <span class='ocr_line' id='line_1_65' title="bbox 1155 1014 1938 1052; baseline 0.005 -11"><span class='ocrx_word' id='word_1_446' title='bbox 1155 1014 1304 1042; x_wconf 83' lang='lat' dir='ltr'><strong>dicendum</strong></span> <span class='ocrx_word' id='word_1_447' title='bbox 1322 1026 1328 1042; x_wconf 71' lang='grc' dir='ltr'><strong>ε</strong></span> <span class='ocrx_word' id='word_1_448' title='bbox 1345 1016 1464 1043; x_wconf 82' lang='lat' dir='ltr'><strong>Lucerna</strong></span> <span class='ocrx_word' id='word_1_449' title='bbox 1481 1017 1587 1052; x_wconf 69' lang='lat' dir='ltr'><strong>pedibus</strong></span> <span class='ocrx_word' id='word_1_450' title='bbox 1605 1018 1735 1044; x_wconf 67' lang='lat' dir='ltr'><strong>Ecclesia:</strong></span> <span class='ocrx_word' id='word_1_451' title='bbox 1752 1026 1849 1045; x_wconf 85' lang='lat' dir='ltr'><strong>revera</strong></span> <span class='ocrx_word' id='word_1_452' title='bbox 1863 1024 1903 1046; x_wconf 87' lang='lat' dir='ltr'><strong>est</strong></span> <span class='ocrx_word' id='word_1_453' title='bbox 1917 1025 1938 1045; x_wconf 68' lang='lat' dir='ltr'><strong>rt</strong></span> 
     </span>
    </p>
   </div>
   <div class='ocr_carea' id='block_1_66' title="bbox 1155 1060 1938 1099">
    <p class='ocr_par' dir='ltr' id='par_1_66' title="bbox 1155 1060 1938 1099">
     <span class='ocr_line' id='line_1_66' title="bbox 1155 1060 1938 1099; baseline 0.006 -13"><span class='ocrx_word' id='word_1_454' title='bbox 1155 1060 1207 1092; x_wconf 67' lang='lat' dir='ltr'><strong>lex,</strong></span> <span class='ocrx_word' id='word_1_455' title='bbox 1224 1061 1311 1088; x_wconf 80' lang='lat' dir='ltr'><strong>lumen</strong></span> <span class='ocrx_word' id='word_1_456' title='bbox 1328 1063 1427 1089; x_wconf 72' lang='lat' dir='ltr'><strong>semitis</strong></span> <span class='ocrx_word' id='word_1_457' title='bbox 1440 1064 1459 1078; x_wconf 80' lang='grc'>³¹</span> <span class='ocrx_word' id='word_1_458' title='bbox 1475 1063 1588 1090; x_wconf 88' lang='lat' dir='ltr'><strong>nostris.</strong></span> <span class='ocrx_word' id='word_1_459' title='bbox 1602 1063 1754 1090; x_wconf 84' lang='lat' dir='ltr'><strong>Audiamus</strong></span> <span class='ocrx_word' id='word_1_460' title='bbox 1769 1064 1844 1090; x_wconf 85' lang='lat' dir='ltr'><strong>enim</strong></span> <span class='ocrx_word' id='word_1_461' title='bbox 1860 1073 1938 1099; x_wconf 85' lang='lat' dir='ltr'><strong>quam</strong></span> 
     </span>
    </p>
   </div>
   <div class='ocr_carea' id='block_1_67' title="bbox 1155 1109 1940 1144">
    <p class='ocr_par' dir='ltr' id='par_1_67' title="bbox 1155 1109 1940 1144">
     <span class='ocr_line' id='line_1_67' title="bbox 1155 1109 1940 1144; baseline 0.004 -10"><span class='ocrx_word' id='word_1_462' title='bbox 1155 1115 1252 1142; x_wconf 75' lang='lat' dir='ltr'><strong>magna</strong></span> <span class='ocrx_word' id='word_1_463' title='bbox 1276 1114 1303 1136; x_wconf 88' lang='lat' dir='ltr'><strong>et</strong></span> <span class='ocrx_word' id='word_1_464' title='bbox 1325 1117 1406 1143; x_wconf 83' lang='lat' dir='ltr'><strong>quam</strong></span> <span class='ocrx_word' id='word_1_465' title='bbox 1432 1109 1655 1144; x_wconf 78' lang='lat' dir='ltr'><strong>inexpugnabilia</strong></span> <span class='ocrx_word' id='word_1_466' title='bbox 1679 1110 1751 1137; x_wconf 88' lang='lat' dir='ltr'><strong>Deus</strong></span> <span class='ocrx_word' id='word_1_467' title='bbox 1774 1111 1840 1137; x_wconf 88' lang='lat' dir='ltr'><strong>hinc</strong></span> <span class='ocrx_word' id='word_1_468' title='bbox 1862 1111 1940 1137; x_wconf 86' lang='lat' dir='ltr'><strong>nobis</strong></span> 
     </span>
    </p>
   </div>
   <div class='ocr_carea' id='block_1_68' title="bbox 1154 1155 1941 1187">
    <p class='ocr_par' dir='ltr' id='par_1_68' title="bbox 1154 1155 1941 1187">
     <span class='ocr_line' id='line_1_68' title="bbox 1154 1155 1941 1187; baseline 0.004 -7"><span class='ocrx_word' id='word_1_469' title='bbox 1154 1155 1305 1182; x_wconf 77' lang='lat' dir='ltr'><strong>confecerit</strong></span> <span class='ocrx_word' id='word_1_470' title='bbox 1325 1163 1400 1182; x_wconf 80' lang='lat' dir='ltr'><strong>arma</strong></span> <span class='ocrx_word' id='word_1_471' title='bbox 1421 1156 1554 1183; x_wconf 68' lang='lat' dir='ltr'><strong>adversus</strong></span> <span class='ocrx_word' id='word_1_472' title='bbox 1574 1156 1683 1183; x_wconf 64' lang='lat' dir='ltr'><strong>Indicos</strong></span> <span class='ocrx_word' id='word_1_473' title='bbox 1702 1160 1729 1183; x_wconf 85' lang='lat' dir='ltr'><strong>et</strong></span> <span class='ocrx_word' id='word_1_474' title='bbox 1752 1157 1899 1187; x_wconf 83' lang='lat' dir='ltr'><strong>Barbaros,</strong></span> <span class='ocrx_word' id='word_1_475' title='bbox 1915 1162 1941 1183; x_wconf 81' lang='lat' dir='ltr'><strong>ct</strong></span> 
     </span>
    </p>
   </div>
   <div class='ocr_carea' id='block_1_69' title="bbox 1154 1201 1941 1236">
    <p class='ocr_par' dir='ltr' id='par_1_69' title="bbox 1154 1201 1941 1236">
     <span class='ocr_line' id='line_1_69' title="bbox 1154 1201 1941 1236; baseline 0.003 -9"><span class='ocrx_word' id='word_1_476' title='bbox 1154 1201 1351 1232; x_wconf 74' lang='lat' dir='ltr'><strong>Samaritanus,</strong></span> <span class='ocrx_word' id='word_1_477' title='bbox 1361 1201 1408 1235; x_wconf 88' lang='lat' dir='ltr'><strong>qui</strong></span> <span class='ocrx_word' id='word_1_478' title='bbox 1424 1201 1584 1236; x_wconf 87' lang='lat' dir='ltr'><strong>discerpunt</strong></span> <span class='ocrx_word' id='word_1_479' title='bbox 1595 1206 1622 1228; x_wconf 85' lang='lat' dir='ltr'><strong>ct</strong></span> <span class='ocrx_word' id='word_1_480' title='bbox 1636 1202 1756 1229; x_wconf 89' lang='lat' dir='ltr'><strong>illudunt</strong></span> <span class='ocrx_word' id='word_1_481' title='bbox 1771 1202 1851 1229; x_wconf 86' lang='lat' dir='ltr'><strong>ﬁdem</strong></span> <span class='ocrx_word' id='word_1_482' title='bbox 1862 1203 1941 1230; x_wconf 87' lang='lat' dir='ltr'><strong>Chri-</strong></span> 
     </span>
    </p>
   </div>
   <div class='ocr_carea' id='block_1_70' title="bbox 1153 1247 1942 1282">
    <p class='ocr_par' dir='ltr' id='par_1_70' title="bbox 1153 1247 1942 1282">
     <span class='ocr_line' id='line_1_70' title="bbox 1153 1247 1942 1282; baseline 0.003 -9"><span class='ocrx_word' id='word_1_483' title='bbox 1153 1248 1317 1279; x_wconf 87' lang='lat' dir='ltr'><strong>stianorum,</strong></span> <span class='ocrx_word' id='word_1_484' title='bbox 1335 1251 1363 1273; x_wconf 89' lang='lat' dir='ltr'><strong>ut</strong></span> <span class='ocrx_word' id='word_1_485' title='bbox 1378 1255 1439 1281; x_wconf 67' lang='lat' dir='ltr'><strong>quae</strong></span> <span class='ocrx_word' id='word_1_486' title='bbox 1453 1252 1508 1274; x_wconf 86' lang='lat' dir='ltr'><strong>tres</strong></span> <span class='ocrx_word' id='word_1_487' title='bbox 1521 1247 1587 1274; x_wconf 81' lang='lat' dir='ltr'><strong>deos</strong></span> <span class='ocrx_word' id='word_1_488' title='bbox 1605 1248 1686 1281; x_wconf 86' lang='lat' dir='ltr'><strong>colat,</strong></span> <span class='ocrx_word' id='word_1_489' title='bbox 1701 1254 1822 1275; x_wconf 76' lang='lat' dir='ltr'><strong>sanetam</strong></span> <span class='ocrx_word' id='word_1_490' title='bbox 1839 1254 1867 1275; x_wconf 84' lang='lat' dir='ltr'><strong>et</strong></span> <span class='ocrx_word' id='word_1_491' title='bbox 1882 1256 1942 1282; x_wconf 71' lang='lat' dir='ltr'><strong>qua:</strong></span> 
     </span>
    </p>
   </div>
   <div class='ocr_carea' id='block_1_71' title="bbox 1153 1293 1942 1327">
    <p class='ocr_par' dir='ltr' id='par_1_71' title="bbox 1153 1293 1942 1327">
     <span class='ocr_line' id='line_1_71' title="bbox 1153 1293 1942 1327; baseline 0.001 -7"><span class='ocrx_word' id='word_1_492' title='bbox 1153 1293 1233 1320; x_wconf 88' lang='lat' dir='ltr'><strong>simul</strong></span> <span class='ocrx_word' id='word_1_493' title='bbox 1249 1293 1371 1327; x_wconf 81' lang='lat' dir='ltr'><strong>ejusdem</strong></span> <span class='ocrx_word' id='word_1_494' title='bbox 1382 1293 1416 1319; x_wconf 87' lang='lat' dir='ltr'><strong>sit</strong></span> <span class='ocrx_word' id='word_1_495' title='bbox 1425 1293 1551 1320; x_wconf 60' lang='lat' dir='ltr'><strong>essentia:</strong></span> <span class='ocrx_word' id='word_1_496' title='bbox 1563 1293 1739 1321; x_wconf 86' lang='lat' dir='ltr'><strong>Trinitatem.</strong></span> <span class='ocrx_word' id='word_1_497' title='bbox 1750 1294 1818 1321; x_wconf 78' lang='lat' dir='ltr'><strong>Nam</strong></span> <span class='ocrx_word' id='word_1_498' title='bbox 1828 1302 1891 1321; x_wconf 89' lang='lat' dir='ltr'><strong>cum</strong></span> <span class='ocrx_word' id='word_1_499' title='bbox 1905 1295 1942 1321; x_wconf 86' lang='lat' dir='ltr'><strong>di-</strong></span> 
     </span>
    </p>
   </div>
   <div class='ocr_carea' id='block_1_72' title="bbox 1143 1338 1941 1375">
    <p class='ocr_par' dir='ltr' id='par_1_72' title="bbox 1143 1338 1941 1375">
     <span class='ocr_line' id='line_1_72' title="bbox 1143 1338 1941 1375; baseline 0 -9"><span class='ocrx_word' id='word_1_500' title='bbox 1143 1343 1194 1366; x_wconf 30' lang='lat' dir='ltr'><strong>*cat</strong></span> <span class='ocrx_word' id='word_1_501' title='bbox 1203 1339 1344 1373; x_wconf 83' lang='lat' dir='ltr'><strong>Scriptura</strong></span> <span class='ocrx_word' id='word_1_502' title='bbox 1354 1338 1423 1365; x_wconf 83' lang='lat' dir='ltr'><strong>duas</strong></span> <span class='ocrx_word' id='word_1_503' title='bbox 1431 1345 1562 1372; x_wconf 81' lang='lat' dir='ltr'><strong>personas</strong></span> <span class='ocrx_word' id='word_1_504' title='bbox 1573 1338 1689 1374; x_wconf 82' lang='lat' dir='ltr'><strong>(Adami,</strong></span> <span class='ocrx_word' id='word_1_505' title='bbox 1700 1339 1822 1374; x_wconf 84' lang='lat' dir='ltr'><strong>inquam,</strong></span> <span class='ocrx_word' id='word_1_506' title='bbox 1832 1345 1859 1366; x_wconf 84' lang='lat' dir='ltr'><strong>et</strong></span> <span class='ocrx_word' id='word_1_507' title='bbox 1870 1340 1941 1375; x_wconf 67' lang='lat' dir='ltr'><strong>Evaz)</strong></span> 
     </span>
    </p>
   </div>
   <div class='ocr_carea' id='block_1_73' title="bbox 1152 1384 1943 1418">
    <p class='ocr_par' dir='ltr' id='par_1_73' title="bbox 1152 1384 1943 1418">
     <span class='ocr_line' id='line_1_73' title="bbox 1152 1384 1943 1418; baseline 0.003 -8"><span class='ocrx_word' id='word_1_508' title='bbox 1152 1391 1212 1410; x_wconf 87' lang='lat' dir='ltr'><strong>esse</strong></span> <span class='ocrx_word' id='word_1_509' title='bbox 1228 1391 1311 1410; x_wconf 88' lang='lat' dir='ltr'><strong>unum</strong></span> <span class='ocrx_word' id='word_1_510' title='bbox 1328 1387 1416 1410; x_wconf 88' lang='lat' dir='ltr'><strong>solum</strong></span> <span class='ocrx_word' id='word_1_511' title='bbox 1427 1384 1570 1411; x_wconf 79' lang='lat' dir='ltr'><strong>hominem</strong></span> <span class='ocrx_word' id='word_1_512' title='bbox 1588 1388 1616 1411; x_wconf 88' lang='lat' dir='ltr'><strong>et</strong></span> <span class='ocrx_word' id='word_1_513' title='bbox 1630 1392 1685 1411; x_wconf 88' lang='lat' dir='ltr'><strong>non</strong></span> <span class='ocrx_word' id='word_1_514' title='bbox 1703 1385 1782 1418; x_wconf 80' lang='lat' dir='ltr'><strong>tinos,</strong></span> <span class='ocrx_word' id='word_1_515' title='bbox 1799 1386 1943 1412; x_wconf 79' lang='lat' dir='ltr'><strong>convinci-</strong></span> 
     </span>
    </p>
   </div>
   <div class='ocr_carea' id='block_1_74' title="bbox 1153 1430 1940 1467">
    <p class='ocr_par' dir='ltr' id='par_1_74' title="bbox 1153 1430 1940 1467">
     <span class='ocr_line' id='line_1_74' title="bbox 1153 1430 1940 1467; baseline 0.005 -11"><span class='ocrx_word' id='word_1_516' title='bbox 1153 1437 1213 1456; x_wconf 85' lang='lat' dir='ltr'><strong>mus</strong></span> <span class='ocrx_word' id='word_1_517' title='bbox 1227 1430 1400 1456; x_wconf 81' lang='lat' dir='ltr'><strong>adversarios</strong></span> <span class='ocrx_word' id='word_1_518' title='bbox 1412 1430 1546 1460; x_wconf 77' lang='lat' dir='ltr'><strong>veritatis,</strong></span> <span class='ocrx_word' id='word_1_519' title='bbox 1558 1430 1623 1464; x_wconf 85' lang='lat' dir='ltr'><strong>qnia</strong></span> <span class='ocrx_word' id='word_1_520' title='bbox 1639 1430 1677 1465; x_wconf 93' lang='lat' dir='ltr'><strong>(in</strong></span> <span class='ocrx_word' id='word_1_521' title='bbox 1694 1431 1782 1457; x_wconf 88' lang='lat' dir='ltr'><strong>tribus</strong></span> <span class='ocrx_word' id='word_1_522' title='bbox 1798 1431 1940 1467; x_wconf 67' lang='lat' dir='ltr'><strong>Pet-sonis)</strong></span> 
     </span>
    </p>
   </div>
   <div class='ocr_carea' id='block_1_75' title="bbox 1152 1475 1940 1511">
    <p class='ocr_par' dir='ltr' id='par_1_75' title="bbox 1152 1475 1940 1511">
     <span class='ocr_line' id='line_1_75' title="bbox 1152 1475 1940 1511; baseline 0.004 -10"><span class='ocrx_word' id='word_1_523' title='bbox 1152 1476 1262 1511; x_wconf 72' lang='lat' dir='ltr'><strong>hymnis</strong></span> <span class='ocrx_word' id='word_1_524' title='bbox 1277 1479 1305 1502; x_wconf 79' lang='lat' dir='ltr'><strong>et</strong></span> <span class='ocrx_word' id='word_1_525' title='bbox 1318 1475 1446 1502; x_wconf 87' lang='lat' dir='ltr'><strong>laudibus</strong></span> <span class='ocrx_word' id='word_1_526' title='bbox 1461 1475 1617 1502; x_wconf 82' lang='lat' dir='ltr'><strong>celebratur</strong></span> <span class='ocrx_word' id='word_1_527' title='bbox 1629 1476 1710 1507; x_wconf 86' lang='lat' dir='ltr'><strong>Deus,</strong></span> <span class='ocrx_word' id='word_1_528' title='bbox 1725 1485 1796 1504; x_wconf 86' lang='lat' dir='ltr'><strong>unus</strong></span> <span class='ocrx_word' id='word_1_529' title='bbox 1809 1482 1853 1504; x_wconf 79' lang='lat' dir='ltr'><strong>est</strong></span> <span class='ocrx_word' id='word_1_530' title='bbox 1869 1478 1940 1505; x_wconf 83' lang='lat' dir='ltr'><strong>Dens</strong></span> 
     </span>
    </p>
   </div>
   <div class='ocr_carea' id='block_1_76' title="bbox 1151 1521 1940 1556">
    <p class='ocr_par' dir='ltr' id='par_1_76' title="bbox 1151 1521 1940 1556">
     <span class='ocr_line' id='line_1_76' title="bbox 1151 1521 1940 1556; baseline 0.003 -9"><span class='ocrx_word' id='word_1_531' title='bbox 1151 1526 1179 1548; x_wconf 88' lang='lat' dir='ltr'><strong>et</strong></span> <span class='ocrx_word' id='word_1_532' title='bbox 1195 1529 1251 1548; x_wconf 90' lang='lat' dir='ltr'><strong>non</strong></span> <span class='ocrx_word' id='word_1_533' title='bbox 1268 1525 1335 1552; x_wconf 88' lang='lat' dir='ltr'><strong>tres,</strong></span> <span class='ocrx_word' id='word_1_534' title='bbox 1349 1526 1462 1556; x_wconf 86' lang='lat' dir='ltr'><strong>propter</strong></span> <span class='ocrx_word' id='word_1_535' title='bbox 1476 1521 1599 1555; x_wconf 84' lang='lat' dir='ltr'><strong>ejusdem</strong></span> <span class='ocrx_word' id='word_1_536' title='bbox 1617 1521 1697 1548; x_wconf 88' lang='lat' dir='ltr'><strong>simul</strong></span> <span class='ocrx_word' id='word_1_537' title='bbox 1715 1523 1843 1550; x_wconf 67' lang='lat' dir='ltr'><strong>essentia:</strong></span> <span class='ocrx_word' id='word_1_538' title='bbox 1860 1528 1940 1550; x_wconf 84' lang='lat' dir='ltr'><strong>natu-</strong></span> 
     </span>
    </p>
   </div>
   <div class='ocr_carea' id='block_1_77' title="bbox 1152 1567 1941 1603">
    <p class='ocr_par' dir='ltr' id='par_1_77' title="bbox 1152 1567 1941 1603">
     <span class='ocr_line' id='line_1_77' title="bbox 1152 1567 1941 1603; baseline 0.003 -10"><span class='ocrx_word' id='word_1_539' title='bbox 1152 1575 1210 1594; x_wconf 85' lang='lat' dir='ltr'><strong>ram</strong></span> <span class='ocrx_word' id='word_1_540' title='bbox 1227 1576 1234 1593; x_wconf 85' lang='lat' dir='ltr'><em>z</em></span> <span class='ocrx_word' id='word_1_541' title='bbox 1251 1567 1389 1601; x_wconf 86' lang='lat' dir='ltr'><strong>quomodo</strong></span> <span class='ocrx_word' id='word_1_542' title='bbox 1405 1567 1488 1594; x_wconf 82' lang='lat' dir='ltr'><strong>etiam</strong></span> <span class='ocrx_word' id='word_1_543' title='bbox 1504 1567 1531 1593; x_wconf 90' lang='lat' dir='ltr'><strong>in</strong></span> <span class='ocrx_word' id='word_1_544' title='bbox 1546 1567 1651 1594; x_wconf 78' lang='lat' dir='ltr'><strong>Adamo</strong></span> <span class='ocrx_word' id='word_1_545' title='bbox 1666 1571 1693 1593; x_wconf 91' lang='lat' dir='ltr'><strong>et</strong></span> <span class='ocrx_word' id='word_1_546' title='bbox 1710 1567 1775 1594; x_wconf 77' lang='lat' dir='ltr'><strong>Eva.</strong></span> <span class='ocrx_word' id='word_1_547' title='bbox 1790 1568 1859 1595; x_wconf 74' lang='lat' dir='ltr'><strong>Nam</strong></span> <span class='ocrx_word' id='word_1_548' title='bbox 1878 1577 1941 1603; x_wconf 80' lang='lat' dir='ltr'><strong>prc-</strong></span> 
     </span>
    </p>
   </div>
   <div class='ocr_carea' id='block_1_78' title="bbox 1152 1613 1937 1647">
    <p class='ocr_par' dir='ltr' id='par_1_78' title="bbox 1152 1613 1937 1647">
     <span class='ocr_line' id='line_1_78' title="bbox 1152 1613 1937 1647; baseline 0.003 -8"><span class='ocrx_word' id='word_1_549' title='bbox 1152 1618 1212 1647; x_wconf 86' lang='lat' dir='ltr'><strong>ptcr</strong></span> <span class='ocrx_word' id='word_1_550' title='bbox 1224 1613 1414 1647; x_wconf 80' lang='lat' dir='ltr'><strong>cognationem</strong></span> <span class='ocrx_word' id='word_1_551' title='bbox 1428 1617 1457 1639; x_wconf 85' lang='lat' dir='ltr'><strong>et</strong></span> <span class='ocrx_word' id='word_1_552' title='bbox 1469 1613 1593 1639; x_wconf 84' lang='lat' dir='ltr'><strong>eamdem</strong></span> <span class='ocrx_word' id='word_1_553' title='bbox 1606 1613 1688 1639; x_wconf 83' lang='lat' dir='ltr'><strong>simul</strong></span> <span class='ocrx_word' id='word_1_554' title='bbox 1701 1614 1864 1646; x_wconf 78' lang='lat' dir='ltr'><strong>essentiam,</strong></span> <span class='ocrx_word' id='word_1_555' title='bbox 1875 1614 1937 1641; x_wconf 86' lang='lat' dir='ltr'><strong>audi</strong></span> 
     </span>
    </p>
   </div>
   <div class='ocr_carea' id='block_1_79' title="bbox 1151 1658 1939 1693">
    <p class='ocr_par' dir='ltr' id='par_1_79' title="bbox 1151 1658 1939 1693">
     <span class='ocr_line' id='line_1_79' title="bbox 1151 1658 1939 1693; baseline 0.003 -9"><span class='ocrx_word' id='word_1_556' title='bbox 1151 1658 1381 1693; x_wconf 86' lang='lat' dir='ltr'><strong>quemadmodum</strong></span> <span class='ocrx_word' id='word_1_557' title='bbox 1395 1663 1425 1685; x_wconf 87' lang='lat' dir='ltr'><strong>et</strong></span> <span class='ocrx_word' id='word_1_558' title='bbox 1438 1659 1511 1692; x_wconf 87' lang='lat' dir='ltr'><strong>ipsos</strong></span> <span class='ocrx_word' id='word_1_559' title='bbox 1523 1658 1550 1684; x_wconf 92' lang='lat' dir='ltr'><strong>in</strong></span> <span class='ocrx_word' id='word_1_560' title='bbox 1564 1658 1720 1685; x_wconf 82' lang='lat' dir='ltr'><strong>universam</strong></span> <span class='ocrx_word' id='word_1_561' title='bbox 1734 1659 1833 1686; x_wconf 89' lang='lat' dir='ltr'><strong>mundi</strong></span> <span class='ocrx_word' id='word_1_562' title='bbox 1845 1660 1939 1686; x_wconf 82' lang='lat' dir='ltr'><strong>huma-</strong></span> 
     </span>
    </p>
   </div>
   <div class='ocr_carea' id='block_1_80' title="bbox 1151 1704 1936 1735">
    <p class='ocr_par' dir='ltr' id='par_1_80' title="bbox 1151 1704 1936 1735">
     <span class='ocr_line' id='line_1_80' title="bbox 1151 1704 1936 1735; baseline 0.001 -4"><span class='ocrx_word' id='word_1_563' title='bbox 1151 1705 1280 1735; x_wconf 79' lang='lat' dir='ltr'><strong>nitatem,</strong></span> <span class='ocrx_word' id='word_1_564' title='bbox 1304 1712 1388 1731; x_wconf 90' lang='lat' dir='ltr'><strong>unum</strong></span> <span class='ocrx_word' id='word_1_565' title='bbox 1414 1705 1556 1731; x_wconf 85' lang='lat' dir='ltr'><strong>hominem</strong></span> <span class='ocrx_word' id='word_1_566' title='bbox 1582 1704 1655 1731; x_wconf 78' lang='lat' dir='ltr'><strong>Deus</strong></span> <span class='ocrx_word' id='word_1_567' title='bbox 1675 1704 1803 1730; x_wconf 83' lang='lat' dir='ltr'><strong>nominet</strong></span> <span class='ocrx_word' id='word_1_568' title='bbox 1825 1704 1936 1732; x_wconf 86' lang='lat' dir='ltr'><strong>dicens:</strong></span> 
     </span>
    </p>
   </div>
   <div class='ocr_carea' id='block_1_81' title="bbox 1151 1750 1939 1785">
    <p class='ocr_par' dir='ltr' id='par_1_81' title="bbox 1151 1750 1939 1785">
     <span class='ocr_line' id='line_1_81' title="bbox 1151 1750 1939 1785; baseline 0.001 -9"><span class='ocrx_word' id='word_1_569' title='bbox 1151 1750 1291 1777; x_wconf 76' lang='lat' dir='ltr'><strong>Faciamus</strong></span> <span class='ocrx_word' id='word_1_570' title='bbox 1315 1751 1445 1776; x_wconf 78' lang='lat' dir='ltr'><strong>hominem</strong></span> <span class='ocrx_word' id='word_1_571' title='bbox 1468 1751 1502 1776; x_wconf 83' lang='lat' dir='ltr'><strong>ad</strong></span> <span class='ocrx_word' id='word_1_572' title='bbox 1525 1750 1668 1785; x_wconf 81' lang='lat' dir='ltr'><strong>imaginem</strong></span> <span class='ocrx_word' id='word_1_573' title='bbox 1692 1754 1716 1776; x_wconf 83' lang='lat' dir='ltr'><strong>et</strong></span> <span class='ocrx_word' id='word_1_574' title='bbox 1736 1750 1939 1777; x_wconf 74' lang='lat' dir='ltr'><strong>similitudinem</strong></span> 
     </span>
    </p>
   </div>
   <div class='ocr_carea' id='block_1_82' title="bbox 1151 1796 1939 1831">
    <p class='ocr_par' dir='ltr' id='par_1_82' title="bbox 1151 1796 1939 1831">
     <span class='ocr_line' id='line_1_82' title="bbox 1151 1796 1939 1831; baseline 0 -9"><span class='ocrx_word' id='word_1_575' title='bbox 1151 1801 1280 1828; x_wconf 80' lang='lat' dir='ltr'><strong>nostram,</strong></span> <span class='ocrx_word' id='word_1_576' title='bbox 1298 1801 1322 1822; x_wconf 89' lang='lat' dir='ltr'><strong>et</strong></span> <span class='ocrx_word' id='word_1_577' title='bbox 1344 1797 1473 1831; x_wconf 75' lang='lat' dir='ltr'><strong>imperent</strong></span> <span class='ocrx_word' id='word_1_578' title='bbox 1493 1804 1503 1822; x_wconf 92' lang='lat'><em>:</em></span> <span class='ocrx_word' id='word_1_579' title='bbox 1525 1796 1605 1827; x_wconf 81' lang='lat' dir='ltr'><strong>duos,</strong></span> <span class='ocrx_word' id='word_1_580' title='bbox 1624 1804 1708 1822; x_wconf 91' lang='lat' dir='ltr'><strong>unum</strong></span> <span class='ocrx_word' id='word_1_581' title='bbox 1730 1796 1828 1823; x_wconf 87' lang='lat' dir='ltr'><strong>dicens</strong></span> <span class='ocrx_word' id='word_1_582' title='bbox 1850 1796 1939 1823; x_wconf 87' lang='lat' dir='ltr'><strong>homi-</strong></span> 
     </span>
    </p>
   </div>
   <div class='ocr_carea' id='block_1_83' title="bbox 1150 1841 1940 1876">
    <p class='ocr_par' dir='ltr' id='par_1_83' title="bbox 1150 1841 1940 1876">
     <span class='ocr_line' id='line_1_83' title="bbox 1150 1841 1940 1876; baseline 0 -8"><span class='ocrx_word' id='word_1_583' title='bbox 1150 1850 1223 1868; x_wconf 87' lang='lat' dir='ltr'><strong>nem.</strong></span> <span class='ocrx_word' id='word_1_584' title='bbox 1239 1842 1272 1869; x_wconf 86' lang='lat' dir='ltr'><strong>Et</strong></span> <span class='ocrx_word' id='word_1_585' title='bbox 1294 1845 1391 1869; x_wconf 78' lang='lat' dir='ltr'><strong>rursus</strong></span> <span class='ocrx_word' id='word_1_586' title='bbox 1409 1841 1497 1868; x_wconf 89' lang='lat' dir='ltr'><strong>dicit:</strong></span> <span class='ocrx_word' id='word_1_587' title='bbox 1513 1841 1547 1868; x_wconf 86' lang='lat' dir='ltr'><strong>Et</strong></span> <span class='ocrx_word' id='word_1_588' title='bbox 1569 1842 1629 1876; x_wconf 76' lang='lat' dir='ltr'><strong>fecit</strong></span> <span class='ocrx_word' id='word_1_589' title='bbox 1648 1841 1718 1868; x_wconf 84' lang='lat' dir='ltr'><strong>Deus</strong></span> <span class='ocrx_word' id='word_1_590' title='bbox 1736 1842 1884 1875; x_wconf 71' lang='lat' dir='ltr'><strong>hominem,</strong></span> <span class='ocrx_word' id='word_1_591' title='bbox 1907 1843 1940 1869; x_wconf 83' lang='lat' dir='ltr'><strong>ad</strong></span> 
     </span>
    </p>
   </div>
   <div class='ocr_carea' id='block_1_84' title="bbox 1150 1887 1940 1922">
    <p class='ocr_par' dir='ltr' id='par_1_84' title="bbox 1150 1887 1940 1922">
     <span class='ocr_line' id='line_1_84' title="bbox 1150 1887 1940 1922; baseline 0.001 -9"><span class='ocrx_word' id='word_1_592' title='bbox 1150 1888 1294 1922; x_wconf 84' lang='lat' dir='ltr'><strong>imaginem</strong></span> <span class='ocrx_word' id='word_1_593' title='bbox 1307 1887 1354 1913; x_wconf 83' lang='lat' dir='ltr'><strong>Dei</strong></span> <span class='ocrx_word' id='word_1_594' title='bbox 1367 1887 1426 1921; x_wconf 79' lang='lat' dir='ltr'><strong>fecit</strong></span> <span class='ocrx_word' id='word_1_595' title='bbox 1439 1887 1526 1917; x_wconf 80' lang='lat' dir='ltr'><strong>illum.</strong></span> <span class='ocrx_word' id='word_1_596' title='bbox 1540 1887 1686 1913; x_wconf 78' lang='lat' dir='ltr'><strong>masculum</strong></span> <span class='ocrx_word' id='word_1_597' title='bbox 1700 1892 1723 1912; x_wconf 81' lang='lat' dir='ltr'><strong>et</strong></span> <span class='ocrx_word' id='word_1_598' title='bbox 1736 1887 1865 1921; x_wconf 76' lang='lat' dir='ltr'><strong>feminam</strong></span> <span class='ocrx_word' id='word_1_599' title='bbox 1881 1888 1940 1922; x_wconf 69' lang='lat' dir='ltr'><strong>fecit</strong></span> 
     </span>
    </p>
   </div>
   <div class='ocr_carea' id='block_1_85' title="bbox 1150 1933 1942 1968">
    <p class='ocr_par' dir='ltr' id='par_1_85' title="bbox 1150 1933 1942 1968">
     <span class='ocr_line' id='line_1_85' title="bbox 1150 1933 1942 1968; baseline 0.003 -9"><span class='ocrx_word' id='word_1_600' title='bbox 1150 1942 1203 1960; x_wconf 79' lang='lat' dir='ltr'><strong>eos.</strong></span> <span class='ocrx_word' id='word_1_601' title='bbox 1219 1934 1288 1960; x_wconf 86' lang='lat' dir='ltr'><strong>Ecce</strong></span> <span class='ocrx_word' id='word_1_602' title='bbox 1305 1934 1350 1961; x_wconf 91' lang='lat' dir='ltr'><strong>hic</strong></span> <span class='ocrx_word' id='word_1_603' title='bbox 1364 1941 1474 1968; x_wconf 85' lang='lat' dir='ltr'><strong>quoque</strong></span> <span class='ocrx_word' id='word_1_604' title='bbox 1488 1933 1568 1965; x_wconf 91' lang='lat' dir='ltr'><strong>duos,</strong></span> <span class='ocrx_word' id='word_1_605' title='bbox 1584 1941 1669 1960; x_wconf 91' lang='lat' dir='ltr'><strong>unum</strong></span> <span class='ocrx_word' id='word_1_606' title='bbox 1684 1934 1839 1961; x_wconf 79' lang='lat' dir='ltr'><strong>nominavit</strong></span> <span class='ocrx_word' id='word_1_607' title='bbox 1851 1934 1942 1961; x_wconf 85' lang='lat' dir='ltr'><strong>homi-</strong></span> 
     </span>
    </p>
   </div>
   <div class='ocr_carea' id='block_1_86' title="bbox 1150 1979 1940 2014">
    <p class='ocr_par' dir='ltr' id='par_1_86' title="bbox 1150 1979 1940 2014">
     <span class='ocr_line' id='line_1_86' title="bbox 1150 1979 1940 2014; baseline 0.001 -8"><span class='ocrx_word' id='word_1_608' title='bbox 1150 1987 1224 2011; x_wconf 88' lang='lat' dir='ltr'><strong>nem,</strong></span> <span class='ocrx_word' id='word_1_609' title='bbox 1237 1985 1267 2006; x_wconf 88' lang='lat' dir='ltr'><strong>ut</strong></span> <span class='ocrx_word' id='word_1_610' title='bbox 1280 1979 1328 2006; x_wconf 85' lang='lat' dir='ltr'><strong>tibi</strong></span> <span class='ocrx_word' id='word_1_611' title='bbox 1341 1987 1451 2014; x_wconf 83' lang='lat' dir='ltr'><strong>quoque</strong></span> <span class='ocrx_word' id='word_1_612' title='bbox 1467 1987 1542 2006; x_wconf 87' lang='lat' dir='ltr'><strong>arma</strong></span> <span class='ocrx_word' id='word_1_613' title='bbox 1558 1979 1678 2013; x_wconf 66' lang='lat' dir='ltr'><strong>praebeat</strong></span> <span class='ocrx_word' id='word_1_614' title='bbox 1689 1980 1723 2006; x_wconf 86' lang='lat' dir='ltr'><strong>ad</strong></span> <span class='ocrx_word' id='word_1_615' title='bbox 1735 1980 1940 2008; x_wconf 84' lang='lat' dir='ltr'><strong>ostendendum</strong></span> 
     </span>
    </p>
   </div>
   <div class='ocr_carea' id='block_1_87' title="bbox 1150 2025 1940 2061">
    <p class='ocr_par' dir='ltr' id='par_1_87' title="bbox 1150 2025 1940 2061">
     <span class='ocr_line' id='line_1_87' title="bbox 1150 2025 1940 2061; baseline 0.003 -9"><span class='ocrx_word' id='word_1_616' title='bbox 1150 2026 1224 2060; x_wconf 87' lang='lat' dir='ltr'><strong>quod</strong></span> <span class='ocrx_word' id='word_1_617' title='bbox 1240 2026 1319 2052; x_wconf 85' lang='lat' dir='ltr'><strong>Pater</strong></span> <span class='ocrx_word' id='word_1_618' title='bbox 1334 2030 1361 2052; x_wconf 88' lang='lat' dir='ltr'><strong>et</strong></span> <span class='ocrx_word' id='word_1_619' title='bbox 1376 2025 1462 2052; x_wconf 81' lang='lat' dir='ltr'><strong>Filius</strong></span> <span class='ocrx_word' id='word_1_620' title='bbox 1477 2026 1550 2061; x_wconf 87' lang='lat' dir='ltr'><strong>(cum</strong></span> <span class='ocrx_word' id='word_1_621' title='bbox 1567 2026 1628 2053; x_wconf 76' lang='lat' dir='ltr'><strong>diue</strong></span> <span class='ocrx_word' id='word_1_622' title='bbox 1643 2026 1699 2053; x_wconf 80' lang='lat' dir='ltr'><strong>sint</strong></span> <span class='ocrx_word' id='word_1_623' title='bbox 1713 2026 1877 2061; x_wconf 80' lang='lat' dir='ltr'><strong>hyposlascs</strong></span> <span class='ocrx_word' id='word_1_624' title='bbox 1894 2035 1940 2054; x_wconf 82' lang='lat' dir='ltr'><strong>seu</strong></span> 
     </span>
    </p>
   </div>
   <div class='ocr_carea' id='block_1_88' title="bbox 1150 2070 1943 2104">
    <p class='ocr_par' dir='ltr' id='par_1_88' title="bbox 1150 2070 1943 2104">
     <span class='ocr_line' id='line_1_88' title="bbox 1150 2070 1943 2104; baseline 0.004 -8"><span class='ocrx_word' id='word_1_625' title='bbox 1150 2073 1285 2104; x_wconf 66' lang='lat' dir='ltr'><strong>personae)</strong></span> <span class='ocrx_word' id='word_1_626' title='bbox 1307 2070 1363 2096; x_wconf 88' lang='lat' dir='ltr'><strong>sint</strong></span> <span class='ocrx_word' id='word_1_627' title='bbox 1384 2078 1456 2097; x_wconf 90' lang='lat' dir='ltr'><strong>unus</strong></span> <span class='ocrx_word' id='word_1_628' title='bbox 1480 2071 1561 2098; x_wconf 88' lang='lat' dir='ltr'><strong>Deus.</strong></span> <span class='ocrx_word' id='word_1_629' title='bbox 1576 2071 1653 2098; x_wconf 85' lang='lat' dir='ltr'><strong>Unde</strong></span> <span class='ocrx_word' id='word_1_630' title='bbox 1676 2071 1758 2098; x_wconf 85' lang='lat' dir='ltr'><strong>etiam</strong></span> <span class='ocrx_word' id='word_1_631' title='bbox 1781 2079 1845 2099; x_wconf 83' lang='lat' dir='ltr'><strong>cuin</strong></span> <span class='ocrx_word' id='word_1_632' title='bbox 1869 2077 1943 2099; x_wconf 83' lang='lat' dir='ltr'><strong>esset</strong></span> 
     </span>
    </p>
   </div>
   <div class='ocr_carea' id='block_1_89' title="bbox 1151 2115 1941 2148">
    <p class='ocr_par' dir='ltr' id='par_1_89' title="bbox 1151 2115 1941 2148">
     <span class='ocr_line' id='line_1_89' title="bbox 1151 2115 1941 2148; baseline 0.003 -6"><span class='ocrx_word' id='word_1_633' title='bbox 1151 2116 1223 2142; x_wconf 86' lang='lat' dir='ltr'><strong>Dens</strong></span> <span class='ocrx_word' id='word_1_634' title='bbox 1245 2116 1411 2142; x_wconf 83' lang='lat' dir='ltr'><strong>inducturus</strong></span> <span class='ocrx_word' id='word_1_635' title='bbox 1436 2115 1588 2148; x_wconf 86' lang='lat' dir='ltr'><strong>diluvium,</strong></span> <span class='ocrx_word' id='word_1_636' title='bbox 1613 2117 1680 2143; x_wconf 89' lang='lat' dir='ltr'><strong>dicit.</strong></span> <span class='ocrx_word' id='word_1_637' title='bbox 1704 2117 1738 2143; x_wconf 87' lang='lat' dir='ltr'><strong>ad</strong></span> <span class='ocrx_word' id='word_1_638' title='bbox 1762 2117 1845 2144; x_wconf 83' lang='lat' dir='ltr'><strong>Noe:</strong></span> <span class='ocrx_word' id='word_1_639' title='bbox 1869 2117 1941 2144; x_wconf 72' lang='lat' dir='ltr'><strong>Finis</strong></span> 
     </span>
    </p>
   </div>
   <div class='ocr_carea' id='block_1_90' title="bbox 1151 2161 1942 2198">
    <p class='ocr_par' dir='ltr' id='par_1_90' title="bbox 1151 2161 1942 2198">
     <span class='ocr_line' id='line_1_90' title="bbox 1151 2161 1942 2198; baseline 0.005 -11"><span class='ocrx_word' id='word_1_640' title='bbox 1151 2161 1234 2188; x_wconf 80' lang='lat' dir='ltr'><strong>omnis</strong></span> <span class='ocrx_word' id='word_1_641' title='bbox 1260 2162 1373 2188; x_wconf 85' lang='lat' dir='ltr'><strong>hominis</strong></span> <span class='ocrx_word' id='word_1_642' title='bbox 1398 2162 1468 2188; x_wconf 75' lang='lat' dir='ltr'><strong>venit</strong></span> <span class='ocrx_word' id='word_1_643' title='bbox 1494 2170 1584 2188; x_wconf 85' lang='lat' dir='ltr'><strong>coram</strong></span> <span class='ocrx_word' id='word_1_644' title='bbox 1615 2170 1655 2188; x_wconf 82' lang='lat' dir='ltr'><strong>me</strong></span> <span class='ocrx_word' id='word_1_645' title='bbox 1680 2171 1690 2189; x_wconf 85' lang='lat'><em>:</em></span> <span class='ocrx_word' id='word_1_646' title='bbox 1714 2170 1778 2190; x_wconf 86' lang='lat' dir='ltr'><strong>ecce</strong></span> <span class='ocrx_word' id='word_1_647' title='bbox 1802 2163 1942 2198; x_wconf 74' lang='lat' dir='ltr'><strong>signiﬁcat</strong></span> 
     </span>
    </p>
   </div>
   <div class='ocr_carea' id='block_1_91' title="bbox 1150 2207 1941 2242">
    <p class='ocr_par' dir='ltr' id='par_1_91' title="bbox 1150 2207 1941 2242">
     <span class='ocr_line' id='line_1_91' title="bbox 1150 2207 1941 2242; baseline 0.004 -9"><span class='ocrx_word' id='word_1_648' title='bbox 1150 2207 1294 2234; x_wconf 87' lang='lat' dir='ltr'><strong>hominum</strong></span> <span class='ocrx_word' id='word_1_649' title='bbox 1316 2207 1532 2234; x_wconf 86' lang='lat' dir='ltr'><strong>multitudinem.</strong></span> <span class='ocrx_word' id='word_1_650' title='bbox 1550 2207 1621 2234; x_wconf 83' lang='lat' dir='ltr'><strong>Audi</strong></span> <span class='ocrx_word' id='word_1_651' title='bbox 1643 2215 1709 2242; x_wconf 78' lang='lat' dir='ltr'><strong>ergo</strong></span> <span class='ocrx_word' id='word_1_652' title='bbox 1733 2217 1739 2234; x_wconf 89' lang='lat'>:</span> <span class='ocrx_word' id='word_1_653' title='bbox 1762 2213 1848 2235; x_wconf 83' lang='lat' dir='ltr'><strong>totam</strong></span> <span class='ocrx_word' id='word_1_654' title='bbox 1871 2209 1941 2236; x_wconf 83' lang='lat' dir='ltr'><strong>hanc</strong></span> 
     </span>
    </p>
   </div>
   <div class='ocr_carea' id='block_1_92' title="bbox 310 2252 1940 2286">
    <p class='ocr_par' dir='ltr' id='par_1_92' title="bbox 310 2252 1940 2286">
     <span class='ocr_line' id='line_1_92' title="bbox 310 2252 1940 2286; baseline 0.002 -8"><span class='ocrx_word' id='word_1_655' title='bbox 310 2254 423 2282; x_wconf 60' lang='lat' dir='ltr'><strong>virtute.</strong></span> <span class='ocrx_word' id='word_1_656' title='bbox 443 2253 488 2286; x_wconf 88' lang='lat' dir='ltr'><strong>qui</strong></span> <span class='ocrx_word' id='word_1_657' title='bbox 512 2253 595 2279; x_wconf 83' lang='lat' dir='ltr'><strong>Deum</strong></span> <span class='ocrx_word' id='word_1_658' title='bbox 619 2253 723 2279; x_wconf 85' lang='lat' dir='ltr'><strong>habent</strong></span> <span class='ocrx_word' id='word_1_659' title='bbox 743 2252 769 2278; x_wconf 92' lang='lat' dir='ltr'><strong>in</strong></span> <span class='ocrx_word' id='word_1_660' title='bbox 791 2260 820 2279; x_wconf 85' lang='lat' dir='ltr'><strong>se</strong></span> <span class='ocrx_word' id='word_1_661' title='bbox 842 2252 1052 2284; x_wconf 82' lang='lat' dir='ltr'><strong>inhabitantcm,</strong></span> <span class='ocrx_word' id='word_1_662' title='bbox 1071 2257 1098 2279; x_wconf 78' lang='lat' dir='ltr'><strong>et</strong></span> <span class='ocrx_word' id='word_1_663' title='bbox 1115 2257 1135 2282; x_wconf 82' lang='lat' dir='ltr'><strong>D</strong></span> <span class='ocrx_word' id='word_1_664' title='bbox 1151 2253 1358 2280; x_wconf 86' lang='lat' dir='ltr'><strong>multitudinem</strong></span> <span class='ocrx_word' id='word_1_665' title='bbox 1374 2258 1453 2280; x_wconf 86' lang='lat' dir='ltr'><strong>vocat</strong></span> <span class='ocrx_word' id='word_1_666' title='bbox 1468 2261 1553 2280; x_wconf 93' lang='lat' dir='ltr'><strong>unum</strong></span> <span class='ocrx_word' id='word_1_667' title='bbox 1566 2253 1827 2286; x_wconf 88' lang='lat' dir='ltr'><strong>homincm,rursus</strong></span> <span class='ocrx_word' id='word_1_668' title='bbox 1844 2255 1940 2282; x_wconf 80' lang='lat' dir='ltr'><strong>dicens</strong></span> 
     </span>
    </p>
   </div>
   <div class='ocr_carea' id='block_1_93' title="bbox 309 2298 1099 2333">
    <p class='ocr_par' dir='ltr' id='par_1_93' title="bbox 309 2298 1099 2333">
     <span class='ocr_line' id='line_1_93' title="bbox 309 2298 1099 2333; baseline 0.001 -9"><span class='ocrx_word' id='word_1_669' title='bbox 309 2299 395 2331; x_wconf 66' lang='lat' dir='ltr'><strong>gratia</strong></span> <span class='ocrx_word' id='word_1_670' title='bbox 407 2299 611 2333; x_wconf 83' lang='lat' dir='ltr'><strong>quodammodo</strong></span> <span class='ocrx_word' id='word_1_671' title='bbox 622 2303 686 2325; x_wconf 77' lang='lat' dir='ltr'><strong>stitit</strong></span> <span class='ocrx_word' id='word_1_672' title='bbox 695 2299 782 2325; x_wconf 89' lang='lat' dir='ltr'><strong>veluti</strong></span> <span class='ocrx_word' id='word_1_673' title='bbox 792 2298 906 2330; x_wconf 86' lang='lat' dir='ltr'><strong>Christi,</strong></span> <span class='ocrx_word' id='word_1_674' title='bbox 916 2299 943 2325; x_wconf 94' lang='lat' dir='ltr'><strong>in</strong></span> <span class='ocrx_word' id='word_1_675' title='bbox 954 2299 1099 2326; x_wconf 85' lang='lat' dir='ltr'><strong>divinitate</strong></span> 
     </span>
    </p>
   </div>
   <div class='ocr_carea' id='block_1_94' title="bbox 310 2345 1098 2380">
    <p class='ocr_par' dir='ltr' id='par_1_94' title="bbox 310 2345 1098 2380">
     <span class='ocr_line' id='line_1_94' title="bbox 310 2345 1098 2380; baseline 0.001 -10"><span class='ocrx_word' id='word_1_676' title='bbox 310 2345 390 2371; x_wconf 82' lang='lat' dir='ltr'><strong>simul</strong></span> <span class='ocrx_word' id='word_1_677' title='bbox 416 2349 442 2371; x_wconf 87' lang='lat' dir='ltr'><strong>et</strong></span> <span class='ocrx_word' id='word_1_678' title='bbox 466 2345 646 2372; x_wconf 80' lang='lat' dir='ltr'><strong>ltumanitate.</strong></span> <span class='ocrx_word' id='word_1_679' title='bbox 670 2345 820 2380; x_wconf 83' lang='lat' dir='ltr'><strong>Propterea</strong></span> <span class='ocrx_word' id='word_1_680' title='bbox 846 2350 875 2372; x_wconf 90' lang='lat' dir='ltr'><strong>et</strong></span> <span class='ocrx_word' id='word_1_681' title='bbox 898 2345 941 2372; x_wconf 88' lang='lat' dir='ltr'><strong>bis</strong></span> <span class='ocrx_word' id='word_1_682' title='bbox 965 2350 993 2372; x_wconf 85' lang='lat' dir='ltr'><strong>et</strong></span> <span class='ocrx_word' id='word_1_683' title='bbox 1014 2345 1098 2372; x_wconf 86' lang='lat' dir='ltr'><strong>semel</strong></span> 
     </span>
    </p>
   </div>
   <div class='ocr_carea' id='block_1_95' title="bbox 309 2390 1099 2426">
    <p class='ocr_par' dir='ltr' id='par_1_95' title="bbox 309 2390 1099 2426">
     <span class='ocr_line' id='line_1_95' title="bbox 309 2390 1099 2426; baseline 0.003 -10"><span class='ocrx_word' id='word_1_684' title='bbox 309 2398 449 2424; x_wconf 78' lang='lat' dir='ltr'><strong>exponens</strong></span> <span class='ocrx_word' id='word_1_685' title='bbox 462 2390 557 2416; x_wconf 87' lang='lat' dir='ltr'><strong>divina</strong></span> <span class='ocrx_word' id='word_1_686' title='bbox 573 2390 726 2425; x_wconf 85' lang='lat' dir='ltr'><strong>Scriptura.</strong></span> <span class='ocrx_word' id='word_1_687' title='bbox 743 2395 769 2417; x_wconf 87' lang='lat' dir='ltr'><strong>et</strong></span> <span class='ocrx_word' id='word_1_688' title='bbox 783 2391 894 2418; x_wconf 87' lang='lat' dir='ltr'><strong>dicens:</strong></span> <span class='ocrx_word' id='word_1_689' title='bbox 911 2391 944 2418; x_wconf 86' lang='lat' dir='ltr'><strong>Et</strong></span> <span class='ocrx_word' id='word_1_690' title='bbox 957 2392 1016 2426; x_wconf 75' lang='lat' dir='ltr'><strong>fecit</strong></span> <span class='ocrx_word' id='word_1_691' title='bbox 1030 2391 1099 2418; x_wconf 75' lang='lat' dir='ltr'><strong>Deus</strong></span> 
     </span>
    </p>
   </div>
   <div class='ocr_carea' id='block_1_96' title="bbox 309 2435 1099 2470">
    <p class='ocr_par' dir='ltr' id='par_1_96' title="bbox 309 2435 1099 2470">
     <span class='ocr_line' id='line_1_96' title="bbox 309 2435 1099 2470; baseline 0.004 -10"><span class='ocrx_word' id='word_1_692' title='bbox 309 2435 441 2461; x_wconf 85' lang='lat' dir='ltr'><strong>hominem</strong></span> <span class='ocrx_word' id='word_1_693' title='bbox 473 2435 507 2461; x_wconf 86' lang='lat' dir='ltr'><strong>ad</strong></span> <span class='ocrx_word' id='word_1_694' title='bbox 528 2435 681 2470; x_wconf 74' lang='lat' dir='ltr'><strong>imaginem,</strong></span> <span class='ocrx_word' id='word_1_695' title='bbox 700 2436 736 2462; x_wconf 85' lang='lat' dir='ltr'><strong>sit</strong></span> <span class='ocrx_word' id='word_1_696' title='bbox 758 2444 771 2462; x_wconf 90' lang='lat' dir='ltr'><strong>a</strong></span> <span class='ocrx_word' id='word_1_697' title='bbox 793 2436 848 2462; x_wconf 86' lang='lat' dir='ltr'><strong>Deo</strong></span> <span class='ocrx_word' id='word_1_698' title='bbox 873 2440 997 2463; x_wconf 87' lang='lat' dir='ltr'><strong>creatum</strong></span> <span class='ocrx_word' id='word_1_699' title='bbox 1020 2440 1048 2463; x_wconf 88' lang='lat' dir='ltr'><strong>et</strong></span> <span class='ocrx_word' id='word_1_700' title='bbox 1072 2436 1099 2463; x_wconf 93' lang='lat' dir='ltr'><strong>in</strong></span> 
     </span>
    </p>
   </div>
   <div class='ocr_carea' id='block_1_97' title="bbox 309 2481 1096 2515">
    <p class='ocr_par' dir='ltr' id='par_1_97' title="bbox 309 2481 1096 2515">
     <span class='ocr_line' id='line_1_97' title="bbox 309 2481 1096 2515; baseline 0.003 -8"><span class='ocrx_word' id='word_1_701' title='bbox 309 2481 391 2508; x_wconf 83' lang='lat' dir='ltr'><strong>nobis</strong></span> <span class='ocrx_word' id='word_1_702' title='bbox 406 2482 545 2513; x_wconf 83' lang='lat' dir='ltr'><strong>naturale;</strong></span> <span class='ocrx_word' id='word_1_703' title='bbox 564 2481 630 2508; x_wconf 92' lang='lat' dir='ltr'><strong>illud</strong></span> <span class='ocrx_word' id='word_1_704' title='bbox 647 2486 750 2513; x_wconf 86' lang='lat' dir='ltr'><strong>autem,</strong></span> <span class='ocrx_word' id='word_1_705' title='bbox 773 2482 813 2509; x_wconf 79' lang='lat' dir='ltr'><strong>Ad</strong></span> <span class='ocrx_word' id='word_1_706' title='bbox 828 2482 1040 2515; x_wconf 73' lang='lat' dir='ltr'><strong>similitudinem,</strong></span> <span class='ocrx_word' id='word_1_707' title='bbox 1055 2487 1096 2509; x_wconf 84' lang='lat' dir='ltr'><strong>est</strong></span> 
     </span>
    </p>
   </div>
   <div class='ocr_carea' id='block_1_98' title="bbox 310 2525 1098 2561">
    <p class='ocr_par' dir='ltr' id='par_1_98' title="bbox 310 2525 1098 2561">
     <span class='ocr_line' id='line_1_98' title="bbox 310 2525 1098 2561; baseline 0.003 -10"><span class='ocrx_word' id='word_1_708' title='bbox 310 2525 372 2552; x_wconf 76' lang='lat' dir='ltr'><strong>vita:</strong></span> <span class='ocrx_word' id='word_1_709' title='bbox 385 2525 567 2553; x_wconf 84' lang='lat' dir='ltr'><strong>institutionis</strong></span> <span class='ocrx_word' id='word_1_710' title='bbox 578 2534 639 2560; x_wconf 67' lang='lat' dir='ltr'><strong>qua:</strong></span> <span class='ocrx_word' id='word_1_711' title='bbox 652 2526 737 2553; x_wconf 84' lang='lat' dir='ltr'><strong>libera</strong></span> <span class='ocrx_word' id='word_1_712' title='bbox 750 2527 886 2554; x_wconf 83' lang='lat' dir='ltr'><strong>electione</strong></span> <span class='ocrx_word' id='word_1_713' title='bbox 899 2527 1059 2561; x_wconf 87' lang='lat' dir='ltr'><strong>suscipitur,</strong></span> <span class='ocrx_word' id='word_1_714' title='bbox 1070 2532 1098 2554; x_wconf 86' lang='lat' dir='ltr'><strong>et</strong></span> 
     </span>
    </p>
   </div>
   <div class='ocr_carea' id='block_1_99' title="bbox 310 2571 1097 2607">
    <p class='ocr_par' dir='ltr' id='par_1_99' title="bbox 310 2571 1097 2607">
     <span class='ocr_line' id='line_1_99' title="bbox 310 2571 1097 2607; baseline 0.001 -10"><span class='ocrx_word' id='word_1_715' title='bbox 310 2577 359 2605; x_wconf 89' lang='lat' dir='ltr'><strong>per</strong></span> <span class='ocrx_word' id='word_1_716' title='bbox 373 2572 455 2599; x_wconf 83' lang='lat' dir='ltr'><strong>vitam</strong></span> <span class='ocrx_word' id='word_1_717' title='bbox 471 2579 532 2606; x_wconf 72' lang='lat' dir='ltr'><strong>qua:</strong></span> <span class='ocrx_word' id='word_1_718' title='bbox 547 2579 581 2598; x_wconf 75' lang='lat' dir='ltr'><strong>ex</strong></span> <span class='ocrx_word' id='word_1_719' title='bbox 596 2572 698 2599; x_wconf 87' lang='lat' dir='ltr'><strong>virtute</strong></span> <span class='ocrx_word' id='word_1_720' title='bbox 715 2572 804 2607; x_wconf 81' lang='lat' dir='ltr'><strong>agitur</strong></span> <span class='ocrx_word' id='word_1_721' title='bbox 819 2571 959 2598; x_wconf 87' lang='lat' dir='ltr'><strong>inducitur</strong></span> <span class='ocrx_word' id='word_1_722' title='bbox 975 2576 1002 2598; x_wconf 88' lang='lat' dir='ltr'><strong>et</strong></span> <span class='ocrx_word' id='word_1_723' title='bbox 1018 2579 1097 2598; x_wconf 76' lang='lat' dir='ltr'><strong>assu-~</strong></span> 
     </span>
    </p>
   </div>
   <div class='ocr_carea' id='block_1_100' title="bbox 311 2617 1101 2652">
    <p class='ocr_par' dir='ltr' id='par_1_100' title="bbox 311 2617 1101 2652">
     <span class='ocr_line' id='line_1_100' title="bbox 311 2617 1101 2652; baseline 0.001 -9"><span class='ocrx_word' id='word_1_724' title='bbox 311 2617 403 2644; x_wconf 88' lang='lat' dir='ltr'><strong>mitur.</strong></span> <span class='ocrx_word' id='word_1_725' title='bbox 421 2617 571 2652; x_wconf 84' lang='lat' dir='ltr'><strong>Propterea</strong></span> <span class='ocrx_word' id='word_1_726' title='bbox 595 2617 649 2645; x_wconf 82' lang='lat' dir='ltr'><strong>hoc</strong></span> <span class='ocrx_word' id='word_1_727' title='bbox 666 2625 717 2645; x_wconf 89' lang='lat' dir='ltr'><strong>nos</strong></span> <span class='ocrx_word' id='word_1_728' title='bbox 738 2618 840 2645; x_wconf 86' lang='lat' dir='ltr'><strong>docens</strong></span> <span class='ocrx_word' id='word_1_729' title='bbox 860 2617 907 2652; x_wconf 90' lang='lat' dir='ltr'><strong>qui</strong></span> <span class='ocrx_word' id='word_1_730' title='bbox 929 2625 992 2645; x_wconf 91' lang='lat' dir='ltr'><strong>cum</strong></span> <span class='ocrx_word' id='word_1_731' title='bbox 1011 2618 1101 2645; x_wconf 83' lang='lat' dir='ltr'><strong>Verbo</strong></span> 
     </span>
    </p>
   </div>
   <div class='ocr_carea' id='block_1_101' title="bbox 311 2662 1098 2699">
    <p class='ocr_par' dir='ltr' id='par_1_101' title="bbox 311 2662 1098 2699">
     <span class='ocr_line' id='line_1_101' title="bbox 311 2662 1098 2699; baseline 0 -9"><span class='ocrx_word' id='word_1_732' title='bbox 311 2662 383 2690; x_wconf 80' lang='lat' dir='ltr'><strong>idem</strong></span> <span class='ocrx_word' id='word_1_733' title='bbox 402 2663 485 2690; x_wconf 86' lang='lat' dir='ltr'><strong>habet</strong></span> <span class='ocrx_word' id='word_1_734' title='bbox 503 2671 603 2691; x_wconf 88' lang='lat' dir='ltr'><strong>nomen</strong></span> <span class='ocrx_word' id='word_1_735' title='bbox 625 2664 768 2699; x_wconf 80' lang='lat' dir='ltr'><strong>theologus</strong></span> <span class='ocrx_word' id='word_1_736' title='bbox 785 2664 915 2694; x_wconf 84' lang='lat' dir='ltr'><strong>Joannes,</strong></span> <span class='ocrx_word' id='word_1_737' title='bbox 933 2664 1011 2696; x_wconf 85' lang='lat' dir='ltr'><strong>dicit,</strong></span> <span class='ocrx_word' id='word_1_738' title='bbox 1030 2664 1098 2692; x_wconf 85' lang='lat' dir='ltr'><strong>scri-</strong></span> 
     </span>
    </p>
   </div>
   <div class='ocr_carea' id='block_1_102' title="bbox 310 2709 1101 2745">
    <p class='ocr_par' dir='ltr' id='par_1_102' title="bbox 310 2709 1101 2745">
     <span class='ocr_line' id='line_1_102' title="bbox 310 2709 1101 2745; baseline 0 -8"><span class='ocrx_word' id='word_1_739' title='bbox 310 2709 378 2737; x_wconf 86' lang='lat' dir='ltr'><strong>bens</strong></span> <span class='ocrx_word' id='word_1_740' title='bbox 394 2710 427 2737; x_wconf 82' lang='lat' dir='ltr'><strong>ad</strong></span> <span class='ocrx_word' id='word_1_741' title='bbox 445 2710 552 2745; x_wconf 84' lang='lat' dir='ltr'><strong>aliquos</strong></span> <span class='ocrx_word' id='word_1_742' title='bbox 569 2719 576 2736; x_wconf 87' lang='lat'><strong>:</strong></span> <span class='ocrx_word' id='word_1_743' title='bbox 593 2709 697 2744; x_wconf 83' lang='lat' dir='ltr'><strong>Filioli,</strong></span> <span class='ocrx_word' id='word_1_744' title='bbox 710 2718 780 2737; x_wconf 76' lang='lat' dir='ltr'><strong>nunc</strong></span> <span class='ocrx_word' id='word_1_745' title='bbox 796 2710 846 2745; x_wconf 80' lang='lat' dir='ltr'><strong>ﬁlii</strong></span> <span class='ocrx_word' id='word_1_746' title='bbox 864 2710 912 2737; x_wconf 83' lang='lat' dir='ltr'><strong>Dei</strong></span> <span class='ocrx_word' id='word_1_747' title='bbox 931 2719 1036 2742; x_wconf 72' lang='lat' dir='ltr'><strong>sumus,</strong></span> <span class='ocrx_word' id='word_1_748' title='bbox 1052 2718 1101 2745; x_wconf 88' lang='lat' dir='ltr'><strong>per</strong></span> 
     </span>
    </p>
   </div>
   <div class='ocr_carea' id='block_1_103' title="bbox 308 2756 1102 2793">
    <p class='ocr_par' dir='ltr' id='par_1_103' title="bbox 308 2756 1102 2793">
     <span class='ocr_line' id='line_1_103' title="bbox 308 2756 1102 2793; baseline 0.001 -11"><span class='ocrx_word' id='word_1_749' title='bbox 308 2756 361 2784; x_wconf 90' lang='lat' dir='ltr'><strong>hoc</strong></span> <span class='ocrx_word' id='word_1_750' title='bbox 375 2756 521 2791; x_wconf 80' lang='lat' dir='ltr'><strong>baptisma,</strong></span> <span class='ocrx_word' id='word_1_751' title='bbox 534 2761 560 2783; x_wconf 71' lang='lat' dir='ltr'><strong>et</strong></span> <span class='ocrx_word' id='word_1_752' title='bbox 575 2757 693 2784; x_wconf 80' lang='lat' dir='ltr'><strong>nondum</strong></span> <span class='ocrx_word' id='word_1_753' title='bbox 708 2757 906 2791; x_wconf 79' lang='lat' dir='ltr'><strong>manifestatum</strong></span> <span class='ocrx_word' id='word_1_754' title='bbox 922 2762 958 2784; x_wconf 74' lang='lat' dir='ltr'><strong>est</strong></span> <span class='ocrx_word' id='word_1_755' title='bbox 974 2757 1036 2793; x_wconf 77' lang='lat' dir='ltr'><strong>quid</strong></span> <span class='ocrx_word' id='word_1_756' title='bbox 1050 2758 1102 2783; x_wconf 68' lang='lat' dir='ltr'><strong>ari-</strong></span> 
     </span>
    </p>
   </div>
   <div class='ocr_carea' id='block_1_104' title="bbox 344 2875 884 2910">
    <p class='ocr_par' dir='ltr' id='par_1_104' title="bbox 344 2875 884 2910">
     <span class='ocr_line' id='line_1_104' title="bbox 344 2875 884 2910; baseline 0.004 -8"><span class='ocrx_word' id='word_1_757' title='bbox 344 2875 367 2892; x_wconf 71' lang='lat'><strong>”</strong></span> <span class='ocrx_word' id='word_1_758' title='bbox 379 2875 476 2903; x_wconf 79' lang='lat' dir='ltr'><strong>lJoan.</strong></span> <span class='ocrx_word' id='word_1_759' title='bbox 488 2884 526 2908; x_wconf 87' lang='lat' dir='ltr'><strong>nt,</strong></span> <span class='ocrx_word' id='word_1_760' title='bbox 538 2876 565 2903; x_wconf 78' lang='lat'><strong>2.</strong></span> <span class='ocrx_word' id='word_1_761' title='bbox 605 2877 624 2892; x_wconf 85' lang='lat'>&quot;</span> <span class='ocrx_word' id='word_1_762' title='bbox 638 2876 707 2903; x_wconf 82' lang='lat' dir='ltr'><strong>Psal.</strong></span> <span class='ocrx_word' id='word_1_763' title='bbox 722 2884 810 2910; x_wconf 74' lang='lat' dir='ltr'><strong>cxvnl,</strong></span> <span class='ocrx_word' id='word_1_764' title='bbox 825 2877 884 2904; x_wconf 72' lang='grc'><strong>105.</strong></span> 
     </span>
    </p>
   </div>
   <div class='ocr_carea' id='block_1_105' title="bbox 1148 2298 1940 2336">
    <p class='ocr_par' dir='ltr' id='par_1_105' title="bbox 1148 2298 1940 2336">
     <span class='ocr_line' id='line_1_105' title="bbox 1148 2298 1940 2336; baseline 0.004 -11"><span class='ocrx_word' id='word_1_765' title='bbox 1148 2298 1237 2325; x_wconf 85' lang='lat' dir='ltr'><strong>cidem</strong></span> <span class='ocrx_word' id='word_1_766' title='bbox 1264 2299 1340 2331; x_wconf 88' lang='lat' dir='ltr'><strong>Noe,</strong></span> <span class='ocrx_word' id='word_1_767' title='bbox 1361 2299 1455 2326; x_wconf 74' lang='lat' dir='ltr'><strong>Detebo</strong></span> <span class='ocrx_word' id='word_1_768' title='bbox 1482 2300 1614 2326; x_wconf 76' lang='lat' dir='ltr'><strong>Immineat</strong></span> <span class='ocrx_word' id='word_1_769' title='bbox 1639 2308 1717 2335; x_wconf 82' lang='lat' dir='ltr'><strong>quem</strong></span> <span class='ocrx_word' id='word_1_770' title='bbox 1739 2301 1796 2334; x_wconf 75' lang='lat' dir='ltr'><strong>feci.</strong></span> <span class='ocrx_word' id='word_1_771' title='bbox 1821 2301 1851 2328; x_wconf 84' lang='lat' dir='ltr'><strong>Si</strong></span> <span class='ocrx_word' id='word_1_772' title='bbox 1877 2309 1940 2336; x_wconf 74' lang='lat' dir='ltr'><strong>ergo</strong></span> 
     </span>
    </p>
   </div>
   <div class='ocr_carea' id='block_1_106' title="bbox 1150 2345 1938 2380">
    <p class='ocr_par' dir='ltr' id='par_1_106' title="bbox 1150 2345 1938 2380">
     <span class='ocr_line' id='line_1_106' title="bbox 1150 2345 1938 2380; baseline 0.005 -10"><span class='ocrx_word' id='word_1_773' title='bbox 1150 2345 1362 2371; x_wconf 87' lang='lat' dir='ltr'><strong>innumerabilia</strong></span> <span class='ocrx_word' id='word_1_774' title='bbox 1380 2345 1524 2372; x_wconf 88' lang='lat' dir='ltr'><strong>hominum</strong></span> <span class='ocrx_word' id='word_1_775' title='bbox 1544 2353 1725 2380; x_wconf 82' lang='lat' dir='ltr'><strong>personarum</strong></span> <span class='ocrx_word' id='word_1_776' title='bbox 1745 2346 1832 2374; x_wconf 85' lang='lat' dir='ltr'><strong>millia</strong></span> <span class='ocrx_word' id='word_1_777' title='bbox 1852 2355 1938 2374; x_wconf 87' lang='lat' dir='ltr'><strong>unum</strong></span> 
     </span>
    </p>
   </div>
   <div class='ocr_carea' id='block_1_107' title="bbox 1149 2391 1938 2426">
    <p class='ocr_par' dir='ltr' id='par_1_107' title="bbox 1149 2391 1938 2426">
     <span class='ocr_line' id='line_1_107' title="bbox 1149 2391 1938 2426; baseline 0.003 -8"><span class='ocrx_word' id='word_1_778' title='bbox 1149 2391 1218 2418; x_wconf 88' lang='lat' dir='ltr'><strong>dicit</strong></span> <span class='ocrx_word' id='word_1_779' title='bbox 1248 2391 1387 2418; x_wconf 83' lang='lat' dir='ltr'><strong>hominem</strong></span> <span class='ocrx_word' id='word_1_780' title='bbox 1421 2397 1536 2426; x_wconf 89' lang='lat' dir='ltr'><strong>propter</strong></span> <span class='ocrx_word' id='word_1_781' title='bbox 1568 2397 1674 2420; x_wconf 62' lang='lat' dir='ltr'><strong>naturae</strong></span> <span class='ocrx_word' id='word_1_782' title='bbox 1707 2393 1938 2424; x_wconf 83' lang='lat' dir='ltr'><strong>similitudinem.</strong></span> 
     </span>
    </p>
   </div>
   <div class='ocr_carea' id='block_1_108' title="bbox 1150 2438 1940 2474">
    <p class='ocr_par' dir='ltr' id='par_1_108' title="bbox 1150 2438 1940 2474">
     <span class='ocr_line' id='line_1_108' title="bbox 1150 2438 1940 2474; baseline 0.004 -11"><span class='ocrx_word' id='word_1_783' title='bbox 1150 2442 1253 2471; x_wconf 85' lang='lat' dir='ltr'><strong>quanto</strong></span> <span class='ocrx_word' id='word_1_784' title='bbox 1266 2439 1352 2472; x_wconf 81' lang='lat' dir='ltr'><strong>magis</strong></span> <span class='ocrx_word' id='word_1_785' title='bbox 1366 2442 1422 2465; x_wconf 83' lang='lat' dir='ltr'><strong>tres</strong></span> <span class='ocrx_word' id='word_1_786' title='bbox 1433 2438 1586 2465; x_wconf 86' lang='lat' dir='ltr'><strong>divinitatis</strong></span> <span class='ocrx_word' id='word_1_787' title='bbox 1601 2438 1733 2474; x_wconf 82' lang='lat' dir='ltr'><strong>(ejusdem</strong></span> <span class='ocrx_word' id='word_1_788' title='bbox 1748 2439 1832 2466; x_wconf 87' lang='lat' dir='ltr'><strong>simul</strong></span> <span class='ocrx_word' id='word_1_789' title='bbox 1845 2447 1940 2466; x_wconf 81' lang='lat' dir='ltr'><strong>essen-</strong></span> 
     </span>
    </p>
   </div>
   <div class='ocr_carea' id='block_1_109' title="bbox 1152 2483 1941 2518">
    <p class='ocr_par' dir='ltr' id='par_1_109' title="bbox 1152 2483 1941 2518">
     <span class='ocr_line' id='line_1_109' title="bbox 1152 2483 1941 2518; baseline 0 -8"><span class='ocrx_word' id='word_1_790' title='bbox 1152 2483 1212 2518; x_wconf 73' lang='lat' dir='ltr'><strong>tim)</strong></span> <span class='ocrx_word' id='word_1_791' title='bbox 1232 2491 1357 2518; x_wconf 46' lang='lat' dir='ltr'><strong>personat</strong></span> <span class='ocrx_word' id='word_1_792' title='bbox 1377 2483 1431 2510; x_wconf 86' lang='lat' dir='ltr'><strong>dici</strong></span> <span class='ocrx_word' id='word_1_793' title='bbox 1451 2489 1568 2518; x_wconf 80' lang='lat' dir='ltr'><strong>possunt</strong></span> <span class='ocrx_word' id='word_1_794' title='bbox 1587 2492 1658 2511; x_wconf 85' lang='lat' dir='ltr'><strong>unus</strong></span> <span class='ocrx_word' id='word_1_795' title='bbox 1674 2484 1765 2511; x_wconf 78' lang='lat' dir='ltr'><strong>Deus?</strong></span> <span class='ocrx_word' id='word_1_796' title='bbox 1780 2484 1815 2511; x_wconf 85' lang='lat' dir='ltr'><strong>Et</strong></span> <span class='ocrx_word' id='word_1_797' title='bbox 1832 2485 1863 2511; x_wconf 88' lang='lat' dir='ltr'><strong>in</strong></span> <span class='ocrx_word' id='word_1_798' title='bbox 1881 2485 1941 2512; x_wconf 81' lang='lat' dir='ltr'><strong>aliis</strong></span> 
     </span>
    </p>
   </div>
   <div class='ocr_carea' id='block_1_110' title="bbox 1151 2529 1941 2565">
    <p class='ocr_par' dir='ltr' id='par_1_110' title="bbox 1151 2529 1941 2565">
     <span class='ocr_line' id='line_1_110' title="bbox 1151 2529 1941 2565; baseline 0 -9"><span class='ocrx_word' id='word_1_799' title='bbox 1151 2529 1218 2557; x_wconf 90' lang='lat' dir='ltr'><strong>locis</strong></span> <span class='ocrx_word' id='word_1_800' title='bbox 1232 2529 1481 2557; x_wconf 83' lang='lat' dir='ltr'><strong>innumerabilibus</strong></span> <span class='ocrx_word' id='word_1_801' title='bbox 1495 2530 1619 2558; x_wconf 82' lang='lat' dir='ltr'><strong>invenies</strong></span> <span class='ocrx_word' id='word_1_802' title='bbox 1632 2530 1753 2556; x_wconf 84' lang='lat' dir='ltr'><strong>divinam</strong></span> <span class='ocrx_word' id='word_1_803' title='bbox 1767 2530 1941 2565; x_wconf 76' lang='lat' dir='ltr'><strong>Seripturam</strong></span> 
     </span>
    </p>
   </div>
   <div class='ocr_carea' id='block_1_111' title="bbox 1152 2576 1941 2611">
    <p class='ocr_par' dir='ltr' id='par_1_111' title="bbox 1152 2576 1941 2611">
     <span class='ocr_line' id='line_1_111' title="bbox 1152 2576 1941 2611; baseline 0 -9"><span class='ocrx_word' id='word_1_804' title='bbox 1152 2583 1234 2602; x_wconf 83' lang='lat' dir='ltr'><strong>unam</strong></span> <span class='ocrx_word' id='word_1_805' title='bbox 1247 2576 1392 2603; x_wconf 87' lang='lat' dir='ltr'><strong>nominare</strong></span> <span class='ocrx_word' id='word_1_806' title='bbox 1404 2576 1544 2604; x_wconf 87' lang='lat' dir='ltr'><strong>hominem</strong></span> <span class='ocrx_word' id='word_1_807' title='bbox 1560 2581 1647 2604; x_wconf 84' lang='lat' dir='ltr'><strong>totum</strong></span> <span class='ocrx_word' id='word_1_808' title='bbox 1663 2584 1750 2611; x_wconf 78' lang='lat' dir='ltr'><strong>genus</strong></span> <span class='ocrx_word' id='word_1_809' title='bbox 1764 2576 1921 2605; x_wconf 84' lang='lat' dir='ltr'><strong>humanum</strong></span> <span class='ocrx_word' id='word_1_810' title='bbox 1935 2585 1941 2602; x_wconf 87' lang='lat'><strong>:</strong></span> 
     </span>
    </p>
   </div>
   <div class='ocr_carea' id='block_1_112' title="bbox 1150 2620 1942 2656">
    <p class='ocr_par' dir='ltr' id='par_1_112' title="bbox 1150 2620 1942 2656">
     <span class='ocr_line' id='line_1_112' title="bbox 1150 2620 1942 2656; baseline 0 -9"><span class='ocrx_word' id='word_1_811' title='bbox 1150 2625 1180 2647; x_wconf 92' lang='lat' dir='ltr'><strong>ut</strong></span> <span class='ocrx_word' id='word_1_812' title='bbox 1197 2620 1307 2655; x_wconf 83' lang='lat' dir='ltr'><strong>quando</strong></span> <span class='ocrx_word' id='word_1_813' title='bbox 1324 2629 1421 2648; x_wconf 89' lang='lat' dir='ltr'><strong>rursus</strong></span> <span class='ocrx_word' id='word_1_814' title='bbox 1438 2621 1506 2648; x_wconf 87' lang='lat' dir='ltr'><strong>dicit</strong></span> <span class='ocrx_word' id='word_1_815' title='bbox 1521 2625 1582 2656; x_wconf 87' lang='lat' dir='ltr'><strong>post</strong></span> <span class='ocrx_word' id='word_1_816' title='bbox 1602 2621 1737 2648; x_wconf 89' lang='lat' dir='ltr'><strong>diluvium</strong></span> <span class='ocrx_word' id='word_1_817' title='bbox 1754 2621 1790 2649; x_wconf 86' lang='lat' dir='ltr'><strong>de</strong></span> <span class='ocrx_word' id='word_1_818' title='bbox 1807 2622 1942 2649; x_wconf 76' lang='lat' dir='ltr'><strong>universo</strong></span> 
     </span>
    </p>
   </div>
   <div class='ocr_carea' id='block_1_113' title="bbox 1149 2666 1944 2702">
    <p class='ocr_par' dir='ltr' id='par_1_113' title="bbox 1149 2666 1944 2702">
     <span class='ocr_line' id='line_1_113' title="bbox 1149 2666 1944 2702; baseline 0 -9"><span class='ocrx_word' id='word_1_819' title='bbox 1149 2675 1251 2702; x_wconf 80' lang='lat' dir='ltr'><strong>genere</strong></span> <span class='ocrx_word' id='word_1_820' title='bbox 1265 2667 1386 2694; x_wconf 85' lang='lat' dir='ltr'><strong>humano</strong></span> <span class='ocrx_word' id='word_1_821' title='bbox 1403 2675 1409 2693; x_wconf 90' lang='lat'>:</span> <span class='ocrx_word' id='word_1_822' title='bbox 1426 2666 1563 2702; x_wconf 72' lang='lat' dir='ltr'><strong>Propensa</strong></span> <span class='ocrx_word' id='word_1_823' title='bbox 1580 2671 1618 2694; x_wconf 73' lang='lat' dir='ltr'><strong>est</strong></span> <span class='ocrx_word' id='word_1_824' title='bbox 1633 2667 1759 2702; x_wconf 76' lang='lat' dir='ltr'><strong>cogitatio</strong></span> <span class='ocrx_word' id='word_1_825' title='bbox 1773 2668 1893 2695; x_wconf 69' lang='lat' dir='ltr'><strong>homini:</strong></span> <span class='ocrx_word' id='word_1_826' title='bbox 1911 2668 1944 2695; x_wconf 75' lang='lat' dir='ltr'><strong>ad</strong></span> 
     </span>
    </p>
   </div>
   <div class='ocr_carea' id='block_1_114' title="bbox 1150 2712 1945 2747">
    <p class='ocr_par' dir='ltr' id='par_1_114' title="bbox 1150 2712 1945 2747">
     <span class='ocr_line' id='line_1_114' title="bbox 1150 2712 1945 2747; baseline 0.001 -8"><span class='ocrx_word' id='word_1_827' title='bbox 1150 2712 1223 2739; x_wconf 84' lang='lat' dir='ltr'><strong>mala</strong></span> <span class='ocrx_word' id='word_1_828' title='bbox 1241 2721 1257 2739; x_wconf 86' lang='lat' dir='ltr'><strong>a</strong></span> <span class='ocrx_word' id='word_1_829' title='bbox 1269 2713 1409 2747; x_wconf 79' lang='lat' dir='ltr'><strong>juventute</strong></span> <span class='ocrx_word' id='word_1_830' title='bbox 1426 2721 1476 2740; x_wconf 72' lang='lat' dir='ltr'><strong>sua</strong></span> <span class='ocrx_word' id='word_1_831' title='bbox 1488 2714 1519 2739; x_wconf 80' lang='lat'><strong>&quot;.</strong></span> <span class='ocrx_word' id='word_1_832' title='bbox 1535 2713 1569 2740; x_wconf 90' lang='lat' dir='ltr'><strong>Et</strong></span> <span class='ocrx_word' id='word_1_833' title='bbox 1584 2721 1681 2741; x_wconf 83' lang='lat' dir='ltr'><strong>rursus</strong></span> <span class='ocrx_word' id='word_1_834' title='bbox 1698 2722 1705 2740; x_wconf 90' lang='lat'>:</span> <span class='ocrx_word' id='word_1_835' title='bbox 1724 2714 1808 2741; x_wconf 77' lang='lat' dir='ltr'><strong>Homo</strong></span> <span class='ocrx_word' id='word_1_836' title='bbox 1826 2715 1945 2742; x_wconf 71' lang='lat' dir='ltr'><strong>vanitati</strong></span> 
     </span>
    </p>
   </div>
   <div class='ocr_carea' id='block_1_115' title="bbox 1148 2759 1944 2794">
    <p class='ocr_par' dir='ltr' id='par_1_115' title="bbox 1148 2759 1944 2794">
     <span class='ocr_line' id='line_1_115' title="bbox 1148 2759 1944 2794; baseline 0.001 -9"><span class='ocrx_word' id='word_1_837' title='bbox 1148 2759 1243 2786; x_wconf 68' lang='lat' dir='ltr'><strong>similis</strong></span> <span class='ocrx_word' id='word_1_838' title='bbox 1265 2759 1350 2793; x_wconf 78' lang='lat' dir='ltr'><strong>factus</strong></span> <span class='ocrx_word' id='word_1_839' title='bbox 1372 2764 1409 2786; x_wconf 70' lang='lat' dir='ltr'><strong>est</strong></span> <span class='ocrx_word' id='word_1_840' title='bbox 1423 2759 1457 2786; x_wconf 84' lang='grc'><strong>³³.</strong></span> <span class='ocrx_word' id='word_1_841' title='bbox 1475 2759 1509 2786; x_wconf 86' lang='lat' dir='ltr'><strong>Et</strong></span> <span class='ocrx_word' id='word_1_842' title='bbox 1533 2768 1539 2787; x_wconf 93' lang='lat'>:</span> <span class='ocrx_word' id='word_1_843' title='bbox 1569 2759 1667 2793; x_wconf 84' lang='lat' dir='ltr'><strong>Homo,</strong></span> <span class='ocrx_word' id='word_1_844' title='bbox 1683 2761 1750 2787; x_wconf 77' lang='lat' dir='ltr'><strong>sicut</strong></span> <span class='ocrx_word' id='word_1_845' title='bbox 1774 2759 1868 2794; x_wconf 69' lang='lat' dir='ltr'><strong>fenum</strong></span> <span class='ocrx_word' id='word_1_846' title='bbox 1890 2761 1944 2787; x_wconf 66' lang='lat' dir='ltr'><strong>die:</strong></span> 
     </span>
    </p>
   </div>
   <div class='ocr_carea' id='block_1_116' title="bbox 924 2877 1422 2912">
    <p class='ocr_par' dir='ltr' id='par_1_116' title="bbox 924 2877 1422 2912">
     <span class='ocr_line' id='line_1_116' title="bbox 924 2877 1422 2912; baseline 0.002 -8"><span class='ocrx_word' id='word_1_847' title='bbox 924 2878 945 2894; x_wconf 87' lang='grc'>³²</span> <span class='ocrx_word' id='word_1_848' title='bbox 957 2877 1025 2904; x_wconf 87' lang='lat' dir='ltr'><strong>Gen.</strong></span> <span class='ocrx_word' id='word_1_849' title='bbox 1038 2886 1093 2909; x_wconf 85' lang='lat' dir='ltr'><strong>\‘ltl,</strong></span> <span class='ocrx_word' id='word_1_850' title='bbox 1105 2877 1149 2904; x_wconf 75' lang='lat' dir='ltr'><strong>2t.</strong></span> <span class='ocrx_word' id='word_1_851' title='bbox 1178 2877 1199 2893; x_wconf 78' lang='grc'><strong>³³</strong></span> <span class='ocrx_word' id='word_1_852' title='bbox 1212 2877 1281 2904; x_wconf 78' lang='lat' dir='ltr'><strong>Psal.</strong></span> <span class='ocrx_word' id='word_1_853' title='bbox 1294 2885 1382 2912; x_wconf 86' lang='lat' dir='ltr'><strong>cxun,</strong></span> <span class='ocrx_word' id='word_1_854' title='bbox 1396 2881 1422 2909; x_wconf 77' lang='grc'><strong>4,</strong></span> 
     </span>
    </p>
   </div>
  </div>
