1980 3234
84 221 137 253 933

633 219 672 247 IN
695 218 972 247 HEXAEMERON.
990 230 1023 234 —
1042 218 1115 247 LIB.
1137 218 1186 247 Vl.

1670 219 1723 250 9:33

85 275 138 310 ejus
150 275 183 301 ”.
198 275 233 302 Et
248 284 254 301 :
271 275 342 308 Quid
357 279 394 302 est
408 276 483 302 Immo
497 275 565 311 quod
580 281 687 310 reputas
703 283 762 302 eum
774 275 813 302 “ll?
825 275 856 302 Et
872 283 879 301 τ
897 278 915 305 Α
933 275 1138 309 apostolorum?
1157 274 1196 301 Ne
1218 274 1244 301 hi
1266 274 1377 309 quidem
1400 280 1464 301 sunt
1485 275 1615 303 omnibus
1635 276 1722 303 dom:-

85 322 205 349 Hiuttisli
227 330 288 348 eum
313 322 393 357 paulo
414 322 501 348 minus
522 321 553 348 (1b
575 321 687 356 angelis,
706 325 730 347 et
749 320 835 355 gloria
858 325 881 347 ct

84 369 183 394 honore
200 366 337 393 coronasti
353 375 413 393 eum
425 367 457 393 ³³.
474 366 571 398 Audis,
587 366 721 399 insipiens
735 365 839 396 Juda-e,
854 371 882 392 et

86 419 125 446 tu,
136 413 270 446 Barbare,
280 417 309 440 et
318 412 501 444 Samaritana,
509 412 741 447 quemadmodum
755 412 880 438 universa

86 459 246 486 humanitas
258 464 377 486 vocatur
390 459 485 486 homo.
510 458 610 485 Eadem
625 465 692 492 ergo
706 458 799 492 regula
812 457 883 484 diri—

86 508 158 534 nitas
183 513 297 542 quoque
325 514 396 532 unus
420 506 493 532 Deus
521 509 564 532 est
587 509 615 532 et
641 505 796 539 appellatur
821 513 827 530 :
854 508 882 530 et

86 553 180 585 Israel,
192 560 256 579 cum
271 552 327 579 sint
342 556 478 579 sexcenta:
493 551 637 578 hominum
652 551 799 586 myriades,
811 558 882 577 unus

85 598 167 625 Israel
187 597 293 624 dicitur
311 606 318 623 :
338 602 365 624 ct
380 597 519 632 Assyrius,
534 596 674 631 totagcns
695 596 721 623 in
743 604 796 623 una
818 604 881 630 per-

85 652 151 671 sona
176 644 283 671 dicitur
303 653 309 670 2
329 643 467 678 quomodo
487 648 515 669 et
532 643 616 670 Persa
633 647 661 670 et
679 643 881 678 llyperbortcus

85 696 111 718 et
127 691 243 725 reliqua:
260 695 367 725 gentes,
382 697 445 716 cum
462 689 518 716 sint
535 689 562 716 in
581 689 708 723 personis
723 689 882 715 innumera-

86 737 199 764 bilibus.
217 738 244 763 in
271 745 325 763 una
347 743 465 770 persona
487 735 651 770 appellatur.
667 735 734 762 Cum
755 735 827 762 Deus
846 735 881 762 de

85 782 166 809 nobis
188 782 358 809 Christianis
380 782 485 816 aliquid
513 782 611 808 melius
635 782 817 816 prospexerit,
839 783 880 809 vel

85 829 189 863 potius,
206 832 236 854 ut
259 828 469 863 praetermittam
494 828 595 854 multas
619 827 798 862 probationes
820 835 881 862 qua:

86 874 157 900 liunt
174 881 224 907 per
241 874 411 904 testimonia,
426 882 457 900 ex
476 874 529 900 hoc
547 873 607 908 ipso
622 874 708 900 verbo
725 873 799 908 quod
818 881 882 908 pro-

86 920 136 947 bro
153 919 279 947 alliciunt
304 920 390 947 .ludiei
409 920 589 954 probabimus
605 920 631 947 id
647 920 719 955 quod
737 920 878 947 tradimus.

84 966 158 993 Dixit
174 966 248 992 enim
269 975 275 992 :
295 965 329 992 Et
346 966 411 992 dixit
431 966 509 997 Deus,
524 965 587 992 vide
604 966 743 1000 singulare
762 975 767 992 :
786 965 881 992 Facia-

86 1021 143 1039 mus
161 1020 170 1038 :
186 1012 248 1039 vide
265 1011 348 1039 etiam
369 1012 489 1046 plurale,
506 1016 534 1038 et
550 1011 616 1038 illud
632 1012 743 1046 quidem
760 1011 880 1038 attribue

86 1058 198 1084 omnino
212 1063 328 1088 natoue,
340 1057 394 1084 hoc
407 1061 500 1084 autem
515 1057 652 1091 petsonis,
665 1062 758 1084 etnon
773 1062 878 1084 contra.

85 1103 113 1131 Si
134 1104 208 1131 eniti)
229 1109 336 1130 natura:
355 1103 507 1130 absurdum
531 1112 537 1129 ς
563 1103 606 1129 sin
626 1107 719 1130 autem
743 1102 879 1137 personis,

86 1150 155 1176 nihil
173 1154 215 1176 est
239 1157 334 1183 grave.
353 1149 421 1175 Vide
437 1149 511 1175 cnim
529 1149 556 1175 in
576 1147 773 1175 innumerabili
792 1148 881 1174 homi-

87 1203 151 1223 num
177 1195 357 1222 multitudine
380 1202 441 1222 csse
463 1202 545 1221 unam
571 1199 707 1221 naturam.
732 1194 794 1220 Ilaec
818 1201 879 1220 cum

84 1243 137 1276 jam
156 1241 313 1268 dixerimus
330 1242 358 1267 in
378 1240 500 1268 secundo
518 1240 591 1267 libro
610 1241 743 1267 adversus
759 1239 878 1271 Judmos,

85 1296 117 1315 ea
132 1296 186 1314 non
204 1292 320 1322 propter
331 1287 450 1322 aliquam
468 1287 512 1314 hic
527 1294 637 1321 quoque
653 1286 795 1320 posuimus
810 1285 880 1312 obli—

87 1334 207 1361 vionem.
231 1333 347 1361 Gratum
370 1333 444 1360 enim
469 1336 554 1364 esset,
573 1332 594 1359 si
621 1332 678 1359 fieri
702 1336 804 1366 posset,
823 1332 880 1359 lucc

88 1380 150 1415 poni
169 1378 196 1407 in
215 1379 284 1407 loris
301 1384 328 1406 ct
346 1378 373 1405 in
388 1379 517 1414 corripitis
537 1386 567 1406 ac
590 1379 690 1410 triviis,
702 1379 737 1405 ad
757 1378 879 1404 ﬁdelium

87 1426 272 1461 cognitionem
296 1428 325 1452 et
351 1425 578 1459 intelligentiam,
604 1425 761 1452 Judzeorum
789 1429 879 1451 autem

87 1471 223 1506 pudorem
244 1474 272 1497 ct
289 1469 518 1500 confutationem,
536 1470 643 1504 linguas
666 1477 739 1501 suas,
757 1473 787 1495 ut
806 1469 882 1503 prius

88 1516 350 1550 dixiLinoventiuIn
369 1515 503 1543 adversus
523 1515 663 1542 Christum
684 1519 712 1542 ct
730 1523 806 1542 suam
829 1515 881 1542 Ec-

80 1562 210 1589 ,clcsiam.

122 1608 262 1636 Friciumus
280 1610 412 1636 hominem
429 1608 463 1635 ad
479 1608 623 1643 imaginem
642 1611 666 1632 et
681 1607 879 1633 similitudinem
895 1613 916 1641 ο

88 1660 215 1686 nostrum,
232 1656 341 1690 imperet
363 1655 476 1690 piscibus
496 1654 589 1685 muris,
604 1657 627 1678 et
647 1652 794 1680 volucribus
814 1652 879 1684 mli,

89 1706 112 1727 et
125 1701 268 1735 jumentis,
286 1705 310 1727 et
325 1702 454 1728 universa!
472 1705 559 1730 lcrrw,
573 1703 596 1724 et
612 1699 730 1724 omnibus
748 1698 881 1734 reptilibns

90 1747 237 1781 repentibus
252 1755 334 1784 supra
350 1753 460 1773 terram.
475 1746 530 1772 Nos
544 1745 655 1780 quidem
670 1744 735 1771 facit
749 1744 882 1779 pigriorts

89 1792 120 1818 ad
138 1793 235 1820 eadem
253 1801 350 1819 rursus
367 1791 483 1819 dicenda
502 1790 575 1824 quod
593 1798 624 1817 ea
640 1789 706 1816 alibi
723 1789 882 1824 expOsueri-

90 1847 157 1866 mus.
185 1839 270 1866 Miror
290 1843 383 1866 autem
407 1839 435 1865 in
458 1838 604 1873 prmscntia
629 1845 677 1864 eos
701 1837 747 1871 qui
773 1835 799 1862 in
825 1836 881 1863 sola

89 1889 250 1912 manserunt
268 1886 370 1917 littera,
386 1889 414 1912 et
431 1884 559 1911 dixerunt
576 1883 746 1917 corporalem
766 1881 881 1916 piscium

87 1936 114 1958 et
127 1932 272 1959 \oluerum
290 1936 318 1958 et
335 1930 486 1957 bestiarum
504 1929 627 1955 omnium
644 1928 835 1954 auctoritatem
853 1931 882 1954 et

86 1977 272 2007 dominatum,
289 1984 349 2003 esse
370 1975 450 2006 illud,
468 1975 502 2002 ad
525 1975 667 2009 inuigiuem
688 1978 713 2000 et
730 1973 882 2000 similitudi-

88 2030 158 2054 nem,
175 2022 222 2049 Dei
244 2022 271 2048 in
288 2021 411 2048 homine.
430 2021 523 2054 Neque
541 2019 614 2046 enim
634 2018 790 2046 invenimus
807 2018 880 2053 quod

88 2069 142 2103 ipse
157 2068 347 2103 protoplastus
360 2067 519 2095 dominatus
532 2066 569 2092 sit
581 2065 707 2100 piscibus
720 2065 816 2096 maris;
833 2064 880 2091 sed

87 2121 135 2140 nec
160 2114 236 2141 ullus
262 2114 335 2140 alius
357 2121 391 2140 ex
414 2113 497 2148 justis
523 2112 569 2147 qui
594 2111 708 2138 luerunt
730 2118 744 2136 a
768 2109 878 2136 saeculo.

86 2160 264 2187 Dominatum
282 2160 354 2191 dico,
369 2167 424 2186 nori
442 2167 505 2186 eum
523 2158 569 2193 qui
588 2157 716 2184 consistit
732 2164 780 2191 per
796 2155 880 2182 artill-

85 2206 187 2233 ciosam
204 2206 326 2240 aliquam
341 2205 583 2240 excogitationem,
598 2204 837 2235 instrumentaque
853 2205 880 2227 et

85 2253 176 2279 studia
195 2252 350 2283 venatoria,
367 2256 396 2278 ut
416 2250 582 2286 quibusdam
602 2249 691 2275 visum
713 2253 754 2275 est
775 2247 877 2278 dicere,

933 321 1001 347 nati.
1020 321 1053 347 Et
1074 321 1149 355 quod
1172 321 1272 348 Petrus
1294 321 1406 356 quidem
1429 330 1483 348 non
1509 323 1543 348 sit
1566 323 1722 351 dominatus

933 367 1062 393 omnibus
1079 367 1190 401 piscibus
1207 368 1304 398 maris,
1320 367 1382 394 audi
1401 375 1463 393 eum
1480 367 1617 394 dicentem
1634 377 1658 394 ei
1675 377 1722 404 qui

932 415 974 438 est
988 419 1050 438 \‘ere
1066 411 1225 438 dominatus
1239 416 1267 438 et
1280 412 1413 446 piscibus,
1429 417 1455 439 et
1471 413 1550 444 mari,
1563 418 1591 440 et
1605 414 1722 441 volnerh

932 457 984 485 bus
1006 458 1067 485 ρωΙί
1091 466 1122 485 ac
1143 458 1248 485 ratione
1273 459 1406 493 przeditis,
1423 463 1451 485 et
1474 459 1609 486 unirusze
1632 465 1721 490 terrae.

925 512 1031 538 .ncrnpe
1046 505 1110 531 Jesu
1127 514 1133 531 :
1149 504 1200 531 Per
1211 510 1293 531 totum
1309 510 1410 531 noctem
1426 505 1484 540 (per
1496 505 1639 532 .ludaieum
1654 507 1722 533 forte

932 550 1055 585 cultum)
1079 550 1231 578 laborantes
1254 550 1320 577 nihil
1342 551 1472 585 cepimus,
1491 556 1599 586 proptsr
1618 552 1722 578 verbum

933 601 1020 623 autem
1047 601 1121 623 tuum
1149 598 1262 632 (nempe
1286 596 1367 623 (idem
1393 597 1419 623 in
1447 598 1486 631 te)
1515 597 1610 624 laxubo
1636 597 1690 624 rZ'le
1701 598 1722 613 ³⁷

932 641 1073 676 Evangelii
1103 641 1130 668 in
1160 649 1236 668 mare
1265 640 1361 667 mundi
1390 640 1524 674 gentium.
1552 641 1589 668 De
1618 641 1722 669 Joanne

932 692 1035 718 autem,
1050 687 1073 714 is
1088 687 1135 722 qui
1152 691 1194 714 est
1207 686 1330 722 ejusdem
1346 687 1425 721 cujus
1441 686 1498 721 ipse
1512 687 1643 720 nominis,
1656 688 1723 715 dicit

933 732 960 759 in
982 733 1131 768 Evangelio
1152 733 1305 760 secundum
1323 733 1466 765 Joannem,
1482 733 1599 760 Joannes
1619 735 1722 769 quidem

933 778 1037 805 nullum
1051 779 1157 813 signum
1170 771 1239 813 fecit.
1250 779 1394 812 Quomodo
1408 787 1474 814 ergo
1487 780 1532 814 qui
1546 781 1654 815 signum
1668 789 1722 809 non

932 821 1012 854 fecit,
1032 828 1058 849 et
1080 823 1178 850 Petrus
1197 824 1243 858 qui
1266 831 1320 850 non
1341 827 1383 850 est
1405 824 1564 852 dominatus
1584 826 1722 859 piscibus,

932 868 987 895 dici
1004 872 1094 902 potest
1110 869 1145 895 ad
1161 870 1303 903 imaginem
1322 874 1346 895 et
1361 869 1560 897 similitudinem
1577 871 1639 898 Dei?
1655 872 1722 899 Nam

932 913 978 947 qui
994 913 1152 939 dominatur
1167 913 1334 940 animalibus
1348 919 1376 941 et
1389 915 1513 949 piscibus
1525 920 1553 942 et
1566 917 1724 945 volucribus

932 959 1010 994 jussu
1029 959 1088 991 Dei,
1105 959 1173 986 dicit
1190 959 1263 985 leoni
1279 968 1285 985 :
1299 959 1378 990 chi,
1397 964 1425 986 et
1442 961 1535 993 venit;
1555 966 1583 989 et
1599 963 1695 996 aquila‘
1715 972 1721 989 :

932 1004 1090 1039 ingredere,
1106 1010 1133 1031 et
1144 1005 1316 1039 ingreditur;
1330 1010 1357 1031 et
1369 1005 1437 1039 pisci
1452 1015 1458 1032 :
1473 1006 1682 1042 Appropinqua,
1697 1014 1724 1035 cl,

933 1049 1042 1082 olzedit;
1058 1054 1084 1077 et
1097 1050 1228 1077 draconi:
1245 1050 1357 1081 Pereas,
1374 1056 1402 1077 et
1414 1051 1506 1078 statim
1521 1053 1649 1087 exspirat.
1667 1053 1722 1080 Ad-

934 1099 1008 1122 rertc
1023 1101 1113 1122 autem
1136 1096 1209 1130 quod
1224 1104 1278 1122 non
1295 1097 1384 1123 solum
1399 1097 1514 1131 piscium
1530 1102 1558 1124 et
1570 1099 1722 1126 bestiarum

931 1145 957 1166 et
971 1141 1109 1175 reptillum
1123 1141 1273 1169 dominium
1288 1142 1364 1170 dedit
1375 1144 1447 1171 Deus
1458 1144 1563 1172 homini
1577 1146 1623 1180 qui
1636 1146 1724 1174 lactus

931 1191 974 1213 est
991 1187 1024 1213 ad
1038 1188 1182 1222 imaginem
1196 1192 1220 1214 et
1233 1189 1434 1216 similitudinem
1451 1191 1508 1222 Dei,
1524 1192 1571 1218 sed
1587 1192 1724 1220 universa:

933 1236 1022 1259 terrae.
1051 1233 1128 1260 Unde
1159 1234 1242 1260 etiam
1274 1235 1408 1269 scriptum
1440 1240 1481 1263 est
1510 1245 1558 1264 eos
1588 1238 1723 1272 imperare

931 1278 1022 1312 pisrib:
1032 1287 1043 1304 δ
1057 1279 1149 1309 maris,
1164 1284 1187 1305 et
1201 1279 1347 1306 rolucribus
1362 1281 1419 1307 rreli
1434 1283 1555 1308 secundo
1569 1283 1682 1316 ordine;
1696 1289 1724 1312 (ι

932 1326 1031 1353 deinde
1053 1327 1136 1362 885
1158 1327 1209 1360 sic,
1228 1327 1332 1359 Bustiis,
1351 1333 1374 1354 et
1393 1329 1532 1364 junwntis,
1551 1335 1575 1356 et
1597 1331 1725 1358 univerm

933 1377 1009 1398 terra:
1024 1381 1032 1399 :
1045 1372 1096 1399 hoc
1110 1377 1162 1404 est,
1175 1373 1305 1401 omnibus
1317 1383 1377 1409 quae
1391 1379 1456 1402 sunt
1467 1381 1494 1402 et
1507 1375 1631 1403 habitant
1643 1385 1725 1412 super

933 1423 1049 1450 terram;
1078 1427 1176 1454 nempe
1206 1420 1364 1448 hominibus
1391 1426 1419 1448 et
1440 1422 1580 1456 gentibus.
1605 1423 1633 1449 Si
1659 1431 1724 1457 ergo

931 1465 1024 1491 onmia
1047 1465 1165 1500 subjecit
1187 1466 1237 1493 sub
1258 1467 1376 1501 pedibus
1397 1467 1457 1502 ejus
1475 1468 1523 1502 qui
1544 1473 1585 1495 est
1606 1477 1669 1496 vere
1689 1471 1723 1496 ad

932 1510 1080 1545 imaginem
1103 1511 1161 1543 Dei,
1179 1517 1222 1539 cst
1246 1513 1424 1547 perspicuum
1450 1514 1523 1548 quod
1541 1515 1563 1541 is
1586 1515 1668 1541 homo
1683 1521 1725 1543 est

932 1555 1062 1585 dominus,
1088 1557 1211 1583 omnium
1239 1566 1301 1592 qum
1329 1563 1394 1584 sunt
1423 1558 1449 1585 in
1476 1559 1593 1591 mundo,
1618 1565 1648 1587 ut
1676 1562 1723 1595 qui

933 1600 1031 1628 haheat
1047 1601 1098 1628 sub
1116 1602 1232 1636 pedibus
1249 1602 1369 1629 hominis
1388 1608 1515 1638 tauquam
1539 1605 1674 1640 mancipia
1696 1610 1724 1632 et

933 1653 1039 1673 servos.
1056 1647 1104 1673 Die
1130 1647 1195 1674 mihi
1218 1655 1284 1683 ergo
1306 1649 1445 1683 quomodo
1471 1650 1574 1683 Moses,
1593 1652 1639 1685 qui
1665 1657 1725 1679 erat

934 1693 995 1720 talis
1007 1699 1035 1720 et
1049 1698 1150 1725 tantus,
1164 1702 1219 1721 non
1233 1699 1293 1722 erat
1305 1696 1339 1722 ad
1354 1696 1497 1731 imaginem
1513 1697 1561 1724 Dei
1578 1707 1583 1724 :
1599 1698 1723 1733 Fuyirbizt

932 1739 1006 1765 enim
1024 1749 1038 1766 α
1055 1740 1121 1775 facie
1136 1740 1294 1768 Pharaonis.
1308 1741 1451 1774 Quomodo
1464 1743 1538 1770 Elias
1553 1745 1599 1779 qui
1616 1754 1724 1772 assum—

933 1789 997 1818 ptus
1017 1785 1068 1811 l'uit
1090 1786 1115 1812 in
1137 1794 1220 1812 curru
1243 1786 1340 1821 igneo,
1358 1788 1454 1822 procul
1474 1788 1523 1815 fuit
1541 1790 1691 1817 ahsconsus
1709 1799 1723 1818 a

932 1829 1002 1856 facie
1016 1830 1142 1857 chabcl‘?
1156 1830 1299 1864 Quomodo
1313 1840 1408 1859 oumcs
1422 1833 1478 1860 fere
1494 1834 1644 1868 prophetia,
1656 1836 1722 1869 justi

932 1880 959 1902 et
969 1876 1097 1910 apostoli,
1115 1876 1148 1903 ab
1163 1877 1311 1911 impiorum
1328 1878 1455 1905 manibus
1467 1885 1531 1906 sunt
1547 1879 1722 1915 interempti;

932 1929 987 1948 non
1016 1923 1069 1949 hoc
1100 1923 1227 1957 passuri,
1250 1923 1272 1949 si
1304 1923 1436 1950 dominati
1468 1930 1560 1952 essent
1589 1927 1724 1955 universa

933 1971 1028 2000 terrae,
1045 1973 1073 1995 et
1092 1969 1114 1995 si
1136 1969 1300 2003 subjeeisset
1318 1971 1408 1996 omnia
1430 1971 1476 1996 sub
1496 1972 1603 2005 pedibus
1622 1973 1677 2007 ejus
1690 1974 1721 2000 ³³.

931 2013 1000 2040 Cum
1017 2014 1050 2040 de
1066 2014 1118 2040 hoc
1134 2013 1208 2041 dicto
1226 2018 1300 2040 tanta
1316 2020 1388 2042 esset
1403 2020 1430 2042 et
1456 2020 1508 2042 tam
1526 2018 1653 2051 perplexa
1670 2018 1723 2045 (ιιι-

931 2058 1042 2091 bitatio,
1064 2068 1141 2086 suam
1159 2060 1191 2087 ad
1209 2060 1338 2088 llcbra'os
1357 2062 1507 2096 Epistulam
1527 2063 1628 2094 ferens,
1650 2064 1723 2090 illico

931 2105 1018 2131 astitit
1039 2105 1140 2132 Paulus
1167 2110 1254 2140 mysta
1278 2113 1441 2132 arcanorum
1468 2106 1666 2140 ineil'abilium;
1695 2108 1722 2134 in

930 2158 1012 2185 quam
1030 2159 1080 2178 nos
1099 2151 1238 2178 intuentes
1255 2151 1382 2178 liberavit
1397 2151 1431 2178 ab
1449 2152 1565 2178 obscura
1583 2157 1610 2178 ct
1626 2153 1721 2180 admo‘

930 2195 995 2222 dum
1017 2197 1151 2231 profunda
1172 2196 1361 2225 dubitatione.
1381 2196 1477 2223 dicens
1497 2196 1638 2224 Christum
1662 2206 1722 2225 esse

931 2241 1076 2276 imaginem
1105 2242 1150 2268 Dei
1176 2241 1339 2273 invisibilis,
1364 2246 1391 2268 ct
1417 2242 1506 2276 ipsum
1533 2242 1670 2277 imperare
1695 2249 1723 2271 rt

84 2305 116 2324 ex
129 2298 234 2333 quibus
248 2303 291 2324 est
304 2297 498 2324 Gabaleothcs.
513 2296 560 2323 Illa
576 2297 649 2321 enim
665 2292 707 2321 cst
722 2302 775 2320 non
791 2294 879 2320 domi-

931 2287 1065 2314 dominari
1087 2287 1215 2313 omnibus
1238 2292 1366 2321 tanquam
1388 2287 1524 2314 lum-edem
1545 2289 1679 2320 omnium,
1695 2294 1723 2316 et

84 2350 177 2375 natus,
192 2343 241 2371 sed
259 2343 395 2370 calliditas
411 2347 439 2369 et
455 2342 546 2369 dolus.
562 2341 621 2368 Non
638 2341 710 2368 enim
729 2341 775 2375 qui
791 2341 881 2367 domi-

84 2395 167 2416 natur
181 2388 279 2420 alicui,
293 2393 320 2415 et
337 2388 455 2415 maxime
470 2388 548 2422 jussu
566 2387 627 2418 Dei,
641 2386 800 2413 dominatur
815 2394 878 2413 cum

84 2434 179 2461 subtili
198 2433 300 2461 mentis
315 2433 529 2468 excogitatione,
542 2433 590 2459 sed
607 2435 702 2466 aperte
720 2431 880 2458 dominatur

84 2489 146 2508 cum
166 2484 303 2515 potestate
321 2483 348 2506 et
365 2479 540 2506 auctoritate.
557 2478 634 2511 Quod
654 2478 688 2511 si,
705 2482 734 2504 ut
749 2482 791 2504 est
806 2479 879 2505 veri-

83 2528 185 2559 simile,
198 2527 285 2562 aliqui
299 2526 390 2554 adhuc
405 2526 489 2553 invidi
506 2525 711 2556 contradicunt,
722 2533 754 2552 ex
771 2525 881 2552 duobus

83 2573 189 2600 sanctis
213 2572 347 2600 Ecclesia:
375 2572 507 2604 summis,
530 2571 590 2607 ejus
614 2572 688 2606 quod
714 2571 777 2598 dico
800 2571 880 2598 tidem

83 2619 195 2647 faciant.
214 2619 304 2646 Velim
328 2624 431 2647 autem,
451 2618 500 2645 tibi
521 2625 629 2649 rursus,
647 2625 663 2643 o
685 2616 790 2648 Iudaee,
807 2617 880 2649 dico,

83 2665 184 2694 \elim,
204 2664 332 2698 inquam,
353 2669 378 2690 te
402 2664 494 2690 dicere
516 2671 550 2690 an
579 2663 663 2689 fuerit
685 2662 785 2696 aliquis
810 2661 882 2689 inter

84 2711 214 2738 homines
230 2710 265 2737 ad
282 2710 330 2737 Dei
350 2710 496 2744 imaginem
526 2714 554 2736 et
581 2709 802 2736 similitudinem.
820 2708 881 2735 Isne

82 2762 124 2783 est
149 2763 230 2783 sacer
254 2755 300 2782 ille
322 2763 477 2790 priecursor
499 2755 631 2787 Joannes,
654 2753 700 2789 qui
726 2757 767 2780 est
794 2754 882 2789 major

82 2802 216 2829 omnibus
233 2803 303 2828 inter
319 2805 396 2828 natos
414 2801 576 2827 mulierum?
590 2807 623 2826 an
641 2799 768 2826 similiter
783 2799 882 2826 Petrus

82 2846 128 2874 ille
155 2853 283 2873 summus
307 2850 335 2873 et
362 2845 574 2880 antiquissimus
599 2848 694 2871 vertex
721 2847 878 2871 sanctorum

642 2944 663 2959 π
675 2943 742 2970 ibid.
755 2943 780 2970 6.

119 2940 140 2955 "
154 2943 226 2971 l'sal.
240 2951 284 2975 cu,
299 2942 342 2970 15.
383 2945 404 2959 ³⁵
418 2944 489 2971 Psal.
502 2952 557 2976 vui,

821 2943 842 2957 ⁵⁷
854 2942 921 2969 Luc.
933 2951 959 2974 γ,

928 2334 954 2360 ci
975 2333 1099 2367 subjecta
1120 2340 1180 2360 esse
1202 2333 1294 2359 omnia
1318 2334 1428 2368 (plallt‘t‘
1448 2334 1544 2366 Deum,
1560 2335 1681 2369 inquam,
1696 2340 1724 2363 ct

930 2379 1063 2414 Patrem),
1074 2384 1101 2405 et
1114 2379 1139 2406 ei
1155 2387 1226 2413 genu
1240 2379 1351 2407 ﬂectere
1365 2381 1488 2407 coelestia
1498 2386 1524 2407 ct
1539 2382 1680 2408 terrestria
1695 2386 1723 2409 ct

931 2425 1123 2452 subterranea.
1138 2424 1196 2452 Hoc
1216 2430 1258 2452 est
1276 2426 1352 2453 enim
1373 2426 1510 2461 imperare
1532 2427 1599 2462 ipsis
1617 2428 1723 2455 ratione

930 2470 1054 2504 prieditis
1078 2469 1204 2505 piscibus
1230 2471 1332 2503 maris,
1359 2474 1388 2497 et
1415 2471 1634 2506 intelligentibus
1661 2472 1723 2499 cmli

930 2515 1103 2548 volucribus,
1117 2519 1145 2542 et
1162 2515 1322 2542 hominibus
1342 2515 1389 2551 qui
1411 2520 1476 2542 sunt
1492 2516 1579 2543 instar
1593 2524 1723 2550 pecorum

931 2566 959 2589 et
979 2562 1186 2597 jumentorum,
1204 2565 1232 2588 et
1257 2561 1393 2589 universa
1418 2566 1509 2589 terrm.
1528 2562 1610 2590 Ponit
1632 2567 1723 2589 autem

931 2607 1047 2642 piscium
1060 2607 1274 2642 subjectionem,
1291 2606 1421 2641 quoniam
1439 2612 1502 2635 ante
1521 2615 1618 2635 omnes
1633 2608 1724 2635 domi-

931 2658 1012 2680 natus
1026 2658 1069 2680 est
1083 2653 1117 2681 iis
1131 2653 1178 2688 qui
1194 2661 1244 2688 per
1257 2661 1356 2688 aquam
1373 2657 1401 2680 et
1413 2654 1542 2689 spiritum
1559 2661 1725 2688 regenerati-

933 2704 992 2731 tur,
1016 2707 1116 2734 nempe
1138 2699 1219 2726 nobis
1240 2700 1384 2734 gentibus,
1406 2705 1434 2727 et
1461 2700 1515 2727 illis
1536 2700 1582 2734 qui
1603 2703 1669 2726 sunt
1696 2700 1723 2725 in

931 2746 1030 2782 abysso
1048 2746 1199 2773 inferorum
1219 2746 1246 2772 in
1264 2747 1392 2774 obscuris
1409 2751 1437 2774 et
1455 2747 1481 2773 in
1502 2746 1597 2773 umbra
1615 2746 1721 2772 mortis.

931 2793 1036 2820 Deinde
1056 2792 1192 2820 secundas
1211 2792 1280 2819 dicit
1298 2793 1426 2820 volucres
1446 2792 1519 2824 cmli,
1537 2791 1724 2825 intelligentes

931 2840 1086 2867 Potestates
1102 2840 1134 2867 de
1150 2840 1252 2874 quibus
1266 2839 1333 2866 dicit
1350 2838 1487 2874 :Cognovi
1502 2845 1591 2864 omnes
1606 2835 1724 2864 uolucres

1041 2943 1062 2958 ἐ
1077 2942 1145 2969 Γιτιι.
1159 2949 1212 2972 \‘lll,
1226 2941 1255 2973 8;
1272 2939 1357 2967 llebr.
1379 2947 1398 2971 ι,
1412 2938 1438 2966 8.
