1980 3259
273 277 373 305 ctuti”.
391 276 410 303 Α
436 281 508 304 terra
529 275 602 303 enim
628 282 689 303 cum
713 283 797 303 carne
819 276 992 309 ascendens,
1015 276 1067 303 fuit
1084 282 1103 307 Λ

271 325 401 359 cognitus
413 328 442 350 et
454 327 620 357 conspectus
633 330 648 349 a
660 322 865 357 Principatibus
878 327 904 349 et
919 323 1067 350 Potestati-

271 369 323 396 bus
338 376 386 403 per
401 367 565 395 Ecclesium.
578 366 691 399 Quando
704 372 796 394 autem
810 368 918 393 intrarit
932 367 1066 402 plenitudo

270 414 399 448 gentium,
415 411 588 446 subjicientur
598 411 620 426 ⁸⁸
635 412 749 438 omnino
770 411 874 438 Christi
896 412 1020 438 dominio
1039 417 1067 439 ct.

267 460 393 494 juntenta
425 458 486 490 illa,
503 462 532 484 ct
561 458 656 485 bestia:
685 465 700 484 e
729 463 804 485 terra
828 459 927 493 genitae
955 463 984 486 et
1006 459 1067 494 ejus

270 509 404 539 cegnatm,
418 511 518 538 nempe
528 503 625 535 lsrael,
642 502 676 530 de
693 511 749 538 quo
767 503 877 531 dicebat
893 513 898 530 :
915 503 989 530 Alias
1009 513 1066 531 oves

272 551 352 578 habeo
368 559 426 586 (μίαν
443 559 495 577 non
511 555 572 576 sunt
590 552 621 576 de
638 551 685 576 hoc
702 550 774 582 ovili,
791 555 814 576 et
831 550 893 576 illa:
908 558 949 577 me
966 555 1066 586 oportet

271 597 412 629 adducere,
427 601 452 623 et
467 605 553 623 vocet»
568 605 655 623 nteant
672 597 794 629 audient;
809 601 833 623 et
846 596 892 630 ﬁet
907 605 975 623 unus
990 604 1064 631 grex,

270 652 339 670 unus
357 649 448 678 pastor
460 643 491 670 δι.
506 643 539 670 Ει
554 643 595 670 sic
611 643 637 670 in
654 642 765 670 Christo
780 643 901 674 eveniet,
917 648 946 670 et
963 642 1066 669 intelli-

270 693 350 723 getur
365 689 399 715 de
418 689 479 723 ipso
495 694 523 715 et
538 689 571 715 de
589 689 649 723 ejus
665 689 781 723 conjuge
798 688 933 720 Ecclesia,
950 689 977 716 id
992 689 1066 723 quod

270 741 284 759 a
300 733 357 760 Deo
371 734 518 761 dicebatur
533 734 565 761 de
580 733 690 760 duobus
707 743 713 760 :
729 734 865 768 Imperant
878 735 990 769 piscibus
1007 743 1065 762 ma-

271 779 317 812 ris,
329 784 353 806 et
368 780 516 807 volucribus
529 780 598 812 arti,
611 785 635 806 et
645 780 785 815 jumentis,
799 784 823 805 et
836 781 965 807 universw
976 785 1064 812 terrw,

268 840 304 845 --
318 835 333 852 ιι
350 826 419 853 mari
435 834 515 861 usque
529 826 563 852 ad
580 833 664 858 mare,
678 830 703 851 et
719 833 734 852 a
748 825 834 860 ﬂuuiis
850 833 932 860 usque
949 826 984 852 ad
999 825 1065 860 ﬁnes

269 872 338 898 orbis
352 877 430 899 terra:
443 872 474 899 ".

303 917 434 946 Carnales
448 923 540 945 autem
564 918 612 953 qui
641 917 814 952 corporalem
833 918 955 945 hominis
984 924 1064 954 pote-

270 969 368 991 statem
386 964 545 998 intelligunt
561 964 594 990 de
614 963 774 990 carnalibus
799 964 924 998 piscibus
940 968 968 991 et
989 964 1065 991 volu-
1083 957 1102 984 Β

269 1009 375 1041 cribus,
389 1014 417 1037 et
431 1010 561 1036 omnibus
577 1009 722 1044 jumentis,
744 1013 771 1036 et
785 1009 894 1041 bestiis,
912 1013 940 1036 et
958 1009 1065 1044 reptili-

269 1056 331 1088 bus,
349 1061 377 1084 et
391 1056 521 1082 omnibus
533 1064 594 1090 qua:
607 1059 673 1082 sunt
690 1063 775 1090 supra
792 1060 915 1088 terram,
934 1063 990 1082 non
1015 1063 1066 1090 ρο,

269 1106 364 1129 terunt
394 1102 476 1129 nobis
502 1101 651 1129 ostendere
676 1101 763 1128 ullum
791 1101 943 1133 hominem,
963 1106 1064 1136 praeter

267 1148 419 1181 Christum,
436 1149 484 1183 qui
500 1149 537 1176 sit
550 1149 583 1175 ad
603 1148 750 1183 imaginem
780 1147 840 1175 Dei.
864 1147 964 1175 Nullus
988 1149 1063 1175 enim

267 1201 301 1221 ex
318 1194 351 1221 iis
365 1195 412 1228 qui
428 1202 443 1221 a
456 1194 558 1221 saeculo
575 1194 633 1220 nati
647 1197 712 1220 sunt
724 1200 790 1227 (non
808 1193 872 1220 dico
888 1200 923 1220 ex
940 1193 1062 1227 regibus,

267 1241 314 1267 sed
333 1247 386 1268 nec
397 1248 431 1267 ex
442 1240 538 1275 justis)
556 1245 599 1267 est
623 1239 796 1271 dominatus,
821 1244 960 1274 potestate
975 1239 1063 1274 impe-

267 1286 339 1312 rium
360 1285 492 1316 habente.
508 1285 639 1312 omnibus
656 1293 718 1320 qua:
732 1290 797 1312 sunt
809 1293 894 1320 super
908 1289 1019 1317 terram,
1036 1290 1064 1312 et

267 1331 336 1358 mari
350 1331 478 1362 ;etiamsi
490 1330 608 1358 faciendi
620 1330 764 1362 miracula,
774 1331 1018 1366 perspiciendique
1031 1339 1064 1359 ac

266 1377 436 1412 przedicendi
455 1377 617 1412 prophetica
634 1376 748 1404 omnino
764 1381 837 1404 esset
854 1377 988 1412 praaditus
1001 1386 1060 1414 gra-

266 1423 315 1451 tia.
332 1423 469 1458 Caeterum
490 1431 545 1450 non
572 1423 599 1450 in
627 1423 773 1458 ejiciendis
785 1423 941 1455 dazmoniis,
959 1432 1011 1452 nec
1035 1425 1064 1452 in

265 1469 352 1505 signis
365 1469 501 1497 faciendis
518 1469 652 1496 Dominus
668 1469 766 1496 delinit
783 1470 986 1505 perfectioriem
1014 1470 1064 1497 h0-

266 1515 349 1541 utinis
364 1514 411 1549 qui
424 1519 466 1541 est
478 1514 512 1541 ad
535 1514 583 1541 Dei
597 1514 741 1548 imaginem
759 1518 784 1540 et
801 1513 1015 1547 similitudinem,
1034 1518 1064 1542 ut

265 1561 377 1597 quando
391 1561 457 1588 dicit
473 1570 479 1587 :
497 1561 590 1588 Dicent
603 1561 668 1587 mihi
680 1563 707 1587 in
721 1560 772 1587 illa
788 1561 830 1587 die
846 1569 855 1588 .'
872 1560 995 1593 Domine,
1012 1570 1063 1588 an-

267 1616 320 1634 non
338 1608 364 1634 in
375 1613 419 1634 luo
435 1608 541 1634 nomine
554 1606 653 1634 multas
669 1608 781 1634 virtutes
795 1607 928 1642 fecimus?
945 1607 1062 1634 etdicam

264 1653 301 1679 eis
319 1661 328 1679 ;
356 1652 440 1679 Amen
470 1652 527 1678 dico
563 1651 634 1678 vobis
653 1673 660 1684 ,
699 1659 752 1693 non
777 1651 838 1678 novi
866 1660 910 1678 vos
926 1652 959 1679 “.
994 1651 1059 1684 Sed,

264 1699 389 1735 Diligite,
410 1699 518 1733 inquit,
537 1699 658 1725 inimicos
683 1703 793 1730 vestros,
822 1703 846 1725 et
862 1699 1003 1725 benedicite
1028 1699 1060 1726 iis

265 1746 310 1781 qui
330 1753 375 1772 vos
393 1750 584 1776 exsecrantur;
605 1745 749 1779 benefacite
768 1745 800 1770 iis
820 1743 865 1779 qui
880 1744 991 1770 oderunt
1004 1752 1058 1776 vos,

265 1797 288 1818 et
306 1795 383 1818 orate
399 1799 446 1826 pro
462 1791 494 1818 iis
513 1791 557 1826 qui
573 1791 643 1818 vobis
659 1790 803 1821 insultant,
824 1794 852 1816 ut
877 1791 934 1816 silis
960 1790 1060 1818 similes

265 1837 355 1864 Patris
371 1838 450 1864 vestri
468 1837 512 1872 qui
531 1842 568 1864 est
584 1838 611 1864 in
629 1837 700 1863 cadis
717 1837 756 1869 “;
777 1837 804 1863 in
817 1837 920 1864 virtute
939 1836 1060 1864 Charila—

265 1884 301 1911 tis
316 1883 453 1911 deﬁniens
467 1891 528 1910 esse
545 1883 578 1910 ad
596 1883 644 1910 Dei
667 1882 892 1910 similitudinem.
916 1882 1060 1916 Quomodo

265 1926 349 1958 etiam
373 1930 431 1965 ipse
458 1929 587 1957 Christus
611 1929 728 1963 loquens
752 1936 802 1963 per
820 1929 946 1960 Paulum,
962 1929 1060 1956 eadem

265 1983 331 2002 usus
345 1980 387 2002 est
401 1976 493 2010 regula
504 1980 530 2003 et
540 1975 712 2006 deﬁnitione,
726 1975 837 2009 quando
846 1975 914 2002 dicit
926 1984 932 2001 :
946 1975 1060 2002 Etiamsi

265 2022 362 2057 linguis
374 2022 510 2048 hominum
523 2020 629 2056 loquar,
643 2024 667 2046 et
679 2021 763 2047 sciam
780 2022 905 2055 mysteria
919 2022 1021 2053 omnia,
1035 2025 1061 2047 et

263 2077 368 2095 onmem
383 2068 571 2105 cognitionem,
584 2071 609 2093 et
623 2075 728 2093 omnem
744 2067 856 2094 habeam
873 2067 964 2100 ﬁdem,
978 2068 1015 2094 ita
1032 2072 1059 2094 ut

264 2117 366 2140 montes
380 2113 555 2147 transferam,
568 2110 634 2139 nihil
651 2111 715 2138 mihi
729 2112 835 2147 prodeat
850 2112 882 2140 “.
899 2111 953 2140 Sed
970 2113 1004 2140 de
1016 2113 1060 2140 his

263 2161 376 2196 quidem
395 2161 541 2187 hactenus.

298 2206 449 2232 Videamus
465 2209 559 2232 autem
580 2205 663 2232 etiam
680 2204 747 2239 quid
767 2212 799 2232 ea
823 2203 982 2240 signiﬁcent
998 2212 1059 2238 qua:

264 2251 333 2279 dicit
352 2252 386 2279 de
405 2251 601 2279 benedictione
617 2261 623 2278 ι
638 2251 671 2279 Et
686 2253 746 2287 fecit
764 2251 834 2278 Deus
855 2251 997 2283 hominem,
1024 2251 1059 2277 ad

262 2297 312 2324 Dei
332 2299 477 2333 imaginem
502 2298 562 2333 fecit
584 2297 672 2330 illum,
696 2298 748 2325 hoc
764 2301 805 2325 est
817 2317 823 2328 ,
840 2296 943 2325 Christi
960 2297 1059 2331 imagi-
1076 2301 1096 2328 ι)

263 2352 326 2371 nem
341 2348 368 2371 ct
383 2344 646 2379 pmﬁgurationem.
666 2343 858 2378 Compositunt
882 2342 948 2369 fecit
967 2342 1058 2369 homi-

262 2397 344 2416 nem:
363 2389 508 2416 mortalem
538 2393 565 2416 et
585 2389 783 2420 immortalem,
807 2387 1004 2423 aspectabilem
1030 2392 1059 2414 et

264 2442 319 2461 non
337 2434 547 2467 aspcctabilem,
571 2434 696 2460 interitui
716 2433 867 2461 obnoxium
885 2439 913 2461 et
932 2433 959 2460 in
975 2441 1057 2468 quem

261 2487 317 2507 non
334 2479 408 2506 cadit
425 2479 565 2510 interitus,
579 2479 729 2506 Masculum
742 2484 765 2506 et
779 2480 907 2514 feminam
921 2480 982 2515 fecit
996 2488 1039 2507 eos
1049 2489 1058 2507 :

261 2524 314 2552 hoc
326 2524 450 2559 quidem,
463 2529 612 2560 propterea
632 2525 706 2559 quod
722 2524 759 2552 sit
773 2525 851 2552 laxus
870 2529 896 2552 ct
914 2526 1016 2558 mollis,
1032 2529 1060 2552 et

260 2574 294 2602 ad
309 2574 453 2602 interitum
478 2573 560 2600 facile
587 2573 769 2601 dissolubilis.
797 2573 832 2600 Et
859 2573 991 2599 benediait
1014 2580 1058 2599 eos

260 2621 331 2648 Deus
349 2621 438 2647 dicens
455 2629 463 2646 :
480 2620 606 2652 Crescite,
631 2625 656 2647 et
673 2620 899 2656 multiplicamini,
915 2624 939 2646 et
959 2619 1057 2654 replete

260 2666 508 2699 terram,videlicet
518 2674 567 2700 per
579 2666 697 2693 ﬁliorum
709 2665 941 2701 procreationem,
953 2673 1055 2693 mascu-

260 2713 278 2740 li
293 2717 320 2740 et
335 2712 454 2740 femina.
469 2713 502 2740 Et
522 2713 698 2740 dominamini
716 2713 750 2745 ei,
768 2717 792 2739 et
805 2713 933 2748 imperata
944 2713 1057 2748 piscibus

261 2760 354 2791 maris,
377 2763 400 2786 et
419 2759 568 2786 volucribus
591 2759 659 2791 caeli,
684 2763 708 2785 et
734 2759 853 2794 omnibus
871 2759 1014 2794 jumentis.
1029 2763 1054 2785 ct

261 2805 389 2833 universi:
414 2809 502 2836 terra,
528 2809 552 2830 et
585 2805 704 2831 omnibus
739 2803 874 2839 rcptilibus
905 2803 1053 2838 repentibus

302 2876 323 2891 "
338 2875 407 2902 Psal.
420 2883 493 2907 XL!X.
507 2875 551 2902 ll.
587 2874 610 2891 “
627 2875 708 2904 Rom.
728 2885 767 2907 xu.
778 2875 824 2903 25.

265 2918 292 2941 γ,
309 2911 354 2939 Η.
371 2910 419 2942 ιέὶς
444 2911 510 2938 Luc.
535 2918 571 2944 v1,
589 2910 634 2945 27,
653 2911 699 2939 2‘3.
737 2913 760 2928 "
776 2912 785 2938 l
804 2912 866 2940 Cor.
893 2920 953 2945 χιιι,
969 2911 995 2938 ‘2.

266 2945 288 2961 δ’
307 2945 388 2973 llcbr.
403 2953 434 2978 ιι,
450 2945 476 2974 5.

1076 1622 1097 1650 C

864 2876 886 2892 ⁸¹
904 2876 982 2904 Jnan.
1004 2884 1029 2906 ιι.
1050 2877 1089 2903 Ιιῖ.

886 223 916 253 S.
930 224 1130 255 ANASTASII
1150 225 1312 255 SlNAlTE

1040 2913 1060 2928 δ’
1076 2912 1144 2941 Luc.
1165 2921 1191 2944 x,
1208 2913 1222 2938 ἓ

1118 285 1197 312 super
1210 283 1320 304 terram.
1342 277 1428 304 Paulo
1455 282 1519 304 ante
1536 277 1648 312 quidem
1668 278 1802 306 Joannem
1819 284 1846 306 et
1864 280 1916 307 Pc-

1118 327 1191 348 trum
1218 323 1340 350 tnedium
1357 322 1472 350 adduxit
1500 324 1603 354 oratio.
1627 323 1662 350 ad
1688 323 1915 358 persuadendum

1117 367 1238 395 auditori
1259 373 1289 396 ut
1312 369 1485 404 Scripturam
1503 369 1625 397 divinam
1641 370 1813 405 intelligeret
1830 371 1915 405 spiri-

1120 413 1242 446 tualiter,
1262 419 1326 449 post
1343 415 1608 450 contemplationem
1632 423 1694 451 qum
1721 417 1821 443 littera:
1847 424 1915 444 con-

1118 458 1206 485 venit.

1162 504 1241 538 Quod
1259 505 1281 532 si
1303 505 1336 532 ad
1361 506 1483 533 litteram
1506 507 1644 542 progressi
1674 507 1731 534 illic
1749 515 1915 540 mancanus,

1117 552 1258 585 quomodo
1276 553 1381 587 poteris
1405 553 1555 580 ostendere
1580 553 1810 589 gloriosissimam
1840 555 1916 581 illam

1118 597 1166 623 Dei
1183 601 1299 624 matrem
1320 605 1383 625 esse
1402 598 1436 625 ad
1455 599 1503 625 Dei
1520 597 1667 634 imaginem
1692 605 1723 627 et
1748 601 1917 627 similitudi-

1116 643 1198 669 nem?
1217 643 1269 671 Ubi
1284 644 1369 670 eninr
1390 644 1537 679 imperavit
1554 644 1611 677 illa,
1629 650 1677 672 aut
1705 650 1745 672 est
1771 646 1916 673 dominata

1117 689 1217 716 bestiis
1233 690 1395 722 sensilibus,
1423 695 1472 718 aut
1498 691 1633 726 piscibus.
1669 696 1717 718 aut
1741 692 1916 723 volucribus,

1116 740 1164 762 aut
1180 735 1317 763 universa:
1333 741 1430 767 terrm,
1450 745 1511 772 qua:
1530 745 1545 763 a
1559 737 1629 764 facie
1649 737 1767 764 Herodis
1785 738 1918 773 migravit

1117 780 1144 808 in
1156 780 1325 817 Egyptum?
1342 783 1375 809 Et
1389 781 1452 817 quis
1466 782 1545 817 (mihi
1563 782 1618 814 dic,
1634 782 1738 818 quaeso)
1751 788 1801 810 aut.
1815 791 1850 810 ex
1868 783 1917 810 hut-

1117 827 1239 854 minibus
1252 833 1300 854 aut
1310 835 1345 854 ex
1358 828 1532 856 datmonibus
1552 829 1667 856 audebit
1681 829 1776 857 dicere
1792 829 1868 864 quod
1884 837 1915 856 ea

1116 881 1178 907 qua:
1197 877 1240 901 est
1251 873 1377 908 ejusdem
1389 873 1472 901 simul
1488 882 1552 902 cum
1566 874 1622 901 Deo
1637 875 1776 906 essentne,
1793 874 1870 908 quod
1881 875 1914 901 ad

1116 926 1228 946 carnem
1245 920 1355 952 attinet,
1373 928 1429 947 non
1445 920 1482 948 sit
1500 920 1534 950 ad
1547 920 1695 956 imaginem
1710 925 1739 947 et
1752 915 1915 947 similitudi-

1116 973 1181 992 nem
1197 966 1259 1001 cjus
1276 966 1323 1001 qui
1339 971 1382 994 est
1401 967 1459 1001 ipsa
1483 972 1582 999 natus;
1615 966 1756 1001 quomodo
1771 971 1815 994 est
1839 967 1914 993 enim

1116 1016 1206 1039 mater
1223 1012 1383 1047 hujusmodi
1402 1012 1461 1045 lilii,
1486 1020 1541 1039 non
1568 1012 1661 1039 ferens
1685 1012 1713 1039 in
1730 1019 1759 1039 se
1777 1012 1914 1046 integrant

1116 1060 1143 1082 et
1159 1056 1271 1083 ilhesam
1291 1056 1363 1083 fetus
1379 1057 1421 1083 sui
1436 1057 1604 1091 imaginem?
1615 1056 1803 1090 Quamobrem
1818 1061 1913 1083 osten-

1115 1108 1177 1127 sum
1195 1105 1238 1128 est
1254 1101 1279 1128 ci
1299 1101 1345 1136 qui
1360 1107 1403 1128 est
1417 1101 1491 1128 ﬁlius
1505 1102 1582 1136 pacis
1596 1101 1663 1136 (non
1687 1106 1779 1128 autem
1796 1101 1915 1128 eﬂ‘ector

1115 1154 1270 1181 pugnarum
1298 1151 1326 1174 et
1340 1146 1539 1181 oll‘ensionum)
1559 1147 1633 1182 quod
1651 1153 1678 1174 et
1697 1147 1850 1182 imperium
1875 1147 1916 1182 pi-

1115 1192 1203 1219 scium
1217 1193 1263 1227 qni
1280 1192 1423 1226 dicuntur,
1441 1197 1469 1220 et
1493 1195 1651 1226 volucrum,
1672 1198 1700 1221 et
1716 1195 1917 1228 jumentorum

1114 1239 1191 1266 solus
1206 1239 1252 1266 ille
1265 1231 1388 1274 possidet
1406 1239 1502 1266 dicens
1520 1248 1526 1266 :
1544 1239 1638 1267 Omnia
1656 1241 1720 1266 milii
1735 1240 1838 1266 tradita
1852 1246 1918 1267 sunt

1115 1294 1131 1312 a
1146 1285 1229 1313 Patre
1244 1294 1301 1313 meo
1313 1285 1336 1301 ⁸⁸
1358 1294 1364 1312 :
1382 1286 1417 1313 Et.
1433 1295 1440 1312 :
1455 1286 1526 1313 Data
1548 1291 1585 1313 est
1602 1286 1665 1313 mihi
1684 1287 1769 1312 omnis
1796 1291 1919 1320 potest“

1115 1332 1142 1358 in
1156 1331 1221 1358 caelo
1237 1335 1261 1358 et
1274 1332 1302 1358 in
1320 1336 1393 1358 terra
1401 1331 1481 1367 ";et:
1495 1331 1577 1358 Pater
1590 1331 1676 1366 diligit
1695 1331 1805 1364 Filium,
1819 1337 1845 1358 et
1858 1341 1919 1359 om-

1115 1379 1161 1405 nia
1179 1379 1203 1405 ei
1220 1379 1330 1406 tradidit
1344 1379 1372 1406 in
1386 1387 1482 1405 manus
1499 1377 1532 1404 “.
1549 1378 1658 1405 Dicitur
1676 1383 1768 1405 autem
1784 1380 1918 1414 accipere

1115 1433 1130 1451 ιι
1144 1425 1237 1457 Patre,
1252 1429 1283 1452 ut
1298 1424 1346 1459 qui
1361 1424 1452 1453 factus
1467 1424 1504 1451 sit
1521 1424 1622 1457 homo;
1640 1430 1738 1452 rursus
1753 1430 1846 1452 autem
1864 1426 1917 1452 ho-

1114 1475 1232 1498 noratur
1246 1475 1385 1505 quatenus
1404 1473 1520 1505 apparet
1535 1471 1607 1497 sicut
1632 1470 1725 1503 Pater,
1753 1475 1783 1497 ut
1803 1471 1852 1505 qui
1878 1472 1917 1499 sit

1114 1517 1176 1552 ejus
1195 1515 1283 1543 Filius
1300 1515 1424 1551 ejusdem
1449 1515 1532 1542 simul
1549 1516 1630 1551 cujus
1644 1516 1703 1550 ipse
1715 1520 1759 1543 est
1771 1517 1914 1544 essentia.

1151 1561 1185 1589 Et
1198 1561 1265 1588 dixit
1284 1560 1363 1593 Deus,
1383 1560 1451 1588 Ecce
1468 1560 1527 1586 dedi
1542 1561 1613 1587 vobis
1630 1569 1735 1587 omnem
1750 1561 1860 1588 herbam
1873 1569 1916 1587 se-

1114 1607 1284 1639 minabilem,
1301 1608 1478 1634 seminantem
1500 1615 1589 1633 semen
1613 1607 1684 1641 quod
1706 1611 1744 1633 est
1763 1615 1844 1642 super
1856 1616 1917 1634 om-

1114 1663 1173 1681 nem
1189 1658 1311 1681 tenam:
1326 1659 1351 1680 et
1364 1661 1440 1680 omne
1454 1652 1556 1688 lignum
1573 1653 1643 1688 quod
1663 1653 1741 1680 habet
1757 1655 1784 1680 in
1807 1662 1837 1680 se
1856 1654 1916 1689 fru-

1113 1705 1185 1728 ctum
1199 1701 1320 1732 seminis,
1343 1701 1392 1726 erit
1407 1699 1480 1726 vobis
1492 1700 1517 1726 in
1534 1699 1620 1726 cibum
1640 1699 1760 1726 omnibus
1777 1704 1802 1726 et
1824 1699 1914 1727 bestiia

1114 1751 1203 1780 terrm,
1219 1751 1243 1774 et
1255 1746 1375 1773 omnibus
1390 1745 1538 1772 volucribus
1549 1745 1618 1777 cali,
1631 1749 1656 1772 et
1671 1746 1743 1772 onmi
1761 1746 1851 1781 rcptili
1874 1755 1916 1772 rc-

1114 1793 1185 1827 penti
1197 1801 1278 1828 super
1290 1797 1389 1818 terram
1404 1791 1474 1826 quod
1490 1791 1565 1818 habet
1581 1792 1608 1818 in
1626 1799 1654 1818 ac
1664 1793 1783 1819 animam
1799 1794 1878 1824 ritw;
1890 1797 1915 1819 ct

1114 1836 1199 1862 omnis
1215 1836 1295 1862 herba
1321 1835 1412 1862 viridis
1428 1836 1477 1862 erit
1490 1834 1561 1862 vobis
1578 1836 1604 1862 in
1627 1836 1724 1863 cibum.
1751 1837 1787 1863 Et
1810 1838 1915 1871 factum

1114 1886 1151 1908 est
1166 1882 1214 1908 ita.
1227 1881 1262 1908 Et
1275 1882 1338 1909 vidit
1352 1882 1421 1908 Deus
1439 1882 1528 1908 omnia
1545 1889 1707 1917 quiscunque
1719 1883 1790 1917 fecit,
1807 1889 1833 1910 ct
1858 1893 1916 1911 ecce

1114 1928 1191 1956 valde
1208 1927 1384 1964 pulclrra.1Et
1406 1929 1508 1964 factum
1529 1934 1565 1955 est
1580 1937 1671 1964 vesper
1686 1937 1694 1956 :
1709 1934 1733 1955 et
1752 1930 1856 1964 factum
1877 1938 1915 1958 est

1115 1983 1193 2001 ntane
1217 1975 1272 2002 dies
1293 1980 1394 2002 sextus.
1419 1975 1571 2010 liucusque
1597 1975 1665 2002 dicit
1693 1983 1810 2010 magnus
1839 1977 1915 2004 inter

1115 2020 1296 2056 philosophos
1309 2024 1336 2047 et
1350 2021 1478 2048 doctores
1495 2020 1722 2056 Olympiodorus,
1740 2029 1802 2049 esse
1827 2023 1913 2050 [hiem

1114 2066 1225 2093 sensilis
1252 2066 1414 2093 creationis.
1443 2065 1560 2099 Quando
1582 2070 1674 2093 autem
1699 2067 1778 2098 dicit,
1806 2067 1913 2102 inquit,

1114 2111 1259 2147 Scriptura
1272 2113 1299 2139 in
1319 2112 1405 2148 ﬁgura
1417 2112 1519 2147 epilogi
1528 2120 1578 2139 seu
1592 2112 1770 2147 repetitionis
1788 2121 1794 2138 :
1811 2114 1861 2140 llic
1874 2121 1912 2141 est

1114 2157 1180 2184 liber
1191 2159 1370 2193 generationis
1385 2157 1445 2184 ειτιί
1458 2162 1483 2184 et
1497 2163 1576 2185 terra:
1587 2178 1593 2189 ,
1619 2161 1647 2184 et
1663 2162 1762 2186 czetera
1781 2167 1846 2193 quae
1865 2168 1911 2186 se-

1112 2208 1238 2239 quuntur
1255 2204 1289 2231 de
1307 2212 1377 2231 nova
1392 2204 1420 2230 in
1434 2204 1546 2231 Christo
1562 2209 1703 2237 creatura,
1718 2205 1856 2233 describit
1879 2215 1912 2234 ac

1112 2250 1307 2286 prxsignillcat
1322 2257 1355 2277 ea
1378 2258 1440 2284 quae.
1453 2249 1658 2284 posterioribus
1676 2251 1854 2285 temporibus
1881 2252 1909 2278 in

1112 2296 1237 2323 Ecclesia
1252 2296 1334 2323 linem
1346 2299 1524 2330 acceperunt.
1549 2295 1636 2328 Quam
1650 2296 1733 2323 etiam
1752 2297 1909 2324 secundum

1111 2342 1209 2370 orbem
1229 2346 1310 2369 terra:
1337 2341 1463 2368 nominat
1487 2342 1680 2369 sanctissimus
1697 2343 1852 2377 Apostolus
1868 2344 1910 2371 di-

1109 2396 1176 2416 cens
1196 2397 1202 2414 :
1217 2387 1276 2415 Non
1294 2389 1364 2414 cnim
1386 2388 1488 2423 angelis
1513 2388 1621 2423 subjecit
1638 2388 1708 2416 Deus
1725 2390 1815 2416 orbem
1830 2395 1908 2418 teme

1110 2436 1229 2470 futurum
1240 2428 1271 2460 de
1280 2443 1332 2469 quo
1342 2434 1475 2469 loquimur
1488 2434 1528 2467 ";
1545 2435 1642 2462 orbem
1658 2439 1740 2463 terra:
1756 2437 1908 2465 nominans

1111 2480 1274 2511 Ecclesium,
1299 2484 1446 2514 propterea
1462 2479 1536 2514 quod
1560 2487 1574 2506 τι
1599 2480 1683 2507 Petro
1701 2480 1818 2515 quidem
1834 2488 1907 2510 esset

1110 2525 1262 2558 fundanda,
1278 2525 1313 2552 ab
1336 2524 1397 2560 ipso
1412 2530 1506 2553 autem
1530 2526 1699 2553 excitanda:
1722 2527 1797 2554 sicut
1821 2528 1905 2556 etiam

1109 2573 1270 2600 nominabat
1287 2579 1385 2600 novam
1402 2580 1464 2607 quae
1483 2577 1548 2600 tunc
1564 2573 1706 2607 inceperat
1730 2574 1861 2608 produci.
1877 2574 1906 2602 Si

1108 2619 1183 2647 enim
1202 2627 1253 2654 per
1266 2626 1310 2646 res
1328 2626 1426 2646 omnes
1441 2627 1510 2654 quas
1533 2623 1562 2646 et
1585 2622 1792 2654 eontempiatus
1814 2626 1858 2648 cst
1879 2627 1906 2648 et

1109 2663 1264 2693 construxit
1281 2663 1370 2691 Moses
1388 2665 1415 2691 in
1436 2670 1531 2692 monte
1549 2663 1636 2695 Sinai.
1659 2664 1791 2692 Ecclesia:
1810 2670 1905 2701 typum

1109 2711 1186 2746 prius
1203 2709 1379 2738 describebat
1395 2710 1506 2745 (nempe
1514 2714 1542 2737 et
1555 2718 1606 2745 per
1619 2714 1746 2737 sanetum
1763 2711 1903 2738 Taberna-

1108 2757 1213 2788 Culum,
1232 2760 1260 2783 et
1278 2755 1371 2782 omnia
1381 2763 1441 2791 qua:
1456 2761 1534 2783 erant
1548 2755 1576 2782 in
1594 2755 1663 2790 ipso,
1681 2760 1708 2782 ct
1721 2762 1834 2782 onmem
1846 2757 1904 2783 eul-

1109 2807 1167 2830 tum
1188 2802 1328 2838 legalem),
1715 2811 1717 2814 ⁴

1130 2876 1152 2893 ⁸¹
1167 2877 1237 2904 Psal.
1257 2885 1328 2906 LUI.
1345 2876 1371 2903 8.
1411 2875 1665 2905 ⁸³Μιιιι1ι.ι·ιι,⁴ὶ-2,
1679 2875 1724 2902 ‘25.
1765 2876 1785 2892 “
1799 2875 1894 2904 Matth.

1228 2912 1254 2939 '2.
1295 2912 1316 2926 "
1334 2912 1431 2940 Matth.
1450 2920 1543 2943 utut,
1565 2911 1610 2938 i8.
1650 2911 1671 2926 “
1687 2911 1766 2939 Joan.
1795 2921 1836 2943 ιιι,
1852 2911 1894 2937 2:5.

1229 2931 1254 2939 -ι
