1980 3255
71 277 106 313 μὴ
115 276 274 311 θαυμάσῃς,
284 275 365 311 φησὶν
377 276 390 302 ὁ
400 276 446 302 αὑ.

69 323 112 355 τὸς
124 323 210 354 πολὺς
227 322 262 349 τὰ
279 322 339 348 est:
349 321 449 356 Ὀλυμ-

70 369 212 403 π;ὁδωρος,
233 369 257 394 ει
279 367 334 394 τῶν
358 376 448 402 πραγ-

73 416 164 450 μὶτων
204 414 448 450 προκατεσκεύαζε

71 463 116 487 καὶ
141 461 362 496 προδιέγραφεν,
388 459 449 486 ὀνο-

73 510 234 544 μασθέντων
268 508 371 534 τούτων
403 507 450 534 καὶ

72 559 134 589 τώς
149 557 246 591 λόγους
258 558 291 583 ὲκ
306 556 374 583 Θεοῦ
391 556 450 582 ὲδὲ-

73 605 154 637 ξατο,
182 602 391 637 αἰνιγματωδῶς
419 611 450 628 τε

74 650 119 676 καὶ
145 649 291 680 σκθτεινῶς
315 650 362 675 καὶ
383 649 451 674 ἁπο-

75 696 197 732 κρύφως.
213 695 300 722 Τοῦτο
315 695 370 730 γὰρ
392 695 452 729 ὲσὴ-

76 753 171 779 μαινεν
192 745 222 770 ὲν
237 743 276 778 τῷ
291 743 348 777 ὄρει
371 742 401 768 τό
423 750 452 768 τε

75 791 172 825 γνόφος
188 790 236 816 καὶ
251 791 266 816 ὁ
281 789 360 823 ζόφος
377 789 424 814 καὶ
437 789 453 822 ἡ

75 837 193 867 Malia,
213 836 267 861 τῶν
295 834 454 870 μυστηρίων

74 882 128 908 τῶν
152 880 326 915 λαλουμένων
352 888 382 906 τε
404 880 452 906 καὶ

74 929 151 955 Bretto
155 928 298 963 τεθυμένων
305 927 336 953 τὸ
344 927 452 962 ἄδηλον,

73 975 148 1006 ὅπως
161 974 198 1009 μὴ
211 973 342 1009 μαθόντες
353 973 378 999 ot
391 973 455 999 Ἰου-

73 1020 146 1047 δαῖοι
174 1020 223 1054 τὴν
253 1020 294 1050 εἰς
323 1019 398 1054 ἡμᾶς
421 1018 456 1044 τὰ

74 1066 139 1100 ἔθνη
152 1065 302 1099 μέλλουσαν
317 1063 370 1090 ὑπὸ
385 1063 453 1089 Θεοῦ

74 1112 202 1146 γενέσθαι
225 1111 386 1145 ἐπισκοπὴν,
404 1109 454 1136 αὐ-

74 1159 129 1186 τῶν
144 1159 172 1185 δὲ
183 1157 389 1192 ὲγκατάλειψιν,
405 1159 455 1192 ὲμ-

76 1206 202 1240 τρήπωσι
222 1203 322 1238 βίϐλον,
336 1203 382 1229 καὶ
404 1202 456 1237 μά-

75 1251 154 1276 λιστα
170 1249 356 1284 προκειμένης
376 1247 456 1273 Γενέ-

77 1305 156 1326 σεως.
169 1295 218 1322 καὶ
235 1295 352 1329 μεγίστη
364 1292 456 1320 ἐντεῦ-

75 1342 120 1368 Οεν
129 1343 161 1377 τῇ
170 1341 292 1376 Χριστόῦ
307 1340 456 1375 Ἐκκληπίᾳ

76 1388 162 1423 βλάϐη
172 1396 203 1413 τε
216 1388 265 1414 καὶ
280 1386 365 1422 ζημία.
376 1387 456 1421 γένη-

76 1444 130 1462 ται.
154 1435 296 1462 ’Λιιανεὺει
315 1434 342 1465 δὲ
357 1435 371 1460 ὀ
390 1434 456 1460 πολ-

76 1481 154 1513 λάκις
166 1481 336 1517 προρῤηθεὶς
350 1480 456 1515 φιλόσο-

76 1538 126 1564 φος
145 1530 160 1555 ὀ
182 1530 234 1564 τὴν
259 1528 457 1562 ’Λλεξανδρέων

75 1577 130 1607 τοῖς
141 1576 233 1610 λόγοις
248 1574 455 1609 καταφωτίσας,

73 1622 111 1654 ὡς
125 1623 231 1658 ταύτης
240 1622 375 1652 διάκονος,
389 1621 457 1656 πρὸς

604 219 644 249 1N
664 219 941 250 HEXAEMERON.
960 233 993 237 -
1010 222 1084 250 LIB.
1107 222 1172 250 νη.

486 283 519 302 ne
541 275 664 307 mireris,
689 275 778 309 inquit
803 275 861 309 ipse
877 278 897 303 Α

486 321 512 348 in
531 321 616 349 rebus
633 321 733 348 divinis
751 321 862 355 praecla—

486 377 533 396 rus
549 368 770 404 Olympiodorus,
782 368 804 395 si
817 376 863 395 re-

487 423 545 441 rum
569 415 771 442 nominatarum
795 421 864 448 quas

486 466 566 489 antea
611 461 791 488 construebat
834 465 862 488 et

487 510 676 542 describebat,
701 517 717 536 a
741 509 797 536 Deo
817 516 864 536 ac—

487 557 561 590 cepit
581 555 718 587 rationes,
735 555 864 590 :enigma—

489 603 552 636 tice,
568 603 698 634 obscure,
713 608 740 630 et
750 610 863 630 arcane.

489 651 546 678 lloc
583 650 656 677 enim
692 650 867 684 signiﬁcabat

489 705 549 731 qua:
559 697 655 724 eratin
671 701 763 723 monte
779 696 866 730 caligo

490 749 517 770 et
529 743 668 777 procella,
690 750 788 776 nempe
809 750 864 768 non

490 795 550 815 esse
569 787 714 814 manifesta
738 787 868 822 mysteria

491 841 552 868 quae
574 833 738 860 dicebantur
754 837 782 859 et
803 826 870 867 (ἰξυ-

489 879 630 910 rabantur,
646 886 682 905 ne
697 878 719 905 si
737 878 866 904 rescivis-

489 929 551 953 sent
558 924 655 957 Judaei,
666 924 750 951 nostri
758 923 867 958 (nempe

491 971 630 1007 gentium)
658 970 844 997 visitationem
859 989 866 1001 ,

492 1018 535 1044 sui
555 1022 645 1044 autem
664 1015 868 1046 desertionem,

489 1062 592 1089 librum
619 1061 688 1097 legis
721 1061 869 1088 combure-
885 1061 906 1089 Β

492 1111 569 1139 rent,
585 1111 613 1134 et
630 1107 747 1134 maxime
765 1113 867 1141 propo-

491 1156 551 1182 sitae
585 1155 717 1187 Genesis,
748 1159 775 1181 et
802 1153 868 1180 hinc

491 1202 640 1229 maximum
672 1202 802 1228 damnum
840 1205 868 1227 et

491 1249 688 1277 detrimentum
729 1249 868 1283 acciperet

491 1298 624 1325 Ecclesia.
649 1296 868 1331 Contemplando

492 1349 583 1370 autem
622 1350 694 1377 saepe
729 1350 763 1369 eo
798 1342 870 1369 redit

490 1389 641 1424 praedictus
689 1388 872 1423 philosophus

493 1435 539 1470 qui
579 1434 774 1462 Alexandriam
813 1435 871 1461 suis

493 1481 641 1508 illustravit.
661 1479 739 1507 libris
761 1479 870 1514 (utqui

492 1530 566 1553 esset
580 1526 640 1561 ejus
659 1525 819 1560 diaconus).
840 1529 870 1551 ut

494 1573 566 1600 dicat
589 1573 615 1599 in
635 1573 755 1608 perfecta
773 1577 802 1599 et
820 1572 870 1599 ab-

494 1621 582 1647 soluta
611 1620 818 1646 immortalitate
844 1624 872 1646 et

1653 225 1706 255 928

1329 278 1363 304 ab
1404 279 1517 305 interitu
1552 279 1702 306 remotiom

915 322 995 357 νισίᾳ
1022 330 1050 348 τε
1080 322 1126 349 καὶ
1151 321 1292 358 ἀφθαρσίᾳ
1329 329 1452 352 creatum
1473 333 1534 353 esse
1549 325 1703 355 hominem.
1735 330 1739 333 '

914 369 1055 402 γεγονέναι
1094 368 1139 394 τὶν
1179 367 1291 403 ἄνθρω-

915 425 964 443 πον
978 417 1005 451 (ι
1017 417 1036 451 ).

913 276 942 302 τὺ
957 275 1039 310 φάναι
1054 277 1082 303 ὲν
1094 276 1219 303 παντελεῖ
1228 276 1293 303 ἀθα-

915 473 1136 500 bencdictionem
1149 494 1155 505 ,
1174 478 1202 500 et
1221 473 1374 500 masculum
1392 477 1419 500 et
1434 473 1565 500 feminam
1578 493 1584 503 ,
1610 477 1637 499 et
1662 471 1707 500 be-

916 520 1030 547 stiarqu
1059 520 1265 554 generationem
1279 541 1285 551 ,
1308 528 1459 554 earumque
1474 528 1552 547 esum
1568 520 1710 554 proferens

918 566 952 593 ad
968 566 1171 593 ostendendum
1187 566 1340 593 interitum.
1367 566 1477 594 Etenim
1505 567 1656 597 lavacrum,
1670 567 1711 593 itt-

918 612 987 646 quit,
1004 620 1099 639 eorum
1111 613 1157 646 qui
1172 612 1348 646 baptizantur
1359 613 1386 639 in
1401 612 1512 640 Christo
1523 613 1605 639 habet
1618 620 1710 640 veram

917 661 946 684 et
963 657 1113 692 perfectam
1126 657 1296 684 ablutionem
1311 657 1393 692 primi
1405 657 1528 692 parentis
1541 657 1626 684 Adam
1642 663 1713 691 (qua:

919 702 951 729 ad
968 710 1019 729 nos
1034 702 1172 737 pervenit)
1191 702 1383 736 abnegationis
1400 706 1428 729 et
1452 702 1569 736 peccati.
1595 702 1711 735 Propter

920 756 1002 782 quam
1027 751 1102 774 certe
1135 755 1246 774 causam
1273 747 1391 774 infantes
1415 747 1527 782 quidam
1552 747 1711 778 illuminati,

921 800 984 820 cum
1000 793 1055 829 sint
1071 792 1106 818 ab
1128 793 1204 818 omni
1230 792 1514 826 (cujusmodicunque
1535 800 1566 818 ea
1594 791 1640 825 sit)
1661 792 1714 818 ini-

923 839 1028 873 quitate
1045 842 1072 865 et
1088 843 1202 872 peccato
1219 838 1327 869 mundi,
1351 843 1378 865 et
1400 838 1527 873 spiritum
1544 838 1712 872 acceperint,

923 889 951 911 et
964 884 1105 911 Christum
1130 883 1185 909 sint
1210 883 1320 915 induti;
1338 890 1409 917 saepe
1427 883 1462 909 ~in
1488 883 1545 917 ipsa
1574 882 1640 908 hora
1667 887 1714 908 aut

922 935 985 965 post
1011 930 1178 964 baptismum
1204 929 1344 956 decedunt
1370 929 1438 955 nulli
1463 929 1550 963 eulpze
1575 933 1622 955 aut
1647 927 1713 955 vitio

924 976 1029 1008 attines,
1047 975 1094 1002 sed
1109 975 1208 1005 sancti,
1227 978 1258 1001 ut
1276 978 1395 1001 testatur
1410 974 1521 1001 Paulus.
1539 974 1658 1001 Necesse
1673 979 1713 1000 est

923 1022 998 1050 enim
1015 1022 1043 1048 in
1057 1021 1101 1048 his
1116 1022 1233 1048 alterum
1251 1020 1345 1047 dicere
1367 1027 1400 1046 ex
1420 1019 1529 1046 duobus
1545 1028 1551 1045 :
1573 1024 1620 1046 aut
1641 1021 1715 1054 quod

921 1077 976 1096 non
1002 1073 1067 1095 sunt
1094 1068 1204 1095 liberati
1223 1075 1272 1102 per
1303 1067 1470 1102 baptismum
1499 1071 1527 1093 et
1547 1065 1681 1100 Spiritum
1700 1074 1714 1093 π

922 1114 1003 1149 primi
1016 1114 1139 1148 parentis
1154 1113 1219 1140 Adae
1241 1117 1355 1147 peccato
1378 1116 1406 1139 et
1423 1111 1606 1147 abnegatione
1625 1111 1709 1146 (quod

921 1161 989 1187 nulli
1011 1168 1130 1195 unquam
1151 1160 1259 1187 venerit
1277 1159 1305 1186 in
1322 1159 1464 1192 mentem),
1485 1162 1532 1185 aut
1545 1158 1618 1193 quod
1643 1158 1713 1185 libe-

921 1208 984 1240 rati,
1004 1207 1104 1242 injuste
1117 1207 1144 1233 in
1160 1209 1277 1233 mortem
1298 1205 1455 1234 reciderunt
1469 1214 1476 1236 ',
1498 1209 1546 1232 aut
1561 1205 1635 1240 quod
1653 1205 1713 1231 fue-

923 1259 987 1280 runt
1001 1253 1113 1287 quidem
1135 1252 1258 1284 liberati,
1276 1251 1324 1278 sed
1347 1251 1380 1278 ad
1400 1251 1612 1278 similitudinem
1629 1250 1710 1285 primi

921 1298 963 1325 sui
979 1298 1101 1333 parentis
1111 1297 1208 1324 Adami
1222 1301 1250 1324 et
1265 1297 1338 1327 vae,
1352 1296 1441 1323 induti
1456 1303 1574 1330 corpore
1590 1295 1710 1327 mortali.

921 1351 984 1370 cum
999 1351 1049 1378 per
1066 1348 1182 1370 mortem
1208 1342 1241 1369 ad
1262 1343 1346 1368 vitam
1373 1342 1515 1369 meliorem
1532 1342 1710 1373 accesserint,

923 1389 1048 1416 interitui
1077 1397 1131 1416 non
1151 1388 1271 1415 obnoxia
1286 1392 1313 1415 et
1337 1388 1502 1414 immortalia
1520 1392 1586 1415 tunc
1613 1396 1640 1414 tn
1669 1395 1713 1414 re-

922 1434 1096 1461 surrectione
1108 1442 1156 1460 sua
1171 1433 1306 1467 recipient
1320 1440 1446 1467 corpora,
1463 1440 1536 1460 nunc
1550 1432 1663 1464 mortui,
1679 1440 1714 1459 ne

924 1480 1080 1507 immortale
1098 1485 1125 1506 et
1139 1483 1272 1506 aeternum
1285 1479 1321 1506 sit
1337 1483 1365 1505 et
1385 1479 1497 1510 malum,
1516 1482 1546 1504 ut
1563 1478 1630 1505 dicit
1643 1478 1714 1505 divi.

925 1534 977 1553 nus
991 1525 1141 1560 Gregorius
1159 1534 1164 1550 :
1184 1525 1237 1551 hoc
1255 1528 1307 1554 est,
1323 1531 1358 1550 ne
1377 1528 1509 1558 perpetuo
1525 1524 1611 1550 simus
1627 1523 1654 1550 in
1670 1523 1714 1550 in-

925 1571 1008 1599 teritu
1024 1580 1031 1604 ;
1059 1571 1107 1598 sed
1125 1571 1152 1597 in
1167 1570 1279 1598 Christo
1297 1569 1447 1597 induamur
1464 1569 1714 1604 incorruptionem,

925 1618 969 1644 cui
983 1617 1068 1651 gloria
1083 1621 1111 1643 et
1125 1616 1247 1651 potentia
1260 1616 1286 1643 in
1305 1616 1404 1642 srecnla
1421 1615 1594 1642 smculorum.
1617 1615 1714 1642 Amen.

77 1697 866 1706 —v~.—————~——————v———~-———.—.—————_

623 1749 800 1792 LIBER
839 1748 1155 1792 SEPTIMUS.

546 1843 586 1872 DE
605 1843 615 1863 ι
630 1843 644 1864 S
660 1842 732 1868 QUAS
746 1841 897 1863 Ευιῑιιυιιῖτ
913 1841 988 1862 POST
1012 1841 1139 1862 SEXTUM
1158 1840 1250 1861 DIEM.

109 1930 142 1956 Et
157 1931 305 1965 perlectum
327 1929 376 1964 fuit
392 1929 486 1956 caelum
509 1933 532 1955 et
547 1932 620 1955 terra
633 1934 656 1954 et
672 1930 810 1955 uniuersus
829 1937 871 1954 ον-
885 1935 905 1962 c
923 1928 1061 1959 volucr-‘5,
1075 1933 1103 1955 et
1120 1935 1181 1962 quae
1207 1928 1233 1954 in
1256 1927 1298 1954 eis
1323 1927 1394 1955 facta
1408 1932 1451 1955 est
1479 1928 1714 1956 benedictionem.

77 1980 153 2002 natus
166 1983 271 2005 eorum.
285 1979 310 2001 et
323 1975 430 2010 perfecit
444 1974 513 2001 Deus
526 1976 553 2000 in
566 1975 607 2000 die
621 1978 694 2000 serto
713 1982 794 2008 opera
812 1982 870 2009 qua:

75 2022 144 2055 fecit,
164 2025 188 2047 et
203 2021 302 2056 quievit
315 2021 356 2047 die
368 2021 478 2054 septimo
496 2020 528 2047 ab
545 2019 665 2046 omnibus
679 2020 798 2055 operibus
812 2027 870 2054 quw

74 2067 146 2100 fecit.
163 2067 216 2093 Per
235 2066 294 2093 haec
317 2066 390 2093 enim
415 2065 547 2098 ostendit,
572 2069 601 2092 et
623 2073 674 2092 nos
690 2065 771 2092 docet
796 2065 870 2092 Scri-

76 2117 167 2147 ptura,
186 2111 263 2146 quod
280 2111 404 2146 quaedam
419 2112 472 2139 alia
490 2112 613 2146 posthaec
623 2115 651 2138 et
666 2111 732 2138 fecit
746 2115 773 2138 et.
793 2111 867 2143 facit,

73 2158 146 2185 sicut
158 2162 280 2198 testatur
295 2157 402 2189 dicens,
420 2157 502 2184 Pater
518 2165 590 2183 meus
604 2156 680 2183 modo
691 2160 830 2191 operatur,
844 2160 869 2182 et

73 2212 119 2239 ego
136 2212 244 2238 operor.
261 2203 332 2231 llinc
357 2202 426 2230 moti
442 2203 554 2237 quidam
576 2211 610 2230 ex
626 2201 747 2237 antiquis
760 2201 869 2236 exposi-

73 2251 195 2282 loribus,
212 2257 313 2284 nempe
328 2258 362 2277 ex
375 2257 410 2276 eo
425 2249 499 2284 quod
513 2249 633 2276 dixerint
645 2250 731 2276 Deum
745 2256 868 2276 cessasse

71 2294 118 2321 die
134 2295 267 2329 septimo.
286 2298 517 2328 prmoccuparunt
540 2293 633 2320 dicere
646 2293 719 2328 quod
747 2292 868 2320 ostendit

71 2341 132 2367 {ore
148 2345 179 2368 ut
197 2340 224 2367 in
242 2340 361 2374 septimo
377 2340 478 2367 saeculo
492 2340 556 2374 (hoc
572 2343 625 2372 est,
644 2339 671 2366 in
686 2339 804 2374 septimo
817 2347 866 2365 an-

70 2393 173 2413 norum
202 2377 369 2420 millenario)
394 2385 441 2412 ﬁat
466 2385 563 2412 mundi
579 2385 783 2412 consummatio
804 2393 811 2410 ε
837 2385 865 2411 In

70 2431 203 2466 singulis,
219 2431 321 2465 inquit,
335 2431 436 2458 diebus
444 2431 595 2458 creationis
614 2431 680 2458 fecit
691 2438 786 2465 opera,
803 2430 865 2457 die-

70 2484 132 2503 rum
147 2468 374 2510 numerolparia:
395 2483 496 2511 nempe
517 2476 544 2503 in
573 2475 666 2510 primo
681 2475 794 2510 quidem
820 2475 865 2502 die

70 2527 134 2557 post
151 2522 293 2556 simplicia
311 2522 448 2548 elementa
459 2541 466 2553 ,
485 2529 555 2556 opus
567 2530 651 2548 unum
665 2521 738 2556 quod
751 2526 794 2548 est
807 2521 864 2548 lux.

69 2567 101 2594 In
115 2568 243 2595 secundo
260 2572 365 2598 autent,
383 2567 440 2595 duo
463 2576 469 2593 :
485 2575 584 2602 nempe
608 2567 825 2598 ﬁrmamentum,
837 2570 865 2592 et

68 2613 239 2640 divisionem
258 2621 394 2647 aquarum
421 2617 475 2639 tam
501 2621 563 2648 quae
580 2617 646 2642 sunt
669 2620 764 2647 supra,
780 2620 862 2647 quam
883 2604 904 2629 Ῐ)

67 2667 130 2693 qu:e
145 2659 229 2685 infra.
244 2658 339 2685 Tertio
355 2659 413 2690 die,
427 2659 479 2685 tria
494 2667 500 2685 :
519 2659 761 2694 congregationem
775 2666 864 2693 aquae,

67 2710 97 2730 et
111 2710 193 2731 terra:
207 2704 407 2736 detectiouem,
424 2709 451 2731 et
468 2705 610 2732 fructuum
626 2713 660 2732 ex
679 2712 711 2732 ea
726 2704 866 2740 germina-

69 2750 187 2776 tiouetn.
201 2749 317 2782 Quarto,
339 2755 460 2785 quatuor
481 2759 486 2776 :
504 2751 609 2782 stellas,
637 2751 811 2782 etsolem,et
825 2750 868 2776 lu-

67 2801 145 2823 nam.
160 2797 190 2820 et
201 2801 300 2821 eorum
318 2795 484 2829 posituram.
498 2795 612 2828 Quinto,
629 2803 726 2822 rursus
742 2795 866 2830 quinque

66 2848 172 2874 opera.
186 2848 287 2873 nempe
300 2840 423 2875 quinque
432 2848 541 2872 sensus,
554 2846 581 2868 et
591 2841 681 2876 pisces
691 2846 718 2868 et
727 2842 864 2877 jumenta,

105 2908 143 2942 (l)
159 2907 262 2937 Grabe.
275 2906 397 2943 Spicileg.
413 2908 477 2940 LII,
494 2916 521 2942 p.
536 2907 599 2934 246.

219 2955 357 2983 ΡΑτιιοι.
380 2954 437 2983 Gn.
461 2954 639 2984 LXXXIX.

923 1973 1006 2001 Sexto
1017 1973 1074 2004 die,
1091 1981 1138 2000 sex
1161 1981 1241 2007 :quze
1263 1978 1338 2005 sunt,
1354 1981 1387 2000 ex
1417 1979 1489 2001 terra
1506 1974 1668 2005 animantia.
1685 1981 1714 2003 οι

923 2019 1006 2045 homo
1018 2023 1046 2045 et
1060 2018 1171 2048 femina.
1189 2022 1216 2045 et
1234 2027 1295 2052 qua:
1308 2023 1351 2045 est
1365 2019 1390 2045 ei
1406 2019 1529 2046 exhibita
1540 2020 1712 2051 benedictio.

921 2068 1017 2098 etquae
1029 2063 1082 2090 fuit
1099 2064 1139 2090 eis
1152 2063 1215 2090 data
1226 2068 1357 2098 potestas,
1371 2069 1399 2090 et
1410 2064 1498 2092 cibus.

957 2110 986 2136 In
998 2110 1042 2137 his
1057 2109 1142 2141 enim,
1167 2110 1296 2144 inquiunt
1321 2111 1506 2144 expositores,
1532 2119 1581 2139 sex
1601 2112 1711 2142 diebus.

920 2154 985 2182 licet
997 2154 1092 2181 ridere
1105 2154 1132 2181 in
1148 2161 1245 2181 eorum
1261 2154 1379 2189 singulis
1397 2156 1583 2190 symbolicum
1599 2157 1711 2192 aliquod

920 2200 1036 2227 evidens
1060 2199 1194 2227 indicium
1221 2207 1312 2227 rerum
1335 2208 1396 2235 quae
1416 2209 1431 2228 a
1454 2201 1509 2229 Deo
1533 2202 1611 2230 facta:
1635 2209 1710 2231 sunt.

924 2246 991 2272 Nam
1016 2246 1045 2272 in
1058 2245 1148 2280 primo
1168 2245 1224 2277 die,
1246 2245 1385 2279 separatio
1404 2246 1474 2273 lucis
1489 2250 1517 2273 ct
1535 2248 1710 2275 tenebrarum

920 2291 1057 2326 signiﬁcat
1082 2291 1156 2317 illam
1187 2291 1392 2324 separationem
1410 2299 1507 2319 eorum
1529 2293 1576 2327 qui
1593 2299 1673 2320 erant
1694 2303 1709 2320 It

920 2338 1020 2364 dextris
1041 2342 1066 2364 et
1084 2337 1199 2364 sinistris
1217 2336 1332 2369 Christi,
1357 2346 1456 2373 nempe
1482 2344 1660 2373 peccatorum
1682 2346 1710 2368 et

917 2384 1075 2417 justorum:
1095 2383 1168 2409 unde
1187 2383 1270 2410 etiam
1286 2384 1312 2410 in
1328 2384 1457 2412 tenebras
1467 2385 1620 2414 exteriores
1631 2387 1710 2421 jubet

920 2429 998 2456 abire
1011 2437 1059 2457 eos
1078 2430 1126 2464 qui
1141 2435 1224 2456 erant
1237 2438 1251 2456 a
1265 2430 1398 2458 sinistris.
1412 2431 1550 2459 Similiter
1569 2438 1597 2460 et
1611 2442 1711 2461 secun-

918 2475 954 2502 do
964 2475 1009 2502 die
1027 2483 1126 2510 aquam
1141 2476 1254 2510 quidem
1268 2475 1273 2480 ”
1286 2476 1385 2510 partim
1402 2477 1430 2504 in
1451 2479 1536 2506 cwlos
1557 2487 1620 2506 eSSe
1646 2481 1697 2506 sub

919 2521 1014 2552 latam,
1029 2521 1129 2555 partim
1141 2525 1234 2548 autem
1244 2529 1343 2548 rursus
1354 2523 1528 2550 amandatam
1539 2523 1566 2550 in
1581 2524 1709 2551 tenebras

919 2567 1028 2602 abyssi;
1049 2567 1131 2595 docet
1150 2575 1201 2594 nos
1217 2576 1278 2602 qua:
1308 2568 1402 2595 futura
1433 2569 1490 2596 sint
1520 2569 1554 2596 de
1569 2570 1653 2604 justis
1680 2575 1708 2598 et

919 2613 1114 2646 peccatoribus
1143 2620 1177 2639 es
1195 2613 1278 2640 nobis
1302 2614 1328 2640 in
1350 2616 1601 2642 consummazione.
1620 2616 1706 2642 Mani-

918 2657 1018 2684 festius
1029 2664 1121 2684 autent
1135 2666 1185 2684 nos
1204 2658 1286 2686 docet
1307 2659 1367 2686 dies
1389 2660 1489 2688 tertius
1515 2661 1649 2688 rationem
1667 2669 1709 2688 re-

919 2704 1114 2736 surrectionis,
1133 2712 1182 2738 per
1204 2705 1257 2731 hoc
1282 2705 1356 2740 quod
1383 2706 1452 2733 dixit
1466 2707 1489 2733 is
1504 2708 1551 2742 qui
1567 2712 1631 2734 tunc
1649 2712 1709 2734 erat

918 2744 1045 2780 Creator,
1064 2755 1160 2784 postea
1172 2756 1264 2777 autem
1278 2751 1389 2779 futurus
1400 2757 1442 2779 est
1452 2753 1536 2787 judex
1548 2763 1551 2777 :
1565 2752 1710 2786 Cattgrcgc-

918 2800 962 2822 tur
974 2804 1043 2830 aqua
1057 2805 1115 2831 qua:
1127 2802 1164 2823 est
1174 2799 1220 2823 sub
1236 2797 1310 2830 cado,
1329 2799 1356 2824 in
1371 2799 1600 2833 congregationem
1614 2805 1707 2829 unam,

919 2841 1073 2876 iujudieio.
1093 2843 1124 2869 Et
1143 2844 1227 2871 tertio
1259 2844 1314 2877 die,
1329 2853 1389 2879 qua:
1407 2849 1450 2871 est
1466 2852 1499 2871 ex
1513 2849 1596 2876 terra,
1616 2843 1709 2871 ιιοτεω

1446 2956 1484 2985 30
