1980 3239
265 218 316 247 {‘31)

864 216 894 244 S.
913 214 1113 244 ANAbTASll
1134 214 1295 243 SlNAle-Z

1848 215 1898 247 940

265 276 292 298 rt
308 270 439 297 arborum
456 269 623 304 germinatio
643 277 674 295 ae
698 268 855 304 productio,
869 267 994 294 ostendit
1013 275 1055 293 rc-
1073 273 1093 298 Α
1110 274 1162 294 1.0"
1181 268 1270 294 solum
1293 267 1326 294 de
1352 267 1495 294 vocatione
1509 267 1650 299 Gentium,
1679 268 1728 294 sed
1757 269 1842 296 etiam
1865 270 1899 298 dc

264 315 480 343 surrectionem.
507 315 652 348 Quomodo
688 317 772 342 etiam
801 314 904 340 clamat
935 312 1052 339 Paulus:

263 363 342 390 'l'unc
358 362 432 388 enim
454 361 562 389 fructus
575 368 691 396 operum
716 365 744 388 ct
764 360 902 387 factorum
922 359 1056 386 uniuscu—

261 410 362 443 jusque
387 415 450 435 cum
467 408 509 435 cis
523 411 618 442 surget
636 415 650 434 e
675 411 758 434 terra.
777 405 854 439 Quod
881 410 973 432 autem
988 405 1057 432 dicit

263 454 403 485 Christus,
419 453 492 493 quod
505 454 532 480 in
543 453 733 479 resurrectione
749 451 885 493 fulgebunt
905 452 973 487 justi
997 456 1056 478 tun-

264 509 344 535 quam
363 500 403 526 sol
420 489 455 530 ⁸⁵.
473 499 658 526 ascendentes
670 499 697 526 in
711 489 785 526 nulie
799 498 833 526 ad
849 499 946 530 coslos,
962 502 1055 533 aperte

265 546 483 574 ostenditetiam
507 549 623 580 quartus
638 544 698 572 dies
716 553 765 580 per
794 553 856 572 eam
884 552 966 579 quam
983 544 1057 570 Deus

265 593 292 619 in
314 592 373 626 ipsa
388 591 454 618 fecit
470 590 525 618 diei
542 598 557 617 a
574 595 653 617 nocte
665 592 852 625 separatione.
868 590 922 618 Sed
939 594 966 617 et
981 589 1056 624 qttod

264 646 278 664 a
300 637 356 664 Deo
374 637 479 663 dictum
499 640 541 663 est
556 636 583 663 in
595 637 693 670 quinto
715 636 778 664 die:
800 636 954 662 Producant
981 643 1058 670 aqua!

266 682 372 717 reptilia
394 682 548 708 animarum
572 682 724 713 viventium,
750 685 774 707 et
796 680 915 708 volucre:
938 680 1057 707 volantes

263 736 341 763 super
354 732 467 758 terram,
481 726 631 753 admodum
647 727 772 761 apposite
791 726 818 753 id
834 726 921 760 magis
932 726 1058 753 videmus

265 773 322 799 ﬁeri
337 773 364 799 in
390 772 599 799 resurrectione
629 777 814 803 mortuorttm,
839 772 952 806 quando
975 772 993 798 ii
1011 772 1059 806 qui

263 817 413 853 aliquando
436 817 464 844 in
485 817 554 843 mari
569 817 680 843 fuerant
702 817 829 844 sulfocati
850 822 877 843 et
895 817 1020 843 devorati
1043 825 1060 844 a

263 864 396 899 piscibus,
409 862 705 897 resurgunthabcntes
718 862 825 889 animas
835 863 962 890 viventes
975 867 1001 889 et
1013 862 1060 891 im.

263 909 391 937 mortalia
402 916 518 943 corpora
529 916 576 935 :ex
589 908 692 942 quibus
707 908 754 934 alii
771 908 884 942 quidem
902 908 971 936 ﬁunt
981 909 1060 935 volu-

1106 313 1182 340 exitu
1207 321 1222 339 e
1244 313 1356 343 mundo.
1381 317 1410 340 et
1434 313 1560 347 ingressu
1583 321 1711 346 supernae
1724 314 1898 342 Jerusalem:

1106 358 1236 392 quoniam
1251 357 1350 384 rubum
1368 362 1395 384 ct
1410 358 1555 392 ignescens
1571 367 1644 386 mare
1659 359 1729 393 ignis
1745 360 1899 394 fluviatilis,

1110 410 1207 430 omnes
1221 403 1369 429 transimus
1385 402 1443 429 veri
1459 403 1599 437 spiritales
1613 403 1758 431 lsraclitie:
1773 406 1820 439 qui
1835 414 1901 433 vero

1111 448 1191 475 factis
1218 449 1364 476 imitanttlr
1391 448 1544 484 Egyptios,
1572 450 1634 484 igne
1666 450 1897 486 submerguntur.

1108 495 1198 522 [labes
1223 496 1308 522 etiam
1341 495 1489 522 dimidium
1531 495 1621 530 quinti
1657 496 1713 522 diei
1734 506 1739 523 ι
1763 505 1807 524 res
1825 499 1900 524 enim

1107 548 1169 575 qua:
1191 545 1260 569 sunt
1280 541 1306 567 in
1334 541 1456 572 sateulo,
1474 545 1540 568 sunt
1565 541 1734 576 exemplaria
1760 543 1902 569 constitu-

1110 587 1193 614 tionis
1216 595 1343 622 supernm
1366 587 1530 619 Jerusalem,
1558 587 1604 614 ubi
1628 588 1655 614 in
1679 587 1777 614 Sancta
1791 593 1903 615 sancto-

1111 642 1171 660 rum
1187 634 1291 660 introiit
1317 634 1351 660 “.
1370 634 1530 660 Prmcursor
1553 633 1691 664 Christus,
1723 642 1804 669 quem
1823 636 1903 669 prius

1110 679 1257 714 descripsit
1273 688 1304 706 ac
1317 680 1502 715 pneﬁguravit
1523 688 1586 707 arca
1611 682 1744 716 templum
1764 682 1902 717 ingressa,

1111 725 1222 759 quando
1233 725 1348 751 cltorutn
1363 725 1442 752 duxit
1460 730 1489 752 et
1507 726 1617 752 saltavit
1645 727 1670 753 in
1688 731 1782 762 typum
1797 728 1903 754 Christi

1112 771 1196 797 David
1223 771 1375 798 exsultans.
1403 771 1539 804 Quoniam
1564 781 1625 806 quae
1650 774 1770 808 perierat
1792 774 1903 801 ratione

1111 816 1225 850 praedita
1240 816 1359 843 hominis
1374 824 1448 849 arca,
1468 818 1496 844 in
1511 818 1607 853 primis
1636 820 1788 853 repositum
1813 819 1905 847 fuerat

1113 861 1162 888 Dei
1177 861 1396 894 Testamentum,
1411 868 1453 890 est
1478 864 1589 890 inventa
1614 869 1641 891 et
1655 865 1771 891 liberata
1790 873 1804 892 a
1824 865 1905 891 mali-

1111 907 1172 942 gnis
1185 908 1348 943 alienigenis
1356 909 1401 944 qui
1414 917 1475 936 eam
1485 910 1649 945 redegerunt
1662 911 1688 938 in
1701 912 1902 946 captivitatem.

263 964 326 983 crcs
337 955 364 982 in
375 955 477 982 coelum
492 953 626 980 volantes.
636 954 665 980 In
679 953 724 980 die
743 959 835 981 autem
851 959 930 981 sexto
940 955 986 981 alii
998 955 1060 989 qui-
1078 941 1097 967 Β
1114 953 1176 980 Habe
1193 959 1284 980 autem
1296 955 1386 981 omnia
1399 963 1460 990 quae
1478 955 1552 982 dicta
1573 961 1637 983 sunt
1660 957 1783 991 quinque
1799 957 1902 983 indicia

262 1002 324 1029 dem
334 1001 465 1028 dixerunt
476 1000 598 1027 hominis
609 1008 623 1027 e
635 1004 706 1027 terra
715 1000 909 1027 formationem
919 1009 979 1028 esse
988 1009 1060 1037 sym-

262 1047 355 1074 bolum
379 1045 593 1073 resurrectionis
621 1049 795 1072 martuorum
819 1054 967 1080 corporum
989 1056 995 1072 :
1014 1047 1060 1074 alii

261 1098 354 1121 autem
372 1091 594 1127 procreationem
615 1091 787 1119 diversarum
802 1092 1059 1124 bestiarum,etvo-

263 1141 382 1170 lucrum,
393 1142 420 1165 et
430 1138 887 1173 quadrupedum,etjumentorum
898 1147 905 1170 ;
916 1139 1059 1173 reptiliaet

264 1185 376 1216 bestias,
387 1188 414 1211 et
429 1184 567 1215 dicentes,
581 1184 682 1219 impios
696 1184 815 1218 gentiles
840 1194 846 1210 :
861 1185 1058 1219 quadrupedes

262 1235 357 1257 autent
371 1233 399 1256 ct
412 1229 539 1264 jtuncnta
553 1237 615 1264 qua:
633 1234 700 1255 sunt
726 1229 840 1264 quidem
864 1229 1006 1256 immunda
1030 1233 1057 1255 et

261 1275 295 1301 ad
323 1281 402 1302 esum
421 1281 476 1300 non
492 1278 577 1308 apta,
593 1281 691 1300 eorum
716 1274 762 1308 qui
789 1274 841 1301 ﬁde
869 1274 966 1300 vivunt
994 1282 1056 1301 cum

262 1324 376 1355 peccato
397 1328 403 1334 ’
429 1319 532 1346 munda
557 1325 649 1347 autem
679 1320 782 1347 habere
821 1320 936 1355 ﬁguram
968 1320 1058 1355 justo-

262 1375 334 1394 rum.

299 1412 357 1443 llis,
381 1411 511 1447 inquiunt
540 1413 719 1447 interpretes,
743 1412 785 1439 sic
812 1420 843 1441 se
878 1411 1056 1445 habentibus,

264 1464 352 1487 restat
364 1459 480 1487 omnino
493 1459 642 1485 dicendum
661 1458 695 1485 de
713 1458 757 1485 die
782 1458 913 1493 septimo,
933 1459 1007 1494 quod
1034 1459 1058 1486 is

264 1505 384 1533 latenter
399 1506 548 1532 etoccultc
575 1505 657 1532 faciat
682 1504 808 1531 futurum
830 1513 958 1539 regnum.
989 1505 1056 1532 Nam

263 1549 405 1584 quomodo
422 1549 449 1576 in
475 1549 593 1584 singulis
606 1549 706 1576 diebus
731 1549 915 1584 hebdomadis
929 1558 976 1576 sex
996 1550 1056 1577 die-

1113 999 1141 1025 in
1160 999 1284 1034 quinque
1304 1001 1475 1028 meridiebus
1496 1002 1618 1036 quinque
1635 1002 1741 1029 diertun
1757 1010 1806 1028 seu
1826 1002 1904 1028 miile

1112 1053 1247 1071 annorum
1265 1046 1437 1077 sa:culi,non
1460 1047 1549 1074 solum
1564 1052 1629 1074 sunt
1651 1048 1773 1083 symbolo
1803 1048 1903 1075 mundi

1112 1091 1301 1118 translationis
1315 1091 1347 1117 ad
1366 1092 1474 1123 melius,
1487 1096 1514 1119 et
1538 1093 1775 1128 incorruptionem
1804 1094 1905 1120 interi-

1112 1140 1210 1169 tusque
1230 1136 1432 1162 remotionem:
1449 1136 1496 1163 sed
1510 1138 1593 1164 etiam
1617 1138 1703 1172 ipsius
1722 1137 1828 1164 Christi
1855 1146 1905 1172 ap-

1110 1180 1256 1214 paritionis
1284 1180 1459 1215 hominisque
1485 1183 1672 1216 susceptionis
1699 1187 1726 1210 et
1751 1183 1903 1210 Ecclesim.

1110 1225 1223 1253 Meridie
1240 1226 1315 1253 enim
1331 1231 1359 1253 et
1373 1235 1488 1262 vespere
1511 1229 1581 1254 sexti
1600 1228 1666 1260 dici,
1682 1236 1730 1254 seu
1749 1228 1905 1262 quinquies

1111 1271 1259 1298 millesimo
1275 1276 1303 1298 et
1315 1271 1540 1306 quingentesimo
1556 1281 1628 1299 anno
1640 1273 1799 1300 incarnatus
1817 1281 1905 1307 appa—

1110 1317 1166 1344 ruit
1181 1326 1187 1343 2
1205 1317 1431 1351 quandoquidem
1448 1318 1482 1344 ad
1499 1326 1642 1352 vesperam
1660 1319 1729 1345 sexti
1747 1318 1802 1344 diei
1817 1319 1844 1345 in
1860 1319 1902 1345 sui

1111 1366 1204 1398 typum
1219 1363 1350 1390 formavit
1361 1363 1458 1391 Adam.
1473 1364 1505 1391 Et
1521 1364 1584 1391 ideo
1602 1364 1726 1391 nonnulli
1743 1365 1903 1399 conjecta"-

1110 1413 1150 1435 ter
1163 1408 1292 1435 dixerunt
1325 1409 1398 1443 quod
1414 1417 1529 1444 vespere
1553 1416 1581 1436 et
1603 1410 1718 1436 dimidio
1749 1410 1818 1437 sexti
1846 1411 1901 1437 diei

1112 1453 1140 1480 ﬁt
1161 1455 1339 1486 resurrectio,
1373 1463 1455 1490 quam
1489 1456 1647 1491 signiﬁcant
1675 1464 1722 1483 sex
1743 1455 1899 1490 vespertina

1109 1501 1288 1534 crepuscula;
1307 1500 1393 1535 utqui
1417 1501 1492 1536 digni
1508 1502 1564 1528 sint
1581 1501 1704 1528 hatredes
1722 1501 1797 1534 regni
1814 1501 1900 1527 emto-

1110 1553 1181 1572 rum.
1198 1546 1259 1578 Quo
1275 1546 1398 1580 quidem,
1411 1546 1513 1580 inquit,
1535 1548 1653 1582 septimo
1668 1547 1723 1578 die,
1739 1552 1900 1573 extremum

264 1604 338 1628 rum,
350 1595 403 1622 fuit
414 1595 527 1630 aliquod
540 1597 648 1630 signum
664 1596 890 1627 resurrectionis,
904 1601 931 1624 et
946 1596 1054 1629 mundi,
1069 1607 1091 1635 ο
1109 1592 1232 1618 omnium
1244 1599 1305 1626 (tum
1319 1592 1435 1624 creavit,
1453 1592 1631 1620 ilictfabiliter
1646 1597 1673 1620 et
1696 1593 1812 1627 mystice
1831 1600 1900 1619 cun-

263 1647 292 1669 ct
309 1642 452 1669 hominum
470 1641 679 1676 generationis;
699 1641 735 1668 ita
747 1641 831 1668 etiam
843 1641 869 1668 in
885 1649 1051 1676 unoquoque

265 1687 420 1715 millenario
446 1695 495 1713 sex
529 1686 646 1713 millium
676 1693 811 1712 annorum
838 1687 1055 1720 praeteritorum,

265 1733 317 1759 fuit
335 1732 447 1767 aliquod
465 1732 622 1767 symbolum
641 1736 669 1758 et
687 1736 770 1766 typus
792 1733 1005 1760 resurrectionis
1029 1737 1057 1760 et

265 1778 400 1805 transitus
415 1781 550 1804 creatura:
567 1777 602 1804 ad
629 1776 656 1803 id
669 1777 742 1811 quod
754 1781 796 1804 est
814 1777 931 1807 melius,
957 1786 1056 1812 nempe

266 1822 298 1849 ad
313 1821 553 1856 incorruptionem
571 1827 602 1853 ct
613 1821 744 1848 interitus
753 1822 934 1848 emotionem.
949 1822 1057 1849 Ducen-

266 1868 364 1896 lcsimo
397 1867 510 1902 quidem
539 1872 567 1894 ct
600 1867 743 1894 tricesimo
771 1875 845 1894 anno
874 1867 956 1902 primi
983 1868 1056 1901 diei,

265 1914 376 1950 genitus
406 1913 472 1940 Seth
503 1913 560 1948 (qui
590 1913 790 1947 interpretatur
831 1914 942 1948 positus)
973 1915 1057 1942 habet

265 1959 412 1995 imaginem
426 1963 454 1986 et
480 1959 694 1986 similitudinth
716 1967 799 1993 quam
818 1959 852 1986 ab
874 1959 979 1987 initioa
1001 1961 1056 1988 Deo

265 2012 408 2041 acceptam
421 2005 509 2033 Adam
535 2005 697 2032 obscuravit
719 2013 770 2040 per
793 2007 1055 2041 transgressionem,

266 2056 296 2078 ut
311 2059 408 2077 sumus
429 2050 518 2076 fusius
541 2048 683 2076 ostensuri
701 2057 764 2076 cum
783 2048 920 2076 fuerimus
943 2050 972 2076 in
989 2050 1058 2078 locis

266 2096 313 2131 qui
325 2100 548 2130 consequuntur.
564 2095 710 2122 Millesimo
725 2099 818 2126 autem
833 2095 1056 2129 quingentesimo

266 2149 341 2169 anno
358 2141 402 2175 (ad
413 2147 557 2175 vesperam
572 2139 703 2166 tendente
714 2139 832 2166 meridie
846 2139 952 2173 saeculi)
967 2145 1058 2167 trans-

266 2187 339 2214 latus
353 2190 396 2213 est
411 2186 506 2214 Enoch
523 2186 570 2220 qui
594 2185 646 2212 fuit
659 2184 790 2219 primitiae
807 2189 835 2211 et
856 2185 942 2219 ﬁgura
965 2185 1056 2212 homi-

265 2240 332 2259 num
345 2231 379 2259 ad
393 2232 493 2259 melius
507 2231 696 2258 translationis
711 2235 739 2257 et
755 2230 977 2258 reformationis:
993 2239 1056 2258 nam

266 2279 361 2307 Enoch
379 2279 580 2313 interpretatur
603 2277 750 2304 innovatio.
777 2276 855 2305 Unde
877 2276 997 2311 septimo
1011 2276 1056 2304 die

266 2324 441 2360 signiﬁcante
465 2322 688 2355 translationem,
708 2322 756 2357 qui
783 2322 835 2350 fuit
858 2322 995 2357 septimus
1021 2323 1057 2350 ab

267 2371 383 2401 Adamo,
396 2370 448 2396 fuit
459 2369 621 2396 translatus.
641 2369 687 2396 Bis
704 2368 852 2398 millesimo
867 2373 959 2396 autem
976 2369 1059 2404 quin-

267 2415 421 2449 gentesimo
449 2422 534 2446 anno,
561 2414 636 2449 quod
663 2418 707 2441 est
736 2414 884 2441 ditnidium
907 2415 983 2442 tertii
1001 2415 1057 2443 diei

267 2461 371 2496 satculi,
390 2460 461 2489 facta
471 2465 513 2488 est
526 2459 622 2487 mundi
647 2459 807 2486 reformatio
829 2465 893 2494 post
920 2461 1058 2488 diluvium

230 2499 232 2502 ’
266 2515 316 2543 per
328 2506 395 2534 Noe.
406 2506 474 2533 Nam
483 2506 540 2534 Noe
551 2512 662 2541 quoque
682 2505 882 2540 interpretatur
893 2506 1057 2540 reformatio.

270 2553 403 2580 Similiter
427 2557 455 2579 et
482 2557 523 2579 ter
551 2551 698 2579 millesimo
720 2550 944 2586 quingentesimo
974 2559 1058 2584 anno,

267 2598 342 2632 quod
354 2598 468 2633 quidem
492 2602 535 2625 est
557 2597 703 2624 dimidium
725 2596 816 2631 quarti
840 2596 906 2628 diei,
935 2599 1059 2632 generati

270 2649 335 2672 sunt
347 2645 402 2672 duo
414 2644 521 2679 populi,
537 2643 619 2670 lsrael
637 2647 665 2669 et
681 2642 768 2670 frater
782 2643 853 2678 ejus.
866 2642 945 2676 Quod
965 2644 987 2671 si
1007 2643 1060 2671 hoc

269 2700 324 2721 non
341 2691 465 2719 admittis
480 2691 507 2718 in
524 2691 632 2725 signum
649 2690 875 2721 resurrectionis,
893 2691 965 2718 scias
988 2691 1062 2726 quod

270 2738 368 2766 eodem
386 2741 486 2772 quarto
503 2736 549 2763 dic
563 2743 692 2770 egressus
704 2740 752 2763 cst
777 2736 862 2763 Israel
884 2744 917 2763 ex
933 2736 1062 2772 Egypto,

270 2790 297 2812 et
313 2785 453 2820 ingressus
469 2788 511 2811 est
531 2782 559 2809 in
578 2787 679 2808 terram
706 2783 908 2816 promissionis.
921 2783 1000 2811 Nunc
1015 2791 1064 2811 au-

272 2836 325 2857 mn
341 2830 447 2857 exitum
465 2838 497 2857 cx
508 2828 626 2864 (Egypto
642 2827 864 2863 interpretantur
883 2830 1060 2865 interpretes.

306 2921 328 2936 ¹⁴³
347 2921 511 2952 .\latth.xtn,
528 2920 570 2947 45.
611 2921 631 2935 ⁵¹
649 2919 732 2947 llebr.
750 2928 786 2951 ix,
807 2920 848 2946 l2.

1107 1637 1211 1664 struxit
1235 1638 1307 1664 Deus
1336 1638 1468 1669 Verbum,
1485 1638 1558 1665 sicut
1572 1646 1623 1665 nos
1641 1638 1721 1665 docet
1745 1639 1803 1673 ipse
1828 1638 1899 1665 Deus

1107 1683 1242 1714 Verbum.
1260 1683 1377 1711 dicens:
1395 1683 1496 1713 Venite.
1513 1685 1640 1711 benedicti
1655 1685 1742 1711 Putris
1762 1685 1824 1715 mei,
1843 1692 1899 1710 esse

1108 1729 1225 1755 lueredes
1236 1731 1326 1763 parati
1346 1730 1414 1756 vobis
1428 1731 1502 1764 regni
1523 1739 1538 1757 a
1561 1731 1746 1757 constitutione
1757 1731 1850 1756 mundi
1865 1731 1901 1756 “.

1109 1773 1174 1801 Nam
1185 1775 1326 1809 quomodo
1341 1779 1498 1802 creaturam
1516 1776 1654 1807 condidit,
1673 1781 1738 1803 tunc
1754 1776 1840 1802 etiam
1855 1784 1903 1810 pa—

1111 1823 1183 1849 ravit
1196 1830 1322 1857 regnum.

1143 1866 1199 1892 Hoc
1222 1870 1263 1892 est
1292 1867 1366 1893 enitn
1385 1867 1547 1894 vicesimum
1577 1868 1729 1895 secundum
1747 1868 1794 1895 Dei
1817 1875 1902 1902 opus,

1108 1912 1205 1947 viginti
1229 1913 1302 1939 enim
1329 1912 1384 1940 duo
1398 1921 1482 1948 opera
1504 1914 1603 1940 fecisse
1631 1914 1716 1941 Dctnn
1740 1913 1849 1943 dicunt.
1875 1918 1905 1940 et

1108 1959 1266 1986 Iudaeorum
1280 1959 1539 1987 etChristianorum
1559 1960 1736 1994 interpretes.
1750 1959 1789 1986 Ex
1798 1959 1904 1994 quibus

1109 2004 1220 2039 quidem
1234 2004 1331 2040 viginti
1349 2010 1377 2032 et
1391 2013 1478 2032 unum
1497 2006 1554 2040 jam
1570 2006 1652 2040 paulo
1672 2010 1736 2032 ante
1751 2013 1904 2032 enumera-

1107 2051 1199 2077 vimns
1216 2050 1287 2078 facta
1302 2051 1329 2078 in
1347 2059 1395 2078 sex
1422 2051 1531 2078 diebus.
1547 2052 1715 2078 Vicesimum
1741 2057 1836 2079 autem
1861 2059 1905 2079 sc-

1109 2096 1230 2124 cundum
1252 2101 1294 2123 est
1320 2096 1404 2123 futuri
1431 2096 1524 2123 saeculi
1550 2103 1677 2131 paratum
1711 2103 1840 2131 regnum,
1877 2101 1904 2124 et

1109 2143 1263 2178 spiritualis
1281 2143 1490 2177 contemplatio.
1511 2143 1660 2178 Propterea
1676 2143 1773 2178 viginti
1790 2151 1904 2178 quoque

1109 2189 1220 2216 duobus
1239 2189 1316 2217 libris
1332 2193 1478 2216 enumerat
1492 2196 1574 2215 omne
1602 2189 1689 2215 Vetus
1708 2197 1789 2216 suum
1807 2188 1906 2216 Testa-

1110 2241 1246 2263 mentum.
1263 2235 1318 2263 Sed
1332 2243 1422 2270 neque
1440 2236 1518 2262 novit
1530 2235 1723 2270 quamobrem,
1744 2243 1837 2269 neque
1853 2235 1905 2262 St‘ll

1075 2293 1096 2319 τ)
1113 2281 1275 2317 mysterium
1293 2281 1419 2308 vicesimi
1435 2281 1550 2308 secundi
1567 2281 1687 2308 numeri.
1711 2281 1806 2315 Neque
1829 2281 1905 2316 cogi-

1111 2333 1150 2355 tat
1176 2327 1250 2362 quod
1269 2327 1419 2355 vicesimus
1441 2327 1554 2363 quidem
1579 2335 1713 2355 numerus
1735 2331 1846 2355 constat
1873 2336 1905 2354 ex

1111 2373 1220 2400 duobus
1235 2373 1366 2408 perfectis
1377 2375 1502 2401 numeris
1520 2382 1568 2401 seu
1595 2374 1728 2406 denariis,
1743 2374 1905 2408 signiﬁcans

1110 2419 1251 2447 Christum
1269 2426 1302 2446 ex
1323 2419 1434 2447 duobus
1451 2420 1581 2455 perfectis
1602 2419 1788 2455 compositum
1803 2420 1848 2454 (ex
1865 2420 1906 2446 di-

1111 2465 1238 2496 vinitate.
1253 2465 1376 2500 inquam,
1402 2470 1430 2492 et
1450 2466 1632 2500 humanitate)
1652 2465 1708 2493 duo
1737 2470 1905 2494 testamenta

1113 2512 1272 2547 scripsisse;
1307 2513 1468 2545 Mosaicum,
1498 2513 1628 2548 inquam,
1663 2512 1851 2547 Dccalogum,
1879 2517 1906 2538 et

1114 2558 1304 2593 Evangelium.
1320 2558 1365 2585 Sic
1373 2559 1447 2586 enim
1457 2559 1587 2593 impletur
1598 2557 1748 2585 vicesimus
1761 2556 1905 2584 secundus

1115 2612 1249 2631 numerus
1262 2613 1295 2631 ex
1313 2604 1424 2632 duobus
1437 2606 1578 2640 deealogis
1591 2610 1617 2631 et
1633 2605 1744 2631 duabus
1764 2605 1904 2631 essentiis.

1114 2659 1213 2686 nempe
1225 2651 1372 2679 divinitate
1392 2657 1420 2680 et
1435 2650 1619 2679 humanitate.
1643 2651 1780 2684 Quoniam
1811 2656 1905 2677 autent

1113 2696 1196 2731 88⁵1
1218 2698 1347 2731 pervenit
1361 2698 1450 2724 oratio
1466 2697 1499 2724 ad
1517 2705 1548 2723 ea
1572 2705 1634 2733 quze
1650 2701 1715 2724 sunt
1732 2695 1852 2723 dicenda
1873 2696 1907 2721 de

1113 2742 1208 2776 quiete
1226 2747 1252 2769 et
1265 2743 1508 2770 consummatione
1537 2743 1648 2776 septimi
1673 2742 1741 2773 dici,
1769 2750 1827 2768 non
1852 2741 1903 2767 erit

1113 2787 1246 2818 alienum,
1261 2788 1283 2814 si
1298 2789 1405 2823 aliquas
1418 2788 1521 2816 Christi
1536 2796 1619 2815 voces
1632 2796 1700 2823 quas
1711 2788 1780 2814 dixit
1793 2787 1828 2814 de
1838 2795 1906 2814 con-

1111 2835 1312 2866 summatione,
1328 2835 1354 2861 in
1370 2835 1492 2862 medium
1520 2834 1704 2862 adducamus.
1723 2834 1790 2861 Nam
1812 2835 1840 2860 in
1859 2841 1903 2868 pa-

889 2921 910 2935 “
924 2920 1019 2948 Matth.
1040 2930 1102 2954 μιν,
1117 2923 1158 2949 5i.
