1980 3239
124 228 176 264 945

677 235 716 266 ΙΝ
739 235 1058 266 ΠΕΧΑΕΜΕΚΟΝ.--
1071 237 1143 267 LlB.
1166 237 1230 267 Vll.

1709 238 1762 270 9ἱῦ

123 292 284 316 vesceretur
300 290 402 321 homo;
419 289 472 316 alia
489 294 579 316 autem
596 291 662 323 duo,
677 293 795 319 alterum
806 293 918 327 quidem
936 295 955 321 Α
971 299 1134 325 excessum;
1150 292 1253 320 Christi
1275 298 1402 326 saperent
1421 290 1447 317 in
1468 299 1550 318 cruce
1563 312 1569 324 ,
1583 292 1655 319 latus
1676 293 1764 320 nuda-

124 335 228 368 lignum
245 334 318 366 vitze,
344 335 461 362 alterunt
486 341 577 363 autent
607 337 712 372 lignum
735 340 921 374 cognoscendi

125 381 229 408 bonum
253 385 281 407 ct
301 382 422 408 malum:
451 388 597 417 propterea
627 385 676 411 tria
704 394 815 420 quoque
848 387 922 421 ligna

125 426 232 453 conlixa
246 432 312 453 sunt
325 427 351 454 in
362 427 443 454 horto
458 428 592 464 Golgotlta
605 439 652 457 seu
671 431 818 462 Calvariic;
837 441 921 459 unutn

125 472 238 506 quidem
260 473 363 507 lignum
387 474 502 501 latronis
519 476 565 509 qui
589 477 639 502 fuit
662 482 799 510 servatus,
823 483 852 504 ut
873 486 923 512 per

126 519 214 553 ipsum
228 520 413 553 percipiamus
429 529 482 547 non
499 521 668 549 difﬂuentem
684 523 803 550 frnetunt
817 525 925 551 theolo-

127 565 187 599 giie,
205 565 277 591 sicut
294 565 339 591 ille
357 567 526 600 paradisum,
537 572 564 594 ct
584 576 617 595 eo
631 575 774 596 vescentes
787 571 921 602 laetemur,

127 618 182 637 nott
212 612 297 638 semel
326 612 373 638 sed
401 620 511 647 semper
532 622 595 640 cum
628 615 816 643 eomedcntes.
849 617 922 643 Crux

127 656 230 682 Christi
248 661 290 683 cst
309 657 413 691 lignum
436 658 508 690 vitae,
533 658 559 684 in
580 667 634 693 quo
650 659 676 686 in
698 660 782 686 altum
798 661 924 688 sublatus

128 700 181 727 fuit
202 701 299 728 ltolrus
319 708 456 734 tnaturus,
478 708 506 730 ct
524 704 579 730 vita
601 709 695 731 nostra
711 710 775 732 ante
791 713 842 732 nos
864 706 921 732 visa

128 751 170 773 est
182 754 328 780 suspensa,
345 749 424 782 cujus
441 749 544 775 virtute
559 750 639 776 multi
663 751 746 778 etiam
767 759 801 778 ex
822 759 922 778 monu-

129 793 241 824 mentis,
267 793 408 826 vivificati,
437 798 501 822 sunt
530 796 653 823 excitati.
680 796 797 832 Lignum
829 803 922 825 autent

130 839 316 873 cognoscendi
335 839 438 867 bonum
456 845 484 868 et
501 841 613 873 malum,
630 842 681 869 fuit
702 850 770 870 crux
794 843 923 878 blasphe-

130 884 242 914 mantis,
265 893 327 919 qua:
349 885 376 912 in
393 886 495 913 bonum
520 888 631 923 quidem
655 889 694 916 illi
710 888 761 916 ﬁxa
782 890 884 922 fuerat,
899 891 921 917 si

130 928 280 962 voluisset;
301 930 327 957 in
343 932 445 958 malum
461 938 552 960 autern
568 934 606 960 illi
629 934 723 966 cessit,
739 942 802 962 cum
819 940 921 963 tetnere

131 974 166 1000 ab
179 975 288 1010 ingrato
311 977 403 1003 anittto
427 977 547 1012 linguam
567 980 747 1012 extendisset,
770 985 797 1007 et
812 989 862 1015 pro
876 982 922 1008 Dei

134 1019 291 1047 laudatione
321 1021 408 1048 Deum
441 1022 671 1057 blasphemasset,
690 1031 718 1052 et
757 1026 924 1054 comedisset

133 1068 249 1091 mortem
263 1065 296 1092 ad
318 1066 472 1094 interitum.
491 1068 558 1095 Tres
576 1070 615 1096 rei
632 1076 784 1104 peccarunt
804 1073 830 1098 in
844 1080 925 1106 para-

134 1109 204 1140 diso.
227 1109 324 1141 Adam,
346 1116 373 1141 et
395 1111 460 1142 Eva.
486 1117 514 1140 et
537 1121 660 1148 serpens,
685 1123 719 1141 ex
744 1116 846 1150 quibus
869 1117 925 1144 duo

133 1155 245 1188 quidem
261 1161 325 1182 sunt
339 1158 452 1190 servati,
469 1167 539 1186 unus
553 1164 644 1186 autem
663 1161 756 1194 periit.
804 1162 873 1189 Cum
888 1163 926 1190 ita

134 1207 282 1235 propterea
299 1206 354 1230 tres
368 1203 407 1230 rei
421 1204 574 1238 penderent
593 1205 621 1232 in
640 1206 765 1234 Calvaria
784 1208 928 1242 (nomina-

135 1247 218 1274 batur
251 1249 324 1275 enim
350 1249 433 1276 etiam
465 1250 610 1284 Dominus,
647 1255 926 1287 percatum”.etiamsi

135 1298 250 1327 propter
264 1294 355 1328 ipsum
373 1303 428 1321 non
446 1300 520 1323 esset
532 1304 597 1324 reus
616 1305 648 1324 ac
668 1298 880 1332 condemnatus,
899 1306 928 1328 et

135 1346 198 1365 cum
222 1347 275 1366 tton
300 1345 384 1372 esset,
406 1341 494 1368 solunt
515 1342 631 1369 haberet
651 1343 726 1377 quod
750 1344 925 1381 diceretur),

137 1392 210 1412 unus
238 1385 308 1412 latro
331 1387 465 1421 ingratus,
489 1395 552 1415 cum
577 1393 652 1415 esset
673 1393 752 1424 typus
775 1390 878 1419 diaboli
902 1397 929 1419 et

135 1432 275 1465 serpentis
289 1437 316 1459 et
332 1433 410 1460 Iudae
429 1434 476 1468 qui
492 1442 520 1461 se
539 1434 651 1469 inligno
665 1437 820 1469 sull'ocavit,
835 1438 927 1472 periit.

136 1477 204 1504 Nam
223 1479 364 1512 quomodo
391 1479 525 1514 scriptum
549 1485 592 1508 est
614 1482 688 1516 quod
710 1482 774 1510 dolo
796 1484 929 1519 deceptus

136 1528 181 1550 est
192 1524 289 1553 Adam.
301 1525 339 1552 ita
353 1525 435 1552 etiant
448 1526 535 1553 Judas
551 1528 646 1554 osculo
663 1532 690 1555 et
706 1529 769 1556 dolo
785 1530 847 1557 fecit
863 1540 929 1566 pro-

137 1570 273 1597 ditionem
291 1579 298 1597 :
314 1575 342 1598 et
359 1573 498 1605 quomodo
514 1573 619 1601 dictum
639 1580 680 1602 cst
705 1577 777 1611 quod
802 1578 930 1607 diabolus

974 342 1031 364 tum
1059 338 1092 365 ad
1119 337 1360 370 vulnerationem;
1388 337 1567 364 nudationem
1598 343 1660 372 post
1688 347 1765 366 esum

973 383 1081 415 Adami,
1097 389 1125 410 et
1138 383 1317 410 nudationem
1333 387 1395 417 post
1414 391 1521 410 cantant
1537 383 1639 410 Christi
1654 393 1660 410 :
1678 390 1766 412 vestes

973 430 1046 456 enim
1066 429 1354 464 exuit;proditionem
1375 436 1424 463 per
1441 433 1609 462 serpentem,
1634 433 1662 455 ct
1675 431 1769 464 prodi-

974 476 1078 501 tionem
1099 483 1147 509 per
1163 475 1249 501 lilium
1262 473 1365 509 vipera:
1383 473 1565 508 discipulum;
1584 482 1724 508 vesperam
1740 475 1766 502 in

973 528 1027 555 qua
1043 528 1071 547 se
1087 519 1261 547 abscondunt
1285 527 1300 546 a
1316 520 1372 546 Deo
1387 519 1560 553 protoplasti,
1574 523 1601 545 et
1625 527 1767 554 vesperam

974 567 1001 593 in
1026 575 1078 600 qua
1108 566 1181 593 Deus
1200 566 1297 592 Adami
1327 570 1410 600 caput
1435 565 1591 592 Calvarium
1613 566 1767 600 subjectum

974 617 1134 639 exsecratur
1150 618 1180 639 ut
1197 612 1266 639 ferat
1288 612 1382 646 spinas
1408 620 1471 638 Cum
1489 611 1610 643 tribulis,
1635 616 1663 638 ct
1675 612 1768 646 spinas

974 659 1002 686 in
1015 659 1105 694 capite
1120 658 1224 686 Christi
1239 667 1247 690 ;
1271 658 1414 685 tristitiam
1438 657 1465 683 in
1485 656 1628 692 pariendis
1652 656 1725 688 ﬁliis,
1742 661 1769 683 et

976 706 1115 732 tristitiam
1140 705 1353 732 conturbautem
1368 703 1473 732 Christi
1492 704 1611 730 animam
1629 711 1711 738 usque
1736 703 1770 729 ad

974 757 1086 779 mortem
1101 752 1124 768 ⁶²
1141 752 1291 783 ;sudorem
1319 751 1382 786 pani
1413 751 1563 778 immistum
1582 757 1644 777 cum
1662 749 1768 779 labore.

974 799 1105 825 sudorem
1130 802 1260 833 tanquam
1285 805 1397 833 grumos
1411 801 1459 824 aut
1484 800 1578 832 guttas
1607 796 1770 830 sanguinis;

974 844 1162 879 rhomphxeam
1173 844 1364 871 obstruentem
1377 843 1532 878 ingressum
1541 842 1638 873 Edcm,
1646 848 1674 870 et
1682 842 1772 868 rhom-

974 891 1080 925 pltaeam
1095 890 1266 924 aperientem
1282 890 1354 916 latus
1368 888 1490 916 Christi:
1507 889 1563 915 Nec
1589 888 1647 916 hzec
1669 887 1769 918 solum,

974 937 1022 963 sed
1051 936 1134 963 etiam
1157 935 1276 962 duorum
1300 935 1434 969 quasdam
1465 934 1665 962 similitudines
1691 933 1771 960 :illic

975 981 1115 1008 diabolum
1131 986 1158 1008 et
1174 985 1341 1015 serpentem,
1360 980 1405 1006 ltic
1434 979 1552 1006 Pilatum
1568 984 1595 1006 et
1616 979 1769 1014 Caipham;

976 1029 1041 1055 hinc
1058 1032 1086 1055 et
1099 1027 1164 1054 hinc
1176 1027 1311 1054 Adamum
1322 1031 1350 1053 et
1364 1026 1459 1058 Evam,
1474 1030 1502 1052 et
1516 1026 1637 1052 medium
1650 1026 1770 1060 lignum;

975 1080 1003 1102 et
1032 1075 1079 1101 hio
1102 1075 1340 1109 blasphemantem
1368 1073 1435 1100 hinc
1465 1073 1618 1104 latrantem;
1641 1077 1669 1099 et
1695 1072 1770 1098 illim:

976 1122 1072 1153 alium,
1097 1121 1181 1147 Deum
1208 1120 1376 1151 laudantem,
1396 1124 1424 1146 et
1445 1119 1565 1146 medium
1591 1119 1707 1153 lignum,
1723 1118 1770 1145 sed

976 1168 1083 1200 crucis;
1101 1172 1129 1194 et
1154 1167 1347 1194 indumentum
1367 1166 1423 1193 illic
1437 1166 1474 1192 ἴοι
1500 1165 1562 1197 ficu,
1581 1169 1609 1191 et
1625 1165 1668 1191 hic
1681 1164 1772 1191 iindu-

977 1218 1100 1240 utentum
1112 1220 1145 1240 ex
1158 1212 1258 1245 linteo;
1271 1217 1300 1238 et
1311 1216 1377 1238 tunc
1389 1211 1521 1246 quietem,
1535 1216 1563 1238 et
1573 1210 1771 1237 sabbatismum

978 1259 1024 1286 hic
1040 1259 1192 1294 perfectum
1205 1267 1212 1284 :
1224 1258 1293 1285 duas
1304 1258 1377 1284 enim
1392 1257 1500 1291 quietes
1514 1257 1646 1283 docemur
1658 1263 1690 1283 ex
1701 1255 1772 1282 libro

978 1305 1122 1339 proposito
1141 1304 1188 1338 qui
1209 1303 1313 1330 dicitur
1337 1303 1472 1329 Mosaicus
1493 1311 1499 1328 :
1523 1301 1555 1328 Et
1574 1301 1682 1337 perfecit
1703 1301 1772 1327 Deus

978 1351 1005 1377 in
1019 1351 1066 1377 hoc
1077 1350 1119 1376 die
1131 1358 1210 1384 opera
1219 1358 1267 1376 sua
1280 1357 1338 1384 quo:
1352 1349 1422 1383 fecit.
1436 1348 1567 1381 Quaedam
1578 1352 1669 1375 autctn
1681 1355 1773 1374 exem-

979 1396 1065 1431 plaria
1085 1396 1197 1427 habent,
1224 1402 1282 1429 qua:
1304 1395 1365 1429 fecit
1384 1394 1451 1420 Deus
1475 1402 1554 1429 super
1574 1398 1684 1420 terram.
1713 1393 1774 1420 llaec

979 1446 1022 1469 est
1036 1442 1123 1476 prima
1133 1442 1223 1476 quies,
1236 1441 1299 1468 audi
1316 1441 1398 1468 etiam
1411 1440 1572 1467 secundam.
1589 1440 1686 1467 Statim
1700 1440 1772 1466 enim

980 1488 1068 1515 dicit:
1085 1487 1119 1514 Et
1140 1488 1236 1522 quievit
1263 1486 1332 1513 Deus
1351 1488 1379 1513 in
1401 1487 1442 1513 die
1465 1488 1574 1521 septimo
1600 1487 1632 1513 ab
1655 1487 1773 1513 omnibas

980 1534 1098 1569 operibus
1107 1534 1160 1560 suis
1169 1541 1227 1567 (μίαν
1239 1533 1452 1568 fecit;benerlixit
1465 1532 1534 1559 Deus
1548 1533 1614 1559 dimi
1623 1533 1773 1567 sr’plinmm,

981 1585 1005 1607 et
1022 1579 1198 1613 sanctiﬁcavit
1215 1587 1285 1611 cum,
1303 1579 1426 1614 quoniam
1440 1579 1466 1605 in
1479 1587 1508 1604 eo
1525 1579 1623 1612 quierit
1644 1578 1675 1604 ab
1688 1579 1773 1605 σωθῇ

137 1616 278 1662 ingressus
291 1622 332 1644 est
343 1620 554 1652 serpentent,ita
566 1621 648 1648 etiam
661 1623 793 1657 scriptunt
806 1625 928 1660 estquod
944 1634 964 1662 ο
983 1628 1028 1654 bus
1051 1626 1171 1661 operibus
1185 1626 1241 1652 suis
1263 1633 1321 1660 qum
1346 1630 1460 1660 mpera!
1484 1624 1562 1651 Deus.
1579 1624 1606 1650 Si
1621 1632 1686 1658 ergo
1703 1624 1774 1651 Dens

138 1661 196 1695 ipse
213 1662 329 1690 Satanas
344 1663 458 1691 intravit
476 1665 503 1692 in
521 1674 568 1692 cor
583 1667 660 1695 .ltltlal:
672 1668 801 1703 discipuli
815 1670 929 1698 Christi.

139 1707 201 1734 Fuit
230 1714 321 1736 autent
347 1710 497 1745 aliquando
522 1720 633 1748 quoque
661 1714 776 1742 Satanas
800 1716 827 1743 in
852 1718 930 1745 crelis

137 1754 293 1789 discipulus
306 1756 411 1783 Christi
440 1766 503 1785 cum
527 1761 635 1787 caneris
657 1762 761 1789 sanctis
785 1763 931 1798 discipulis

138 1804 219 1834 (cum
233 1803 510 1838 angelicis,inquam,
526 1806 709 1843 Virtutibus);
722 1809 770 1836 sed
787 1815 846 1837 erat
860 1819 931 1839 unus

137 1854 171 1872 ex
186 1847 371 1882 principibus.
396 1849 433 1875 De
448 1857 482 1876 eo
495 1851 570 1878 enim
584 1851 689 1879 dictum
705 1858 766 1880 est:
782 1854 830 1881 Vas
843 1860 931 1883 autent

136 1894 204 1920 sicut
224 1895 342 1922 homines
359 1896 518 1929 moriemini,
539 1902 562 1923 el
580 1903 708 1933 Ian/luam
724 1908 792 1927 unus
807 1902 839 1927 de
855 1903 931 1936 prin-

137 1941 236 1974 cipibus
259 1942 357 1968 cadetis
382 1943 414 1968 ⁵³.
440 1944 623 1976 Quamobrem
643 1945 729 1972 .ludas
746 1955 855 1982 quoque
872 1953 933 1975 erat

139 1994 211 2013 llllUS
226 1994 258 2013 ex
276 1987 392 2014 summis
403 1988 560 2023 discipulis;
588 1989 661 2017 inter
681 1998 751 2024 quos
775 1991 802 2018 ei
819 1999 932 2026 quoque

136 2032 277 2059 creditum
293 2034 358 2060 etin
373 2042 470 2061 manus
481 2035 576 2062 datum
596 2035 687 2062 fuerat
700 2037 881 2072 marsupium.
898 2039 932 2065 Et

137 2085 172 2104 ne
195 2078 291 2105 cadent
307 2079 432 2107 dicamus
448 2089 508 2115 qua:
537 2082 586 2115 (ut
601 2081 705 2109 dictum
729 2083 789 2117 est)
813 2083 932 2112 diximus

137 2125 167 2150 in
183 2124 296 2159 mystica
312 2125 472 2159 passionum
493 2125 596 2153 Christi
621 2127 865 2162 contemplatione,
884 2130 943 2166 qui_

981 1673 1088 1708 quievit
1106 1671 1133 1698 in
1150 1670 1194 1698 die
1213 1670 1331 1705 septimo
1353 1669 1387 1696 ab
1408 1668 1539 1695 omnibus
1568 1668 1699 1702 operibus
1717 1667 1775 1693 suis

981 1728 1042 1755 quae
1059 1719 1133 1750 fecit,
1157 1717 1297 1753 quomodo
1320 1716 1389 1743 dicit
1409 1720 1502 1750 postea
1521 1714 1594 1750 quod
1618 1715 1689 1740 Deus
1709 1714 1774 1740 oriri

982 1767 1042 1802 fecit
1076 1765 1168 1792 adhuc
1199 1772 1230 1791 ea:
1256 1767 1327 1790 terra
1348 1770 1425 1789 onum
1448 1762 1547 1796 lignum
1580 1761 1716 1796 pulchrum
1741 1760 1775 1785 ad

981 1811 1121 1838 videndum
1144 1813 1168 1836 et
1197 1809 1293 1836 bonum
1323 1808 1358 1834 ad
1374 1807 1572 1836 comedendum,
1597 1810 1621 1832 ει
1645 1805 1776 1840 plrmturit

982 1855 1185 1891 pm'adtsum,et
1209 1854 1287 1887 ﬁnxit
1307 1853 1377 1879 Deus
1402 1860 1433 1878 ea:
1465 1857 1537 1878 terra
1562 1859 1653 1878 omnes
1681 1850 1774 1876 bestias

983 1902 1052 1936 agri,
1066 1905 1090 1927 et
1100 1908 1189 1927 omnes
1201 1899 1317 1926 volucres
1334 1898 1411 1925 mali?
1425 1898 1462 1925 De
1475 1897 1585 1924 Christo
1599 1904 1663 1931 ergo
1679 1904 1775 1922 rursus

982 1953 1024 1976 est
1042 1946 1262 1982 intelligendum.
1288 1945 1397 1972 Etenim
1417 1945 1444 1971 in
1459 1949 1537 1972 sexto
1552 1944 1596 1970 die
1622 1943 1727 1978 quievit
1741 1943 1776 1969 ab

982 1993 1112 2020 omnibus
1133 1991 1264 2026 operibus
1290 1991 1348 2018 suis
1374 1998 1434 2024 quae
1458 1990 1525 2017 fecit
1548 1998 1632 2024 super
1654 1994 1774 2020 terram,

983 2046 1064 2065 carne
1079 2045 1129 2072 pro
1148 2037 1229 2063 nobis
1246 2040 1383 2063 mortuus.
1406 2035 1476 2063 Cum
1500 2040 1592 2062 autent
1616 2039 1690 2061 esset
1710 2042 1775 2068 pro-

983 2084 1071 2111 fectus
1086 2083 1119 2110 ad
1136 2081 1305 2117 spiritusqui
1319 2086 1398 2108 erant
1411 2081 1437 2108 in
1457 2089 1571 2108 carcere
1589 2080 1701 2111 inferni,
1721 2080 1777 2107 illic

983 2129 1048 2157 fecit
1065 2129 1157 2156 omnia
1175 2136 1259 2163 opera
1278 2128 1320 2155 sui
1340 2128 1476 2154 adventus
1491 2134 1552 2161 quae
1569 2130 1702 2160 cmperat.
1720 2125 1777 2151 lloe

137 2170 265 2197 studiose
290 2171 407 2198 audiunt
423 2180 487 2199 eum
508 2173 556 2207 qui
579 2173 658 2207 jubet
677 2177 705 2199 et
720 2173 788 2201 dicit
805 2183 811 2200 :
827 2165 955 2202 δεῖ-ιιιιι-1
983 2180 1025 2204 est
1041 2175 1120 2211 quies
1138 2175 1268 2202 secunda.
1292 2174 1378 2207 Quem
1400 2173 1513 2208 quidem
1535 2172 1607 2199 dietn
1628 2173 1776 2207 septimum

137 2216 205 2243 mini
227 2215 422 2251 Scripturas“,
440 2218 578 2252 accipiant
603 2220 631 2244 in
649 2226 746 2246 manus
769 2219 855 2246 libros
870 2221 932 2248 coali

137 2267 166 2290 et
181 2269 271 2295 terrae,
286 2268 312 2290 et
329 2265 412 2290 alium
427 2265 473 2298 qui
491 2264 560 2291 dicit
574 2274 580 2291 :
592 2264 667 2291 Liber
682 2266 859 2300 generationis
869 2266 932 2293 Iesu

985 2223 1034 2258 (ut
1049 2221 1096 2256 qui
1109 2221 1145 2248 sit
1157 2222 1300 2253 creatum)
1319 2219 1448 2247 salutaris
1461 2223 1488 2246 et
1500 2223 1613 2245 sanctus
1624 2218 1775 2249 benedixit,

984 2267 1114 2302 quoniam
1126 2265 1154 2292 in
1166 2273 1199 2293 co
1212 2265 1317 2299 quievit
1333 2265 1368 2292 ab
1382 2264 1511 2291 omnibus
1522 2263 1653 2298 operibus
1667 2261 1776 2290 suian

138 2310 238 2337 Christi
253 2311 285 2342 6‘,
295 2311 430 2338 creatoris
443 2311 505 2338 cotli
521 2317 549 2338 et
563 2315 652 2343 terrae,
670 2315 698 2338 et
716 2312 770 2339 illic
787 2312 933 2347 diligenter
949 2303 972 2332 Ῑ)
985 2321 1018 2340 eo
1032 2312 1102 2339 facta
1114 2316 1157 2339 est
1173 2311 1248 2338 salus
1265 2311 1300 2338 iis
1317 2311 1365 2345 qui
1387 2315 1467 2338 erant
1479 2309 1532 2338 sub
1552 2314 1636 2341 terra,
1656 2309 1727 2335 sicut
1742 2308 1777 2335 iis

140 2360 303 2391 reputantes
321 2365 382 2391 qum
396 2350 428 2383 in
447 2357 498 2385 hoc
524 2358 568 2385 die
584 2358 662 2385 facta:
680 2363 744 2385 sunt
760 2359 787 2385 in
806 2359 933 2393 paradiso

140 2409 264 2438 tempore
286 2404 368 2437 primi
394 2403 502 2436 Adami,
523 2409 551 2431 et
568 2412 629 2438 qua:
651 2405 721 2432 facta
748 2410 813 2432 sunt
839 2406 864 2432 in
888 2406 934 2433 illo

139 2453 218 2476 sexto
247 2449 292 2475 die
315 2450 342 2476 in
366 2449 494 2484 passione
520 2450 633 2477 secundi
659 2450 768 2482 Adami,
795 2451 936 2478 invenient

139 2496 280 2530 sigillatim
292 2500 320 2522 et
334 2496 404 2523 citra
419 2496 558 2524 defectum
573 2497 665 2524 omnia
679 2497 761 2523 simili
780 2497 862 2524 modo
875 2505 936 2526 esse

139 2542 168 2568 in
181 2542 317 2576 utrisque,
350 2542 436 2569 Adam
461 2543 590 2577 primunt,
617 2548 645 2570 et
669 2543 756 2570 Adam
780 2543 932 2570 secundum

139 2587 254 2614 hortum
278 2587 408 2622 paradisi,
439 2592 466 2615 et
482 2588 594 2615 hortum
618 2589 647 2615 in
666 2594 722 2624 quo
744 2593 871 2616 versatus
892 2595 934 2617 est

139 2633 278 2662 Christus.
296 2634 354 2661 Illic
367 2634 595 2666 inohedientiam,
614 2639 642 2662 et
661 2635 706 2662 hic
718 2635 793 2662 auris
806 2641 934 2670 amputa-

141 2679 255 2710 tioncm,
269 2680 342 2706 illaut
355 2680 466 2714 quidem
478 2689 526 2715 per
537 2681 747 2715 protoplastum,
763 2682 832 2708 hanc
842 2686 934 2708 autem

139 2733 191 2758 per
202 2732 265 2751 emn
281 2725 328 2759 qui
348 2729 422 2752 tenet
440 2726 556 2760 primam
574 2727 687 2758 sedem;
703 2726 776 2760 ligna
789 2734 850 2761 qua:
868 2730 934 2753 sunt

141 2769 170 2796 in
185 2770 327 2804 paradiso,
350 2774 379 2796 et
401 2770 474 2804 ligna
488 2779 547 2805 qua:
564 2772 591 2798 in
612 2771 756 2806 Golgotha,
776 2779 823 2798 seu
841 2771 936 2798 Calva-

143 2814 200 2847 ria;
220 2822 297 2841 esum
313 2814 339 2841 in
358 2815 534 2849 paradiso,et
552 2824 630 2843 esum
651 2816 677 2843 in
699 2824 777 2842 omna
795 2816 908 2851 mystica
927 2824 933 2847 ;

142 2859 242 2887 {ultimi
259 2868 387 2894 soporem
398 2860 582 2888 adducentem
602 2862 629 2888 in
647 2863 777 2889 exstasim
795 2866 821 2889 et
835 2863 935 2889 trientis

181 2950 204 2965 ⁵⁸
221 2950 240 2978 ll
253 2951 316 2977 Cor.
336 2959 360 2982 v,
374 2952 418 2978 :Zl.
457 2953 479 2965 ‘“
498 2951 569 2978 Psal.
587 2960 674 2984 LXX“,
689 2952 714 2978 7.

755 2953 776 2967 "°
795 2952 871 2979 .loau.
896 2961 920 2984 v,
936 2952 980 2979 59.

984 2358 1031 2394 qui
1047 2361 1126 2385 erant
1139 2365 1223 2391 super
1240 2361 1351 2384 terram.
1369 2356 1398 2384 In
1412 2364 1445 2384 eo
1460 2355 1570 2391 spoliati
1585 2359 1650 2382 sunt
1665 2354 1776 2381 inferni.

984 2405 1014 2432 In
1030 2412 1063 2431 eo
1080 2403 1215 2431 liberatus
1230 2408 1272 2430 est
1288 2402 1411 2430 Adamus
1437 2410 1470 2429 ex
1493 2401 1672 2429 maeroribus.
1692 2400 1721 2427 ln
1743 2408 1777 2427 co

986 2450 1144 2478 dominatus
1152 2443 1194 2477 est
1206 2449 1334 2477 Christus
1353 2448 1469 2476 mortuis
1480 2448 1554 2475 sicut
1565 2452 1594 2475 et
1604 2447 1685 2474 vivis.
1700 2447 1778 2473 Tunc

987 2505 1002 2524 a
1017 2504 1099 2524 cruce
1113 2495 1264 2522 ambulavit
1279 2495 1307 2521 in
1319 2494 1443 2526 vestigiis
1459 2493 1562 2529 abyssi.
1572 2493 1697 2527 Cumque
1713 2493 1778 2519 illuc

984 2540 1185 2573 descendisset,
1205 2545 1270 2568 tunc
1283 2541 1308 2568 ei
1327 2545 1402 2567 metu
1417 2544 1518 2574 apertae
1531 2543 1595 2566 sunt
1606 2543 1691 2574 portae
1705 2546 1778 2564 mor-

986 2589 1032 2621 tis,
1053 2593 1118 2616 tunc
1130 2592 1247 2615 ntortem
1259 2592 1302 2614 est
1311 2591 1461 2618 scrutatus,
1472 2591 1537 2613 tunc
1549 2585 1671 2621 alligavit
1687 2589 1778 2620 tyran-

986 2642 1063 2665 num,
1082 2628 1149 2660 tunc
1165 2633 1279 2667 perfecit
1290 2640 1374 2667 opera
1388 2640 1437 2659 sua
1454 2636 1567 2666 propter
1583 2639 1644 2665 quze
1657 2630 1776 2657 advene-

985 2684 1036 2706 rat.
1053 2679 1082 2706 ln
1097 2679 1150 2706 ltoc
1169 2678 1213 2704 die
1227 2678 1345 2712 septimo
1363 2678 1499 2712 requievit
1516 2677 1551 2704 ab
1564 2675 1693 2703 omnibus
1709 2682 1775 2708 ope’

984 2727 1061 2754 ribus
1076 2727 1143 2757 suis,
1170 2734 1232 2752 curn
1256 2726 1451 2752 resurrexisset
1465 2733 1519 2752 uno
1536 2724 1728 2754 Sabbatorum,
1749 2727 1776 2750 et

983 2780 1046 2799 eum
1060 2771 1256 2802 benedixisset,
1272 2771 1402 2805 quoniam
1421 2776 1499 2797 sexto
1514 2769 1624 2804 quidem
1645 2767 1690 2794 die
1713 2775 1775 2799 per-

984 2817 1049 2843 fecit
1064 2817 1157 2843 omnia
1174 2824 1258 2851 npera
1271 2824 1319 2842 sua
1338 2823 1399 2850 quzc
1414 2817 1493 2840 erant
1505 2811 1673 2843 creationis;
1695 2811 1774 2844 quie-

983 2862 1136 2889 scitautem
1151 2862 1177 2888 in
1188 2861 1306 2896 septimo
1320 2861 1364 2887 die
1384 2859 1487 2889 smcuii,
1506 2858 1541 2884 ab
1559 2856 1689 2884 omnilms
1707 2863 1774 2891 ope-

1021 2953 1039 2966 “
1065 2951 1158 2978 Matth.
1177 2959 1195 2983 t,
1218 2951 1239 2977 l.
1279 2950 1300 2964 δι
1318 2947 1412 2975 Matth.
1430 2954 1501 2978 xm,
1519 2945 1564 2973 38.
