1980 3237
77 219 128 250 9i)

634 216 672 246 ΙΝ
695 217 1005 247 llEXAEMEHON.—
1029 219 1099 248 LlB.
1124 218 1186 248 \‘ll.

1662 215 1713 247 Ωδμ

76 275 201 303 Judaeum
224 279 339 308 propter
363 274 423 308 eius
443 272 604 308 jactanliam
630 277 658 298 et
678 272 871 307 gloriationeni
889 277 907 303 Α
924 274 1006 301 cedes
1030 275 1057 301 in
1075 279 1198 308 tempore
1218 278 1341 308 portatus
1366 273 1392 300 in
1412 273 1581 308 sepulcrum.
1613 272 1715 299 vadens

78 322 111 347 de
126 320 251 347 Sabbato
264 318 414 354 corporali,
427 318 474 353 qui
488 318 543 345 huc
555 326 641 352 usque
658 318 804 352 pulchrum
817 325 870 344 non

79 367 155 393 novit
181 365 396 392 sabbatismum.
422 363 573 390 Sabbatum
594 364 668 390 enim
685 363 872 390 sabbatismus

79 418 104 440 et
122 412 237 446 requies
256 416 310 442 est,
329 419 394 438 vera
424 410 528 445 peccati
546 409 696 445 depositio,
725 418 808 444 quatit
821 417 871 444 ego

80 457 281 492 ﬁdelisjubcor
293 465 385 492 agere,
402 461 430 483 et
443 456 544 483 festum
571 456 716 483 celebrare
737 455 762 482 in
779 455 873 490 requie

80 509 104 530 et
119 504 146 530 in
169 501 370 536 adimpletione
385 502 448 528 vita:
469 509 546 528 meas.
576 501 605 528 ln
622 509 678 536 quo
693 501 816 527 Sabhato
829 508 872 526 mc

82 549 162 582 jubet
176 549 250 575 Deus
264 556 318 575 non
338 548 435 574 tollere
451 555 523 573 onus
541 547 658 581 peccati,
690 551 719 573 et
737 546 873 573 sarcinam

82 596 163 630 hujus
178 594 284 622 saeculi.
300 595 337 621 De
350 594 453 628 quibus
466 593 576 620 dicebat
586 593 741 627 quispiam:
760 591 874 618 Percuta

83 649 139 667 mea
158 647 332 675 supergressa
344 643 406 666 sunt
430 643 511 674 caput
538 647 637 671 meum,
652 643 791 673 .tanquum
809 646 875 664 onus

82 694 160 721 grave
171 690 287 721 gravata
305 689 367 712 sunt
386 693 464 719 super
483 692 524 710 me
534 684 568 709 5".
586 683 772 717 Quamobrem
791 683 876 718 jube-

84 741 145 760 mur
161 740 253 767 neque
269 731 422 759 accendere
443 731 534 766 ignem
554 732 581 758 in
601 738 634 758 eo
655 731 786 761 Sabbato,
801 738 875 756 mor-

84 779 196 810 tis,hoc
208 782 249 805 est
256 778 433 812 exstinguere
445 785 556 804 omnem
568 777 695 804 ardorem
705 777 875 812 cupiditatis.

84 829 108 850 et
120 823 174 850 tela
190 822 302 858 maligni
332 823 415 858 ignita
433 821 457 837 "
473 830 536 857 qua:
562 822 733 857 compellunt
748 822 782 848 ad
802 822 879 848 ﬁatn-

85 877 156 896 mam
188 874 330 896 aeternam.
352 869 438 896 Porro
465 873 556 895 autem
578 868 651 895 Deus
675 876 725 895 nos
749 867 878 903 prohibet

85 915 139 942 iter
155 914 262 949 ingredi
281 914 307 941 in
322 913 455 945 Sahbato,
469 918 656 948 congruenter
671 914 696 940 ei
721 914 767 948 qui
794 913 876 940 dicit:

923 320 955 346 ad
978 325 1070 354 patres
1087 325 1160 350 tuos,
1172 319 1295 346 nutritus
1309 319 1336 345 in
1365 322 1509 345 senectute
1522 318 1609 350 bona;
1627 317 1714 352 septi-

923 374 967 392 mo
977 366 1051 392 enim
1077 365 1122 392 die
1134 365 1267 392 Dominus
1279 365 1313 391 ab
1331 364 1463 399 operibus
1477 363 1536 390 suis
1550 363 1716 398 evangelicis

923 411 1063 446 quievitin
1079 412 1224 446 sepulcro;
1239 414 1265 438 et
1285 410 1419 445 deinceps
1438 413 1598 449 constanter
1617 417 1716 443 exspe—

924 462 981 484 ctes
990 463 1136 488 octavum,
1145 466 1160 484 a
1172 457 1312 492 sepulcro,
1329 457 1451 491 inquam,
1462 455 1694 483 resurrectionem
1712 461 1718 479 ι

925 503 968 530 die
981 503 1055 530 enim
1070 508 1166 530 octavo
1185 503 1318 530 Dominus
1344 503 1466 530 surrexit
1478 511 1493 529 ιι
1519 501 1646 528 mortuis.

961 549 1009 577 llis
1022 554 1049 576 et
1061 549 1222 585 hujusmodi
1250 549 1334 576 rebus
1364 549 1412 576 Dei
1438 548 1595 576 celebrabis
1615 547 1718 574 Sabba-

928 599 998 622 tum.
1011 595 1081 622 lluic
1102 603 1165 622 vere
1187 595 1310 622 Sabbato
1329 595 1481 627 benedixit,
1497 599 1526 622 et
1550 595 1577 622 id
1596 593 1719 621 sanctiﬁ-

927 641 1000 667 cavit
1015 641 1097 668 Deus.
1112 641 1200 675 Atque
1217 641 1265 668 tibi
1283 641 1397 676 quidem
1411 642 1458 676 qui
1480 649 1510 668 es
1524 640 1638 668 Iudaeus
1655 648 1729 667 car-.

927 686 1222 718 naliterzutvidctur,
1236 691 1278 713 est
1302 686 1460 713 necessaria
1486 685 1599 713 Sabbati
1623 685 1719 713 obser-

928 731 1014 762 vatio,
1043 736 1073 758 ut
1092 739 1153 766 qua:
1179 731 1215 758 sit
1240 732 1329 766 posita
1345 732 1378 758 ad
1397 731 1616 758 convincendam
1644 737 1719 758 tuam

929 777 1116 811 iniquitatem,
1134 781 1163 804 ιιι
1184 777 1242 804 dixi
1262 778 1345 812 paulo
1369 783 1444 804 ante.
1467 777 1531 804 Milli
1552 783 1643 804 autem
1671 777 1719 812 qui

929 829 988 848 Sllm
1007 821 1096 847 ﬁdelis
1112 825 1137 847 et
1159 821 1204 855 qui
1233 822 1355 856 perfecte
1371 822 1473 849 recessi
1498 829 1513 848 a
1529 822 1606 848 cultu
1632 821 1722 848 idolo-

930 874 1002 897 rum,
1032 866 1145 893 minime
1165 875 1235 901 opus
1253 872 1296 895 est
1317 867 1370 894 hoc
1392 867 1541 894 multorum
1567 874 1720 902 coquorutn

929 911 1110 944 sabbatismo,
1134 911 1159 938 in
1183 920 1238 946 quo
1263 913 1358 939 asinus
1387 918 1452 940 tuus
1478 918 1507 939 et
1536 913 1667 945 camclus.
1693 917 1719 940 ct

84 958 122 985 Ab
136 959 208 984 omni
224 959 266 984 aia
283 958 354 984 mula
370 958 491 992 prohibui
503 958 580 993 pedes
595 966 664 984 meos
678 959 711 984 “.
723 958 804 985 .luhet
819 967 871 984 ηιμ
891 954 910 984 Β
925 959 1001 986 canis
1021 963 1111 985 tecum
1125 963 1210 993 agunt
1225 958 1387 991 Sabbatum,
1402 964 1431 986 ut
1441 959 1488 993 qui
1502 959 1540 986 sis
1564 967 1663 993 expers
1679 967 1722 985 ra»

84 1009 141 1030 tem
157 1003 310 1030 Sabbatum
325 1011 418 1038 agere,
441 1003 585 1038 ligareque
616 1009 644 1030 et
668 1005 695 1030 in
712 1004 770 1031 otio
789 1003 877 1033 conti-

86 1055 153 1075 nere
162 1048 272 1075 asinum
285 1052 313 1075 et
323 1048 432 1079 bovem,
446 1048 498 1075 hoc
514 1053 555 1075 est
570 1048 751 1082 voluptatem,
769 1052 795 1074 et
809 1047 878 1074 iram

85 1099 114 1121 et
130 1098 245 1121 cazteras
260 1093 376 1120 rationis
390 1097 519 1128 expertes
534 1093 619 1120 animi
640 1093 876 1128 perturbationes.

85 1141 139 1170 Sed
165 1146 194 1169 et
219 1141 392 1176 terrzejubet
410 1149 471 1168 esse
486 1141 686 1168 sabbatismum
706 1145 734 1168 et
753 1140 878 1175 requiem

86 1197 119 1216 ac
132 1189 234 1220 otium,
248 1193 276 1216 et
289 1195 381 1222 neque
402 1188 542 1214 seminare
561 1194 612 1214 nec
628 1195 722 1214 semen
735 1186 879 1220 suscipere

86 1243 134 1262 eos
155 1242 259 1269 easque
279 1234 326 1269 qui
342 1238 369 1260 et
384 1241 444 1268 quze
468 1236 585 1266 possunt
611 1239 742 1259 exercere
766 1231 880 1266 virgini-

88 1286 170 1308 tatem
184 1281 273 1316 ipsius
289 1281 390 1307 carnis.
421 1279 554 1312 Quoniam
579 1279 624 1314 qui
641 1279 755 1305 seminat
772 1279 799 1305 in
823 1282 881 1304 ter-

89 1335 145 1354 ram
160 1327 266 1358 carnis,
283 1334 315 1353 ex
328 1333 408 1352 carne
431 1329 511 1352 metet
527 1325 548 1340 ‘7
566 1324 774 1360 corruptionem
790 1332 822 1351 ac
840 1324 882 1350 in-

89 1373 211 1399 teritum.
241 1371 358 1398 Maxime
392 1375 485 1398 autent
512 1371 637 1398 otnnium
659 1371 738 1406 jubet
750 1371 831 1398 nobis
851 1376 881 1398 ut

88 1418 235 1453 quiescere
259 1417 396 1444 faciamus
421 1416 551 1444 ancillam
572 1421 695 1444 nostrain
720 1421 749 1444 et
770 1424 881 1444 servum

90 1470 216 1492 nostrum
229 1464 275 1492 die
291 1463 423 1491 Sabbati:
438 1463 491 1491 hoc
509 1468 564 1496 est,
576 1464 697 1491 animam
712 1467 882 1499 nostramet

91 1517 192 1544 corpus
203 1514 329 1537 nostrum
346 1517 400 1536 non
417 1509 523 1536 servire
537 1509 657 1544 principi
678 1509 761 1544 hujus
776 1509 880 1542 szeculi,

90 1555 138 1582 sed
148 1562 212 1582 esse
227 1554 255 1581 in
274 1549 404 1581 libertate
419 1558 447 1581 et
457 1559 594 1581 remotum
609 1554 644 1581 ab
661 1554 746 1581 animi
761 1554 883 1581 motibus

89 1609 122 1628 ac
134 1599 405 1635 perturbationibus.
730 1600 732 1603 '

124 1646 194 1674 Nam
225 1651 331 1681 septem
363 1646 424 1673 dies
451 1645 607 1681 significant
641 1651 746 1682 septem
770 1651 882 1674 nostras

90 1696 196 1723 :etates,
217 1699 267 1726 per
289 1699 359 1726 quas
380 1691 443 1718 vitae
460 1693 604 1726 praesentis
633 1692 686 1719 iter
709 1693 883 1728 ingredimur

93 1738 330 1774 ntperveniamus
354 1738 388 1765 ad
405 1743 533 1766 octavum
547 1739 620 1766 diem
641 1739 669 1766 in
695 1747 752 1774 quo
766 1748 820 1766 non
841 1744 883 1767 est

91 1784 213 1812 servitus
228 1787 277 1810 aut
295 1783 397 1815 cultus,
424 1783 508 1810 vitam
528 1792 627 1818 nempe
650 1783 782 1811 futuram.
808 1785 884 1817 Quo-

92 1829 164 1856 niam
176 1828 345 1856 sacrilicium
364 1834 412 1855 aut
436 1829 516 1856 latria
545 1830 656 1864 (nempe
679 1830 727 1857 Dei
751 1830 882 1865 servitus)

91 1879 146 1902 neu
161 1875 283 1909 amplius
296 1874 414 1901 offertur
439 1875 496 1902 Deo
512 1884 561 1910 pro
590 1876 721 1910 peccatis.
744 1876 812 1903 Nam
828 1877 885 1911 pri-

92 1929 153 1947 mus
177 1921 238 1948 dies
250 1925 295 1948 est
322 1921 446 1950 infantis.
464 1926 492 1948 ut
517 1921 684 1956 baptismate
709 1923 802 1950 statim
822 1923 886 1950 illu-

93 1967 244 1998 iuinemur,
265 1967 310 1993 lux
319 1967 392 1993 enim
409 1967 479 1994 facta
493 1972 536 1994 est
552 1967 641 2001 primo
650 1967 706 1995 die.
726 1968 883 2001 Secundus,

92 2017 157 2040 :etas
174 2014 266 2047 pueri,
293 2017 322 2040 ut
351 2013 444 2040 verbis
472 2014 679 2040 conformcmur
704 2014 883 2046 cwlestihus;

92 2058 217 2086 secundo
246 2058 320 2086 enim
340 2058 442 2085 factum
465 2063 507 2085 est
527 2059 741 2085 ﬁrmamentum.
761 2059 882 2092 Tertius,

93 2104 289 2134 adolescentis,
306 2109 335 2131 ut
349 2105 477 2132 castitate
495 2105 668 2131 cxsicecmus
682 2105 730 2139 qui
755 2109 820 2132 tunc
836 2113 884 2132 ex-

93 2150 166 2178 sistit
183 2151 328 2177 humorem
349 2150 433 2177 animi
459 2155 596 2183 motuum,
622 2154 650 2177 et
663 2150 814 2177 alfectuum
837 2150 884 2185 qui

94 2200 263 2228 moventur;
281 2195 364 2222 tertio
375 2195 449 2222 enim
462 2195 507 2221 die
529 2195 602 2221 Deus
629 2195 762 2222 discrevit
778 2195 884 2222 aridam

93 2241 128 2268 ab
145 2241 271 2267 humida.
286 2241 415 2273 Quartus,
431 2245 474 2267 est
489 2241 620 2275 juvenis:
634 2245 665 2267 ut
687 2241 807 2269 virtutes
818 2250 886 2276 qua-

929 1005 1022 1032 tionis.
1036 1004 1184 1031 Existimas
1200 1004 1273 1031 enim
1293 1004 1366 1038 quod
1389 1004 1470 1035 Deus,
1481 1005 1567 1039 utqui
1579 1005 1721 1032 laborave-

930 1050 966 1077 rit
981 1050 1009 1076 in
1027 1049 1160 1083 operibus
1178 1057 1224 1076 sex
1240 1048 1348 1075 dierum
1374 1049 1452 1076 facta:
1464 1049 1498 1076 ab
1524 1056 1558 1075 eo
1574 1054 1719 1082 creatum,

930 1098 957 1121 et
978 1094 1055 1121 velut
1074 1093 1232 1121 imbecillus
1257 1093 1402 1128 fessusque
1428 1094 1464 1121 sit
1489 1093 1627 1126 redditus,
1641 1102 1674 1120 ea
1687 1094 1721 1120 de

930 1148 1013 1167 causa
1033 1139 1175 1167 benedixit
1187 1140 1243 1167 diei
1255 1140 1384 1175 septimo,
1401 1145 1432 1167 ut
1445 1141 1492 1175 qui
1510 1141 1537 1167 in
1557 1148 1591 1167 co
1609 1148 1723 1175 accepe-

931 1185 967 1212 rit
995 1184 1121 1219 requicm
1149 1189 1178 1212 et
1199 1184 1393 1212 remissionem
1409 1193 1443 1211 ex
1466 1185 1572 1212 labore.
1594 1184 1647 1212 Sed
1667 1193 1722 1211 non

932 1231 969 1258 ita
983 1231 1078 1258 habet.
1093 1230 1164 1257 Audi
1188 1231 1262 1258 enim
1289 1231 1455 1266 Prophetam
1472 1231 1627 1258 dicentem:
1655 1231 1723 1257 Deus

932 1285 1043 1312 magnus
1059 1281 1083 1303 et
1098 1277 1173 1311 {ortis
1190 1284 1242 1303 non
1263 1277 1368 1307 esuriat,
1387 1284 1470 1312 neque
1485 1277 1533 1304 erit
1554 1277 1668 1312 defessus
1689 1275 1722 1303 "‘.

932 1323 980 1350 Die
991 1331 1057 1358 ergo
1068 1323 1187 1358 septimo
1200 1323 1347 1358 quiescere
1364 1323 1429 1350 facit
1442 1331 1473 1350 ac
1499 1323 1595 1357 implet
1616 1327 1724 1349 creatu-

933 1377 990 1397 ram
1010 1369 1118 1404 Opifex,
1145 1374 1175 1396 ut
1201 1369 1330 1396 ostendat
1357 1370 1510 1397 increatam
1536 1368 1722 1395 Trinitatem:

933 1421 1038 1451 septem
1053 1416 1127 1443 enim
1138 1420 1166 1443 et
1182 1421 1239 1443 tres
1254 1417 1323 1443 tiunt
1343 1416 1450 1442 decem.
1468 1415 1604 1442 Denarius
1630 1419 1723 1441 autem

934 1470 1069 1489 numcrtts
1083 1467 1125 1489 est
1137 1462 1184 1497 qui
1198 1462 1325 1489 continet
1336 1467 1364 1488 et
1382 1462 1478 1496 implet
1494 1469 1592 1488 omnes
1625 1469 1724 1488 nume-

935 1516 991 1540 ros,
1010 1513 1040 1535 ut
1060 1508 1189 1535 dixerunt
1199 1509 1246 1543 qui
1271 1512 1335 1535 sunt
1349 1508 1452 1534 exculti
1466 1507 1623 1541 disciplinis
1636 1506 1724 1533 arith-

934 1554 1053 1582 meticis.
1066 1554 1153 1581 Porro
1170 1558 1262 1581 autem
1274 1557 1390 1589 quartus
1411 1560 1522 1588 quoque
1543 1560 1640 1579 rursus
1665 1560 1718 1578 nu-

936 1608 1038 1630 merus.
1050 1599 1097 1634 qui
1108 1604 1150 1627 est
1160 1600 1249 1634 quarti
1257 1607 1305 1627 seu
1318 1599 1399 1634 primi
1415 1599 1529 1633 perfecti
1541 1598 1725 1633 diei,quando

934 1647 973 1674 sol
988 1646 1076 1674 factus
1099 1650 1159 1679 est,
1176 1650 1218 1673 est
1242 1645 1383 1681 perfectus
1399 1650 1426 1672 et
1454 1645 1567 1672 minime
1587 1644 1725 1676 defectus,

934 1693 1072 1720 decimum
1107 1693 1182 1720 enim
1219 1700 1365 1720 numerum
1401 1692 1526 1719 continet
1560 1695 1589 1719 et
1619 1691 1725 1726 implet.

933 1737 1017 1773 890
1033 1737 1157 1771 Quatuor
1172 1737 1246 1765 enim
1271 1743 1299 1765 et
1317 1742 1372 1765 tres
1387 1737 1433 1772 qui
1455 1737 1529 1772 ipsos
1554 1736 1727 1772 procedunt,

934 1789 961 1811 ct
981 1784 1036 1811 duo
1051 1784 1098 1819 qui
1113 1789 1250 1812 suntan
1263 1784 1349 1819 ipsos,
1362 1788 1389 1810 et
1403 1784 1495 1811 unitas
1516 1791 1577 1818 qua:
1591 1791 1639 1810 eos
1654 1791 1726 1818 pric-

934 1829 1017 1861 cedit,
1035 1829 1176 1857 invenitur
1195 1830 1334 1864 perfectus
1359 1829 1502 1856 denarius.
1520 1829 1581 1856 Jam
1606 1835 1672 1855 vero
1694 1828 1728 1854 ab

935 1875 1040 1902 unitate
1068 1883 1180 1911 quoque
1207 1876 1327 1902 virtutes
1351 1883 1438 1910 usque
1470 1875 1503 1903 ad
1535 1875 1725 1910 quaternium,

935 1921 1057 1948 elliciunt
1070 1921 1253 1956 quantitatem
1267 1921 1373 1948 denarii
1387 1930 1393 1948 :
1408 1928 1480 1947 unus
1498 1920 1574 1947 cnim
1593 1925 1621 1946 et
1632 1920 1687 1946 duo
1701 1925 1729 1945 et

936 1971 1003 1998 tres,
1019 1972 1083 1994 sunt
1101 1975 1163 1994 sex:
1185 1972 1212 1994 et
1229 1970 1349 2002 quatuor
1372 1965 1497 1993 elliciunt
1523 1964 1630 1991 decent.
1650 1963 1727 1996 Quo-

936 2013 1018 2040 modo
1038 2014 1112 2040 cnim
1138 2013 1230 2040 omnis
1255 2016 1395 2044 creatura,
1410 2011 1447 2038 ita
1460 2011 1544 2038 etiam
1565 2018 1662 2037 omnes
1675 2018 1728 2036 nu-

936 2061 1015 2092 meri,
1029 2059 1192 2086 describunt
1207 2058 1233 2085 id
1247 2057 1320 2093 quod
1334 2062 1377 2084 est
1390 2058 1417 2085 in
1429 2057 1540 2084 Christo
1553 2056 1726 2091 mysterium.

936 2107 985 2134 Est
999 2105 1075 2133 enim
1089 2105 1191 2136 unitas,
1209 2109 1238 2132 ut
1249 2104 1298 2139 qui
1315 2103 1424 2131 unicam
1446 2103 1548 2130 habeat
1560 2110 1705 2137 personam
1719 2110 1726 2134 ;

936 2157 978 2180 est
995 2151 1133 2182 binarius,
1148 2151 1195 2185 qui
1209 2150 1245 2178 sit
1263 2149 1405 2185 perfectus
1429 2149 1456 2176 in
1471 2148 1619 2175 divinitate
1633 2152 1659 2174 et
1674 2148 1727 2174 hu-

937 2197 1085 2229 manitate;
1100 2196 1220 2228 trinitas,
1236 2199 1266 2222 ut
1283 2195 1328 2230 qni
1342 2195 1378 2222 sit
1405 2195 1433 2222 in
1454 2194 1557 2226 anima,
1570 2201 1687 2228 corpore
1699 2197 1728 2220 et

937 2243 1096 2275 divinitate;
1107 2241 1316 2277 quaternarius,
1332 2247 1361 2268 ut
1375 2241 1421 2276 qui
1431 2249 1464 2268 ex
1475 2245 1595 2274 quatuor
1607 2240 1728 2267 elemen-

94 2292 158 2313 tuor
174 2291 307 2320 tanquam
329 2291 404 2313 astra
424 2286 508 2316 feras.
534 2290 562 2312 et
576 2293 710 2321 apparens
729 2286 756 2312 in
781 2287 885 2314 mundo
901 2290 925 2318 Ι)
940 2289 975 2316 tis
999 2289 1140 2316 hominem
1164 2287 1318 2320 renovarit;
1331 2287 1486 2321 quinarius,
1507 2286 1554 2321 qni
1586 2293 1649 2313 cum
1664 2293 1728 2312 cor-

95 2338 228 2367 tanquam
253 2333 409 2365 luminare;
431 2333 472 2359 sol
500 2333 575 2359 enim
600 2332 690 2360 factus
715 2338 757 2360 est
788 2338 888 2368 quarto

92 2379 149 2406 die.
177 2378 317 2411 Quintus,
346 2382 389 2405 est
417 2382 506 2406 status
535 2378 633 2405 mediae
654 2386 703 2406 seu
735 2380 890 2408 consisten-

93 2425 130 2452 tis
152 2425 263 2457 zetatis,
288 2429 318 2451 ut
350 2424 443 2451 [renes
462 2425 587 2459 quinque
615 2429 660 2452 tua
681 2433 812 2452 sensuum
829 2426 888 2453 ani-

93 2472 187 2503 malia,
204 2479 240 2498 ne
258 2471 292 2498 ad
305 2475 452 2506 peceatum
476 2471 622 2504 exsiliunt;
638 2471 737 2505 quinto
752 2472 826 2499 enim
842 2472 887 2499 die

93 2517 166 2544 facta
192 2521 259 2544 sunt
279 2517 420 2543 animalia.
436 2516 546 2548 Sextus,
576 2520 620 2544 est
648 2517 821 2544 honorabilis
842 2525 885 2544 se-

92 2565 204 2594 nectus,
220 2565 250 2588 ut
263 2566 393 2596 tanquam
406 2569 487 2588 verus
505 2562 587 2588 homo
604 2561 711 2589 ratione
734 2562 840 2589 ﬁrmam
852 2571 884 2590 ac

93 2606 223 2633 stabilem
237 2606 338 2633 reddas
363 2606 509 2641 imaginem
534 2614 596 2642 qua).
614 2611 674 2634 erat
689 2607 723 2634 ab
740 2607 831 2640 initio,
857 2613 885 2636 ct

93 2651 220 2686 corporis
242 2651 330 2678 lutum
352 2651 474 2686 efﬁngas,
497 2657 524 2678 et
540 2660 690 2686 componas
716 2652 884 2685 virtutibus;

93 2702 172 2723 sexto
185 2697 260 2723 enini
283 2696 371 2724 factus
382 2701 425 2724 est
437 2697 530 2724 homo.
548 2697 688 2732 Septimus
706 2703 747 2726 est
761 2699 887 2733 decrepi-

94 2747 129 2769 tze
145 2742 248 2774 aetatis,
267 2750 367 2776 nempe
377 2751 445 2770 cana
465 2744 646 2776 conscientia,
672 2745 819 2780 gravisque
836 2745 887 2771 ho«

94 2793 173 2816 uesta
191 2797 222 2816 ac
235 2789 278 2824 pia
295 2789 358 2816 vitae
373 2789 484 2824 agenda:
502 2790 583 2826 ratio,
605 2795 635 2817 ut
648 2794 728 2818 terra:
743 2799 791 2826 per
809 2799 885 2818 mor—

95 2839 151 2861 tem
185 2839 353 2869 provocetur
373 2835 492 2870 requies,
518 2836 629 2870 quando
656 2841 786 2871 tanquam
811 2837 887 2864 albe-

95 2888 177 2907 scens
191 2881 267 2915 spica
279 2885 307 2908 et
334 2886 464 2916 tanquam
489 2886 627 2908 maturum
651 2882 820 2909 frumentum
841 2890 885 2909 re—

135 2933 156 2949 “
174 2935 246 2963 Psal.
262 2944 362 2970 xxxvii,
384 2937 409 2964 5.
449 2938 470 2954 ⁸⁵
486 2938 586 2972 Eplics.
607 2946 642 2969 γι,
661 2939 703 2964 lt}.

744 2939 766 2954 ‘°
783 2939 853 2966 Psal.
867 2947 958 2972 cxvni,
983 2940 1040 2966 lOI.

937 2342 1015 2370 pore,
1027 2334 1099 2368 quod
1114 2337 1223 2360 constat
1235 2341 1268 2360 ex
1280 2337 1400 2368 quatuor
1417 2332 1573 2367 elementis,
1589 2332 1729 2358 renovarit

937 2381 1022 2408 etiam
1047 2379 1168 2406 animam
1195 2387 1256 2414 quae
1284 2384 1325 2406 est
1351 2379 1384 2406 ad
1415 2379 1577 2414 imaginem;
1605 2377 1730 2405 senarius

938 2430 1040 2458 autem,
1056 2430 1086 2452 ut
1100 2425 1147 2460 qui
1160 2430 1238 2452 sexto
1252 2425 1308 2457 die,
1323 2424 1428 2451 mundo
1449 2423 1624 2460 apparuerit;
1640 2427 1731 2458 septe-

938 2472 1043 2504 narius,
1057 2476 1087 2499 ut
1110 2471 1158 2506 qui
1182 2479 1233 2498 nos
1258 2471 1355 2498 fecerit
1379 2470 1554 2505 requiescere
1577 2477 1592 2496 a
1609 2468 1731 2496 Sabbato

938 2517 1006 2552 legis
1016 2539 1023 2550 ,
1032 2517 1202 2548 octonarius,
1212 2522 1326 2552 propter
1336 2515 1464 2550 baptismi
1475 2515 1727 2547 circumcisionem;

938 2563 1109 2590 novenarius
1142 2567 1256 2593 autem,
1289 2567 1319 2588 ut
1348 2561 1395 2596 qui
1425 2561 1453 2587 in
1480 2561 1568 2588 tribus
1592 2559 1729 2587 similibus

940 2607 1098 2642 prtedicarit
1113 2606 1274 2642 mysterium
1302 2605 1462 2633 Trinitatis:
1486 2613 1586 2640 nempe
1611 2602 1727 2632 naturali

939 2653 1053 2687 scripto,
1068 2657 1096 2680 et
1108 2653 1242 2688 mystico:
1261 2657 1302 2679 ter
1332 2656 1424 2679 autem
1451 2655 1596 2684 tres,sunt
1615 2658 1727 2681 novem;

941 2698 1077 2726 denarius
1097 2703 1202 2731 autem,
1229 2703 1259 2725 ut
1287 2698 1428 2732 perfectus
1445 2703 1472 2725 et
1497 2697 1639 2732 plenitudo
1660 2695 1729 2730 legis

940 2743 1145 2779 Decalogi,qui
1171 2747 1214 2771 est
1240 2748 1304 2770 ante
1329 2744 1428 2771 s:£cula
1448 2743 1567 2770 Verbum
1593 2745 1621 2768 et
1643 2740 1728 2767 Filius

941 2790 999 2817 Dei.
1017 2789 1069 2824 lpsi
1087 2789 1173 2825 gloria
1200 2794 1228 2817 et
1243 2789 1366 2824 potentia
1378 2789 1405 2815 in
1425 2788 1525 2815 szecula
1550 2785 1726 2813 saeculorum.

939 2836 1035 2862 Amen.

1080 2940 1101 2954 ⁶⁷
1113 2939 1200 2966 Galat.
1224 2947 1260 2970 v1,
1276 2940 1301 2964 S.
1341 2938 1363 2952 Μ
1378 2938 1426 2963 lsa.
1443 2945 1468 2969 ν,
1485 2936 1529 2962 27.
