1990 3183
245 190 310 226 95Γ

363 260 501 280 EIUSDEM
532 262 613 283 LIBIH
633 264 673 283 VH
699 264 926 284 CONTINCATIU.

282 333 318 358 De
335 333 382 360 Dei
405 336 510 361 nomine
542 337 685 371 duplicato,
703 344 726 365 et
743 347 830 365 rerum
862 339 1000 366 Creatione

588 373 695 408 dttplit‘i_

282 435 328 461 Hic
338 435 402 462 liber
410 439 588 471 generationis
605 439 662 465 εωΙί
686 444 711 466 et
727 444 814 471 terra},
830 440 935 475 quando
950 440 1033 474 (nctus

246 485 283 507 (δι
299 482 354 508 dies
372 483 398 508 in
415 491 466 517 quo
485 484 544 518 fecit
561 485 630 511 Deus
656 485 749 512 cwlum
774 491 798 512 et
820 491 929 512 terrain.
946 486 1034 512 Aures

245 530 350 553 attente
363 528 469 561 aperiat
479 529 613 562 Ecclesia,
626 538 674 557 cor
687 531 792 563 dilatet,
806 536 833 558 et
848 531 948 557 mentis
969 538 1032 556 ocu-

245 573 286 598 los
310 573 455 600 evidenter
481 575 615 608 intendat,
641 582 668 604 et
697 578 787 611 pulset
804 577 906 604 ostium
924 577 944 592 ⁶⁰
961 576 1032 610 apud

245 626 292 644 eos
303 619 350 652 qui
363 624 457 647 tenent
474 621 565 649 claves
583 623 748 657 cognitionis
758 644 764 654 ,
785 623 899 650 dicens:
927 623 1033 657 Aperite

247 665 308 690 mihi
345 670 434 699 portus
461 667 573 702 justitiw
591 670 613 684 "°
630 669 786 695 divinorum
811 673 837 696 et
870 677 1032 695 arcanorum

246 711 450 745 mysteriorum,
475 718 564 741 utcas
580 714 720 749 ingressus
741 715 788 741 Dei
813 715 930 749 populus
947 714 1033 748 possit

244 758 337 791 aliquo
363 758 444 785 modo
470 759 622 795 intelligere
648 761 826 795 quamobrem
850 765 913 786 ante
937 769 950 786 a
977 761 1032 786 Deo

247 806 344 831 factam
366 810 473 832 eterra
504 806 623 834 hominis
652 807 887 834 constructionem
914 807 1031 841 simplici

246 850 363 883 quodam
392 851 502 878 nomine
535 852 627 879 divina
659 852 799 887 Scriptura
829 856 908 879 vocat
932 857 960 878 et
986 860 1033 886 ap-

245 895 329 927 pellat
353 896 492 929 opificem,
518 904 615 931 nempe
645 898 750 929 Deum,
780 898 805 925 ei
831 898 936 925 nomini
969 899 1032 925 nul-

847 199 876 227 S.
897 199 942 226 AN
949 196 1095 226 AS'l‘ASll
1116 197 1175 225 SIN
1182 197 1278 226 ANTE

1051 255 1073 282 Α
1124 253 1273 286 Propterea
1287 260 1352 287 ergo
1371 252 1438 279 ducs
1455 252 1615 280 fecitcoelos
1625 251 1663 280 7‘;
1681 252 1796 280 alterum
1812 253 1871 288 qui-

1822 196 1874 228 952

1088 298 1149 324 dem
1166 298 1294 332 superius
1309 298 1383 332 quod
1395 298 1476 325 habet
1490 299 1638 325 essentiam
1651 299 1724 333 apud
1747 299 1876 326 homines

1086 352 1141 370 non
1157 345 1351 378 aspectabilem
1367 345 1501 380 planeque
1523 345 1736 372 iuenarrabilem
1753 349 1780 372 et
1796 345 1872 371 inex-

1087 391 1254 424 plicabilem,
1268 391 1294 417 in
1313 395 1406 426 typum
1419 397 1447 418 et
1461 392 1608 426 imaginem
1625 391 1831 426 inaspectabilis
1847 397 1876 418 et

1087 436 1289 470 inexplicabilis
1314 437 1442 463 essentiae
1459 438 1519 471 ejus
1535 437 1706 469 divinitatis;
1720 436 1874 464 secundum

1086 487 1177 509 autem
1205 484 1305 509 (sudum
1335 491 1349 510 e
1376 488 1449 510 terra
1476 483 1598 515 sustulit,
1615 487 1643 509 et
1667 483 1758 517 ipsum
1782 482 1876 516 posuit

1085 529 1298 563 aspectabile,et
1310 529 1398 563 ipsum
1416 529 1563 563 appellavit
1574 528 1823 560 ﬁrmamentumﬁn
1840 527 1875 553 ﬁ-

1085 582 1181 608 guram
1195 582 1226 601 ac
1240 579 1333 610 typum
1343 575 1435 602 carnis
1445 575 1504 609 ejus
1514 575 1792 608 immaculatae,quam
1809 573 1873 608 qui—

1085 621 1146 647 dem
1159 628 1173 647 a
1192 625 1263 647 terra
1287 626 1427 655 acceptant)
1444 629 1552 648 sursum
1566 621 1687 648 sustulit.
1710 621 1757 647 Est
1779 625 1873 647 autem

1085 667 1182 692 borum
1195 674 1303 700 quoque
1320 666 1438 692 duorum
1454 666 1588 693 caelorum
1613 665 1776 692 intermedia
1796 673 1870 699 aqua

1085 713 1155 741 viva.
1169 712 1202 739 ad
1216 712 1360 747 imaginem
1370 716 1397 739 et
1414 717 1506 747 typum
1525 711 1752 739 saneta-,vivificaa
1765 711 1871 738 Christi

1085 758 1194 788 animm,
1211 766 1270 792 quae
1293 762 1334 784 est
1350 757 1451 789 media,
1480 761 1510 784 ut
1534 765 1630 784 rursus
1642 757 1709 784 dicit
1729 757 1873 791 theologus

1085 803 1247 838 Gregorius,
1263 804 1518 831 interdivinitatem
1538 807 1566 830 et
1584 803 1676 829 carnis
1704 802 1871 829 crassitudi—

1085 858 1158 876 nem.
1174 850 1358 883 Quamobrem
1377 850 1516 885 superiori
1541 849 1653 884 quidem
1666 849 1737 875 et'elo
1758 848 1874 875 inferior

1085 900 1126 922 est
1139 896 1196 923 haec
1212 904 1302 930 aqua;
1318 896 1370 923 hoc
1380 901 1431 928 est,
1447 895 1583 922 minorem
1600 894 1649 921 Dei
1672 894 1756 921 Verbi
1775 894 1872 921 essen—

246 941 298 968 Irun
327 941 431 969 addens
463 944 691 977 compositionem
716 949 762 971 aut
790 945 977 978 additionem,
1004 949 1033 972 ut
1050 929 1071 957 Β
1089 943 1151 969 tiam
1176 942 1229 970 fert
1256 942 1411 977 intelligens
1443 941 1534 968 anima
1555 946 1583 968 et
1606 941 1713 967 ratione
1738 939 1871 975 praedita:

244 987 354 1020 quando
371 987 456 1014 dicit:
472 987 503 1014 1η
522 989 651 1023 principio
665 990 723 1024 fecit
746 990 815 1016 Deus
832 990 925 1017 rte/um
939 995 963 1016 et
978 995 1032 1016 ter-

245 1041 313 1059 ram.
334 1033 470 1061 Etrursus
485 1034 633 1069 deinceps:
653 1035 686 1062 Et
704 1037 770 1063 dixit
785 1036 863 1063 Deus.
883 1037 933 1064 Et:
950 1036 1033 1072 Sepa—

244 1080 313 1106 ravit
334 1079 402 1106 Deus
422 1081 606 1108 intermedium
623 1081 703 1114 lucis;
721 1082 791 1110 facto
814 1089 905 1111 autem
920 1084 1032 1111 homine

245 1127 346 1161 duplici
363 1128 420 1163 (qui
434 1133 486 1160 est,
514 1129 637 1164 inquam,
654 1131 827 1164 compositus
846 1140 879 1158 ex
899 1135 973 1158 terra
1004 1138 1032 1159 ct

244 1172 337 1199 divina
353 1174 559 1209 insulllalione),
579 1176 671 1202 statim
696 1176 835 1211 Scriptura
849 1178 1031 1212 compositura

244 1225 354 1252 quoque
372 1222 399 1245 et
415 1219 516 1254 duplex
534 1220 599 1247 fecit
612 1228 712 1247 nomen
730 1222 846 1256 opiﬁcis,
858 1230 921 1249 eum
937 1223 1032 1258 appel-

245 1265 304 1289 lans
320 1263 465 1291 Dominum
480 1269 508 1291 et
523 1265 620 1298 Deum,
635 1265 717 1300 idque
731 1274 786 1293 non
800 1268 893 1299 semel,
914 1276 964 1295 nee
978 1268 1029 1300 bis,

245 1310 298 1335 ncc‘
312 1309 424 1343 septies,
442 1310 489 1336 sed
508 1310 535 1336 in
558 1312 754 1345 septemdecim
781 1313 918 1347 capitibus
934 1313 1031 1340 ordine

243 1361 271 1382 et
289 1355 419 1390 deinceps
444 1356 532 1390 ipsum
554 1357 709 1383 nominavit
726 1358 810 1384 Deum
830 1363 857 1385 et
873 1358 1030 1390 Dominum,

245 1406 373 1434 umquam
397 1400 605 1427 continuatione
632 1401 826 1435 duplicatiouis
843 1406 871 1429 ct
887 1403 1030 1437 compositi

244 1443 363 1473 ueiuia'is
392 1445 496 1480 Spiritu
512 1451 605 1473 sancto
621 1455 671 1474 nos
685 1447 786 1474 docens
807 1452 835 1474 et
853 1448 961 1475 dicens:
977 1449 1031 1475 Co-

243 1491 365 1523 gnoscite
378 1490 450 1525 quod
470 1491 516 1524 qni
533 1491 598 1517 olim
615 1495 678 1517 ante
689 1492 787 1518 smcnla
803 1492 917 1526 simplex
928 1498 987 1519 erat
1004 1497 1031 1520 et

244 1536 453 1570 incompositus,
464 1537 515 1563 sibi
533 1542 693 1564 constructo
706 1537 826 1564 humano
841 1539 1028 1572 tabernaculo,

242 1579 268 1606 ei
283 1580 394 1607 unietur
413 1580 440 1608 iu
467 1581 606 1615 hypostasi
636 1582 662 1608 in
679 1583 881 1616 posterioribus
896 1585 1028 1618 tempori—

244 1626 304 1658 bus,
323 1631 350 1653 et
373 1626 419 1653 [iet
446 1628 614 1662 compositus
636 1629 682 1663 qui
712 1634 771 1656 erat
784 1634 845 1657 ante
869 1631 984 1665 simplex
1000 1635 1027 1658 et

243 1671 452 1706 incompositus,
470 1674 650 1708 compositam
680 1680 792 1709 portatis
815 1677 1025 1710 appellationem

242 1725 290 1751 per
321 1718 558 1751 incarnationem,
588 1725 618 1747 ut
643 1721 688 1755 qui
718 1722 872 1755 appelletur
899 1722 1027 1750 Christus

241 1763 328 1794 Deus,
345 1763 397 1790 hoc
417 1769 458 1791 est
485 1765 556 1792 Deus
573 1770 600 1792 et
619 1766 710 1793 homo.
726 1767 812 1800 Quem
828 1769 943 1802 pulchre
964 1778 1026 1796 cum

241 1810 378 1843 palpasset
395 1815 422 1836 et
442 1810 556 1838 dixisset
569 1812 698 1843 Thomas,
713 1817 741 1840 et
757 1813 784 1840 in
796 1822 829 1840 eo
845 1816 1027 1849 perspexisset

241 1854 356 1881 duarum
370 1859 531 1883 naturarum
547 1859 780 1893 conjugationem,
806 1861 969 1888 exclamavit
985 1862 1028 1888 di-

241 1908 323 1927 cens:
336 1900 478 1930 ,Dominns
494 1903 562 1930 Dens
578 1908 602 1929 et
629 1905 696 1931 Dens
714 1914 784 1932 meus
800 1906 830 1933 '”.
847 1907 924 1939 Quod
941 1908 963 1935 si
981 1909 1028 1935 ad-

241 1954 337 1972 VCI'SUS
362 1954 392 1975 ea
422 1955 483 1982 qua:
511 1948 584 1976 dicta
617 1955 681 1977 sunt
709 1952 877 1980 contradicit
900 1954 1025 1986 Iudaeus,

239 1991 354 2019 admitto
367 1993 633 2027 contradictionem;
651 1997 699 2023 sed
720 1997 753 2024 ad
776 2006 848 2030 eam,
860 2000 1026 2027 contrariam

240 2045 336 2064 moveo
360 2038 577 2066 dubitationem:
595 2048 693 2076 nempe
718 2047 748 2069 ut
774 2043 832 2078 ipse
862 2045 929 2072 mihi
954 2046 1028 2073 dicat

239 2091 320 2117 quam
329 2084 364 2111 ob
379 2085 610 2120 causamOpiiicis
627 2095 677 2114 seu
694 2087 838 2117 Creatoris
854 2098 954 2118 nomen
971 2100 1026 2119 non

240 2131 390 2165 duplicavit
401 2131 495 2159 divina
510 2132 654 2167 Scriptura
669 2133 757 2161 donec
767 2140 878 2163 creatus
903 2124 955 2164 fuit
977 2139 1027 2165 ho-

240 2184 284 2203 mo
301 2177 402 2211 duplex
417 2185 431 2204 a
443 2178 498 2205 Deo
514 2178 629 2206 effectus
641 2200 647 2212 ,
674 2187 773 2215 nempe
794 2185 822 2208 et
836 2183 986 2211 materialis
1001 2188 1028 2211 et

239 2230 336 2256 expers
352 2224 472 2251 materize
485 2245 491 2254 .
508 2226 633 2252 mortalis
646 2230 675 2252 et
699 2226 872 2260 immortalis,
889 2231 1028 2257 terrestris

1085 997 1177 1016 crasso
1189 994 1279 1016 autem
1291 989 1404 1025 etquod
1426 992 1565 1023 spectatur
1584 987 1756 1014 ﬁrmamento
1770 990 1813 1013 est
1826 994 1872 1013 su-

1085 1034 1177 1067 perior
1201 1038 1228 1059 et
1243 1033 1426 1067 praestantior,
1453 1033 1524 1059 sicut
1540 1032 1622 1059 etiam
1641 1032 1708 1058 alias
1724 1031 1782 1058 htec
1797 1031 1872 1058 dixi:

1085 1078 1226 1105 seiendum
1245 1082 1287 1105 est
1308 1078 1382 1105 enim
1398 1078 1472 1112 quod
1497 1078 1597 1104 coelum
1615 1077 1688 1112 quod
1705 1077 1828 1108 videtur,
1845 1080 1875 1103 et

1084 1125 1184 1151 coelum
1194 1125 1267 1160 quod
1288 1129 1329 1151 est
1349 1132 1433 1159 supra
1454 1132 1553 1159 aquam
1576 1124 1650 1159 quod
1667 1132 1721 1150 non
1746 1123 1872 1155 videtur,

1084 1171 1186 1197 habent
1218 1171 1429 1205 inseparabilem
1460 1175 1488 1197 et
1512 1170 1681 1197 individuam
1709 1169 1871 1201 essentiam,

1082 1217 1222 1251 quomodo
1234 1225 1286 1243 una
1299 1216 1401 1243 Christi
1415 1224 1476 1251 quae
1487 1221 1528 1243 est
1540 1216 1693 1250 composita
1704 1214 1871 1250 hypostnsis,

1083 1267 1112 1289 ut
1125 1271 1184 1297 qua:
1201 1263 1237 1290 sit
1252 1271 1285 1289 ex
1310 1262 1420 1290 duobus
1445 1270 1506 1297 qua:
1521 1263 1623 1289 cadunt
1638 1262 1690 1289 sub
1708 1266 1871 1296 aspectum;

1082 1314 1109 1335 ct
1120 1317 1153 1335 ex
1170 1317 1225 1336 uno
1238 1309 1311 1344 quod
1328 1309 1402 1336 cadit
1417 1307 1527 1343 (nempe
1542 1308 1672 1343 corpore)
1689 1316 1696 1340 ;
1719 1307 1873 1342 inaspecta—

1082 1355 1145 1381 l)ilis
1162 1355 1235 1382 enim
1258 1359 1300 1381 est
1328 1355 1402 1381 Deus
1429 1354 1561 1386 Verbum,
1587 1357 1614 1381 et
1630 1354 1741 1384 anima;
1770 1360 1872 1386 corpus

1082 1406 1173 1428 autem
1200 1405 1243 1428 est
1276 1400 1452 1435 aspectabile,
1485 1404 1515 1426 ut
1543 1408 1638 1427 verum
1665 1399 1741 1426 dicat
1768 1399 1880 1428 Paulus'

1082 1448 1194 1474 dicens:
1208 1447 1303 1474 Omnia
1317 1447 1344 1472 in
1357 1446 1460 1473 Christo
1472 1451 1533 1473 sunt
1550 1447 1668 1477 condita,
1684 1450 1708 1472 et
1735 1453 1796 1480 qua:
1809 1448 1872 1472 sunt

1080 1502 1160 1528 super
1173 1499 1273 1519 terram
1288 1499 1312 1519 ct
1326 1501 1384 1529 quis
1399 1494 1426 1520 in
1443 1493 1524 1524 caelis,
1548 1498 1573 1519 et
1599 1492 1710 1519 visibilia
1724 1496 1748 1518 et
1777 1491 1871 1518 invisi-

1081 1539 1143 1566 bilia
1160 1539 1193 1565 ⁷⁸.
1210 1539 1269 1571 Quo
1283 1538 1312 1565 ﬁt
1328 1543 1359 1565 ut
1375 1543 1523 1573 propterea
1538 1538 1593 1564 sint
1608 1544 1718 1572 quoque
1741 1536 1802 1563 dum.
1817 1541 1873 1563 ter-

1081 1594 1127 1617 rae,
1143 1594 1175 1612 ea
1193 1593 1253 1619 quae
1263 1585 1336 1612 cadit
1353 1585 1403 1611 sub
1421 1589 1561 1619 aspectum
1574 1589 1602 1611 et
1613 1592 1644 1610 ea
1652 1591 1713 1618 quae
1721 1590 1775 1609 non
1785 1582 1870 1613 cadit,

1051 1622 1061 1630 λ
1079 1639 1139 1666 qua:
1149 1636 1190 1657 est
1203 1631 1273 1666 apud
1286 1639 1336 1657 nos
1347 1630 1485 1657 scilicetet
1495 1634 1605 1664 quaeest
1620 1628 1810 1656 inhabitabilis
1822 1631 1872 1654 aut

1078 1678 1240 1712 paradisus;
1256 1678 1348 1704 etduo
1363 1676 1626 1710 animalia,angelus
1638 1680 1666 1702 et
1684 1676 1777 1705 homo,
1792 1682 1872 1708 aspe.

1078 1724 1196 1756 ctabile;
1214 1723 1275 1750 dua:
1300 1732 1387 1758 aqum,
1414 1722 1559 1749 manifesta
1579 1728 1607 1749 et
1621 1730 1675 1749 non
1699 1720 1869 1753 manifesta;

1078 1769 1133 1796 duo
1146 1769 1269 1804 spiritus,
1287 1776 1387 1803 nempe
1400 1768 1552 1803 spiritualis
1570 1771 1597 1794 et
1619 1767 1742 1797 divinus.
1755 1772 1783 1794 et
1800 1773 1870 1793 ven-

1079 1820 1141 1847 tus;
1165 1815 1267 1849 duplex
1278 1815 1358 1850 ignis.
1378 1822 1477 1849 nempe
1494 1814 1645 1841 materialis
1664 1819 1692 1840 et
1707 1821 1761 1840 non
1782 1817 1870 1839 mate-

1079 1861 1355 1896 rialis;duplcxlux,
1383 1868 1414 1887 ea
1430 1869 1491 1895 qua:
1519 1860 1593 1887 cadit
1615 1859 1666 1886 sub
1688 1863 1828 1893 aspectum
1842 1862 1871 1885 et

1078 1917 1108 1935 ea
1125 1917 1185 1943 quae
1205 1916 1260 1935 non
1292 1907 1382 1940 cadit;
1409 1907 1464 1934 duo
1492 1914 1593 1942 genera
1622 1905 1823 1932 animationum
1842 1909 1871 1931 et

1079 1954 1223 1981 mobilium
1248 1957 1430 1988 potestatum;
1461 1953 1576 1979 mortale
1594 1952 1714 1987 (dicatur
1738 1950 1812 1977 enim
1841 1954 1872 1977 et.

1077 2001 1125 2035 qui
1141 2000 1217 2027 estin
1232 1999 1348 2026 rationis
1361 1998 1522 2034 expertibus
1538 1997 1724 2025 animantibus
1742 1995 1870 2031 spiritus,

1078 2048 1169 2074 anima
1199 2054 1248 2081 per
1261 2045 1390 2080 abusum)
1408 2049 1436 2072 et
1453 2044 1527 2079 quod
1546 2049 1589 2072 est
1605 2044 1633 2070 in
1657 2043 1739 2070 nobis
1750 2043 1870 2069 immor-

1079 2093 1142 2119 tale.
1167 2091 1291 2126 Duplicia
1322 2090 1484 2121 animantia,
1518 2089 1664 2116 terrestria
1688 2092 1717 2115 et
1743 2087 1870 2120 marina;

1078 2137 1179 2172 duplex
1190 2141 1232 2164 est
1255 2136 1311 2162 vita
1341 2134 1504 2169 temporalis
1520 2138 1549 2161 et
1563 2138 1684 2164 aeterna;
1712 2133 1813 2167 duplex
1822 2139 1872 2167 ge-

1079 2183 1196 2214 neratio,
1225 2190 1258 2209 ex
1277 2181 1388 2212 femina,
1405 2185 1431 2207 et
1447 2188 1480 2207 ex
1495 2179 1614 2206 mortuis
1630 2188 1637 2212 ;
1653 2178 1754 2213 duplex
1776 2177 1872 2212 bapti-

1078 2238 1136 2256 sma
1152 2237 1199 2264 per
1212 2235 1310 2262 aquam
1329 2231 1357 2254 et
1370 2227 1515 2261 spiritum;
1531 2225 1634 2260 duplex
1653 2224 1785 2259 cognitio,
1799 2231 1871 2258 prm-

238 2273 266 2294 et
278 2268 409 2300 ctelestis,
430 2274 460 2296 ut
475 2270 543 2297 dicit
555 2270 665 2298 divinus
678 2271 850 2308 inthcologia
866 2274 1024 2309 Gregorius,
1043 2273 1064 2301 D
1077 2283 1140 2302 sens
1154 2274 1299 2306 etfutura;
1313 2272 1434 2307 duplicia
1442 2272 1525 2303 bona,
1537 2270 1698 2306 temporalia
1713 2273 1869 2300 etaterna;

238 2318 266 2339 et
281 2313 362 2340 rebus
374 2318 401 2340 et
414 2315 522 2347 verbis,
542 2316 590 2343 Dei
610 2317 704 2350 Verbi,
736 2319 782 2353 qui
807 2320 953 2354 aliquando
978 2322 1028 2348 fuit

239 2360 368 2393 simplex,
384 2361 613 2394 compositionem
630 2368 657 2390 et
679 2364 910 2398 incarnationem,
926 2367 953 2393 in
978 2368 1013 2394 bo

239 2403 313 2430 mine
325 2403 402 2438 prius
416 2403 555 2432 describat
568 2406 722 2441 Scriptura.
735 2408 919 2441 Quamobrem
939 2411 1027 2445 ipsqu

238 2457 348 2484 quoque
360 2447 441 2484 quam
454 2452 566 2485 angelos
580 2452 644 2479 fecit
655 2453 726 2480 Deus
741 2454 774 2481 ad
788 2462 865 2482 suam
880 2456 1026 2491 imaginem

238 2500 266 2521 rt
284 2495 493 2523 similitudinem
512 2498 623 2526 dicens:
639 2498 734 2526 Omnia
751 2501 821 2527 enim
837 2510 884 2536 per
901 2503 987 2537 ipsum
1001 2508 1024 2529 et

237 2541 265 2566 in
284 2541 340 2576 ipso
358 2541 429 2575 facta
443 2547 503 2569 sunt
520 2543 554 2576 "',
570 2544 722 2572 discutiens
734 2546 794 2580 ejus
808 2547 1024 2576 incarnationem

239 2586 525 2622 compositionemque
551 2594 579 2616 et
605 2590 853 2625 combinationem;
880 2592 967 2626 duas,
983 2594 1025 2621 in-

239 2639 332 2665 quam,
348 2632 503 2660 individuas
524 2634 625 2662 Christi
643 2637 777 2664 essentias
797 2646 804 2664 :
821 2646 919 2673 nempe
934 2644 961 2666 et
982 2640 1025 2667 in-

238 2678 432 2712 aspectabilem
441 2679 501 2714 ejus
514 2680 679 2714 divinitatis,
698 2687 726 2710 et
742 2684 936 2718 aspectabilem
947 2686 982 2713 ab
992 2695 1025 2714 eo

237 2723 387 2752 individua
406 2725 466 2760 ejus
481 2726 676 2760 humanitatis;
690 2729 817 2756 universa
831 2735 886 2757 tam
903 2738 1026 2766 aspecta-

239 2769 289 2796 bili
304 2778 384 2805 quam
403 2778 458 2798 non
468 2773 629 2807 aspectabili
641 2780 767 2802 creatura
774 2781 869 2811 aperte
878 2785 939 2804 eum
951 2778 1027 2805 ciliu-

241 2820 321 2849 gentc
333 2821 360 2843 et
371 2818 431 2852 ejus
441 2819 612 2853 exprimente
628 2820 787 2856 imaginem.

277 2872 298 2887 ⁵⁵⁷
312 2872 407 2900 Matth.
429 2881 476 2902 vn,
489 2875 514 2900 7.

248 2912 295 2934 art.
311 2912 338 2934 ὁ.

552 2876 574 2890 τ⁰
592 2876 661 2903 Psal.
680 2886 760 2911 (:xm,
780 2879 818 2905 l9.

377 2907 400 2924 ⁷⁸
418 2908 523 2935 Culoss.
554 2919 571 2941 ι,
596 2911 637 2938 H3.

858 2881 878 2896 ⁷¹
894 2881 971 2908 Joan.
985 2890 1028 2915 xx,
1043 2882 1088 2909 ‘28.

1080 2320 1141 2347 dua:
1153 2320 1237 2354 leges,
1250 2320 1353 2353 scripta
1367 2322 1395 2345 et
1411 2317 1564 2353 spiritualis
1578 2325 1586 2349 ;
1607 2317 1663 2343 duo
1679 2316 1869 2346 Testamenta,

1078 2365 1133 2392 duo
1177 2363 1282 2399 populi.
1321 2363 1387 2390 Dure
1430 2361 1605 2390 narrationes
1651 2360 1871 2388 constructiouis

1077 2410 1184 2443 Adami,
1204 2418 1258 2437 una
1285 2409 1413 2443 simplex,
1446 2407 1569 2435 secunda
1586 2415 1679 2434 crassa
1700 2412 1728 2434 et
1756 2411 1870 2433 terrena

1077 2456 1161 2483 veluti
1174 2456 1271 2491 dupla:
1287 2460 1434 2490 postquam
1451 2454 1544 2482 statim
1560 2453 1737 2488 duplicatres
1746 2452 1871 2487 prophe-

1077 2509 1103 2531 ta
1115 2503 1215 2534 Moses,
1228 2503 1272 2529 vel
1288 2502 1381 2536 potius
1394 2500 1441 2536 qui
1464 2500 1589 2535 loquitur
1613 2500 1640 2526 in
1664 2499 1724 2533 ipso
1736 2499 1868 2533 angelus;

1074 2555 1106 2576 ut
1121 2557 1183 2584 qua
1190 2549 1245 2576 sint
1259 2547 1383 2583 symbola
1403 2547 1520 2574 duarum
1532 2545 1636 2573 Christi
1651 2545 1867 2580 proprietatum.

1075 2594 1154 2622 Unde
1174 2594 1256 2621 etiam
1272 2593 1362 2628 ipsum
1378 2592 1499 2619 ostendit
1513 2591 1652 2626 duplicem
1665 2591 1868 2624 plantatorem:

1076 2641 1178 2676 duplex
1193 2641 1309 2675 lignum,
1324 2639 1425 2666 sensile
1435 2643 1461 2666 et
1475 2638 1501 2665 id
1518 2637 1592 2672 quod
1608 2637 1682 2664 cadit
1696 2636 1747 2663 snb
1760 2635 1866 2663 intelli-

1080 2687 1216 2722 gentiam:
1251 2685 1321 2713 duos
1354 2692 1470 2712 narrans
1498 2691 1632 2718 aquarum
1658 2682 1767 2713 ﬂuvios,
1794 2681 1867 2708 duas

1081 2733 1211 2768 quasdam
1231 2732 1427 2768 plantationes.
1446 2730 1515 2758 duas
1541 2730 1685 2756 volucrum
1710 2727 1868 2763 generatio-

1081 2787 1146 2806 nes:
1162 2778 1299 2813 duplicem
1311 2777 1464 2812 posituram
1479 2775 1601 2802 hominis
1613 2775 1640 2802 in
1656 2773 1796 2808 paradisi:
1809 2773 1866 2800 duo

1081 2824 1259 2852 cumAdamo
1272 2823 1419 2858 colloquia,
1439 2829 1524 2849 unum
1542 2820 1703 2848 animalium
1729 2823 1756 2846 et
1778 2825 1866 2845 unum

1127 2883 1148 2896 ’⁵
1159 2881 1262 2908 Coloss.
1275 2889 1292 2915 ι,
1310 2881 1352 2908 i6.
1404 2880 1427 2896 ⁷³
1447 2879 1475 2906 S.
1486 2879 1584 2905 Thom.
1596 2886 1603 2905 ι
1616 2881 1699 2912 part.,
1713 2882 1807 2911 (ιυςιξδι.
1822 2877 1868 2909 95,
