  <div class='ocr_page' id='page_1' title='image "/cluster/home/n/w/nwhite01/storage/ocr_20150623/89/njp.32101064224908/486.png"; bbox 0 0 1990 3183; ppageno 0'>
   <div class='ocr_carea' id='block_1_1' title="bbox 99 225 150 258">
    <p class='ocr_par' dir='ltr' id='par_1_1' title="bbox 99 225 150 258">
     <span class='ocr_line' id='line_1_1' title="bbox 99 225 150 258; baseline 0 0"><span class='ocrx_word' id='word_1_1' title='bbox 99 225 150 258; x_wconf 78' lang='grc'><strong>953</strong></span> 
     </span>
    </p>
   </div>
   <div class='ocr_carea' id='block_1_2' title="bbox 651 221 1202 254">
    <p class='ocr_par' dir='ltr' id='par_1_2' title="bbox 651 221 1202 254">
     <span class='ocr_line' id='line_1_2' title="bbox 651 221 1202 254; baseline 0.004 -2"><span class='ocrx_word' id='word_1_2' title='bbox 651 224 688 253; x_wconf 83' lang='grc' dir='ltr'><strong>ΙΝ</strong></span> <span class='ocrx_word' id='word_1_3' title='bbox 709 221 984 253; x_wconf 71' lang='grc' dir='ltr'><strong>ΗΕΧΑΕΜΕΚΟΝ.</strong></span> <span class='ocrx_word' id='word_1_4' title='bbox 1001 235 1029 239; x_wconf 89' lang='grc'><strong><em>-</em></strong></span> <span class='ocrx_word' id='word_1_5' title='bbox 1047 224 1117 254; x_wconf 72' lang='lat' dir='ltr'><strong>LIB.</strong></span> <span class='ocrx_word' id='word_1_6' title='bbox 1139 225 1202 254; x_wconf 83' lang='lat' dir='ltr'><strong>VlI.</strong></span> 
     </span>
    </p>
   </div>
   <div class='ocr_carea' id='block_1_3' title="bbox 1674 224 1728 257">
    <p class='ocr_par' dir='ltr' id='par_1_3' title="bbox 1674 224 1728 257">
     <span class='ocr_line' id='line_1_3' title="bbox 1674 224 1728 257; baseline -0.019 0"><span class='ocrx_word' id='word_1_7' title='bbox 1674 224 1728 257; x_wconf 61' lang='grc'><strong>954</strong></span> 
     </span>
    </p>
   </div>
   <div class='ocr_carea' id='block_1_4' title="bbox 100 276 1727 315">
    <p class='ocr_par' dir='ltr' id='par_1_4' title="bbox 100 276 1727 315">
     <span class='ocr_line' id='line_1_4' title="bbox 100 276 1727 315; baseline 0 -8"><span class='ocrx_word' id='word_1_8' title='bbox 100 282 163 308; x_wconf 76' lang='lat' dir='ltr'><strong>vita:</strong></span> <span class='ocrx_word' id='word_1_9' title='bbox 184 281 247 315; x_wconf 93' lang='lat' dir='ltr'><strong>(hoc</strong></span> <span class='ocrx_word' id='word_1_10' title='bbox 264 284 317 312; x_wconf 82' lang='lat' dir='ltr'><strong>est,</strong></span> <span class='ocrx_word' id='word_1_11' title='bbox 330 280 419 314; x_wconf 75' lang='lat' dir='ltr'><strong>Evac);</strong></span> <span class='ocrx_word' id='word_1_12' title='bbox 444 284 472 306; x_wconf 90' lang='lat' dir='ltr'><strong>et</strong></span> <span class='ocrx_word' id='word_1_13' title='bbox 493 278 564 306; x_wconf 90' lang='lat' dir='ltr'><strong>duos</strong></span> <span class='ocrx_word' id='word_1_14' title='bbox 587 287 703 306; x_wconf 74' lang='lat' dir='ltr'><strong>narrans</strong></span> <span class='ocrx_word' id='word_1_15' title='bbox 720 279 749 305; x_wconf 88' lang='lat' dir='ltr'><strong>in</strong></span> <span class='ocrx_word' id='word_1_16' title='bbox 771 286 804 304; x_wconf 87' lang='lat' dir='ltr'><strong>eo</strong></span> <span class='ocrx_word' id='word_1_17' title='bbox 821 277 890 304; x_wconf 88' lang='lat' dir='ltr'><strong>ami—</strong></span> <span class='ocrx_word' id='word_1_18' title='bbox 904 276 927 304; x_wconf 74' lang='grc' dir='ltr'>Α</span> <span class='ocrx_word' id='word_1_19' title='bbox 940 278 1144 312; x_wconf 81' lang='lat' dir='ltr'><strong>contemplator</strong></span> <span class='ocrx_word' id='word_1_20' title='bbox 1165 284 1193 306; x_wconf 89' lang='lat' dir='ltr'><strong>et</strong></span> <span class='ocrx_word' id='word_1_21' title='bbox 1217 279 1369 314; x_wconf 58' lang='lat' dir='ltr'><strong>inspector.</strong></span> <span class='ocrx_word' id='word_1_22' title='bbox 1395 280 1511 312; x_wconf 80' lang='lat' dir='ltr'><strong>Quando</strong></span> <span class='ocrx_word' id='word_1_23' title='bbox 1535 285 1637 313; x_wconf 89' lang='lat' dir='ltr'><strong>autem,</strong></span> <span class='ocrx_word' id='word_1_24' title='bbox 1664 287 1727 307; x_wconf 89' lang='lat' dir='ltr'><strong>cum</strong></span> 
     </span>
    </p>
   </div>
   <div class='ocr_carea' id='block_1_5' title="bbox 100 323 888 359">
    <p class='ocr_par' dir='ltr' id='par_1_5' title="bbox 100 323 888 359">
     <span class='ocr_line' id='line_1_5' title="bbox 100 323 888 359; baseline -0.005 -6"><span class='ocrx_word' id='word_1_25' title='bbox 100 331 176 354; x_wconf 86' lang='lat' dir='ltr'><strong>ctus:</strong></span> <span class='ocrx_word' id='word_1_26' title='bbox 190 334 275 352; x_wconf 93' lang='lat' dir='ltr'><strong>unum</strong></span> <span class='ocrx_word' id='word_1_27' title='bbox 290 333 323 352; x_wconf 78' lang='lat' dir='ltr'><strong>ex</strong></span> <span class='ocrx_word' id='word_1_28' title='bbox 334 325 417 358; x_wconf 78' lang='lat' dir='ltr'><strong>foliis,</strong></span> <span class='ocrx_word' id='word_1_29' title='bbox 438 325 640 359; x_wconf 81' lang='lat' dir='ltr'><strong>signiﬁcantem</strong></span> <span class='ocrx_word' id='word_1_30' title='bbox 669 323 799 351; x_wconf 86' lang='lat' dir='ltr'><strong>subtilem</strong></span> <span class='ocrx_word' id='word_1_31' title='bbox 816 324 888 357; x_wconf 72' lang='lat' dir='ltr'><strong>(qua:</strong></span> 
     </span>
    </p>
   </div>
   <div class='ocr_carea' id='block_1_6' title="bbox 101 361 886 404">
    <p class='ocr_par' dir='ltr' id='par_1_6' title="bbox 101 361 886 404">
     <span class='ocr_line' id='line_1_6' title="bbox 101 361 886 404; baseline -0.005 -8"><span class='ocrx_word' id='word_1_32' title='bbox 101 378 133 397; x_wconf 82' lang='lat' dir='ltr'><strong>ex</strong></span> <span class='ocrx_word' id='word_1_33' title='bbox 151 370 244 396; x_wconf 80' lang='lat' dir='ltr'><strong>radice</strong></span> <span class='ocrx_word' id='word_1_34' title='bbox 266 374 381 404; x_wconf 86' lang='lat' dir='ltr'><strong>paterna</strong></span> <span class='ocrx_word' id='word_1_35' title='bbox 415 369 551 404; x_wconf 89' lang='lat' dir='ltr'><strong>procedit)</strong></span> <span class='ocrx_word' id='word_1_36' title='bbox 579 361 661 396; x_wconf 79' lang='lat' dir='ltr'><strong>Verbi</strong></span> <span class='ocrx_word' id='word_1_37' title='bbox 693 367 886 399; x_wconf 82' lang='lat' dir='ltr'><strong>divinitatem;</strong></span> 
     </span>
    </p>
   </div>
   <div class='ocr_carea' id='block_1_7' title="bbox 101 413 888 450">
    <p class='ocr_par' dir='ltr' id='par_1_7' title="bbox 101 413 888 450">
     <span class='ocr_line' id='line_1_7' title="bbox 101 413 888 450; baseline -0.004 -8"><span class='ocrx_word' id='word_1_38' title='bbox 101 416 216 442; x_wconf 85' lang='lat' dir='ltr'><strong>alterum</strong></span> <span class='ocrx_word' id='word_1_39' title='bbox 231 424 265 442; x_wconf 73' lang='lat' dir='ltr'><strong>ex</strong></span> <span class='ocrx_word' id='word_1_40' title='bbox 282 415 397 450; x_wconf 88' lang='lat' dir='ltr'><strong>pcllicea</strong></span> <span class='ocrx_word' id='word_1_41' title='bbox 411 415 504 442; x_wconf 92' lang='lat' dir='ltr'><strong>tunica</strong></span> <span class='ocrx_word' id='word_1_42' title='bbox 519 415 580 450; x_wconf 85' lang='lat' dir='ltr'><strong>ejus</strong></span> <span class='ocrx_word' id='word_1_43' title='bbox 595 422 655 449; x_wconf 67' lang='lat' dir='ltr'><strong>qua:</strong></span> <span class='ocrx_word' id='word_1_44' title='bbox 679 414 796 449; x_wconf 87' lang='lat' dir='ltr'><strong>peperit,</strong></span> <span class='ocrx_word' id='word_1_45' title='bbox 819 413 888 440; x_wconf 84' lang='lat' dir='ltr'><strong>duas</strong></span> 
     </span>
    </p>
   </div>
   <div class='ocr_carea' id='block_1_8' title="bbox 101 458 889 494">
    <p class='ocr_par' dir='ltr' id='par_1_8' title="bbox 101 458 889 494">
     <span class='ocr_line' id='line_1_8' title="bbox 101 458 889 494; baseline -0.003 -8"><span class='ocrx_word' id='word_1_46' title='bbox 101 460 226 487; x_wconf 81' lang='lat' dir='ltr'><strong>mulieris</strong></span> <span class='ocrx_word' id='word_1_47' title='bbox 255 461 438 492; x_wconf 72' lang='lat' dir='ltr'><strong>narrationes,</strong></span> <span class='ocrx_word' id='word_1_48' title='bbox 465 460 535 486; x_wconf 90' lang='lat' dir='ltr'><strong>duos</strong></span> <span class='ocrx_word' id='word_1_49' title='bbox 563 460 622 494; x_wconf 88' lang='lat' dir='ltr'><strong>ejus</strong></span> <span class='ocrx_word' id='word_1_50' title='bbox 639 459 779 486; x_wconf 80' lang='lat' dir='ltr'><strong>fructuum</strong></span> <span class='ocrx_word' id='word_1_51' title='bbox 801 458 889 485; x_wconf 87' lang='lat' dir='ltr'><strong>:duas</strong></span> 
     </span>
    </p>
   </div>
   <div class='ocr_carea' id='block_1_9' title="bbox 101 505 886 540">
    <p class='ocr_par' dir='ltr' id='par_1_9' title="bbox 101 505 886 540">
     <span class='ocr_line' id='line_1_9' title="bbox 101 505 886 540; baseline -0.004 -7"><span class='ocrx_word' id='word_1_52' title='bbox 101 507 260 533; x_wconf 81' lang='lat' dir='ltr'><strong>animalium</strong></span> <span class='ocrx_word' id='word_1_53' title='bbox 283 506 473 538; x_wconf 83' lang='lat' dir='ltr'><strong>formationes,</strong></span> <span class='ocrx_word' id='word_1_54' title='bbox 512 506 580 533; x_wconf 89' lang='lat' dir='ltr'><strong>duas</strong></span> <span class='ocrx_word' id='word_1_55' title='bbox 602 506 653 532; x_wconf 82' lang='lat' dir='ltr'><strong>viri</strong></span> <span class='ocrx_word' id='word_1_56' title='bbox 676 505 886 540; x_wconf 82' lang='lat' dir='ltr'><strong>appellationes.</strong></span> 
     </span>
    </p>
   </div>
   <div class='ocr_carea' id='block_1_10' title="bbox 103 552 889 586">
    <p class='ocr_par' dir='ltr' id='par_1_10' title="bbox 103 552 889 586">
     <span class='ocr_line' id='line_1_10' title="bbox 103 552 889 586; baseline -0.004 -7"><span class='ocrx_word' id='word_1_57' title='bbox 103 553 182 580; x_wconf 80' lang='lat' dir='ltr'><strong>Prius</strong></span> <span class='ocrx_word' id='word_1_58' title='bbox 194 553 268 579; x_wconf 78' lang='lat' dir='ltr'><strong>enim</strong></span> <span class='ocrx_word' id='word_1_59' title='bbox 282 552 416 580; x_wconf 79' lang='lat' dir='ltr'><strong>formatus</strong></span> <span class='ocrx_word' id='word_1_60' title='bbox 432 553 593 579; x_wconf 87' lang='lat' dir='ltr'><strong>nominatur</strong></span> <span class='ocrx_word' id='word_1_61' title='bbox 610 553 704 584; x_wconf 85' lang='lat' dir='ltr'><strong>homo,</strong></span> <span class='ocrx_word' id='word_1_62' title='bbox 728 556 824 586; x_wconf 76' lang='lat' dir='ltr'><strong>postea</strong></span> <span class='ocrx_word' id='word_1_63' title='bbox 842 559 889 577; x_wconf 64' lang='grc' dir='ltr'><strong>ητις</strong></span> 
     </span>
    </p>
   </div>
   <div class='ocr_carea' id='block_1_11' title="bbox 102 597 887 631">
    <p class='ocr_par' dir='ltr' id='par_1_11' title="bbox 102 597 887 631">
     <span class='ocr_line' id='line_1_11' title="bbox 102 597 887 631; baseline -0.003 -7"><span class='ocrx_word' id='word_1_64' title='bbox 102 598 276 625; x_wconf 86' lang='lat' dir='ltr'><strong>minatusest</strong></span> <span class='ocrx_word' id='word_1_65' title='bbox 301 597 398 629; x_wconf 80' lang='lat' dir='ltr'><strong>Adam,</strong></span> <span class='ocrx_word' id='word_1_66' title='bbox 416 597 468 624; x_wconf 91' lang='lat' dir='ltr'><strong>hoc</strong></span> <span class='ocrx_word' id='word_1_67' title='bbox 494 602 546 629; x_wconf 88' lang='lat' dir='ltr'><strong>est,</strong></span> <span class='ocrx_word' id='word_1_68' title='bbox 567 601 641 624; x_wconf 90' lang='lat' dir='ltr'><strong>terra</strong></span> <span class='ocrx_word' id='word_1_69' title='bbox 667 597 887 631; x_wconf 86' lang='lat' dir='ltr'><strong>sanguinolenta.</strong></span> 
     </span>
    </p>
   </div>
   <div class='ocr_carea' id='block_1_12' title="bbox 103 643 890 677">
    <p class='ocr_par' dir='ltr' id='par_1_12' title="bbox 103 643 890 677">
     <span class='ocr_line' id='line_1_12' title="bbox 103 643 890 677; baseline -0.004 -7"><span class='ocrx_word' id='word_1_70' title='bbox 103 643 236 671; x_wconf 81' lang='lat' dir='ltr'><strong>Similiter</strong></span> <span class='ocrx_word' id='word_1_71' title='bbox 262 643 345 670; x_wconf 89' lang='lat' dir='ltr'><strong>etiam</strong></span> <span class='ocrx_word' id='word_1_72' title='bbox 355 643 426 670; x_wconf 82' lang='lat' dir='ltr'><strong>duas</strong></span> <span class='ocrx_word' id='word_1_73' title='bbox 448 643 574 670; x_wconf 81' lang='lat' dir='ltr'><strong>mulieris</strong></span> <span class='ocrx_word' id='word_1_74' title='bbox 594 643 808 677; x_wconf 84' lang='lat' dir='ltr'><strong>appellationes:</strong></span> <span class='ocrx_word' id='word_1_75' title='bbox 836 643 890 676; x_wconf 90' lang='lat' dir='ltr'><strong>pri-</strong></span> 
     </span>
    </p>
   </div>
   <div class='ocr_carea' id='block_1_13' title="bbox 102 688 888 723">
    <p class='ocr_par' dir='ltr' id='par_1_13' title="bbox 102 688 888 723">
     <span class='ocr_line' id='line_1_13' title="bbox 102 688 888 723; baseline -0.001 -8"><span class='ocrx_word' id='word_1_76' title='bbox 102 697 177 715; x_wconf 89' lang='lat' dir='ltr'><strong>mum</strong></span> <span class='ocrx_word' id='word_1_77' title='bbox 197 688 271 716; x_wconf 89' lang='lat' dir='ltr'><strong>enim</strong></span> <span class='ocrx_word' id='word_1_78' title='bbox 293 689 429 723; x_wconf 86' lang='lat' dir='ltr'><strong>appellata</strong></span> <span class='ocrx_word' id='word_1_79' title='bbox 454 694 496 716; x_wconf 88' lang='lat' dir='ltr'><strong>est</strong></span> <span class='ocrx_word' id='word_1_80' title='bbox 520 689 638 721; x_wconf 83' lang='lat' dir='ltr'><strong>mulier;</strong></span> <span class='ocrx_word' id='word_1_81' title='bbox 660 689 759 715; x_wconf 90' lang='lat' dir='ltr'><strong>deinde</strong></span> <span class='ocrx_word' id='word_1_82' title='bbox 782 693 888 723; x_wconf 85' lang='lat' dir='ltr'><strong>postea,</strong></span> 
     </span>
    </p>
   </div>
   <div class='ocr_carea' id='block_1_14' title="bbox 103 734 889 767">
    <p class='ocr_par' dir='ltr' id='par_1_14' title="bbox 103 734 889 767">
     <span class='ocr_line' id='line_1_14' title="bbox 103 734 889 767; baseline 0 -6"><span class='ocrx_word' id='word_1_83' title='bbox 103 735 169 766; x_wconf 80' lang='lat' dir='ltr'><strong>Eva,</strong></span> <span class='ocrx_word' id='word_1_84' title='bbox 186 735 239 762; x_wconf 91' lang='lat' dir='ltr'><strong>hoc</strong></span> <span class='ocrx_word' id='word_1_85' title='bbox 253 739 305 767; x_wconf 76' lang='lat' dir='ltr'><strong>est,</strong></span> <span class='ocrx_word' id='word_1_86' title='bbox 322 737 388 761; x_wconf 82' lang='lat' dir='ltr'><strong>vita.</strong></span> <span class='ocrx_word' id='word_1_87' title='bbox 404 735 465 761; x_wconf 88' lang='lat' dir='ltr'><strong>Non</strong></span> <span class='ocrx_word' id='word_1_88' title='bbox 489 735 579 761; x_wconf 90' lang='lat' dir='ltr'><strong>solum</strong></span> <span class='ocrx_word' id='word_1_89' title='bbox 596 739 688 761; x_wconf 84' lang='lat' dir='ltr'><strong>autem</strong></span> <span class='ocrx_word' id='word_1_90' title='bbox 707 734 829 766; x_wconf 87' lang='lat' dir='ltr'><strong>Christo,</strong></span> <span class='ocrx_word' id='word_1_91' title='bbox 841 734 889 761; x_wconf 90' lang='lat' dir='ltr'><strong>sed</strong></span> 
     </span>
    </p>
   </div>
   <div class='ocr_carea' id='block_1_15' title="bbox 100 779 890 813">
    <p class='ocr_par' dir='ltr' id='par_1_15' title="bbox 100 779 890 813">
     <span class='ocr_line' id='line_1_15' title="bbox 100 779 890 813; baseline -0.001 -7"><span class='ocrx_word' id='word_1_92' title='bbox 100 779 184 806; x_wconf 88' lang='lat' dir='ltr'><strong>etiam</strong></span> <span class='ocrx_word' id='word_1_93' title='bbox 207 779 316 806; x_wconf 87' lang='lat' dir='ltr'><strong>duabus</strong></span> <span class='ocrx_word' id='word_1_94' title='bbox 342 779 474 806; x_wconf 87' lang='lat' dir='ltr'><strong>Ecclesiis</strong></span> <span class='ocrx_word' id='word_1_95' title='bbox 492 779 663 806; x_wconf 87' lang='lat' dir='ltr'><strong>conveniunt</strong></span> <span class='ocrx_word' id='word_1_96' title='bbox 693 779 818 813; x_wconf 86' lang='lat' dir='ltr'><strong>duplices</strong></span> <span class='ocrx_word' id='word_1_97' title='bbox 846 786 890 805; x_wconf 86' lang='lat' dir='ltr'><strong>res</strong></span> 
     </span>
    </p>
   </div>
   <div class='ocr_carea' id='block_1_16' title="bbox 102 825 890 860">
    <p class='ocr_par' dir='ltr' id='par_1_16' title="bbox 102 825 890 860">
     <span class='ocr_line' id='line_1_16' title="bbox 102 825 890 860; baseline 0 -8"><span class='ocrx_word' id='word_1_98' title='bbox 102 826 256 860; x_wconf 65' lang='lat' dir='ltr'><strong>Scriptura:</strong></span> <span class='ocrx_word' id='word_1_99' title='bbox 270 833 340 860; x_wconf 87' lang='lat' dir='ltr'><strong>quas</strong></span> <span class='ocrx_word' id='word_1_100' title='bbox 365 833 440 852; x_wconf 91' lang='lat' dir='ltr'><strong>nunc</strong></span> <span class='ocrx_word' id='word_1_101' title='bbox 462 825 563 852; x_wconf 78' lang='lat' dir='ltr'><strong>adduxi</strong></span> <span class='ocrx_word' id='word_1_102' title='bbox 586 830 700 860; x_wconf 84' lang='lat' dir='ltr'><strong>propter</strong></span> <span class='ocrx_word' id='word_1_103' title='bbox 722 825 890 860; x_wconf 86' lang='lat' dir='ltr'><strong>duplicatio-</strong></span> 
     </span>
    </p>
   </div>
   <div class='ocr_carea' id='block_1_17' title="bbox 100 869 889 905">
    <p class='ocr_par' dir='ltr' id='par_1_17' title="bbox 100 869 889 905">
     <span class='ocr_line' id='line_1_17' title="bbox 100 869 889 905; baseline 0 -8"><span class='ocrx_word' id='word_1_104' title='bbox 100 878 164 897; x_wconf 87' lang='lat' dir='ltr'><strong>nem</strong></span> <span class='ocrx_word' id='word_1_105' title='bbox 177 870 298 898; x_wconf 90' lang='lat' dir='ltr'><strong>nominis</strong></span> <span class='ocrx_word' id='word_1_106' title='bbox 313 869 422 897; x_wconf 89' lang='lat' dir='ltr'><strong>Domini</strong></span> <span class='ocrx_word' id='word_1_107' title='bbox 437 870 483 905; x_wconf 88' lang='lat' dir='ltr'><strong>qui</strong></span> <span class='ocrx_word' id='word_1_108' title='bbox 498 870 576 905; x_wconf 90' lang='lat' dir='ltr'><strong>prius</strong></span> <span class='ocrx_word' id='word_1_109' title='bbox 593 870 789 897; x_wconf 79' lang='lat' dir='ltr'><strong>nominabatur</strong></span> <span class='ocrx_word' id='word_1_110' title='bbox 799 871 889 897; x_wconf 86' lang='lat' dir='ltr'><strong>Deus:</strong></span> 
     </span>
    </p>
   </div>
   <div class='ocr_carea' id='block_1_18' title="bbox 100 916 891 952">
    <p class='ocr_par' dir='ltr' id='par_1_18' title="bbox 100 916 891 952">
     <span class='ocr_line' id='line_1_18' title="bbox 100 916 891 952; baseline -0.001 -8"><span class='ocrx_word' id='word_1_111' title='bbox 100 917 212 951; x_wconf 82' lang='lat' dir='ltr'><strong>quando</strong></span> <span class='ocrx_word' id='word_1_112' title='bbox 227 921 319 944; x_wconf 89' lang='lat' dir='ltr'><strong>autem</strong></span> <span class='ocrx_word' id='word_1_113' title='bbox 337 916 426 944; x_wconf 80' lang='lat' dir='ltr'><strong>lactus</strong></span> <span class='ocrx_word' id='word_1_114' title='bbox 437 917 490 944; x_wconf 83' lang='lat' dir='ltr'><strong>fuit</strong></span> <span class='ocrx_word' id='word_1_115' title='bbox 509 917 602 950; x_wconf 88' lang='lat' dir='ltr'><strong>homo,</strong></span> <span class='ocrx_word' id='word_1_116' title='bbox 619 917 711 944; x_wconf 84' lang='lat' dir='ltr'><strong>statim</strong></span> <span class='ocrx_word' id='word_1_117' title='bbox 734 917 891 952; x_wconf 86' lang='lat' dir='ltr'><strong>appellatus</strong></span> 
     </span>
    </p>
   </div>
   <div class='ocr_carea' id='block_1_19' title="bbox 99 961 924 998">
    <p class='ocr_par' dir='ltr' id='par_1_19' title="bbox 99 961 924 998">
     <span class='ocr_line' id='line_1_19' title="bbox 99 961 924 998; baseline -0.001 -8"><span class='ocrx_word' id='word_1_118' title='bbox 99 963 153 990; x_wconf 81' lang='lat' dir='ltr'><strong>fuit</strong></span> <span class='ocrx_word' id='word_1_119' title='bbox 182 968 210 990; x_wconf 90' lang='lat' dir='ltr'><strong>et</strong></span> <span class='ocrx_word' id='word_1_120' title='bbox 233 963 366 990; x_wconf 88' lang='lat' dir='ltr'><strong>Dominus</strong></span> <span class='ocrx_word' id='word_1_121' title='bbox 395 969 424 990; x_wconf 90' lang='lat' dir='ltr'><strong>et</strong></span> <span class='ocrx_word' id='word_1_122' title='bbox 448 963 532 997; x_wconf 86' lang='lat' dir='ltr'><strong>Deus,</strong></span> <span class='ocrx_word' id='word_1_123' title='bbox 562 963 654 991; x_wconf 87' lang='lat' dir='ltr'><strong>carnis</strong></span> <span class='ocrx_word' id='word_1_124' title='bbox 678 968 814 998; x_wconf 64' lang='lat' dir='ltr'><strong>susceptae</strong></span> <span class='ocrx_word' id='word_1_125' title='bbox 839 962 887 990; x_wconf 87' lang='lat' dir='ltr'><strong>Dei</strong></span> <span class='ocrx_word' id='word_1_126' title='bbox 903 961 924 989; x_wconf 88' lang='grc' dir='ltr'><strong>Β</strong></span> 
     </span>
    </p>
   </div>
   <div class='ocr_carea' id='block_1_20' title="bbox 101 1009 889 1044">
    <p class='ocr_par' dir='ltr' id='par_1_20' title="bbox 101 1009 889 1044">
     <span class='ocr_line' id='line_1_20' title="bbox 101 1009 889 1044; baseline 0 -8"><span class='ocrx_word' id='word_1_127' title='bbox 101 1009 186 1036; x_wconf 72' lang='lat' dir='ltr'><strong>Verbi</strong></span> <span class='ocrx_word' id='word_1_128' title='bbox 201 1009 437 1044; x_wconf 78' lang='lat' dir='ltr'><strong>dispensationem</strong></span> <span class='ocrx_word' id='word_1_129' title='bbox 463 1009 606 1044; x_wconf 83' lang='lat' dir='ltr'><strong>Scriptura</strong></span> <span class='ocrx_word' id='word_1_130' title='bbox 630 1010 778 1044; x_wconf 84' lang='lat' dir='ltr'><strong>perspicue</strong></span> <span class='ocrx_word' id='word_1_131' title='bbox 807 1010 889 1037; x_wconf 89' lang='lat' dir='ltr'><strong>nobis</strong></span> 
     </span>
    </p>
   </div>
   <div class='ocr_carea' id='block_1_21' title="bbox 99 1054 889 1089">
    <p class='ocr_par' dir='ltr' id='par_1_21' title="bbox 99 1054 889 1089">
     <span class='ocr_line' id='line_1_21' title="bbox 99 1054 889 1089; baseline 0 -9"><span class='ocrx_word' id='word_1_132' title='bbox 99 1054 342 1089; x_wconf 70' lang='lat' dir='ltr'><strong>pnesigniticante.</strong></span> <span class='ocrx_word' id='word_1_133' title='bbox 359 1055 427 1081; x_wconf 82' lang='lat' dir='ltr'><strong>Nam</strong></span> <span class='ocrx_word' id='word_1_134' title='bbox 453 1054 527 1088; x_wconf 79' lang='lat' dir='ltr'><strong>quod</strong></span> <span class='ocrx_word' id='word_1_135' title='bbox 541 1054 575 1081; x_wconf 86' lang='lat' dir='ltr'><strong>de</strong></span> <span class='ocrx_word' id='word_1_136' title='bbox 598 1054 724 1081; x_wconf 65' lang='lat' dir='ltr'><strong>humana:</strong></span> <span class='ocrx_word' id='word_1_137' title='bbox 736 1059 841 1081; x_wconf 77' lang='lat' dir='ltr'><strong>naturze</strong></span> <span class='ocrx_word' id='word_1_138' title='bbox 854 1054 889 1081; x_wconf 90' lang='lat' dir='ltr'><strong>ab</strong></span> 
     </span>
    </p>
   </div>
   <div class='ocr_carea' id='block_1_22' title="bbox 99 1100 889 1135">
    <p class='ocr_par' dir='ltr' id='par_1_22' title="bbox 99 1100 889 1135">
     <span class='ocr_line' id='line_1_22' title="bbox 99 1100 889 1135; baseline 0.001 -9"><span class='ocrx_word' id='word_1_139' title='bbox 99 1107 135 1126; x_wconf 76' lang='lat' dir='ltr'><strong>eo</strong></span> <span class='ocrx_word' id='word_1_140' title='bbox 147 1101 322 1135; x_wconf 85' lang='lat' dir='ltr'><strong>susceptione</strong></span> <span class='ocrx_word' id='word_1_141' title='bbox 337 1100 490 1135; x_wconf 79' lang='lat' dir='ltr'><strong>accipiatur</strong></span> <span class='ocrx_word' id='word_1_142' title='bbox 502 1100 555 1127; x_wconf 87' lang='lat' dir='ltr'><strong>hoc</strong></span> <span class='ocrx_word' id='word_1_143' title='bbox 566 1107 664 1127; x_wconf 85' lang='lat' dir='ltr'><strong>nomen</strong></span> <span class='ocrx_word' id='word_1_144' title='bbox 675 1100 815 1132; x_wconf 83' lang='lat' dir='ltr'><strong>Dominus,</strong></span> <span class='ocrx_word' id='word_1_145' title='bbox 825 1100 889 1127; x_wconf 89' lang='lat' dir='ltr'><strong>audi</strong></span> 
     </span>
    </p>
   </div>
   <div class='ocr_carea' id='block_1_23' title="bbox 100 1145 890 1181">
    <p class='ocr_par' dir='ltr' id='par_1_23' title="bbox 100 1145 890 1181">
     <span class='ocr_line' id='line_1_23' title="bbox 100 1145 890 1181; baseline 0 -8"><span class='ocrx_word' id='word_1_146' title='bbox 100 1146 187 1173; x_wconf 80' lang='lat' dir='ltr'><strong>David</strong></span> <span class='ocrx_word' id='word_1_147' title='bbox 211 1146 368 1173; x_wconf 80' lang='lat' dir='ltr'><strong>dicentem:</strong></span> <span class='ocrx_word' id='word_1_148' title='bbox 396 1145 552 1173; x_wconf 77' lang='lat' dir='ltr'><strong>Benedictus</strong></span> <span class='ocrx_word' id='word_1_149' title='bbox 577 1147 621 1181; x_wconf 85' lang='lat' dir='ltr'><strong>qui</strong></span> <span class='ocrx_word' id='word_1_150' title='bbox 645 1147 714 1173; x_wconf 77' lang='lat' dir='ltr'><strong>venit</strong></span> <span class='ocrx_word' id='word_1_151' title='bbox 733 1147 759 1173; x_wconf 85' lang='lat' dir='ltr'><strong>iu</strong></span> <span class='ocrx_word' id='word_1_152' title='bbox 785 1147 890 1173; x_wconf 83' lang='lat' dir='ltr'><strong>nomine</strong></span> 
     </span>
    </p>
   </div>
   <div class='ocr_carea' id='block_1_24' title="bbox 101 1193 890 1227">
    <p class='ocr_par' dir='ltr' id='par_1_24' title="bbox 101 1193 890 1227">
     <span class='ocr_line' id='line_1_24' title="bbox 101 1193 890 1227; baseline -0.001 -7"><span class='ocrx_word' id='word_1_153' title='bbox 101 1193 206 1220; x_wconf 81' lang='lat' dir='ltr'><strong>Domini</strong></span> <span class='ocrx_word' id='word_1_154' title='bbox 233 1193 302 1219; x_wconf 81' lang='lat' dir='ltr'><strong>Deus</strong></span> <span class='ocrx_word' id='word_1_155' title='bbox 331 1193 472 1226; x_wconf 76' lang='lat' dir='ltr'><strong>Dominus,</strong></span> <span class='ocrx_word' id='word_1_156' title='bbox 493 1196 518 1218; x_wconf 80' lang='lat' dir='ltr'><strong>et</strong></span> <span class='ocrx_word' id='word_1_157' title='bbox 545 1193 670 1227; x_wconf 86' lang='lat' dir='ltr'><strong>apparuit</strong></span> <span class='ocrx_word' id='word_1_158' title='bbox 696 1193 768 1219; x_wconf 85' lang='lat' dir='ltr'><strong>nobis</strong></span> <span class='ocrx_word' id='word_1_159' title='bbox 799 1193 832 1219; x_wconf 77' lang='grc'><strong>⁷⁸.</strong></span> <span class='ocrx_word' id='word_1_160' title='bbox 855 1193 890 1220; x_wconf 85' lang='lat' dir='ltr'><strong>Et</strong></span> 
     </span>
    </p>
   </div>
   <div class='ocr_carea' id='block_1_25' title="bbox 101 1237 890 1265">
    <p class='ocr_par' dir='ltr' id='par_1_25' title="bbox 101 1237 890 1265">
     <span class='ocr_line' id='line_1_25' title="bbox 101 1237 890 1265; baseline -0.003 0"><span class='ocrx_word' id='word_1_161' title='bbox 101 1246 216 1265; x_wconf 89' lang='lat' dir='ltr'><strong>rursus:</strong></span> <span class='ocrx_word' id='word_1_162' title='bbox 232 1237 306 1264; x_wconf 75' lang='lat' dir='ltr'><strong>Dixit</strong></span> <span class='ocrx_word' id='word_1_163' title='bbox 322 1237 449 1264; x_wconf 84' lang='lat' dir='ltr'><strong>Dominus</strong></span> <span class='ocrx_word' id='word_1_164' title='bbox 465 1237 578 1264; x_wconf 87' lang='lat' dir='ltr'><strong>Domino</strong></span> <span class='ocrx_word' id='word_1_165' title='bbox 591 1245 646 1264; x_wconf 88' lang='lat' dir='ltr'><strong>meo</strong></span> <span class='ocrx_word' id='word_1_166' title='bbox 659 1237 744 1264; x_wconf 86' lang='lat' dir='ltr'><strong>:Sede</strong></span> <span class='ocrx_word' id='word_1_167' title='bbox 761 1246 776 1264; x_wconf 88' lang='lat' dir='ltr'><strong>a</strong></span> <span class='ocrx_word' id='word_1_168' title='bbox 791 1238 890 1264; x_wconf 74' lang='lat' dir='ltr'><strong>dertris</strong></span> 
     </span>
    </p>
   </div>
   <div class='ocr_carea' id='block_1_26' title="bbox 101 1283 890 1318">
    <p class='ocr_par' dir='ltr' id='par_1_26' title="bbox 101 1283 890 1318">
     <span class='ocr_line' id='line_1_26' title="bbox 101 1283 890 1318; baseline 0.001 -8"><span class='ocrx_word' id='word_1_169' title='bbox 101 1285 165 1310; x_wconf 78' lang='lat' dir='ltr'><strong>meis</strong></span> <span class='ocrx_word' id='word_1_170' title='bbox 179 1283 213 1314; x_wconf 84' lang='grc'><strong>⁷⁸,</strong></span> <span class='ocrx_word' id='word_1_171' title='bbox 240 1291 339 1318; x_wconf 85' lang='lat' dir='ltr'><strong>nempe</strong></span> <span class='ocrx_word' id='word_1_172' title='bbox 362 1288 424 1318; x_wconf 86' lang='lat' dir='ltr'><strong>post</strong></span> <span class='ocrx_word' id='word_1_173' title='bbox 451 1289 608 1318; x_wconf 84' lang='lat' dir='ltr'><strong>susceptam</strong></span> <span class='ocrx_word' id='word_1_174' title='bbox 635 1291 762 1316; x_wconf 83' lang='lat' dir='ltr'><strong>carnem;</strong></span> <span class='ocrx_word' id='word_1_175' title='bbox 793 1284 890 1312; x_wconf 85' lang='lat' dir='ltr'><strong>sedere</strong></span> 
     </span>
    </p>
   </div>
   <div class='ocr_carea' id='block_1_27' title="bbox 100 1329 890 1364">
    <p class='ocr_par' dir='ltr' id='par_1_27' title="bbox 100 1329 890 1364">
     <span class='ocr_line' id='line_1_27' title="bbox 100 1329 890 1364; baseline 0 -8"><span class='ocrx_word' id='word_1_176' title='bbox 100 1329 176 1356; x_wconf 84' lang='lat' dir='ltr'><strong>enim</strong></span> <span class='ocrx_word' id='word_1_177' title='bbox 189 1333 231 1356; x_wconf 87' lang='lat' dir='ltr'><strong>est</strong></span> <span class='ocrx_word' id='word_1_178' title='bbox 244 1330 387 1364; x_wconf 91' lang='lat' dir='ltr'><strong>proprium</strong></span> <span class='ocrx_word' id='word_1_179' title='bbox 403 1337 564 1364; x_wconf 86' lang='lat' dir='ltr'><strong>corporum.</strong></span> <span class='ocrx_word' id='word_1_180' title='bbox 585 1329 664 1356; x_wconf 88' lang='lat' dir='ltr'><strong>Unde</strong></span> <span class='ocrx_word' id='word_1_181' title='bbox 684 1329 768 1356; x_wconf 89' lang='lat' dir='ltr'><strong>etiam</strong></span> <span class='ocrx_word' id='word_1_182' title='bbox 781 1329 890 1357; x_wconf 82' lang='lat' dir='ltr'><strong>Gabriel</strong></span> 
     </span>
    </p>
   </div>
   <div class='ocr_carea' id='block_1_28' title="bbox 100 1375 892 1410">
    <p class='ocr_par' dir='ltr' id='par_1_28' title="bbox 100 1375 892 1410">
     <span class='ocr_line' id='line_1_28' title="bbox 100 1375 892 1410; baseline -0.001 -7"><span class='ocrx_word' id='word_1_183' title='bbox 100 1384 116 1403; x_wconf 87' lang='lat' dir='ltr'><strong>e</strong></span> <span class='ocrx_word' id='word_1_184' title='bbox 130 1376 201 1403; x_wconf 70' lang='lat' dir='ltr'><strong>cmlo</strong></span> <span class='ocrx_word' id='word_1_185' title='bbox 223 1375 293 1402; x_wconf 83' lang='lat' dir='ltr'><strong>hanc</strong></span> <span class='ocrx_word' id='word_1_186' title='bbox 316 1375 432 1402; x_wconf 80' lang='lat' dir='ltr'><strong>deduxit</strong></span> <span class='ocrx_word' id='word_1_187' title='bbox 462 1375 690 1410; x_wconf 83' lang='lat' dir='ltr'><strong>appellationem,</strong></span> <span class='ocrx_word' id='word_1_188' title='bbox 713 1375 808 1402; x_wconf 85' lang='lat' dir='ltr'><strong>dicens</strong></span> <span class='ocrx_word' id='word_1_189' title='bbox 833 1375 892 1410; x_wconf 83' lang='lat' dir='ltr'><strong>glo-</strong></span> 
     </span>
    </p>
   </div>
   <div class='ocr_carea' id='block_1_29' title="bbox 100 1420 891 1456">
    <p class='ocr_par' dir='ltr' id='par_1_29' title="bbox 100 1420 891 1456">
     <span class='ocr_line' id='line_1_29' title="bbox 100 1420 891 1456; baseline -0.001 -8"><span class='ocrx_word' id='word_1_190' title='bbox 100 1421 262 1448; x_wconf 56' lang='lat' dir='ltr'><strong>riosissima</strong></span> <span class='ocrx_word' id='word_1_191' title='bbox 275 1421 398 1455; x_wconf 77' lang='lat' dir='ltr'><strong>Deipara:</strong></span> <span class='ocrx_word' id='word_1_192' title='bbox 409 1429 416 1447; x_wconf 74' lang='grc' dir='ltr'>ε</span> <span class='ocrx_word' id='word_1_193' title='bbox 429 1420 492 1451; x_wconf 82' lang='lat' dir='ltr'><strong>Ave.</strong></span> <span class='ocrx_word' id='word_1_194' title='bbox 507 1422 596 1456; x_wconf 83' lang='lat' dir='ltr'><strong>gratia</strong></span> <span class='ocrx_word' id='word_1_195' title='bbox 614 1421 704 1456; x_wconf 80' lang='lat' dir='ltr'><strong>plena,</strong></span> <span class='ocrx_word' id='word_1_196' title='bbox 719 1421 844 1448; x_wconf 80' lang='lat' dir='ltr'><strong>Dominus</strong></span> <span class='ocrx_word' id='word_1_197' title='bbox 858 1426 891 1448; x_wconf 87' lang='lat' dir='ltr'><strong>te-</strong></span> 
     </span>
    </p>
   </div>
   <div class='ocr_carea' id='block_1_30' title="bbox 101 1467 890 1502">
    <p class='ocr_par' dir='ltr' id='par_1_30' title="bbox 101 1467 890 1502">
     <span class='ocr_line' id='line_1_30' title="bbox 101 1467 890 1502; baseline 0 -8"><span class='ocrx_word' id='word_1_198' title='bbox 101 1476 161 1494; x_wconf 87' lang='lat' dir='ltr'><strong>cum</strong></span> <span class='ocrx_word' id='word_1_199' title='bbox 173 1467 210 1494; x_wconf 89' lang='grc'><strong>⁷⁷.</strong></span> <span class='ocrx_word' id='word_1_200' title='bbox 224 1468 258 1494; x_wconf 87' lang='lat' dir='ltr'><strong>Et</strong></span> <span class='ocrx_word' id='word_1_201' title='bbox 273 1467 411 1495; x_wconf 85' lang='lat' dir='ltr'><strong>Gabrielis</strong></span> <span class='ocrx_word' id='word_1_202' title='bbox 423 1467 549 1502; x_wconf 79' lang='lat' dir='ltr'><strong>coangcli</strong></span> <span class='ocrx_word' id='word_1_203' title='bbox 561 1467 660 1494; x_wconf 87' lang='lat' dir='ltr'><strong>dicunt</strong></span> <span class='ocrx_word' id='word_1_204' title='bbox 672 1467 828 1501; x_wconf 88' lang='lat' dir='ltr'><strong>pastoribus</strong></span> <span class='ocrx_word' id='word_1_205' title='bbox 842 1467 890 1502; x_wconf 85' lang='lat' dir='ltr'><strong>qui</strong></span> 
     </span>
    </p>
   </div>
   <div class='ocr_carea' id='block_1_31' title="bbox 100 1512 890 1547">
    <p class='ocr_par' dir='ltr' id='par_1_31' title="bbox 100 1512 890 1547">
     <span class='ocr_line' id='line_1_31' title="bbox 100 1512 890 1547; baseline -0.001 -7"><span class='ocrx_word' id='word_1_206' title='bbox 100 1513 220 1541; x_wconf 82' lang='lat' dir='ltr'><strong>erantin</strong></span> <span class='ocrx_word' id='word_1_207' title='bbox 235 1514 394 1540; x_wconf 80' lang='lat' dir='ltr'><strong>Bethleem:</strong></span> <span class='ocrx_word' id='word_1_208' title='bbox 423 1513 509 1540; x_wconf 77' lang='lat' dir='ltr'><strong>Natus</strong></span> <span class='ocrx_word' id='word_1_209' title='bbox 521 1517 558 1540; x_wconf 83' lang='lat' dir='ltr'><strong>est</strong></span> <span class='ocrx_word' id='word_1_210' title='bbox 575 1514 654 1540; x_wconf 67' lang='lat' dir='ltr'><strong>&#39;vobis</strong></span> <span class='ocrx_word' id='word_1_211' title='bbox 674 1513 754 1547; x_wconf 81' lang='lat'><strong>891</strong></span> <span class='ocrx_word' id='word_1_212' title='bbox 774 1512 890 1540; x_wconf 64' lang='lat' dir='ltr'><strong>Christus</strong></span> 
     </span>
    </p>
   </div>
   <div class='ocr_carea' id='block_1_32' title="bbox 102 1559 890 1593">
    <p class='ocr_par' dir='ltr' id='par_1_32' title="bbox 102 1559 890 1593">
     <span class='ocr_line' id='line_1_32' title="bbox 102 1559 890 1593; baseline -0.001 -7"><span class='ocrx_word' id='word_1_213' title='bbox 102 1560 232 1586; x_wconf 77' lang='lat' dir='ltr'><strong>Dominus</strong></span> <span class='ocrx_word' id='word_1_214' title='bbox 247 1561 274 1586; x_wconf 88' lang='lat' dir='ltr'><strong>in</strong></span> <span class='ocrx_word' id='word_1_215' title='bbox 292 1560 398 1586; x_wconf 82' lang='lat' dir='ltr'><strong>civitate</strong></span> <span class='ocrx_word' id='word_1_216' title='bbox 426 1559 512 1586; x_wconf 81' lang='lat' dir='ltr'><strong>David</strong></span> <span class='ocrx_word' id='word_1_217' title='bbox 528 1559 562 1585; x_wconf 84' lang='grc'><strong>⁷⁸.</strong></span> <span class='ocrx_word' id='word_1_218' title='bbox 579 1559 648 1586; x_wconf 92' lang='lat' dir='ltr'><strong>Cum</strong></span> <span class='ocrx_word' id='word_1_219' title='bbox 675 1559 776 1593; x_wconf 86' lang='lat' dir='ltr'><strong>quibus</strong></span> <span class='ocrx_word' id='word_1_220' title='bbox 802 1559 890 1585; x_wconf 78' lang='lat' dir='ltr'><strong>Elisu-</strong></span> 
     </span>
    </p>
   </div>
   <div class='ocr_carea' id='block_1_33' title="bbox 100 1604 889 1640">
    <p class='ocr_par' dir='ltr' id='par_1_33' title="bbox 100 1604 889 1640">
     <span class='ocr_line' id='line_1_33' title="bbox 100 1604 889 1640; baseline -0.001 -8"><span class='ocrx_word' id='word_1_221' title='bbox 100 1606 179 1636; x_wconf 83' lang='lat' dir='ltr'><strong>beth,</strong></span> <span class='ocrx_word' id='word_1_222' title='bbox 189 1610 218 1632; x_wconf 92' lang='lat' dir='ltr'><strong>ut</strong></span> <span class='ocrx_word' id='word_1_223' title='bbox 230 1605 358 1640; x_wconf 67' lang='lat' dir='ltr'><strong>praeclare</strong></span> <span class='ocrx_word' id='word_1_224' title='bbox 370 1613 417 1640; x_wconf 90' lang='lat' dir='ltr'><strong>par</strong></span> <span class='ocrx_word' id='word_1_225' title='bbox 426 1605 540 1640; x_wconf 79' lang='lat' dir='ltr'><strong>angelis,</strong></span> <span class='ocrx_word' id='word_1_226' title='bbox 548 1605 636 1639; x_wconf 79' lang='lat' dir='ltr'><strong>angeli</strong></span> <span class='ocrx_word' id='word_1_227' title='bbox 650 1610 746 1633; x_wconf 86' lang='lat' dir='ltr'><strong>mater.</strong></span> <span class='ocrx_word' id='word_1_228' title='bbox 755 1604 823 1631; x_wconf 78' lang='lat' dir='ltr'><strong>dixit</strong></span> <span class='ocrx_word' id='word_1_229' title='bbox 833 1604 889 1638; x_wconf 88' lang='lat' dir='ltr'><strong>pari</strong></span> 
     </span>
    </p>
   </div>
   <div class='ocr_carea' id='block_1_34' title="bbox 101 1650 888 1686">
    <p class='ocr_par' dir='ltr' id='par_1_34' title="bbox 101 1650 888 1686">
     <span class='ocr_line' id='line_1_34' title="bbox 101 1650 888 1686; baseline -0.003 -8"><span class='ocrx_word' id='word_1_230' title='bbox 101 1651 217 1686; x_wconf 81' lang='lat' dir='ltr'><strong>angelis,</strong></span> <span class='ocrx_word' id='word_1_231' title='bbox 233 1656 260 1677; x_wconf 88' lang='lat' dir='ltr'><strong>et</strong></span> <span class='ocrx_word' id='word_1_232' title='bbox 281 1659 342 1685; x_wconf 74' lang='lat' dir='ltr'><strong>qua:</strong></span> <span class='ocrx_word' id='word_1_233' title='bbox 357 1656 417 1678; x_wconf 88' lang='lat' dir='ltr'><strong>erat</strong></span> <span class='ocrx_word' id='word_1_234' title='bbox 443 1651 483 1678; x_wconf 86' lang='lat' dir='ltr'><strong>vel</strong></span> <span class='ocrx_word' id='word_1_235' title='bbox 496 1651 610 1685; x_wconf 77' lang='lat' dir='ltr'><strong>angelus</strong></span> <span class='ocrx_word' id='word_1_236' title='bbox 637 1650 678 1677; x_wconf 83' lang='lat' dir='ltr'><strong>vel</strong></span> <span class='ocrx_word' id='word_1_237' title='bbox 698 1650 888 1684; x_wconf 74' lang='lat' dir='ltr'><strong>archangelus,</strong></span> 
     </span>
    </p>
   </div>
   <div class='ocr_carea' id='block_1_35' title="bbox 99 1696 892 1731">
    <p class='ocr_par' dir='ltr' id='par_1_35' title="bbox 99 1696 892 1731">
     <span class='ocr_line' id='line_1_35' title="bbox 99 1696 892 1731; baseline -0.003 -7"><span class='ocrx_word' id='word_1_238' title='bbox 99 1702 129 1724; x_wconf 90' lang='lat' dir='ltr'><strong>et</strong></span> <span class='ocrx_word' id='word_1_239' title='bbox 145 1697 227 1724; x_wconf 86' lang='lat' dir='ltr'><strong>etiam</strong></span> <span class='ocrx_word' id='word_1_240' title='bbox 241 1705 324 1731; x_wconf 83' lang='lat' dir='ltr'><strong>supra</strong></span> <span class='ocrx_word' id='word_1_241' title='bbox 340 1697 462 1731; x_wconf 81' lang='lat' dir='ltr'><strong>angelos,</strong></span> <span class='ocrx_word' id='word_1_242' title='bbox 489 1697 535 1723; x_wconf 87' lang='lat' dir='ltr'><strong>Dei</strong></span> <span class='ocrx_word' id='word_1_243' title='bbox 561 1697 661 1723; x_wconf 80' lang='lat' dir='ltr'><strong>matri:</strong></span> <span class='ocrx_word' id='word_1_244' title='bbox 682 1696 714 1723; x_wconf 84' lang='lat' dir='ltr'><strong>Et</strong></span> <span class='ocrx_word' id='word_1_245' title='bbox 743 1697 810 1722; x_wconf 76' lang='lat' dir='ltr'><strong>unde</strong></span> <span class='ocrx_word' id='word_1_246' title='bbox 829 1697 892 1722; x_wconf 84' lang='lat' dir='ltr'><strong>mihi</strong></span> 
     </span>
    </p>
   </div>
   <div class='ocr_carea' id='block_1_36' title="bbox 100 1742 892 1770">
    <p class='ocr_par' dir='ltr' id='par_1_36' title="bbox 100 1742 892 1770">
     <span class='ocr_line' id='line_1_36' title="bbox 100 1742 892 1770; baseline -0.003 0"><span class='ocrx_word' id='word_1_247' title='bbox 100 1745 149 1770; x_wconf 84' lang='lat' dir='ltr'><strong>hoc</strong></span> <span class='ocrx_word' id='word_1_248' title='bbox 164 1747 191 1769; x_wconf 87' lang='lat' dir='ltr'><strong>ut</strong></span> <span class='ocrx_word' id='word_1_249' title='bbox 210 1744 296 1770; x_wconf 74' lang='lat' dir='ltr'><strong>veniat</strong></span> <span class='ocrx_word' id='word_1_250' title='bbox 314 1748 398 1770; x_wconf 85' lang='lat' dir='ltr'><strong>mater</strong></span> <span class='ocrx_word' id='word_1_251' title='bbox 413 1743 520 1769; x_wconf 77' lang='lat' dir='ltr'><strong>Domini</strong></span> <span class='ocrx_word' id='word_1_252' title='bbox 542 1743 592 1769; x_wconf 76' lang='lat' dir='ltr'><strong>mei</strong></span> <span class='ocrx_word' id='word_1_253' title='bbox 610 1742 645 1769; x_wconf 84' lang='lat' dir='ltr'><strong>ad</strong></span> <span class='ocrx_word' id='word_1_254' title='bbox 659 1751 700 1769; x_wconf 85' lang='lat' dir='ltr'><strong>me</strong></span> <span class='ocrx_word' id='word_1_255' title='bbox 728 1742 771 1768; x_wconf 64' lang='grc' dir='ltr'><strong>’νῖν</strong></span> <span class='ocrx_word' id='word_1_256' title='bbox 792 1742 892 1768; x_wconf 86' lang='lat' dir='ltr'><strong>Paulus</strong></span> 
     </span>
    </p>
   </div>
   <div class='ocr_carea' id='block_1_37' title="bbox 99 1788 890 1824">
    <p class='ocr_par' dir='ltr' id='par_1_37' title="bbox 99 1788 890 1824">
     <span class='ocr_line' id='line_1_37' title="bbox 99 1788 890 1824; baseline -0.003 -8"><span class='ocrx_word' id='word_1_257' title='bbox 99 1794 195 1816; x_wconf 87' lang='lat' dir='ltr'><strong>autem</strong></span> <span class='ocrx_word' id='word_1_258' title='bbox 221 1789 247 1816; x_wconf 88' lang='lat' dir='ltr'><strong>id</strong></span> <span class='ocrx_word' id='word_1_259' title='bbox 273 1789 346 1824; x_wconf 92' lang='lat' dir='ltr'><strong>quod</strong></span> <span class='ocrx_word' id='word_1_260' title='bbox 361 1789 465 1816; x_wconf 86' lang='lat' dir='ltr'><strong>Christi</strong></span> <span class='ocrx_word' id='word_1_261' title='bbox 487 1788 596 1815; x_wconf 88' lang='lat' dir='ltr'><strong>Domini</strong></span> <span class='ocrx_word' id='word_1_262' title='bbox 626 1793 687 1816; x_wconf 86' lang='lat' dir='ltr'><strong>erat</strong></span> <span class='ocrx_word' id='word_1_263' title='bbox 714 1795 890 1822; x_wconf 84' lang='lat' dir='ltr'><strong>corporeum,</strong></span> 
     </span>
    </p>
   </div>
   <div class='ocr_carea' id='block_1_38' title="bbox 101 1835 892 1870">
    <p class='ocr_par' dir='ltr' id='par_1_38' title="bbox 101 1835 892 1870">
     <span class='ocr_line' id='line_1_38' title="bbox 101 1835 892 1870; baseline -0.001 -8"><span class='ocrx_word' id='word_1_264' title='bbox 101 1837 230 1862; x_wconf 86' lang='lat' dir='ltr'><strong>nominat</strong></span> <span class='ocrx_word' id='word_1_265' title='bbox 244 1835 491 1868; x_wconf 84' lang='lat' dir='ltr'><strong>Dominum:Nou,</strong></span> <span class='ocrx_word' id='word_1_266' title='bbox 517 1835 617 1870; x_wconf 88' lang='lat' dir='ltr'><strong>inquit,</strong></span> <span class='ocrx_word' id='word_1_267' title='bbox 637 1835 780 1862; x_wconf 76' lang='lat' dir='ltr'><strong>hominum</strong></span> <span class='ocrx_word' id='word_1_268' title='bbox 800 1835 892 1870; x_wconf 77' lang='lat' dir='ltr'><strong>gloria:</strong></span> 
     </span>
    </p>
   </div>
   <div class='ocr_carea' id='block_1_39' title="bbox 100 1881 892 1915">
    <p class='ocr_par' dir='ltr' id='par_1_39' title="bbox 100 1881 892 1915">
     <span class='ocr_line' id='line_1_39' title="bbox 100 1881 892 1915; baseline 0.003 -8"><span class='ocrx_word' id='word_1_269' title='bbox 100 1881 294 1915; x_wconf 69' lang='lat' dir='ltr'><strong>cruciﬁxissent</strong></span> <span class='ocrx_word' id='word_1_270' title='bbox 322 1882 354 1908; x_wconf 71' lang='grc'><strong>⁸⁸⁷.</strong></span> <span class='ocrx_word' id='word_1_271' title='bbox 382 1882 415 1908; x_wconf 84' lang='lat' dir='ltr'><strong>Et</strong></span> <span class='ocrx_word' id='word_1_272' title='bbox 439 1881 465 1908; x_wconf 93' lang='lat' dir='ltr'><strong>in</strong></span> <span class='ocrx_word' id='word_1_273' title='bbox 487 1881 621 1908; x_wconf 82' lang='lat' dir='ltr'><strong>descensu</strong></span> <span class='ocrx_word' id='word_1_274' title='bbox 637 1881 670 1908; x_wconf 91' lang='lat' dir='ltr'><strong>ad</strong></span> <span class='ocrx_word' id='word_1_275' title='bbox 693 1881 806 1913; x_wconf 81' lang='lat' dir='ltr'><strong>inferos,</strong></span> <span class='ocrx_word' id='word_1_276' title='bbox 820 1887 848 1909; x_wconf 90' lang='lat' dir='ltr'><strong>et</strong></span> <span class='ocrx_word' id='word_1_277' title='bbox 864 1882 892 1909; x_wconf 93' lang='lat' dir='ltr'><strong>in</strong></span> 
     </span>
    </p>
   </div>
   <div class='ocr_carea' id='block_1_40' title="bbox 101 1927 892 1962">
    <p class='ocr_par' dir='ltr' id='par_1_40' title="bbox 101 1927 892 1962">
     <span class='ocr_line' id='line_1_40' title="bbox 101 1927 892 1962; baseline 0.001 -8"><span class='ocrx_word' id='word_1_278' title='bbox 101 1928 295 1962; x_wconf 79' lang='lat' dir='ltr'><strong>assumptione</strong></span> <span class='ocrx_word' id='word_1_279' title='bbox 308 1927 341 1954; x_wconf 92' lang='lat' dir='ltr'><strong>ad</strong></span> <span class='ocrx_word' id='word_1_280' title='bbox 357 1928 452 1959; x_wconf 73' lang='lat' dir='ltr'><strong>cmlos,</strong></span> <span class='ocrx_word' id='word_1_281' title='bbox 470 1927 615 1954; x_wconf 87' lang='lat' dir='ltr'><strong>Dominum</strong></span> <span class='ocrx_word' id='word_1_282' title='bbox 633 1927 732 1954; x_wconf 79' lang='lat' dir='ltr'><strong>fortem</strong></span> <span class='ocrx_word' id='word_1_283' title='bbox 750 1932 778 1955; x_wconf 91' lang='lat' dir='ltr'><strong>et</strong></span> <span class='ocrx_word' id='word_1_284' title='bbox 793 1933 892 1962; x_wconf 88' lang='lat' dir='ltr'><strong>poten-</strong></span> 
     </span>
    </p>
   </div>
   <div class='ocr_carea' id='block_1_41' title="bbox 104 1964 893 2009">
    <p class='ocr_par' dir='ltr' id='par_1_41' title="bbox 104 1964 893 2009">
     <span class='ocr_line' id='line_1_41' title="bbox 104 1964 893 2009; baseline 0.001 -9"><span class='ocrx_word' id='word_1_285' title='bbox 104 1964 210 2005; x_wconf 80' lang='lat' dir='ltr'><strong>tem,et</strong></span> <span class='ocrx_word' id='word_1_286' title='bbox 222 1973 368 2000; x_wconf 90' lang='lat' dir='ltr'><strong>Dominum</strong></span> <span class='ocrx_word' id='word_1_287' title='bbox 384 1973 557 2000; x_wconf 79' lang='lat' dir='ltr'><strong>exercituum</strong></span> <span class='ocrx_word' id='word_1_288' title='bbox 577 1973 717 2000; x_wconf 89' lang='lat' dir='ltr'><strong>Christum</strong></span> <span class='ocrx_word' id='word_1_289' title='bbox 736 1974 826 2009; x_wconf 81' lang='lat' dir='ltr'><strong>angeli</strong></span> <span class='ocrx_word' id='word_1_290' title='bbox 844 1982 893 2009; x_wconf 89' lang='lat' dir='ltr'><strong>ap-</strong></span> 
     </span>
    </p>
   </div>
   <div class='ocr_carea' id='block_1_42' title="bbox 102 2018 893 2054">
    <p class='ocr_par' dir='ltr' id='par_1_42' title="bbox 102 2018 893 2054">
     <span class='ocr_line' id='line_1_42' title="bbox 102 2018 893 2054; baseline 0.001 -9"><span class='ocrx_word' id='word_1_291' title='bbox 102 2019 253 2054; x_wconf 81' lang='lat' dir='ltr'><strong>pellarunt.</strong></span> <span class='ocrx_word' id='word_1_292' title='bbox 267 2018 345 2051; x_wconf 90' lang='lat' dir='ltr'><strong>Quod</strong></span> <span class='ocrx_word' id='word_1_293' title='bbox 362 2018 385 2045; x_wconf 91' lang='lat' dir='ltr'><strong>si</strong></span> <span class='ocrx_word' id='word_1_294' title='bbox 404 2018 445 2045; x_wconf 90' lang='lat' dir='ltr'><strong>vis</strong></span> <span class='ocrx_word' id='word_1_295' title='bbox 455 2018 539 2044; x_wconf 88' lang='lat' dir='ltr'><strong>etiam</strong></span> <span class='ocrx_word' id='word_1_296' title='bbox 556 2025 666 2045; x_wconf 88' lang='lat' dir='ltr'><strong>causam</strong></span> <span class='ocrx_word' id='word_1_297' title='bbox 680 2023 793 2053; x_wconf 84' lang='lat' dir='ltr'><strong>propter</strong></span> <span class='ocrx_word' id='word_1_298' title='bbox 809 2027 893 2054; x_wconf 77' lang='lat' dir='ltr'><strong>quarti</strong></span> 
     </span>
    </p>
   </div>
   <div class='ocr_carea' id='block_1_43' title="bbox 101 2063 894 2098">
    <p class='ocr_par' dir='ltr' id='par_1_43' title="bbox 101 2063 894 2098">
     <span class='ocr_line' id='line_1_43' title="bbox 101 2063 894 2098; baseline -0.003 -7"><span class='ocrx_word' id='word_1_299' title='bbox 101 2065 178 2092; x_wconf 89' lang='lat' dir='ltr'><strong>Deus</strong></span> <span class='ocrx_word' id='word_1_300' title='bbox 207 2064 366 2091; x_wconf 84' lang='lat' dir='ltr'><strong>nominatus</strong></span> <span class='ocrx_word' id='word_1_301' title='bbox 383 2067 426 2090; x_wconf 89' lang='lat' dir='ltr'><strong>est</strong></span> <span class='ocrx_word' id='word_1_302' title='bbox 451 2063 584 2090; x_wconf 83' lang='lat' dir='ltr'><strong>Dominus</strong></span> <span class='ocrx_word' id='word_1_303' title='bbox 608 2068 669 2098; x_wconf 89' lang='lat' dir='ltr'><strong>post</strong></span> <span class='ocrx_word' id='word_1_304' title='bbox 696 2064 786 2091; x_wconf 82' lang='lat' dir='ltr'><strong>carnis</strong></span> <span class='ocrx_word' id='word_1_305' title='bbox 799 2072 894 2091; x_wconf 78' lang='lat' dir='ltr'><strong>susce—</strong></span> 
     </span>
    </p>
   </div>
   <div class='ocr_carea' id='block_1_44' title="bbox 101 2109 891 2146">
    <p class='ocr_par' dir='ltr' id='par_1_44' title="bbox 101 2109 891 2146">
     <span class='ocr_line' id='line_1_44' title="bbox 101 2109 891 2146; baseline -0.001 -8"><span class='ocrx_word' id='word_1_306' title='bbox 101 2111 246 2146; x_wconf 86' lang='lat' dir='ltr'><strong>ptionem,</strong></span> <span class='ocrx_word' id='word_1_307' title='bbox 262 2118 314 2145; x_wconf 77' lang='lat' dir='ltr'><strong>ego</strong></span> <span class='ocrx_word' id='word_1_308' title='bbox 336 2110 363 2137; x_wconf 90' lang='lat' dir='ltr'><strong>id</strong></span> <span class='ocrx_word' id='word_1_309' title='bbox 391 2109 442 2137; x_wconf 90' lang='lat' dir='ltr'><strong>tibi</strong></span> <span class='ocrx_word' id='word_1_310' title='bbox 469 2110 642 2137; x_wconf 85' lang='lat' dir='ltr'><strong>conﬁdenter</strong></span> <span class='ocrx_word' id='word_1_311' title='bbox 668 2110 891 2145; x_wconf 86' lang='lat' dir='ltr'><strong>interpretabor:</strong></span> 
     </span>
    </p>
   </div>
   <div class='ocr_carea' id='block_1_45' title="bbox 101 2157 894 2190">
    <p class='ocr_par' dir='ltr' id='par_1_45' title="bbox 101 2157 894 2190">
     <span class='ocr_line' id='line_1_45' title="bbox 101 2157 894 2190; baseline 0 -6"><span class='ocrx_word' id='word_1_312' title='bbox 101 2157 262 2184; x_wconf 84' lang='lat' dir='ltr'><strong>divinarum</strong></span> <span class='ocrx_word' id='word_1_313' title='bbox 276 2157 495 2190; x_wconf 89' lang='lat' dir='ltr'><strong>Scripturarum,</strong></span> <span class='ocrx_word' id='word_1_314' title='bbox 523 2160 552 2183; x_wconf 89' lang='lat' dir='ltr'><strong>et</strong></span> <span class='ocrx_word' id='word_1_315' title='bbox 572 2164 715 2183; x_wconf 90' lang='lat' dir='ltr'><strong>sacrorum</strong></span> <span class='ocrx_word' id='word_1_316' title='bbox 734 2165 831 2184; x_wconf 85' lang='lat' dir='ltr'><strong>earum</strong></span> <span class='ocrx_word' id='word_1_317' title='bbox 851 2158 894 2184; x_wconf 93' lang='lat' dir='ltr'><strong>in-</strong></span> 
     </span>
    </p>
   </div>
   <div class='ocr_carea' id='block_1_46' title="bbox 101 2202 895 2238">
    <p class='ocr_par' dir='ltr' id='par_1_46' title="bbox 101 2202 895 2238">
     <span class='ocr_line' id='line_1_46' title="bbox 101 2202 895 2238; baseline 0 -8"><span class='ocrx_word' id='word_1_318' title='bbox 101 2207 258 2237; x_wconf 86' lang='lat' dir='ltr'><strong>terpretum</strong></span> <span class='ocrx_word' id='word_1_319' title='bbox 269 2203 374 2229; x_wconf 85' lang='lat' dir='ltr'><strong>habens</strong></span> <span class='ocrx_word' id='word_1_320' title='bbox 385 2202 555 2237; x_wconf 69' lang='lat' dir='ltr'><strong>suffragium.</strong></span> <span class='ocrx_word' id='word_1_321' title='bbox 569 2202 775 2230; x_wconf 84' lang='lat' dir='ltr'><strong>Celeberrimus</strong></span> <span class='ocrx_word' id='word_1_322' title='bbox 786 2211 851 2238; x_wconf 85' lang='lat' dir='ltr'><strong>ergo</strong></span> <span class='ocrx_word' id='word_1_323' title='bbox 867 2208 895 2231; x_wconf 88' lang='lat' dir='ltr'><strong>et</strong></span> 
     </span>
    </p>
   </div>
   <div class='ocr_carea' id='block_1_47' title="bbox 101 2248 896 2284">
    <p class='ocr_par' dir='ltr' id='par_1_47' title="bbox 101 2248 896 2284">
     <span class='ocr_line' id='line_1_47' title="bbox 101 2248 896 2284; baseline 0.001 -8"><span class='ocrx_word' id='word_1_324' title='bbox 101 2257 202 2276; x_wconf 85' lang='lat' dir='ltr'><strong>carum</strong></span> <span class='ocrx_word' id='word_1_325' title='bbox 213 2248 371 2275; x_wconf 89' lang='lat' dir='ltr'><strong>divinarum</strong></span> <span class='ocrx_word' id='word_1_326' title='bbox 384 2252 472 2282; x_wconf 81' lang='lat' dir='ltr'><strong>mysta</strong></span> <span class='ocrx_word' id='word_1_327' title='bbox 484 2249 652 2283; x_wconf 85' lang='lat' dir='ltr'><strong>apostolicus</strong></span> <span class='ocrx_word' id='word_1_328' title='bbox 668 2249 814 2284; x_wconf 83' lang='lat' dir='ltr'><strong>Dionysius</strong></span> <span class='ocrx_word' id='word_1_329' title='bbox 827 2250 896 2277; x_wconf 88' lang='lat' dir='ltr'><strong>dicit</strong></span> 
     </span>
    </p>
   </div>
   <div class='ocr_carea' id='block_1_48' title="bbox 941 325 1729 361">
    <p class='ocr_par' dir='ltr' id='par_1_48' title="bbox 941 325 1729 361">
     <span class='ocr_line' id='line_1_48' title="bbox 941 325 1729 361; baseline 0.004 -11"><span class='ocrx_word' id='word_1_330' title='bbox 941 331 991 358; x_wconf 85' lang='lat' dir='ltr'><strong>per</strong></span> <span class='ocrx_word' id='word_1_331' title='bbox 1011 332 1120 352; x_wconf 81' lang='lat' dir='ltr'><strong>carnem</strong></span> <span class='ocrx_word' id='word_1_332' title='bbox 1144 325 1311 357; x_wconf 75' lang='lat' dir='ltr'><strong>advenisset,</strong></span> <span class='ocrx_word' id='word_1_333' title='bbox 1339 331 1487 361; x_wconf 85' lang='lat' dir='ltr'><strong>tyrannum</strong></span> <span class='ocrx_word' id='word_1_334' title='bbox 1516 325 1660 353; x_wconf 86' lang='lat' dir='ltr'><strong>inimicum</strong></span> <span class='ocrx_word' id='word_1_335' title='bbox 1677 334 1729 354; x_wconf 89' lang='lat' dir='ltr'><strong>no-</strong></span> 
     </span>
    </p>
   </div>
   <div class='ocr_carea' id='block_1_49' title="bbox 942 372 1727 406">
    <p class='ocr_par' dir='ltr' id='par_1_49' title="bbox 942 372 1727 406">
     <span class='ocr_line' id='line_1_49' title="bbox 942 372 1727 406; baseline 0.003 -10"><span class='ocrx_word' id='word_1_336' title='bbox 942 375 1030 397; x_wconf 83' lang='lat' dir='ltr'><strong>strum</strong></span> <span class='ocrx_word' id='word_1_337' title='bbox 1058 372 1209 405; x_wconf 82' lang='lat' dir='ltr'><strong>percussit;</strong></span> <span class='ocrx_word' id='word_1_338' title='bbox 1235 372 1346 406; x_wconf 86' lang='lat' dir='ltr'><strong>quando</strong></span> <span class='ocrx_word' id='word_1_339' title='bbox 1371 377 1487 399; x_wconf 90' lang='lat' dir='ltr'><strong>mortem</strong></span> <span class='ocrx_word' id='word_1_340' title='bbox 1509 377 1597 399; x_wconf 87' lang='lat' dir='ltr'><strong>morte</strong></span> <span class='ocrx_word' id='word_1_341' title='bbox 1622 372 1727 398; x_wconf 80' lang='lat' dir='ltr'><strong>aﬂ&#39;ecit:</strong></span> 
     </span>
    </p>
   </div>
   <div class='ocr_carea' id='block_1_50' title="bbox 942 417 1732 453">
    <p class='ocr_par' dir='ltr' id='par_1_50' title="bbox 942 417 1732 453">
     <span class='ocr_line' id='line_1_50' title="bbox 942 417 1732 453; baseline 0.004 -11"><span class='ocrx_word' id='word_1_342' title='bbox 942 417 1053 451; x_wconf 85' lang='lat' dir='ltr'><strong>quando</strong></span> <span class='ocrx_word' id='word_1_343' title='bbox 1078 425 1128 444; x_wconf 86' lang='lat' dir='ltr'><strong>nos</strong></span> <span class='ocrx_word' id='word_1_344' title='bbox 1153 426 1167 445; x_wconf 70' lang='grc' dir='ltr'>τι</span> <span class='ocrx_word' id='word_1_345' title='bbox 1194 418 1348 445; x_wconf 76' lang='lat' dir='ltr'><strong>daemonum</strong></span> <span class='ocrx_word' id='word_1_346' title='bbox 1376 427 1457 446; x_wconf 86' lang='lat' dir='ltr'><strong>manu</strong></span> <span class='ocrx_word' id='word_1_347' title='bbox 1476 419 1594 450; x_wconf 83' lang='lat' dir='ltr'><strong>avulsit;</strong></span> <span class='ocrx_word' id='word_1_348' title='bbox 1618 418 1732 453; x_wconf 85' lang='lat' dir='ltr'><strong>quando</strong></span> 
     </span>
    </p>
   </div>
   <div class='ocr_carea' id='block_1_51' title="bbox 942 462 1728 499">
    <p class='ocr_par' dir='ltr' id='par_1_51' title="bbox 942 462 1728 499">
     <span class='ocr_line' id='line_1_51' title="bbox 942 462 1728 499; baseline 0.003 -11"><span class='ocrx_word' id='word_1_349' title='bbox 942 462 1036 489; x_wconf 89' lang='lat' dir='ltr'><strong>docuit</strong></span> <span class='ocrx_word' id='word_1_350' title='bbox 1058 463 1158 497; x_wconf 90' lang='lat' dir='ltr'><strong>impios</strong></span> <span class='ocrx_word' id='word_1_351' title='bbox 1182 464 1227 490; x_wconf 83' lang='lat' dir='ltr'><strong>Dei</strong></span> <span class='ocrx_word' id='word_1_352' title='bbox 1252 464 1452 499; x_wconf 70' lang='lat' dir='ltr'><strong>cognitionem;</strong></span> <span class='ocrx_word' id='word_1_353' title='bbox 1476 463 1585 498; x_wconf 88' lang='lat' dir='ltr'><strong>quando</strong></span> <span class='ocrx_word' id='word_1_354' title='bbox 1602 469 1696 498; x_wconf 82' lang='lat' dir='ltr'><strong>gentes</strong></span> <span class='ocrx_word' id='word_1_355' title='bbox 1714 471 1728 490; x_wconf 84' lang='lat' dir='ltr'><strong>a</strong></span> 
     </span>
    </p>
   </div>
   <div class='ocr_carea' id='block_1_52' title="bbox 941 507 1730 542">
    <p class='ocr_par' dir='ltr' id='par_1_52' title="bbox 941 507 1730 542">
     <span class='ocr_line' id='line_1_52' title="bbox 941 507 1730 542; baseline 0.001 -9"><span class='ocrx_word' id='word_1_356' title='bbox 941 507 1020 534; x_wconf 88' lang='lat' dir='ltr'><strong>Patre</strong></span> <span class='ocrx_word' id='word_1_357' title='bbox 1045 509 1153 542; x_wconf 87' lang='lat' dir='ltr'><strong>accepit</strong></span> <span class='ocrx_word' id='word_1_358' title='bbox 1181 509 1208 534; x_wconf 92' lang='lat' dir='ltr'><strong>in</strong></span> <span class='ocrx_word' id='word_1_359' title='bbox 1236 508 1442 541; x_wconf 62' lang='lat' dir='ltr'><strong>haereditatern;</strong></span> <span class='ocrx_word' id='word_1_360' title='bbox 1467 507 1578 542; x_wconf 87' lang='lat' dir='ltr'><strong>quando</strong></span> <span class='ocrx_word' id='word_1_361' title='bbox 1606 507 1730 541; x_wconf 82' lang='lat' dir='ltr'><strong>possedit</strong></span> 
     </span>
    </p>
   </div>
   <div class='ocr_carea' id='block_1_53' title="bbox 942 553 1730 589">
    <p class='ocr_par' dir='ltr' id='par_1_53' title="bbox 942 553 1730 589">
     <span class='ocr_line' id='line_1_53' title="bbox 942 553 1730 589; baseline -0.001 -9"><span class='ocrx_word' id='word_1_362' title='bbox 942 553 1011 580; x_wconf 87' lang='lat' dir='ltr'><strong>ﬁnes</strong></span> <span class='ocrx_word' id='word_1_363' title='bbox 1037 558 1132 586; x_wconf 78' lang='lat' dir='ltr'><strong>ternc;</strong></span> <span class='ocrx_word' id='word_1_364' title='bbox 1149 555 1260 589; x_wconf 78' lang='lat' dir='ltr'><strong>quando</strong></span> <span class='ocrx_word' id='word_1_365' title='bbox 1282 555 1440 582; x_wconf 80' lang='lat' dir='ltr'><strong>dominatus</strong></span> <span class='ocrx_word' id='word_1_366' title='bbox 1457 560 1498 581; x_wconf 77' lang='lat' dir='ltr'><strong>est</strong></span> <span class='ocrx_word' id='word_1_367' title='bbox 1522 563 1536 580; x_wconf 90' lang='lat' dir='ltr'><strong>a</strong></span> <span class='ocrx_word' id='word_1_368' title='bbox 1556 554 1623 580; x_wconf 83' lang='lat' dir='ltr'><strong>mari</strong></span> <span class='ocrx_word' id='word_1_369' title='bbox 1643 562 1730 587; x_wconf 86' lang='lat' dir='ltr'><strong>usque</strong></span> 
     </span>
    </p>
   </div>
   <div class='ocr_carea' id='block_1_54' title="bbox 942 601 1728 635">
    <p class='ocr_par' dir='ltr' id='par_1_54' title="bbox 942 601 1728 635">
     <span class='ocr_line' id='line_1_54' title="bbox 942 601 1728 635; baseline 0 -9"><span class='ocrx_word' id='word_1_370' title='bbox 942 601 975 627; x_wconf 91' lang='lat' dir='ltr'><strong>ad</strong></span> <span class='ocrx_word' id='word_1_371' title='bbox 999 608 1074 627; x_wconf 88' lang='lat' dir='ltr'><strong>mare</strong></span> <span class='ocrx_word' id='word_1_372' title='bbox 1096 605 1124 627; x_wconf 87' lang='lat' dir='ltr'><strong>et</strong></span> <span class='ocrx_word' id='word_1_373' title='bbox 1147 608 1162 627; x_wconf 86' lang='lat' dir='ltr'><strong>a</strong></span> <span class='ocrx_word' id='word_1_374' title='bbox 1181 601 1271 627; x_wconf 85' lang='lat' dir='ltr'><strong>ﬂuviis</strong></span> <span class='ocrx_word' id='word_1_375' title='bbox 1290 609 1375 635; x_wconf 82' lang='lat' dir='ltr'><strong>usque</strong></span> <span class='ocrx_word' id='word_1_376' title='bbox 1397 601 1430 628; x_wconf 86' lang='lat' dir='ltr'><strong>ad</strong></span> <span class='ocrx_word' id='word_1_377' title='bbox 1457 601 1524 627; x_wconf 84' lang='lat' dir='ltr'><strong>lines</strong></span> <span class='ocrx_word' id='word_1_378' title='bbox 1538 601 1615 627; x_wconf 87' lang='lat' dir='ltr'><strong>orbis</strong></span> <span class='ocrx_word' id='word_1_379' title='bbox 1630 606 1728 627; x_wconf 65' lang='lat' dir='ltr'><strong>terrae:</strong></span> 
     </span>
    </p>
   </div>
   <div class='ocr_carea' id='block_1_55' title="bbox 943 646 1730 682">
    <p class='ocr_par' dir='ltr' id='par_1_55' title="bbox 943 646 1730 682">
     <span class='ocr_line' id='line_1_55' title="bbox 943 646 1730 682; baseline 0 -10"><span class='ocrx_word' id='word_1_380' title='bbox 943 649 1009 673; x_wconf 89' lang='lat' dir='ltr'><strong>tunc</strong></span> <span class='ocrx_word' id='word_1_381' title='bbox 1033 646 1167 674; x_wconf 85' lang='lat' dir='ltr'><strong>Dominus</strong></span> <span class='ocrx_word' id='word_1_382' title='bbox 1188 651 1230 673; x_wconf 82' lang='lat' dir='ltr'><strong>est</strong></span> <span class='ocrx_word' id='word_1_383' title='bbox 1255 648 1419 682; x_wconf 74' lang='lat' dir='ltr'><strong>appellatus,</strong></span> <span class='ocrx_word' id='word_1_384' title='bbox 1445 651 1474 674; x_wconf 92' lang='lat' dir='ltr'><strong>ut</strong></span> <span class='ocrx_word' id='word_1_385' title='bbox 1498 647 1544 681; x_wconf 86' lang='lat' dir='ltr'><strong>qui</strong></span> <span class='ocrx_word' id='word_1_386' title='bbox 1570 646 1655 674; x_wconf 79' lang='lat' dir='ltr'><strong>nostri</strong></span> <span class='ocrx_word' id='word_1_387' title='bbox 1679 646 1730 672; x_wconf 82' lang='lat' dir='ltr'><strong>do-</strong></span> 
     </span>
    </p>
   </div>
   <div class='ocr_carea' id='block_1_56' title="bbox 942 692 1730 726">
    <p class='ocr_par' dir='ltr' id='par_1_56' title="bbox 942 692 1730 726">
     <span class='ocr_line' id='line_1_56' title="bbox 942 692 1730 726; baseline 0 -8"><span class='ocrx_word' id='word_1_388' title='bbox 942 692 1096 719; x_wconf 87' lang='lat' dir='ltr'><strong>minaretur</strong></span> <span class='ocrx_word' id='word_1_389' title='bbox 1114 692 1141 718; x_wconf 92' lang='lat' dir='ltr'><strong>in</strong></span> <span class='ocrx_word' id='word_1_390' title='bbox 1155 700 1226 726; x_wconf 89' lang='lat' dir='ltr'><strong>quos</strong></span> <span class='ocrx_word' id='word_1_391' title='bbox 1243 698 1323 720; x_wconf 79' lang='lat' dir='ltr'><strong>antea</strong></span> <span class='ocrx_word' id='word_1_392' title='bbox 1343 693 1494 720; x_wconf 89' lang='lat' dir='ltr'><strong>dominium</strong></span> <span class='ocrx_word' id='word_1_393' title='bbox 1512 693 1652 719; x_wconf 84' lang='lat' dir='ltr'><strong>obtinebat</strong></span> <span class='ocrx_word' id='word_1_394' title='bbox 1670 692 1730 718; x_wconf 91' lang='lat' dir='ltr'><strong>dia-</strong></span> 
     </span>
    </p>
   </div>
   <div class='ocr_carea' id='block_1_57' title="bbox 941 737 1728 774">
    <p class='ocr_par' dir='ltr' id='par_1_57' title="bbox 941 737 1728 774">
     <span class='ocr_line' id='line_1_57' title="bbox 941 737 1728 774; baseline 0 -10"><span class='ocrx_word' id='word_1_395' title='bbox 941 737 1030 765; x_wconf 88' lang='lat' dir='ltr'><strong>bolus.</strong></span> <span class='ocrx_word' id='word_1_396' title='bbox 1051 738 1134 772; x_wconf 89' lang='lat' dir='ltr'><strong>quue</strong></span> <span class='ocrx_word' id='word_1_397' title='bbox 1157 738 1242 765; x_wconf 86' lang='lat' dir='ltr'><strong>David</strong></span> <span class='ocrx_word' id='word_1_398' title='bbox 1265 743 1359 773; x_wconf 87' lang='lat' dir='ltr'><strong>aperte</strong></span> <span class='ocrx_word' id='word_1_399' title='bbox 1387 740 1556 774; x_wconf 87' lang='lat' dir='ltr'><strong>prophetans</strong></span> <span class='ocrx_word' id='word_1_400' title='bbox 1581 738 1606 765; x_wconf 88' lang='lat' dir='ltr'><strong>ei</strong></span> <span class='ocrx_word' id='word_1_401' title='bbox 1631 738 1700 765; x_wconf 78' lang='lat' dir='ltr'><strong>dixit</strong></span> <span class='ocrx_word' id='word_1_402' title='bbox 1720 746 1728 764; x_wconf 73' lang='grc' dir='ltr'>ς</span> 
     </span>
    </p>
   </div>
   <div class='ocr_carea' id='block_1_58' title="bbox 942 783 1729 820">
    <p class='ocr_par' dir='ltr' id='par_1_58' title="bbox 942 783 1729 820">
     <span class='ocr_line' id='line_1_58' title="bbox 942 783 1729 820; baseline 0 -10"><span class='ocrx_word' id='word_1_403' title='bbox 942 783 1053 811; x_wconf 81' lang='lat' dir='ltr'><strong>Domine</strong></span> <span class='ocrx_word' id='word_1_404' title='bbox 1065 784 1192 811; x_wconf 79' lang='lat' dir='ltr'><strong>Dominus</strong></span> <span class='ocrx_word' id='word_1_405' title='bbox 1204 789 1302 817; x_wconf 74' lang='lat' dir='ltr'><strong>noster,</strong></span> <span class='ocrx_word' id='word_1_406' title='bbox 1315 795 1395 820; x_wconf 83' lang='lat' dir='ltr'><strong>quant</strong></span> <span class='ocrx_word' id='word_1_407' title='bbox 1412 785 1567 812; x_wconf 80' lang='lat' dir='ltr'><strong>admirabile</strong></span> <span class='ocrx_word' id='word_1_408' title='bbox 1579 789 1616 811; x_wconf 77' lang='lat' dir='ltr'><strong>est</strong></span> <span class='ocrx_word' id='word_1_409' title='bbox 1636 791 1729 811; x_wconf 77' lang='lat' dir='ltr'><strong>nomen</strong></span> 
     </span>
    </p>
   </div>
   <div class='ocr_carea' id='block_1_59' title="bbox 942 831 1731 865">
    <p class='ocr_par' dir='ltr' id='par_1_59' title="bbox 942 831 1731 865">
     <span class='ocr_line' id='line_1_59' title="bbox 942 831 1731 865; baseline 0 -9"><span class='ocrx_word' id='word_1_410' title='bbox 942 835 1017 857; x_wconf 83' lang='lat' dir='ltr'><strong>tuum</strong></span> <span class='ocrx_word' id='word_1_411' title='bbox 1031 831 1059 857; x_wconf 82' lang='lat' dir='ltr'><strong>in</strong></span> <span class='ocrx_word' id='word_1_412' title='bbox 1079 831 1199 858; x_wconf 71' lang='lat' dir='ltr'><strong>uniuersa</strong></span> <span class='ocrx_word' id='word_1_413' title='bbox 1215 836 1286 858; x_wconf 83' lang='lat' dir='ltr'><strong>terra</strong></span> <span class='ocrx_word' id='word_1_414' title='bbox 1305 832 1348 858; x_wconf 73' lang='lat' dir='ltr'><strong>“i</strong></span> <span class='ocrx_word' id='word_1_415' title='bbox 1364 831 1495 865; x_wconf 82' lang='lat' dir='ltr'><strong>Quoniam</strong></span> <span class='ocrx_word' id='word_1_416' title='bbox 1519 832 1550 858; x_wconf 82' lang='lat' dir='ltr'><strong>ab</strong></span> <span class='ocrx_word' id='word_1_417' title='bbox 1571 836 1629 858; x_wconf 86' lang='lat' dir='ltr'><strong>ortu</strong></span> <span class='ocrx_word' id='word_1_418' title='bbox 1650 838 1731 865; x_wconf 79' lang='lat' dir='ltr'><strong>usque</strong></span> 
     </span>
    </p>
   </div>
   <div class='ocr_carea' id='block_1_60' title="bbox 943 876 1729 905">
    <p class='ocr_par' dir='ltr' id='par_1_60' title="bbox 943 876 1729 905">
     <span class='ocr_line' id='line_1_60' title="bbox 943 876 1729 905; baseline -0.001 -2"><span class='ocrx_word' id='word_1_419' title='bbox 943 877 977 903; x_wconf 85' lang='lat' dir='ltr'><strong>ad</strong></span> <span class='ocrx_word' id='word_1_420' title='bbox 997 885 1118 904; x_wconf 79' lang='lat' dir='ltr'><strong>occasum</strong></span> <span class='ocrx_word' id='word_1_421' title='bbox 1133 877 1266 905; x_wconf 83' lang='lat' dir='ltr'><strong>laudabile</strong></span> <span class='ocrx_word' id='word_1_422' title='bbox 1277 887 1370 905; x_wconf 88' lang='lat' dir='ltr'><strong>nomen</strong></span> <span class='ocrx_word' id='word_1_423' title='bbox 1388 878 1492 905; x_wconf 83' lang='lat' dir='ltr'><strong>Domini</strong></span> <span class='ocrx_word' id='word_1_424' title='bbox 1506 879 1540 904; x_wconf 75' lang='grc' dir='ltr'><strong>δ’.</strong></span> <span class='ocrx_word' id='word_1_425' title='bbox 1558 878 1593 905; x_wconf 82' lang='lat' dir='ltr'><strong>Et</strong></span> <span class='ocrx_word' id='word_1_426' title='bbox 1607 887 1614 904; x_wconf 72' lang='grc' dir='ltr'><strong>ε</strong></span> <span class='ocrx_word' id='word_1_427' title='bbox 1634 876 1729 904; x_wconf 68' lang='grc' dir='ltr'><strong>Επει-</strong></span> 
     </span>
    </p>
   </div>
   <div class='ocr_carea' id='block_1_61' title="bbox 942 921 1730 956">
    <p class='ocr_par' dir='ltr' id='par_1_61' title="bbox 942 921 1730 956">
     <span class='ocr_line' id='line_1_61' title="bbox 942 921 1730 956; baseline 0 -9"><span class='ocrx_word' id='word_1_428' title='bbox 942 929 986 947; x_wconf 76' lang='lat' dir='ltr'><strong>sus</strong></span> <span class='ocrx_word' id='word_1_429' title='bbox 1003 929 1082 956; x_wconf 86' lang='lat' dir='ltr'><strong>super</strong></span> <span class='ocrx_word' id='word_1_430' title='bbox 1098 929 1188 948; x_wconf 84' lang='lat' dir='ltr'><strong>omnes</strong></span> <span class='ocrx_word' id='word_1_431' title='bbox 1206 927 1294 956; x_wconf 72' lang='lat' dir='ltr'><strong>gentes</strong></span> <span class='ocrx_word' id='word_1_432' title='bbox 1321 922 1447 949; x_wconf 84' lang='lat' dir='ltr'><strong>Dominus</strong></span> <span class='ocrx_word' id='word_1_433' title='bbox 1463 923 1485 937; x_wconf 77' lang='grc'><strong>³³</strong></span> <span class='ocrx_word' id='word_1_434' title='bbox 1496 922 1584 949; x_wconf 82' lang='lat' dir='ltr'><strong>Jesus.</strong></span> <span class='ocrx_word' id='word_1_435' title='bbox 1602 922 1635 948; x_wconf 88' lang='lat' dir='ltr'><strong>Et</strong></span> <span class='ocrx_word' id='word_1_436' title='bbox 1653 930 1659 947; x_wconf 88' lang='lat'>:</span> <span class='ocrx_word' id='word_1_437' title='bbox 1675 921 1730 947; x_wconf 85' lang='lat' dir='ltr'><strong>Do-</strong></span> 
     </span>
    </p>
   </div>
   <div class='ocr_carea' id='block_1_62' title="bbox 940 967 1730 1003">
    <p class='ocr_par' dir='ltr' id='par_1_62' title="bbox 940 967 1730 1003">
     <span class='ocr_line' id='line_1_62' title="bbox 940 967 1730 1003; baseline -0.001 -9"><span class='ocrx_word' id='word_1_438' title='bbox 940 968 1027 994; x_wconf 86' lang='lat' dir='ltr'><strong>minus</strong></span> <span class='ocrx_word' id='word_1_439' title='bbox 1043 969 1172 1003; x_wconf 81' lang='lat' dir='ltr'><strong>regnuvit,</strong></span> <span class='ocrx_word' id='word_1_440' title='bbox 1192 968 1310 995; x_wconf 84' lang='lat' dir='ltr'><strong>decorem</strong></span> <span class='ocrx_word' id='word_1_441' title='bbox 1332 968 1439 994; x_wconf 82' lang='lat' dir='ltr'><strong>indutus</strong></span> <span class='ocrx_word' id='word_1_442' title='bbox 1460 972 1498 994; x_wconf 84' lang='lat' dir='ltr'><strong>est</strong></span> <span class='ocrx_word' id='word_1_443' title='bbox 1516 967 1618 998; x_wconf 83' lang='lat' dir='ltr'><strong>carnis,</strong></span> <span class='ocrx_word' id='word_1_444' title='bbox 1644 967 1730 993; x_wconf 85' lang='lat' dir='ltr'><strong>induit</strong></span> 
     </span>
    </p>
   </div>
   <div class='ocr_carea' id='block_1_63' title="bbox 941 1013 1731 1048">
    <p class='ocr_par' dir='ltr' id='par_1_63' title="bbox 941 1013 1731 1048">
     <span class='ocr_line' id='line_1_63' title="bbox 941 1013 1731 1048; baseline -0.001 -8"><span class='ocrx_word' id='word_1_445' title='bbox 941 1013 1070 1041; x_wconf 80' lang='lat' dir='ltr'><strong>Dominus</strong></span> <span class='ocrx_word' id='word_1_446' title='bbox 1098 1015 1250 1045; x_wconf 89' lang='lat' dir='ltr'><strong>hominem,</strong></span> <span class='ocrx_word' id='word_1_447' title='bbox 1273 1014 1363 1041; x_wconf 92' lang='lat' dir='ltr'><strong>crucis</strong></span> <span class='ocrx_word' id='word_1_448' title='bbox 1391 1013 1585 1048; x_wconf 77' lang='lat' dir='ltr'><strong>fortitudinem,</strong></span> <span class='ocrx_word' id='word_1_449' title='bbox 1618 1017 1731 1047; x_wconf 82' lang='lat' dir='ltr'><strong>propter</strong></span> 
     </span>
    </p>
   </div>
   <div class='ocr_carea' id='block_1_64' title="bbox 941 1059 1730 1094">
    <p class='ocr_par' dir='ltr' id='par_1_64' title="bbox 941 1059 1730 1094">
     <span class='ocr_line' id='line_1_64' title="bbox 941 1059 1730 1094; baseline -0.003 -8"><span class='ocrx_word' id='word_1_450' title='bbox 941 1060 1032 1094; x_wconf 91' lang='lat' dir='ltr'><strong>ipsum</strong></span> <span class='ocrx_word' id='word_1_451' title='bbox 1055 1060 1102 1094; x_wconf 88' lang='lat' dir='ltr'><strong>qui</strong></span> <span class='ocrx_word' id='word_1_452' title='bbox 1124 1064 1182 1087; x_wconf 90' lang='lat' dir='ltr'><strong>erat</strong></span> <span class='ocrx_word' id='word_1_453' title='bbox 1205 1059 1341 1090; x_wconf 84' lang='lat' dir='ltr'><strong>inﬁrmus.</strong></span> <span class='ocrx_word' id='word_1_454' title='bbox 1358 1066 1380 1086; x_wconf 82' lang='lat' dir='ltr'><strong>et</strong></span> <span class='ocrx_word' id='word_1_455' title='bbox 1397 1059 1534 1094; x_wconf 76' lang='lat' dir='ltr'><strong>prwcinxit</strong></span> <span class='ocrx_word' id='word_1_456' title='bbox 1557 1067 1584 1085; x_wconf 79' lang='lat' dir='ltr'><strong>se</strong></span> <span class='ocrx_word' id='word_1_457' title='bbox 1599 1059 1633 1084; x_wconf 68' lang='grc'><strong>⁸⁸.</strong></span> <span class='ocrx_word' id='word_1_458' title='bbox 1651 1059 1684 1085; x_wconf 76' lang='lat' dir='ltr'><strong>Et</strong></span> <span class='ocrx_word' id='word_1_459' title='bbox 1698 1065 1730 1085; x_wconf 87' lang='lat' dir='ltr'><strong>ea</strong></span> 
     </span>
    </p>
   </div>
   <div class='ocr_carea' id='block_1_65' title="bbox 941 1105 1731 1140">
    <p class='ocr_par' dir='ltr' id='par_1_65' title="bbox 941 1105 1731 1140">
     <span class='ocr_line' id='line_1_65' title="bbox 941 1105 1731 1140; baseline -0.003 -8"><span class='ocrx_word' id='word_1_460' title='bbox 941 1106 974 1132; x_wconf 90' lang='lat' dir='ltr'><strong>de</strong></span> <span class='ocrx_word' id='word_1_461' title='bbox 998 1114 1079 1133; x_wconf 89' lang='lat' dir='ltr'><strong>causa</strong></span> <span class='ocrx_word' id='word_1_462' title='bbox 1107 1106 1252 1132; x_wconf 88' lang='lat' dir='ltr'><strong>Dominum</strong></span> <span class='ocrx_word' id='word_1_463' title='bbox 1282 1106 1366 1132; x_wconf 89' lang='lat' dir='ltr'><strong>Deum</strong></span> <span class='ocrx_word' id='word_1_464' title='bbox 1398 1105 1546 1140; x_wconf 81' lang='lat' dir='ltr'><strong>appellavit</strong></span> <span class='ocrx_word' id='word_1_465' title='bbox 1573 1105 1731 1139; x_wconf 87' lang='lat' dir='ltr'><strong>Scriptura,</strong></span> 
     </span>
    </p>
   </div>
   <div class='ocr_carea' id='block_1_66' title="bbox 941 1150 1732 1186">
    <p class='ocr_par' dir='ltr' id='par_1_66' title="bbox 941 1150 1732 1186">
     <span class='ocr_line' id='line_1_66' title="bbox 941 1150 1732 1186; baseline -0.003 -8"><span class='ocrx_word' id='word_1_466' title='bbox 941 1152 1052 1186; x_wconf 90' lang='lat' dir='ltr'><strong>quando</strong></span> <span class='ocrx_word' id='word_1_467' title='bbox 1075 1151 1177 1186; x_wconf 83' lang='lat' dir='ltr'><strong>duplex</strong></span> <span class='ocrx_word' id='word_1_468' title='bbox 1204 1151 1248 1178; x_wconf 87' lang='lat' dir='ltr'><strong>ille</strong></span> <span class='ocrx_word' id='word_1_469' title='bbox 1275 1151 1357 1178; x_wconf 91' lang='lat' dir='ltr'><strong>homo</strong></span> <span class='ocrx_word' id='word_1_470' title='bbox 1382 1151 1552 1185; x_wconf 85' lang='lat' dir='ltr'><strong>compositus</strong></span> <span class='ocrx_word' id='word_1_471' title='bbox 1568 1154 1609 1177; x_wconf 90' lang='lat' dir='ltr'><strong>est</strong></span> <span class='ocrx_word' id='word_1_472' title='bbox 1624 1158 1656 1183; x_wconf 55' lang='lat' dir='ltr'><strong>es</strong></span> <span class='ocrx_word' id='word_1_473' title='bbox 1673 1150 1732 1176; x_wconf 86' lang='lat' dir='ltr'><strong>luto</strong></span> 
     </span>
    </p>
   </div>
   <div class='ocr_carea' id='block_1_67' title="bbox 942 1196 1731 1230">
    <p class='ocr_par' dir='ltr' id='par_1_67' title="bbox 942 1196 1731 1230">
     <span class='ocr_line' id='line_1_67' title="bbox 942 1196 1731 1230; baseline -0.004 -6"><span class='ocrx_word' id='word_1_474' title='bbox 942 1198 1033 1224; x_wconf 84' lang='lat' dir='ltr'><strong>divina</strong></span> <span class='ocrx_word' id='word_1_475' title='bbox 1045 1197 1238 1224; x_wconf 84' lang='lat' dir='ltr'><strong>insuﬂlatione.</strong></span> <span class='ocrx_word' id='word_1_476' title='bbox 1254 1197 1342 1223; x_wconf 76' lang='lat' dir='ltr'><strong>Finin</strong></span> <span class='ocrx_word' id='word_1_477' title='bbox 1365 1197 1449 1227; x_wconf 77' lang='lat' dir='ltr'><strong>enim.</strong></span> <span class='ocrx_word' id='word_1_478' title='bbox 1467 1196 1566 1230; x_wconf 85' lang='lat' dir='ltr'><strong>inquit,</strong></span> <span class='ocrx_word' id='word_1_479' title='bbox 1596 1196 1665 1222; x_wconf 76' lang='lat' dir='ltr'><strong>Deus</strong></span> <span class='ocrx_word' id='word_1_480' title='bbox 1682 1196 1731 1222; x_wconf 80' lang='lat' dir='ltr'><strong>lto-</strong></span> 
     </span>
    </p>
   </div>
   <div class='ocr_carea' id='block_1_68' title="bbox 941 1241 1732 1277">
    <p class='ocr_par' dir='ltr' id='par_1_68' title="bbox 941 1241 1732 1277">
     <span class='ocr_line' id='line_1_68' title="bbox 941 1241 1732 1277; baseline -0.003 -8"><span class='ocrx_word' id='word_1_481' title='bbox 941 1243 1048 1274; x_wconf 81' lang='lat' dir='ltr'><strong>minem,</strong></span> <span class='ocrx_word' id='word_1_482' title='bbox 1061 1242 1195 1277; x_wconf 75' lang='lat' dir='ltr'><strong>pulverem</strong></span> <span class='ocrx_word' id='word_1_483' title='bbox 1206 1242 1334 1274; x_wconf 80' lang='lat' dir='ltr'><strong>accipiens</strong></span> <span class='ocrx_word' id='word_1_484' title='bbox 1345 1250 1358 1267; x_wconf 86' lang='lat' dir='ltr'><strong>e</strong></span> <span class='ocrx_word' id='word_1_485' title='bbox 1369 1246 1451 1271; x_wconf 79' lang='lat' dir='ltr'><strong>terra.</strong></span> <span class='ocrx_word' id='word_1_486' title='bbox 1468 1245 1492 1267; x_wconf 79' lang='lat' dir='ltr'><strong>et</strong></span> <span class='ocrx_word' id='word_1_487' title='bbox 1504 1241 1643 1275; x_wconf 82' lang='lat' dir='ltr'><strong>insuﬂlavit</strong></span> <span class='ocrx_word' id='word_1_488' title='bbox 1653 1241 1680 1267; x_wconf 83' lang='lat' dir='ltr'><strong>in</strong></span> <span class='ocrx_word' id='word_1_489' title='bbox 1695 1241 1732 1275; x_wconf 78' lang='lat' dir='ltr'><strong>fu-</strong></span> 
     </span>
    </p>
   </div>
   <div class='ocr_carea' id='block_1_69' title="bbox 941 1289 1731 1325">
    <p class='ocr_par' dir='ltr' id='par_1_69' title="bbox 941 1289 1731 1325">
     <span class='ocr_line' id='line_1_69' title="bbox 941 1289 1731 1325; baseline -0.005 -8"><span class='ocrx_word' id='word_1_490' title='bbox 941 1291 1005 1317; x_wconf 85' lang='lat' dir='ltr'><strong>ciem</strong></span> <span class='ocrx_word' id='word_1_491' title='bbox 1014 1291 1069 1325; x_wconf 82' lang='lat' dir='ltr'><strong>ejus</strong></span> <span class='ocrx_word' id='word_1_492' title='bbox 1082 1291 1205 1324; x_wconf 78' lang='lat' dir='ltr'><strong>spiritum</strong></span> <span class='ocrx_word' id='word_1_493' title='bbox 1214 1290 1283 1320; x_wconf 71' lang='lat' dir='ltr'><strong>uiue,</strong></span> <span class='ocrx_word' id='word_1_494' title='bbox 1299 1294 1322 1316; x_wconf 84' lang='lat' dir='ltr'><strong>et</strong></span> <span class='ocrx_word' id='word_1_495' title='bbox 1337 1289 1422 1323; x_wconf 77' lang='lat' dir='ltr'><strong>factus</strong></span> <span class='ocrx_word' id='word_1_496' title='bbox 1432 1293 1469 1315; x_wconf 76' lang='lat' dir='ltr'><strong>est</strong></span> <span class='ocrx_word' id='word_1_497' title='bbox 1483 1290 1559 1315; x_wconf 84' lang='lat' dir='ltr'><strong>homo</strong></span> <span class='ocrx_word' id='word_1_498' title='bbox 1575 1289 1601 1314; x_wconf 85' lang='lat' dir='ltr'><strong>in</strong></span> <span class='ocrx_word' id='word_1_499' title='bbox 1612 1289 1731 1314; x_wconf 82' lang='lat' dir='ltr'><strong>animant</strong></span> 
     </span>
    </p>
   </div>
   <div class='ocr_carea' id='block_1_70' title="bbox 942 1334 1732 1368">
    <p class='ocr_par' dir='ltr' id='par_1_70' title="bbox 942 1334 1732 1368">
     <span class='ocr_line' id='line_1_70' title="bbox 942 1334 1732 1368; baseline -0.005 -5"><span class='ocrx_word' id='word_1_500' title='bbox 942 1337 1081 1364; x_wconf 71' lang='lat' dir='ltr'><strong>viventem.</strong></span> <span class='ocrx_word' id='word_1_501' title='bbox 1099 1336 1202 1363; x_wconf 83' lang='lat' dir='ltr'><strong>Vellem</strong></span> <span class='ocrx_word' id='word_1_502' title='bbox 1227 1343 1301 1362; x_wconf 91' lang='lat' dir='ltr'><strong>nunc</strong></span> <span class='ocrx_word' id='word_1_503' title='bbox 1324 1343 1407 1362; x_wconf 81' lang='lat' dir='ltr'><strong>carne</strong></span> <span class='ocrx_word' id='word_1_504' title='bbox 1434 1334 1503 1361; x_wconf 88' lang='lat' dir='ltr'><strong>mihi</strong></span> <span class='ocrx_word' id='word_1_505' title='bbox 1531 1334 1627 1361; x_wconf 86' lang='lat' dir='ltr'><strong>adesse</strong></span> <span class='ocrx_word' id='word_1_506' title='bbox 1643 1334 1732 1368; x_wconf 90' lang='lat' dir='ltr'><strong>ipsum</strong></span> 
     </span>
    </p>
   </div>
   <div class='ocr_carea' id='block_1_71' title="bbox 942 1379 1733 1417">
    <p class='ocr_par' dir='ltr' id='par_1_71' title="bbox 942 1379 1733 1417">
     <span class='ocr_line' id='line_1_71' title="bbox 942 1379 1733 1417; baseline -0.005 -8"><span class='ocrx_word' id='word_1_507' title='bbox 942 1382 1044 1409; x_wconf 84' lang='lat' dir='ltr'><strong>Mosem</strong></span> <span class='ocrx_word' id='word_1_508' title='bbox 1061 1382 1144 1416; x_wconf 83' lang='lat' dir='ltr'><strong>hujus</strong></span> <span class='ocrx_word' id='word_1_509' title='bbox 1170 1381 1233 1408; x_wconf 88' lang='lat' dir='ltr'><strong>libri</strong></span> <span class='ocrx_word' id='word_1_510' title='bbox 1264 1381 1440 1415; x_wconf 87' lang='lat' dir='ltr'><strong>scriptorem,</strong></span> <span class='ocrx_word' id='word_1_511' title='bbox 1459 1385 1487 1417; x_wconf 81' lang='lat' dir='ltr'><strong>et</strong></span> <span class='ocrx_word' id='word_1_512' title='bbox 1504 1380 1593 1414; x_wconf 83' lang='lat' dir='ltr'><strong>ipsum</strong></span> <span class='ocrx_word' id='word_1_513' title='bbox 1612 1379 1733 1406; x_wconf 77' lang='lat' dir='ltr'><strong>interro-</strong></span> 
     </span>
    </p>
   </div>
   <div class='ocr_carea' id='block_1_72' title="bbox 942 1424 1732 1463">
    <p class='ocr_par' dir='ltr' id='par_1_72' title="bbox 942 1424 1732 1463">
     <span class='ocr_line' id='line_1_72' title="bbox 942 1424 1732 1463; baseline -0.004 -9"><span class='ocrx_word' id='word_1_514' title='bbox 942 1435 1006 1463; x_wconf 80' lang='lat' dir='ltr'><strong>gare</strong></span> <span class='ocrx_word' id='word_1_515' title='bbox 1030 1435 1141 1454; x_wconf 84' lang='lat' dir='ltr'><strong>causam</strong></span> <span class='ocrx_word' id='word_1_516' title='bbox 1172 1426 1370 1461; x_wconf 88' lang='lat' dir='ltr'><strong>duplicationis</strong></span> <span class='ocrx_word' id='word_1_517' title='bbox 1393 1425 1514 1457; x_wconf 87' lang='lat' dir='ltr'><strong>nominis</strong></span> <span class='ocrx_word' id='word_1_518' title='bbox 1545 1425 1604 1454; x_wconf 80' lang='lat' dir='ltr'><strong>Dei.</strong></span> <span class='ocrx_word' id='word_1_519' title='bbox 1628 1424 1650 1451; x_wconf 81' lang='lat' dir='ltr'><strong>si</strong></span> <span class='ocrx_word' id='word_1_520' title='bbox 1678 1432 1732 1451; x_wconf 92' lang='lat' dir='ltr'><strong>non</strong></span> 
     </span>
    </p>
   </div>
   <div class='ocr_carea' id='block_1_73' title="bbox 942 1470 1734 1506">
    <p class='ocr_par' dir='ltr' id='par_1_73' title="bbox 942 1470 1734 1506">
     <span class='ocr_line' id='line_1_73' title="bbox 942 1470 1734 1506; baseline -0.003 -8"><span class='ocrx_word' id='word_1_521' title='bbox 942 1473 1034 1499; x_wconf 84' lang='lat' dir='ltr'><strong>statim</strong></span> <span class='ocrx_word' id='word_1_522' title='bbox 1057 1472 1212 1504; x_wconf 76' lang='lat' dir='ltr'><strong>exspuisset</strong></span> <span class='ocrx_word' id='word_1_523' title='bbox 1236 1472 1265 1498; x_wconf 91' lang='lat' dir='ltr'><strong>in</strong></span> <span class='ocrx_word' id='word_1_524' title='bbox 1290 1471 1388 1498; x_wconf 73' lang='lat' dir='ltr'><strong>faciem</strong></span> <span class='ocrx_word' id='word_1_525' title='bbox 1403 1471 1572 1505; x_wconf 84' lang='lat' dir='ltr'><strong>impudentis</strong></span> <span class='ocrx_word' id='word_1_526' title='bbox 1587 1470 1734 1506; x_wconf 73' lang='lat' dir='ltr'><strong>Synagcgae</strong></span> 
     </span>
    </p>
   </div>
   <div class='ocr_carea' id='block_1_74' title="bbox 942 1516 1732 1552">
    <p class='ocr_par' dir='ltr' id='par_1_74' title="bbox 942 1516 1732 1552">
     <span class='ocr_line' id='line_1_74' title="bbox 942 1516 1732 1552; baseline -0.005 -6"><span class='ocrx_word' id='word_1_527' title='bbox 942 1519 1110 1546; x_wconf 67' lang='lat' dir='ltr'><strong>Iudaeorum.</strong></span> <span class='ocrx_word' id='word_1_528' title='bbox 1120 1519 1187 1551; x_wconf 88' lang='lat' dir='ltr'><strong>Quis</strong></span> <span class='ocrx_word' id='word_1_529' title='bbox 1196 1518 1280 1548; x_wconf 81' lang='lat' dir='ltr'><strong>enim,</strong></span> <span class='ocrx_word' id='word_1_530' title='bbox 1289 1525 1392 1552; x_wconf 78' lang='lat' dir='ltr'><strong>qrneso,</strong></span> <span class='ocrx_word' id='word_1_531' title='bbox 1400 1525 1453 1544; x_wconf 90' lang='lat' dir='ltr'><strong>non</strong></span> <span class='ocrx_word' id='word_1_532' title='bbox 1467 1517 1639 1551; x_wconf 88' lang='lat' dir='ltr'><strong>obstupuerit</strong></span> <span class='ocrx_word' id='word_1_533' title='bbox 1648 1516 1732 1551; x_wconf 88' lang='lat' dir='ltr'><strong>quod,</strong></span> 
     </span>
    </p>
   </div>
   <div class='ocr_carea' id='block_1_75' title="bbox 943 1562 1734 1599">
    <p class='ocr_par' dir='ltr' id='par_1_75' title="bbox 943 1562 1734 1599">
     <span class='ocr_line' id='line_1_75' title="bbox 943 1562 1734 1599; baseline -0.005 -7"><span class='ocrx_word' id='word_1_534' title='bbox 943 1569 1007 1599; x_wconf 89' lang='lat' dir='ltr'><strong>post</strong></span> <span class='ocrx_word' id='word_1_535' title='bbox 1030 1565 1262 1598; x_wconf 85' lang='lat' dir='ltr'><strong>complementum</strong></span> <span class='ocrx_word' id='word_1_536' title='bbox 1292 1563 1430 1589; x_wconf 67' lang='lat' dir='ltr'><strong>universae</strong></span> <span class='ocrx_word' id='word_1_537' title='bbox 1455 1570 1501 1589; x_wconf 77' lang='lat' dir='ltr'><strong>sex</strong></span> <span class='ocrx_word' id='word_1_538' title='bbox 1530 1562 1638 1588; x_wconf 86' lang='lat' dir='ltr'><strong>dierum</strong></span> <span class='ocrx_word' id='word_1_539' title='bbox 1655 1569 1734 1588; x_wconf 80' lang='lat' dir='ltr'><strong>crea-</strong></span> 
     </span>
    </p>
   </div>
   <div class='ocr_carea' id='block_1_76' title="bbox 945 1607 1734 1641">
    <p class='ocr_par' dir='ltr' id='par_1_76' title="bbox 945 1607 1734 1641">
     <span class='ocr_line' id='line_1_76' title="bbox 945 1607 1734 1641; baseline -0.004 -5"><span class='ocrx_word' id='word_1_540' title='bbox 945 1611 1037 1641; x_wconf 88' lang='lat' dir='ltr'><strong>tionis,</strong></span> <span class='ocrx_word' id='word_1_541' title='bbox 1048 1617 1110 1636; x_wconf 89' lang='lat' dir='ltr'><strong>cum</strong></span> <span class='ocrx_word' id='word_1_542' title='bbox 1122 1609 1243 1636; x_wconf 80' lang='lat' dir='ltr'><strong>vertisset</strong></span> <span class='ocrx_word' id='word_1_543' title='bbox 1259 1608 1346 1635; x_wconf 82' lang='lat' dir='ltr'><strong>Moses</strong></span> <span class='ocrx_word' id='word_1_544' title='bbox 1361 1608 1393 1634; x_wconf 85' lang='lat' dir='ltr'><strong>ad</strong></span> <span class='ocrx_word' id='word_1_545' title='bbox 1409 1607 1566 1634; x_wconf 86' lang='lat' dir='ltr'><strong>summatim</strong></span> <span class='ocrx_word' id='word_1_546' title='bbox 1583 1607 1734 1634; x_wconf 75' lang='lat' dir='ltr'><strong>faciendam</strong></span> 
     </span>
    </p>
   </div>
   <div class='ocr_carea' id='block_1_77' title="bbox 944 1652 1735 1690">
    <p class='ocr_par' dir='ltr' id='par_1_77' title="bbox 944 1652 1735 1690">
     <span class='ocr_line' id='line_1_77' title="bbox 944 1652 1735 1690; baseline -0.004 -10"><span class='ocrx_word' id='word_1_547' title='bbox 944 1655 1151 1690; x_wconf 81' lang='lat' dir='ltr'><strong>repetitionem,</strong></span> <span class='ocrx_word' id='word_1_548' title='bbox 1162 1654 1254 1680; x_wconf 86' lang='lat' dir='ltr'><strong>statim</strong></span> <span class='ocrx_word' id='word_1_549' title='bbox 1268 1653 1374 1679; x_wconf 87' lang='lat' dir='ltr'><strong>inducit</strong></span> <span class='ocrx_word' id='word_1_550' title='bbox 1391 1652 1607 1687; x_wconf 78' lang='lat' dir='ltr'><strong>duplicationem</strong></span> <span class='ocrx_word' id='word_1_551' title='bbox 1623 1658 1649 1678; x_wconf 81' lang='lat' dir='ltr'><strong>ct</strong></span> <span class='ocrx_word' id='word_1_552' title='bbox 1660 1659 1735 1679; x_wconf 89' lang='lat' dir='ltr'><strong>com—</strong></span> 
     </span>
    </p>
   </div>
   <div class='ocr_carea' id='block_1_78' title="bbox 943 1696 1736 1735">
    <p class='ocr_par' dir='ltr' id='par_1_78' title="bbox 943 1696 1736 1735">
     <span class='ocr_line' id='line_1_78' title="bbox 943 1696 1736 1735; baseline -0.006 -9"><span class='ocrx_word' id='word_1_553' title='bbox 943 1699 1108 1735; x_wconf 88' lang='lat' dir='ltr'><strong>positionem</strong></span> <span class='ocrx_word' id='word_1_554' title='bbox 1121 1698 1242 1725; x_wconf 84' lang='lat' dir='ltr'><strong>nominis</strong></span> <span class='ocrx_word' id='word_1_555' title='bbox 1251 1698 1310 1729; x_wconf 87' lang='lat' dir='ltr'><strong>Dei,</strong></span> <span class='ocrx_word' id='word_1_556' title='bbox 1320 1697 1479 1732; x_wconf 88' lang='lat' dir='ltr'><strong>signiticans</strong></span> <span class='ocrx_word' id='word_1_557' title='bbox 1488 1696 1590 1724; x_wconf 87' lang='lat' dir='ltr'><strong>Christi</strong></span> <span class='ocrx_word' id='word_1_558' title='bbox 1601 1700 1736 1730; x_wconf 80' lang='lat' dir='ltr'><strong>suscepta:</strong></span> 
     </span>
    </p>
   </div>
   <div class='ocr_carea' id='block_1_79' title="bbox 943 1743 1735 1780">
    <p class='ocr_par' dir='ltr' id='par_1_79' title="bbox 943 1743 1735 1780">
     <span class='ocr_line' id='line_1_79' title="bbox 943 1743 1735 1780; baseline -0.006 -7"><span class='ocrx_word' id='word_1_559' title='bbox 943 1746 1033 1773; x_wconf 85' lang='lat' dir='ltr'><strong>carnis</strong></span> <span class='ocrx_word' id='word_1_560' title='bbox 1048 1744 1296 1780; x_wconf 88' lang='lat' dir='ltr'><strong>dispensationem,</strong></span> <span class='ocrx_word' id='word_1_561' title='bbox 1315 1751 1414 1778; x_wconf 85' lang='lat' dir='ltr'><strong>nempe</strong></span> <span class='ocrx_word' id='word_1_562' title='bbox 1427 1743 1500 1778; x_wconf 91' lang='lat' dir='ltr'><strong>quod</strong></span> <span class='ocrx_word' id='word_1_563' title='bbox 1513 1747 1646 1769; x_wconf 83' lang='lat' dir='ltr'><strong>venturus</strong></span> <span class='ocrx_word' id='word_1_564' title='bbox 1662 1747 1735 1769; x_wconf 82' lang='lat' dir='ltr'><strong>esset</strong></span> 
     </span>
    </p>
   </div>
   <div class='ocr_carea' id='block_1_80' title="bbox 943 1788 1735 1823">
    <p class='ocr_par' dir='ltr' id='par_1_80' title="bbox 943 1788 1735 1823">
     <span class='ocr_line' id='line_1_80' title="bbox 943 1788 1735 1823; baseline -0.004 -4"><span class='ocrx_word' id='word_1_565' title='bbox 943 1793 976 1820; x_wconf 90' lang='lat' dir='ltr'><strong>ad</strong></span> <span class='ocrx_word' id='word_1_566' title='bbox 997 1792 1088 1819; x_wconf 89' lang='lat' dir='ltr'><strong>omnia</strong></span> <span class='ocrx_word' id='word_1_567' title='bbox 1113 1792 1140 1818; x_wconf 89' lang='lat' dir='ltr'><strong>in</strong></span> <span class='ocrx_word' id='word_1_568' title='bbox 1165 1798 1301 1818; x_wconf 89' lang='lat' dir='ltr'><strong>summam</strong></span> <span class='ocrx_word' id='word_1_569' title='bbox 1326 1795 1354 1816; x_wconf 87' lang='lat' dir='ltr'><strong>et</strong></span> <span class='ocrx_word' id='word_1_570' title='bbox 1374 1793 1458 1823; x_wconf 86' lang='lat' dir='ltr'><strong>caput</strong></span> <span class='ocrx_word' id='word_1_571' title='bbox 1482 1788 1660 1816; x_wconf 83' lang='lat' dir='ltr'><strong>instauranda</strong></span> <span class='ocrx_word' id='word_1_572' title='bbox 1690 1796 1735 1816; x_wconf 90' lang='lat' dir='ltr'><strong>rc-</strong></span> 
     </span>
    </p>
   </div>
   <div class='ocr_carea' id='block_1_81' title="bbox 944 1834 1737 1873">
    <p class='ocr_par' dir='ltr' id='par_1_81' title="bbox 944 1834 1737 1873">
     <span class='ocr_line' id='line_1_81' title="bbox 944 1834 1737 1873; baseline -0.006 -8"><span class='ocrx_word' id='word_1_573' title='bbox 944 1838 1135 1872; x_wconf 82' lang='lat' dir='ltr'><strong>novandaque,</strong></span> <span class='ocrx_word' id='word_1_574' title='bbox 1161 1840 1190 1864; x_wconf 90' lang='lat' dir='ltr'><strong>et</strong></span> <span class='ocrx_word' id='word_1_575' title='bbox 1216 1844 1315 1873; x_wconf 83' lang='lat' dir='ltr'><strong>novam</strong></span> <span class='ocrx_word' id='word_1_576' title='bbox 1342 1834 1495 1862; x_wconf 84' lang='lat' dir='ltr'><strong>faciendam</strong></span> <span class='ocrx_word' id='word_1_577' title='bbox 1517 1838 1682 1866; x_wconf 86' lang='lat' dir='ltr'><strong>creaturam,</strong></span> <span class='ocrx_word' id='word_1_578' title='bbox 1709 1838 1737 1861; x_wconf 86' lang='lat' dir='ltr'><strong>et</strong></span> 
     </span>
    </p>
   </div>
   <div class='ocr_carea' id='block_1_82' title="bbox 943 1880 1736 1913">
    <p class='ocr_par' dir='ltr' id='par_1_82' title="bbox 943 1880 1736 1913">
     <span class='ocr_line' id='line_1_82' title="bbox 943 1880 1736 1913; baseline -0.005 -4"><span class='ocrx_word' id='word_1_579' title='bbox 943 1890 1045 1909; x_wconf 88' lang='lat' dir='ltr'><strong>novum</strong></span> <span class='ocrx_word' id='word_1_580' title='bbox 1066 1881 1219 1913; x_wconf 84' lang='lat' dir='ltr'><strong>hominem,</strong></span> <span class='ocrx_word' id='word_1_581' title='bbox 1237 1885 1265 1907; x_wconf 89' lang='lat' dir='ltr'><strong>et</strong></span> <span class='ocrx_word' id='word_1_582' title='bbox 1281 1888 1383 1907; x_wconf 88' lang='lat' dir='ltr'><strong>novum</strong></span> <span class='ocrx_word' id='word_1_583' title='bbox 1398 1880 1508 1911; x_wconf 57' lang='lat' dir='ltr'><strong>catlum,</strong></span> <span class='ocrx_word' id='word_1_584' title='bbox 1524 1884 1552 1906; x_wconf 90' lang='lat' dir='ltr'><strong>et</strong></span> <span class='ocrx_word' id='word_1_585' title='bbox 1566 1887 1664 1906; x_wconf 68' lang='grc' dir='ltr'><strong>ΠΟΥΗΙΠ</strong></span> <span class='ocrx_word' id='word_1_586' title='bbox 1681 1883 1736 1906; x_wconf 82' lang='lat' dir='ltr'><strong>ter-</strong></span> 
     </span>
    </p>
   </div>
   <div class='ocr_carea' id='block_1_83' title="bbox 944 1925 1737 1960">
    <p class='ocr_par' dir='ltr' id='par_1_83' title="bbox 944 1925 1737 1960">
     <span class='ocr_line' id='line_1_83' title="bbox 944 1925 1737 1960; baseline -0.006 -4"><span class='ocrx_word' id='word_1_587' title='bbox 944 1937 1014 1960; x_wconf 85' lang='lat' dir='ltr'><strong>ram,</strong></span> <span class='ocrx_word' id='word_1_588' title='bbox 1024 1933 1051 1955; x_wconf 89' lang='lat' dir='ltr'><strong>et</strong></span> <span class='ocrx_word' id='word_1_589' title='bbox 1066 1936 1135 1955; x_wconf 86' lang='lat' dir='ltr'><strong>nova</strong></span> <span class='ocrx_word' id='word_1_590' title='bbox 1150 1927 1291 1956; x_wconf 81' lang='lat' dir='ltr'><strong>animalia.</strong></span> <span class='ocrx_word' id='word_1_591' title='bbox 1305 1931 1333 1954; x_wconf 88' lang='lat' dir='ltr'><strong>et</strong></span> <span class='ocrx_word' id='word_1_592' title='bbox 1352 1934 1437 1953; x_wconf 81' lang='lat' dir='ltr'><strong>novas</strong></span> <span class='ocrx_word' id='word_1_593' title='bbox 1453 1925 1592 1954; x_wconf 81' lang='lat' dir='ltr'><strong>volucres.</strong></span> <span class='ocrx_word' id='word_1_594' title='bbox 1607 1929 1635 1951; x_wconf 90' lang='lat' dir='ltr'><strong>ct</strong></span> <span class='ocrx_word' id='word_1_595' title='bbox 1651 1933 1737 1951; x_wconf 87' lang='lat' dir='ltr'><strong>novos</strong></span> 
     </span>
    </p>
   </div>
   <div class='ocr_carea' id='block_1_84' title="bbox 944 1970 1737 2007">
    <p class='ocr_par' dir='ltr' id='par_1_84' title="bbox 944 1970 1737 2007">
     <span class='ocr_line' id='line_1_84' title="bbox 944 1970 1737 2007; baseline -0.004 -6"><span class='ocrx_word' id='word_1_596' title='bbox 944 1975 1061 2005; x_wconf 79' lang='lat' dir='ltr'><strong>fructus,</strong></span> <span class='ocrx_word' id='word_1_597' title='bbox 1082 1977 1110 2001; x_wconf 90' lang='lat' dir='ltr'><strong>et</strong></span> <span class='ocrx_word' id='word_1_598' title='bbox 1134 1981 1220 2000; x_wconf 89' lang='lat' dir='ltr'><strong>novos</strong></span> <span class='ocrx_word' id='word_1_599' title='bbox 1244 1972 1396 2007; x_wconf 86' lang='lat' dir='ltr'><strong>paradisos,</strong></span> <span class='ocrx_word' id='word_1_600' title='bbox 1421 1975 1448 1997; x_wconf 84' lang='lat' dir='ltr'><strong>et</strong></span> <span class='ocrx_word' id='word_1_601' title='bbox 1468 1979 1554 1998; x_wconf 86' lang='lat' dir='ltr'><strong>novos</strong></span> <span class='ocrx_word' id='word_1_602' title='bbox 1578 1970 1685 2002; x_wconf 80' lang='lat' dir='ltr'><strong>ﬂuvios,</strong></span> <span class='ocrx_word' id='word_1_603' title='bbox 1709 1975 1737 1998; x_wconf 87' lang='lat' dir='ltr'><strong>ct</strong></span> 
     </span>
    </p>
   </div>
   <div class='ocr_carea' id='block_1_85' title="bbox 944 2017 1738 2052">
    <p class='ocr_par' dir='ltr' id='par_1_85' title="bbox 944 2017 1738 2052">
     <span class='ocr_line' id='line_1_85' title="bbox 944 2017 1738 2052; baseline -0.004 -5"><span class='ocrx_word' id='word_1_604' title='bbox 944 2028 1046 2048; x_wconf 90' lang='lat' dir='ltr'><strong>novum</strong></span> <span class='ocrx_word' id='word_1_605' title='bbox 1069 2019 1165 2046; x_wconf 76' lang='lat' dir='ltr'><strong>orbem</strong></span> <span class='ocrx_word' id='word_1_606' title='bbox 1193 2023 1272 2045; x_wconf 69' lang='lat' dir='ltr'><strong>terra:</strong></span> <span class='ocrx_word' id='word_1_607' title='bbox 1287 2017 1385 2051; x_wconf 84' lang='lat' dir='ltr'><strong>?Quod</strong></span> <span class='ocrx_word' id='word_1_608' title='bbox 1406 2017 1518 2052; x_wconf 89' lang='lat' dir='ltr'><strong>quidem</strong></span> <span class='ocrx_word' id='word_1_609' title='bbox 1537 2020 1631 2051; x_wconf 88' lang='lat' dir='ltr'><strong>aperte</strong></span> <span class='ocrx_word' id='word_1_610' title='bbox 1646 2017 1738 2044; x_wconf 80' lang='lat' dir='ltr'><strong>sciens</strong></span> 
     </span>
    </p>
   </div>
   <div class='ocr_carea' id='block_1_86' title="bbox 945 2063 1736 2099">
    <p class='ocr_par' dir='ltr' id='par_1_86' title="bbox 945 2063 1736 2099">
     <span class='ocr_line' id='line_1_86' title="bbox 945 2063 1736 2099; baseline -0.006 -6"><span class='ocrx_word' id='word_1_611' title='bbox 945 2067 1047 2094; x_wconf 80' lang='lat' dir='ltr'><strong>Paulus</strong></span> <span class='ocrx_word' id='word_1_612' title='bbox 1061 2065 1172 2092; x_wconf 88' lang='lat' dir='ltr'><strong>dicebat</strong></span> <span class='ocrx_word' id='word_1_613' title='bbox 1188 2064 1234 2091; x_wconf 87' lang='lat' dir='ltr'><strong>:Si</strong></span> <span class='ocrx_word' id='word_1_614' title='bbox 1249 2073 1301 2099; x_wconf 80' lang='lat' dir='ltr'><strong>qua</strong></span> <span class='ocrx_word' id='word_1_615' title='bbox 1312 2068 1349 2090; x_wconf 84' lang='lat' dir='ltr'><strong>est</strong></span> <span class='ocrx_word' id='word_1_616' title='bbox 1365 2064 1391 2090; x_wconf 88' lang='lat' dir='ltr'><strong>in</strong></span> <span class='ocrx_word' id='word_1_617' title='bbox 1405 2063 1508 2090; x_wconf 81' lang='lat' dir='ltr'><strong>Christo</strong></span> <span class='ocrx_word' id='word_1_618' title='bbox 1520 2071 1586 2089; x_wconf 83' lang='lat' dir='ltr'><strong>nova</strong></span> <span class='ocrx_word' id='word_1_619' title='bbox 1600 2067 1736 2094; x_wconf 73' lang='lat' dir='ltr'><strong>creatura,</strong></span> 
     </span>
    </p>
   </div>
   <div class='ocr_carea' id='block_1_87' title="bbox 945 2108 1735 2146">
    <p class='ocr_par' dir='ltr' id='par_1_87' title="bbox 945 2108 1735 2146">
     <span class='ocr_line' id='line_1_87' title="bbox 945 2108 1735 2146; baseline -0.005 -7"><span class='ocrx_word' id='word_1_620' title='bbox 945 2117 1032 2139; x_wconf 75' lang='lat' dir='ltr'><strong>cetera</strong></span> <span class='ocrx_word' id='word_1_621' title='bbox 1050 2111 1245 2146; x_wconf 72' lang='lat' dir='ltr'><strong>praztcrierunt.</strong></span> <span class='ocrx_word' id='word_1_622' title='bbox 1263 2117 1320 2135; x_wconf 81' lang='lat' dir='ltr'><strong>ecce</strong></span> <span class='ocrx_word' id='word_1_623' title='bbox 1337 2109 1408 2143; x_wconf 76' lang='lat' dir='ltr'><strong>facta</strong></span> <span class='ocrx_word' id='word_1_624' title='bbox 1429 2113 1490 2135; x_wconf 82' lang='lat' dir='ltr'><strong>sunt</strong></span> <span class='ocrx_word' id='word_1_625' title='bbox 1507 2108 1596 2134; x_wconf 82' lang='lat' dir='ltr'><strong>omnia</strong></span> <span class='ocrx_word' id='word_1_626' title='bbox 1621 2116 1688 2134; x_wconf 78' lang='lat' dir='ltr'><strong>nova</strong></span> <span class='ocrx_word' id='word_1_627' title='bbox 1701 2108 1735 2135; x_wconf 77' lang='lat'><strong>&quot;.</strong></span> 
     </span>
    </p>
   </div>
   <div class='ocr_carea' id='block_1_88' title="bbox 946 2152 1736 2190">
    <p class='ocr_par' dir='ltr' id='par_1_88' title="bbox 946 2152 1736 2190">
     <span class='ocr_line' id='line_1_88' title="bbox 946 2152 1736 2190; baseline -0.006 -7"><span class='ocrx_word' id='word_1_628' title='bbox 946 2156 1022 2190; x_wconf 88' lang='lat' dir='ltr'><strong>Quod</strong></span> <span class='ocrx_word' id='word_1_629' title='bbox 1038 2160 1129 2182; x_wconf 90' lang='lat' dir='ltr'><strong>autem</strong></span> <span class='ocrx_word' id='word_1_630' title='bbox 1143 2154 1218 2181; x_wconf 90' lang='lat' dir='ltr'><strong>omni</strong></span> <span class='ocrx_word' id='word_1_631' title='bbox 1242 2158 1357 2188; x_wconf 81' lang='lat' dir='ltr'><strong>stupore</strong></span> <span class='ocrx_word' id='word_1_632' title='bbox 1384 2157 1412 2180; x_wconf 87' lang='lat' dir='ltr'><strong>et</strong></span> <span class='ocrx_word' id='word_1_633' title='bbox 1425 2152 1607 2179; x_wconf 88' lang='lat' dir='ltr'><strong>admiratione</strong></span> <span class='ocrx_word' id='word_1_634' title='bbox 1623 2152 1736 2187; x_wconf 79' lang='lat' dir='ltr'><strong>dignum</strong></span> 
     </span>
    </p>
   </div>
   <div class='ocr_carea' id='block_1_89' title="bbox 946 2199 1736 2235">
    <p class='ocr_par' dir='ltr' id='par_1_89' title="bbox 946 2199 1736 2235">
     <span class='ocr_line' id='line_1_89' title="bbox 946 2199 1736 2235; baseline -0.006 -5"><span class='ocrx_word' id='word_1_635' title='bbox 946 2207 998 2234; x_wconf 82' lang='lat' dir='ltr'><strong>est,</strong></span> <span class='ocrx_word' id='word_1_636' title='bbox 1016 2208 1044 2230; x_wconf 88' lang='lat' dir='ltr'><strong>et</strong></span> <span class='ocrx_word' id='word_1_637' title='bbox 1059 2201 1126 2228; x_wconf 92' lang='lat' dir='ltr'><strong>illud</strong></span> <span class='ocrx_word' id='word_1_638' title='bbox 1147 2199 1219 2235; x_wconf 81' lang='lat' dir='ltr'><strong>quod</strong></span> <span class='ocrx_word' id='word_1_639' title='bbox 1234 2207 1283 2235; x_wconf 86' lang='lat' dir='ltr'><strong>per</strong></span> <span class='ocrx_word' id='word_1_640' title='bbox 1297 2199 1452 2227; x_wconf 86' lang='lat' dir='ltr'><strong>universam</strong></span> <span class='ocrx_word' id='word_1_641' title='bbox 1470 2207 1517 2226; x_wconf 87' lang='lat' dir='ltr'><strong>sex</strong></span> <span class='ocrx_word' id='word_1_642' title='bbox 1532 2199 1639 2225; x_wconf 87' lang='lat' dir='ltr'><strong>dierum</strong></span> <span class='ocrx_word' id='word_1_643' title='bbox 1658 2207 1736 2226; x_wconf 83' lang='lat' dir='ltr'><strong>crea-</strong></span> 
     </span>
    </p>
   </div>
   <div class='ocr_carea' id='block_1_90' title="bbox 948 2244 1736 2281">
    <p class='ocr_par' dir='ltr' id='par_1_90' title="bbox 948 2244 1736 2281">
     <span class='ocr_line' id='line_1_90' title="bbox 948 2244 1736 2281; baseline -0.006 -6"><span class='ocrx_word' id='word_1_644' title='bbox 948 2249 1050 2276; x_wconf 84' lang='lat' dir='ltr'><strong>tionem</strong></span> <span class='ocrx_word' id='word_1_645' title='bbox 1072 2247 1192 2281; x_wconf 89' lang='lat' dir='ltr'><strong>simplici</strong></span> <span class='ocrx_word' id='word_1_646' title='bbox 1213 2250 1240 2273; x_wconf 79' lang='lat' dir='ltr'><strong>ct</strong></span> <span class='ocrx_word' id='word_1_647' title='bbox 1264 2244 1448 2280; x_wconf 85' lang='lat' dir='ltr'><strong>incomposito</strong></span> <span class='ocrx_word' id='word_1_648' title='bbox 1467 2245 1577 2271; x_wconf 87' lang='lat' dir='ltr'><strong>nomine</strong></span> <span class='ocrx_word' id='word_1_649' title='bbox 1590 2244 1736 2272; x_wconf 84' lang='lat' dir='ltr'><strong>nominans</strong></span> 
     </span>
    </p>
   </div>
   <div class='ocr_carea' id='block_1_91' title="bbox 102 2290 1739 2333">
    <p class='ocr_par' dir='ltr' id='par_1_91' title="bbox 102 2290 1739 2333">
     <span class='ocr_line' id='line_1_91' title="bbox 102 2290 1739 2333; baseline -0.004 -12"><span class='ocrx_word' id='word_1_650' title='bbox 102 2295 132 2321; x_wconf 93' lang='lat' dir='ltr'><strong>in</strong></span> <span class='ocrx_word' id='word_1_651' title='bbox 149 2293 351 2328; x_wconf 87' lang='lat' dir='ltr'><strong>sapientissima</strong></span> <span class='ocrx_word' id='word_1_652' title='bbox 376 2302 424 2320; x_wconf 87' lang='lat' dir='ltr'><strong>sua</strong></span> <span class='ocrx_word' id='word_1_653' title='bbox 453 2293 612 2328; x_wconf 79' lang='lat' dir='ltr'><strong>Theologia,</strong></span> <span class='ocrx_word' id='word_1_654' title='bbox 624 2294 697 2329; x_wconf 88' lang='lat' dir='ltr'><strong>quod</strong></span> <span class='ocrx_word' id='word_1_655' title='bbox 721 2295 793 2322; x_wconf 90' lang='lat' dir='ltr'><strong>Deus</strong></span> <span class='ocrx_word' id='word_1_656' title='bbox 803 2295 896 2324; x_wconf 64' lang='lat' dir='ltr'><strong>Graece</strong></span> <span class='ocrx_word' id='word_1_657' title='bbox 913 2306 934 2333; x_wconf 80' lang='grc' dir='ltr'>υ</span> <span class='ocrx_word' id='word_1_658' title='bbox 950 2295 1090 2330; x_wconf 85' lang='lat' dir='ltr'><strong>Scriptura</strong></span> <span class='ocrx_word' id='word_1_659' title='bbox 1108 2294 1200 2321; x_wconf 86' lang='lat' dir='ltr'><strong>divina</strong></span> <span class='ocrx_word' id='word_1_660' title='bbox 1221 2292 1392 2323; x_wconf 88' lang='lat' dir='ltr'><strong>Creatorem,</strong></span> <span class='ocrx_word' id='word_1_661' title='bbox 1406 2291 1557 2325; x_wconf 87' lang='lat' dir='ltr'><strong>simplicem</strong></span> <span class='ocrx_word' id='word_1_662' title='bbox 1573 2298 1682 2324; x_wconf 89' lang='lat' dir='ltr'><strong>quoque</strong></span> <span class='ocrx_word' id='word_1_663' title='bbox 1697 2290 1739 2316; x_wconf 87' lang='lat' dir='ltr'><strong>in-</strong></span> 
     </span>
    </p>
   </div>
   <div class='ocr_carea' id='block_1_92' title="bbox 101 2338 900 2374">
    <p class='ocr_par' dir='ltr' id='par_1_92' title="bbox 101 2338 900 2374">
     <span class='ocr_line' id='line_1_92' title="bbox 101 2338 900 2374; baseline 0.003 -7"><span class='ocrx_word' id='word_1_664' title='bbox 101 2340 208 2367; x_wconf 89' lang='lat' dir='ltr'><strong>dicitur</strong></span> <span class='ocrx_word' id='word_1_665' title='bbox 220 2339 296 2370; x_wconf 76' lang='grc' dir='ltr'>Θεὸς,</span> <span class='ocrx_word' id='word_1_666' title='bbox 311 2347 344 2365; x_wconf 78' lang='lat' dir='ltr'><strong>ex</strong></span> <span class='ocrx_word' id='word_1_667' title='bbox 362 2346 396 2366; x_wconf 91' lang='lat' dir='ltr'><strong>eo</strong></span> <span class='ocrx_word' id='word_1_668' title='bbox 411 2338 483 2373; x_wconf 89' lang='lat' dir='ltr'><strong>quod</strong></span> <span class='ocrx_word' id='word_1_669' title='bbox 497 2339 589 2365; x_wconf 84' lang='lat' dir='ltr'><strong>omnia</strong></span> <span class='ocrx_word' id='word_1_670' title='bbox 602 2339 709 2374; x_wconf 81' lang='grc' dir='ltr'><strong>οεώρει,</strong></span> <span class='ocrx_word' id='word_1_671' title='bbox 729 2340 755 2367; x_wconf 92' lang='lat' dir='ltr'><strong>id</strong></span> <span class='ocrx_word' id='word_1_672' title='bbox 768 2346 810 2368; x_wconf 87' lang='lat' dir='ltr'><strong>est</strong></span> <span class='ocrx_word' id='word_1_673' title='bbox 835 2350 900 2369; x_wconf 91' lang='lat' dir='ltr'><strong>con-</strong></span> 
     </span>
    </p>
   </div>
   <div class='ocr_carea' id='block_1_93' title="bbox 101 2385 898 2422">
    <p class='ocr_par' dir='ltr' id='par_1_93' title="bbox 101 2385 898 2422">
     <span class='ocr_line' id='line_1_93' title="bbox 101 2385 898 2422; baseline 0.001 -9"><span class='ocrx_word' id='word_1_674' title='bbox 101 2386 256 2420; x_wconf 89' lang='lat' dir='ltr'><strong>templatur</strong></span> <span class='ocrx_word' id='word_1_675' title='bbox 269 2389 297 2412; x_wconf 91' lang='lat' dir='ltr'><strong>et</strong></span> <span class='ocrx_word' id='word_1_676' title='bbox 312 2385 427 2419; x_wconf 86' lang='lat' dir='ltr'><strong>aspicit:</strong></span> <span class='ocrx_word' id='word_1_677' title='bbox 445 2385 578 2412; x_wconf 83' lang='lat' dir='ltr'><strong>Dominus</strong></span> <span class='ocrx_word' id='word_1_678' title='bbox 592 2389 696 2417; x_wconf 81' lang='lat' dir='ltr'><strong>autem.</strong></span> <span class='ocrx_word' id='word_1_679' title='bbox 725 2395 823 2422; x_wconf 87' lang='lat' dir='ltr'><strong>nempe</strong></span> <span class='ocrx_word' id='word_1_680' title='bbox 842 2388 898 2414; x_wconf 79' lang='grc' dir='ltr'><strong>Κύ-</strong></span> 
     </span>
    </p>
   </div>
   <div class='ocr_carea' id='block_1_94' title="bbox 102 2430 900 2468">
    <p class='ocr_par' dir='ltr' id='par_1_94' title="bbox 102 2430 900 2468">
     <span class='ocr_line' id='line_1_94' title="bbox 102 2430 900 2468; baseline 0.006 -12"><span class='ocrx_word' id='word_1_681' title='bbox 102 2441 174 2468; x_wconf 79' lang='grc' dir='ltr'>ριος,</span> <span class='ocrx_word' id='word_1_682' title='bbox 192 2440 224 2458; x_wconf 78' lang='lat' dir='ltr'><strong>ex</strong></span> <span class='ocrx_word' id='word_1_683' title='bbox 239 2439 273 2458; x_wconf 90' lang='lat' dir='ltr'><strong>co</strong></span> <span class='ocrx_word' id='word_1_684' title='bbox 288 2430 361 2466; x_wconf 90' lang='lat' dir='ltr'><strong>quod</strong></span> <span class='ocrx_word' id='word_1_685' title='bbox 381 2432 521 2465; x_wconf 76' lang='grc' dir='ltr'><strong>κυριεύει,</strong></span> <span class='ocrx_word' id='word_1_686' title='bbox 537 2430 564 2457; x_wconf 88' lang='lat' dir='ltr'><strong>id</strong></span> <span class='ocrx_word' id='word_1_687' title='bbox 578 2435 620 2457; x_wconf 85' lang='lat' dir='ltr'><strong>est</strong></span> <span class='ocrx_word' id='word_1_688' title='bbox 642 2431 774 2458; x_wconf 81' lang='lat' dir='ltr'><strong>ditionem</strong></span> <span class='ocrx_word' id='word_1_689' title='bbox 801 2433 900 2461; x_wconf 77' lang='lat' dir='ltr'><strong>habeat</strong></span> 
     </span>
    </p>
   </div>
   <div class='ocr_carea' id='block_1_95' title="bbox 102 2476 898 2512">
    <p class='ocr_par' dir='ltr' id='par_1_95' title="bbox 102 2476 898 2512">
     <span class='ocr_line' id='line_1_95' title="bbox 102 2476 898 2512; baseline 0.003 -7"><span class='ocrx_word' id='word_1_690' title='bbox 102 2486 137 2505; x_wconf 89' lang='lat' dir='ltr'><strong>ac</strong></span> <span class='ocrx_word' id='word_1_691' title='bbox 159 2478 329 2504; x_wconf 86' lang='lat' dir='ltr'><strong>dominetur.</strong></span> <span class='ocrx_word' id='word_1_692' title='bbox 358 2476 461 2511; x_wconf 75' lang='grc' dir='ltr'><strong>Κύριος</strong></span> <span class='ocrx_word' id='word_1_693' title='bbox 488 2477 562 2503; x_wconf 85' lang='lat' dir='ltr'><strong>enim</strong></span> <span class='ocrx_word' id='word_1_694' title='bbox 586 2477 689 2503; x_wconf 84' lang='lat' dir='ltr'><strong>dicitur</strong></span> <span class='ocrx_word' id='word_1_695' title='bbox 716 2479 840 2512; x_wconf 85' lang='lat' dir='ltr'><strong>potentia</strong></span> <span class='ocrx_word' id='word_1_696' title='bbox 866 2487 898 2507; x_wconf 85' lang='lat' dir='ltr'><strong>ac</strong></span> 
     </span>
    </p>
   </div>
   <div class='ocr_carea' id='block_1_96' title="bbox 101 2522 898 2557">
    <p class='ocr_par' dir='ltr' id='par_1_96' title="bbox 101 2522 898 2557">
     <span class='ocr_line' id='line_1_96' title="bbox 101 2522 898 2557; baseline 0 -6"><span class='ocrx_word' id='word_1_697' title='bbox 101 2523 278 2551; x_wconf 88' lang='lat' dir='ltr'><strong>dominatio:</strong></span> <span class='ocrx_word' id='word_1_698' title='bbox 297 2523 399 2556; x_wconf 77' lang='grc' dir='ltr'><strong>ἄκυρον</strong></span> <span class='ocrx_word' id='word_1_699' title='bbox 425 2522 530 2548; x_wconf 88' lang='lat' dir='ltr'><strong>dicitur</strong></span> <span class='ocrx_word' id='word_1_700' title='bbox 557 2522 630 2557; x_wconf 88' lang='lat' dir='ltr'><strong>quod</strong></span> <span class='ocrx_word' id='word_1_701' title='bbox 659 2528 700 2550; x_wconf 80' lang='lat' dir='ltr'><strong>est</strong></span> <span class='ocrx_word' id='word_1_702' title='bbox 726 2524 845 2551; x_wconf 88' lang='lat' dir='ltr'><strong>otiosum</strong></span> <span class='ocrx_word' id='word_1_703' title='bbox 870 2529 898 2552; x_wconf 84' lang='lat' dir='ltr'><strong>et</strong></span> 
     </span>
    </p>
   </div>
   <div class='ocr_carea' id='block_1_97' title="bbox 101 2569 898 2603">
    <p class='ocr_par' dir='ltr' id='par_1_97' title="bbox 101 2569 898 2603">
     <span class='ocr_line' id='line_1_97' title="bbox 101 2569 898 2603; baseline 0 -5"><span class='ocrx_word' id='word_1_704' title='bbox 101 2579 162 2598; x_wconf 89' lang='lat' dir='ltr'><strong>non</strong></span> <span class='ocrx_word' id='word_1_705' title='bbox 186 2570 270 2597; x_wconf 81' lang='lat' dir='ltr'><strong>habet</strong></span> <span class='ocrx_word' id='word_1_706' title='bbox 296 2569 383 2596; x_wconf 85' lang='lat' dir='ltr'><strong>robur</strong></span> <span class='ocrx_word' id='word_1_707' title='bbox 402 2577 433 2596; x_wconf 85' lang='lat' dir='ltr'><strong>ac</strong></span> <span class='ocrx_word' id='word_1_708' title='bbox 456 2573 633 2603; x_wconf 78' lang='lat' dir='ltr'><strong>potestatem,</strong></span> <span class='ocrx_word' id='word_1_709' title='bbox 659 2569 706 2596; x_wconf 84' lang='lat' dir='ltr'><strong>sed</strong></span> <span class='ocrx_word' id='word_1_710' title='bbox 734 2579 851 2597; x_wconf 90' lang='lat' dir='ltr'><strong>vacuum</strong></span> <span class='ocrx_word' id='word_1_711' title='bbox 870 2575 898 2598; x_wconf 90' lang='lat' dir='ltr'><strong>et</strong></span> 
     </span>
    </p>
   </div>
   <div class='ocr_carea' id='block_1_98' title="bbox 103 2615 344 2643">
    <p class='ocr_par' dir='ltr' id='par_1_98' title="bbox 103 2615 344 2643">
     <span class='ocr_line' id='line_1_98' title="bbox 103 2615 344 2643; baseline -0.004 0"><span class='ocrx_word' id='word_1_712' title='bbox 103 2618 190 2643; x_wconf 88' lang='lat' dir='ltr'><strong>inane</strong></span> <span class='ocrx_word' id='word_1_713' title='bbox 208 2615 344 2643; x_wconf 87' lang='lat' dir='ltr'><strong>redditur.</strong></span> 
     </span>
    </p>
   </div>
   <div class='ocr_carea' id='block_1_99' title="bbox 141 2661 896 2696">
    <p class='ocr_par' dir='ltr' id='par_1_99' title="bbox 141 2661 896 2696">
     <span class='ocr_line' id='line_1_99' title="bbox 141 2661 896 2696; baseline 0.004 -8"><span class='ocrx_word' id='word_1_714' title='bbox 141 2662 228 2689; x_wconf 77' lang='lat' dir='ltr'><strong>Recte</strong></span> <span class='ocrx_word' id='word_1_715' title='bbox 249 2670 316 2696; x_wconf 76' lang='lat' dir='ltr'><strong>ergo</strong></span> <span class='ocrx_word' id='word_1_716' title='bbox 334 2667 452 2696; x_wconf 85' lang='lat' dir='ltr'><strong>apteque</strong></span> <span class='ocrx_word' id='word_1_717' title='bbox 468 2667 497 2689; x_wconf 88' lang='lat' dir='ltr'><strong>et</strong></span> <span class='ocrx_word' id='word_1_718' title='bbox 509 2661 720 2692; x_wconf 82' lang='lat' dir='ltr'><strong>convenienter,</strong></span> <span class='ocrx_word' id='word_1_719' title='bbox 739 2662 766 2689; x_wconf 89' lang='lat' dir='ltr'><strong>in</strong></span> <span class='ocrx_word' id='word_1_720' title='bbox 782 2671 833 2690; x_wconf 83' lang='lat' dir='ltr'><strong>suo</strong></span> <span class='ocrx_word' id='word_1_721' title='bbox 846 2663 896 2690; x_wconf 88' lang='lat' dir='ltr'><strong>ad-</strong></span> 
     </span>
    </p>
   </div>
   <div class='ocr_carea' id='block_1_100' title="bbox 103 2707 898 2743">
    <p class='ocr_par' dir='ltr' id='par_1_100' title="bbox 103 2707 898 2743">
     <span class='ocr_line' id='line_1_100' title="bbox 103 2707 898 2743; baseline 0.003 -9"><span class='ocrx_word' id='word_1_722' title='bbox 103 2713 192 2735; x_wconf 83' lang='lat' dir='ltr'><strong>ventu</strong></span> <span class='ocrx_word' id='word_1_723' title='bbox 217 2707 252 2734; x_wconf 87' lang='lat' dir='ltr'><strong>ad</strong></span> <span class='ocrx_word' id='word_1_724' title='bbox 271 2707 399 2734; x_wconf 88' lang='lat' dir='ltr'><strong>homines</strong></span> <span class='ocrx_word' id='word_1_725' title='bbox 420 2707 531 2742; x_wconf 90' lang='lat' dir='ltr'><strong>quando</strong></span> <span class='ocrx_word' id='word_1_726' title='bbox 554 2715 666 2734; x_wconf 84' lang='lat' dir='ltr'><strong>carnem</strong></span> <span class='ocrx_word' id='word_1_727' title='bbox 691 2708 813 2743; x_wconf 82' lang='lat' dir='ltr'><strong>suscepit</strong></span> <span class='ocrx_word' id='word_1_728' title='bbox 828 2713 856 2736; x_wconf 88' lang='lat' dir='ltr'><strong>et</strong></span> <span class='ocrx_word' id='word_1_729' title='bbox 871 2710 898 2736; x_wconf 94' lang='lat' dir='ltr'><strong>in</strong></span> 
     </span>
    </p>
   </div>
   <div class='ocr_carea' id='block_1_101' title="bbox 104 2754 899 2790">
    <p class='ocr_par' dir='ltr' id='par_1_101' title="bbox 104 2754 899 2790">
     <span class='ocr_line' id='line_1_101' title="bbox 104 2754 899 2790; baseline 0.001 -9"><span class='ocrx_word' id='word_1_730' title='bbox 104 2760 182 2782; x_wconf 86' lang='lat' dir='ltr'><strong>terra</strong></span> <span class='ocrx_word' id='word_1_731' title='bbox 200 2754 276 2781; x_wconf 85' lang='lat' dir='ltr'><strong>visus</strong></span> <span class='ocrx_word' id='word_1_732' title='bbox 293 2757 335 2781; x_wconf 90' lang='lat' dir='ltr'><strong>est</strong></span> <span class='ocrx_word' id='word_1_733' title='bbox 360 2754 433 2780; x_wconf 88' lang='lat' dir='ltr'><strong>Deus</strong></span> <span class='ocrx_word' id='word_1_734' title='bbox 456 2754 590 2786; x_wconf 82' lang='lat' dir='ltr'><strong>Verbum,</strong></span> <span class='ocrx_word' id='word_1_735' title='bbox 616 2758 682 2781; x_wconf 91' lang='lat' dir='ltr'><strong>tunc</strong></span> <span class='ocrx_word' id='word_1_736' title='bbox 702 2755 789 2782; x_wconf 89' lang='lat' dir='ltr'><strong>etiam</strong></span> <span class='ocrx_word' id='word_1_737' title='bbox 807 2755 899 2790; x_wconf 86' lang='lat' dir='ltr'><strong>appel-</strong></span> 
     </span>
    </p>
   </div>
   <div class='ocr_carea' id='block_1_102' title="bbox 103 2799 882 2835">
    <p class='ocr_par' dir='ltr' id='par_1_102' title="bbox 103 2799 882 2835">
     <span class='ocr_line' id='line_1_102' title="bbox 103 2799 882 2835; baseline 0 -7"><span class='ocrx_word' id='word_1_738' title='bbox 103 2803 182 2829; x_wconf 69' lang='lat' dir='ltr'><strong>latus</strong></span> <span class='ocrx_word' id='word_1_739' title='bbox 198 2805 241 2827; x_wconf 82' lang='lat' dir='ltr'><strong>est</strong></span> <span class='ocrx_word' id='word_1_740' title='bbox 255 2799 390 2828; x_wconf 86' lang='lat' dir='ltr'><strong>Dominus</strong></span> <span class='ocrx_word' id='word_1_741' title='bbox 406 2809 412 2826; x_wconf 92' lang='lat'>:</span> <span class='ocrx_word' id='word_1_742' title='bbox 431 2808 494 2826; x_wconf 86' lang='lat' dir='ltr'><strong>nam</strong></span> <span class='ocrx_word' id='word_1_743' title='bbox 512 2805 592 2827; x_wconf 84' lang='lat' dir='ltr'><strong>antea</strong></span> <span class='ocrx_word' id='word_1_744' title='bbox 609 2799 721 2835; x_wconf 91' lang='lat' dir='ltr'><strong>quidem</strong></span> <span class='ocrx_word' id='word_1_745' title='bbox 736 2801 882 2828; x_wconf 87' lang='lat' dir='ltr'><strong>nominaha</strong></span> 
     </span>
    </p>
   </div>
   <div class='ocr_carea' id='block_1_103' title="bbox 105 2846 896 2882">
    <p class='ocr_par' dir='ltr' id='par_1_103' title="bbox 105 2846 896 2882">
     <span class='ocr_line' id='line_1_103' title="bbox 105 2846 896 2882; baseline 0 -8"><span class='ocrx_word' id='word_1_746' title='bbox 105 2851 157 2874; x_wconf 74' lang='lat' dir='ltr'><strong>ter</strong></span> <span class='ocrx_word' id='word_1_747' title='bbox 176 2846 242 2878; x_wconf 71' lang='grc' dir='ltr'><strong>Θεὸς</strong></span> <span class='ocrx_word' id='word_1_748' title='bbox 257 2867 263 2878; x_wconf 81' lang='grc'><em>,</em></span> <span class='ocrx_word' id='word_1_749' title='bbox 283 2851 312 2873; x_wconf 80' lang='grc' dir='ltr'><strong>ιιι</strong></span> <span class='ocrx_word' id='word_1_750' title='bbox 333 2846 380 2880; x_wconf 90' lang='lat' dir='ltr'><strong>qui</strong></span> <span class='ocrx_word' id='word_1_751' title='bbox 403 2851 475 2873; x_wconf 85' lang='lat' dir='ltr'><strong>esset</strong></span> <span class='ocrx_word' id='word_1_752' title='bbox 500 2847 594 2873; x_wconf 88' lang='lat' dir='ltr'><strong>mundi</strong></span> <span class='ocrx_word' id='word_1_753' title='bbox 612 2847 752 2882; x_wconf 75' lang='grc' dir='ltr'><strong>θεωρητὴς</strong></span> <span class='ocrx_word' id='word_1_754' title='bbox 767 2868 774 2879; x_wconf 87' lang='grc'>,</span> <span class='ocrx_word' id='word_1_755' title='bbox 794 2847 820 2874; x_wconf 87' lang='lat' dir='ltr'><strong>id</strong></span> <span class='ocrx_word' id='word_1_756' title='bbox 845 2852 896 2879; x_wconf 79' lang='lat' dir='ltr'><strong>est,</strong></span> 
     </span>
    </p>
   </div>
   <div class='ocr_carea' id='block_1_104' title="bbox 158 2902 430 2934">
    <p class='ocr_par' dir='ltr' id='par_1_104' title="bbox 158 2902 430 2934">
     <span class='ocr_line' id='line_1_104' title="bbox 158 2902 430 2934; baseline 0.004 -5"><span class='ocrx_word' id='word_1_757' title='bbox 158 2902 181 2918; x_wconf 85' lang='lat'>&quot;</span> <span class='ocrx_word' id='word_1_758' title='bbox 201 2903 272 2930; x_wconf 76' lang='lat' dir='ltr'><strong>Psal.</strong></span> <span class='ocrx_word' id='word_1_759' title='bbox 291 2911 371 2934; x_wconf 75' lang='lat' dir='ltr'><strong>cxvn,</strong></span> <span class='ocrx_word' id='word_1_760' title='bbox 384 2903 430 2930; x_wconf 66' lang='grc' dir='ltr'><strong>ΞΠ.</strong></span> 
     </span>
    </p>
   </div>
   <div class='ocr_carea' id='block_1_105' title="bbox 104 2938 354 2970">
    <p class='ocr_par' dir='ltr' id='par_1_105' title="bbox 104 2938 354 2970">
     <span class='ocr_line' id='line_1_105' title="bbox 104 2938 354 2970; baseline -0.008 -4"><span class='ocrx_word' id='word_1_761' title='bbox 104 2940 128 2954; x_wconf 88' lang='lat'><strong>&quot;</strong></span> <span class='ocrx_word' id='word_1_762' title='bbox 161 2938 304 2970; x_wconf 77' lang='lat' dir='ltr'><strong>Psal.\rrr,</strong></span> <span class='ocrx_word' id='word_1_763' title='bbox 332 2939 354 2964; x_wconf 84' lang='lat' dir='ltr'><strong>i.</strong></span> 
     </span>
    </p>
   </div>
   <div class='ocr_carea' id='block_1_106' title="bbox 468 2903 690 2936">
    <p class='ocr_par' dir='ltr' id='par_1_106' title="bbox 468 2903 690 2936">
     <span class='ocr_line' id='line_1_106' title="bbox 468 2903 690 2936; baseline 0.005 -7"><span class='ocrx_word' id='word_1_764' title='bbox 468 2903 490 2918; x_wconf 72' lang='lat'><strong>&quot;‘</strong></span> <span class='ocrx_word' id='word_1_765' title='bbox 503 2903 573 2929; x_wconf 86' lang='lat' dir='ltr'><strong>Psal.</strong></span> <span class='ocrx_word' id='word_1_766' title='bbox 592 2911 645 2936; x_wconf 75' lang='lat' dir='ltr'><strong>crx,</strong></span> <span class='ocrx_word' id='word_1_767' title='bbox 667 2904 690 2930; x_wconf 79' lang='grc' dir='ltr'>Ι.</span> 
     </span>
    </p>
   </div>
   <div class='ocr_carea' id='block_1_107' title="bbox 393 2938 836 2970">
    <p class='ocr_par' dir='ltr' id='par_1_107' title="bbox 393 2938 836 2970">
     <span class='ocr_line' id='line_1_107' title="bbox 393 2938 836 2970; baseline 0.005 -7"><span class='ocrx_word' id='word_1_768' title='bbox 393 2939 413 2952; x_wconf 61' lang='lat'><strong>“3</strong></span> <span class='ocrx_word' id='word_1_769' title='bbox 436 2938 505 2965; x_wconf 70' lang='lat' dir='ltr'><strong>Psal.</strong></span> <span class='ocrx_word' id='word_1_770' title='bbox 529 2946 591 2970; x_wconf 68' lang='lat' dir='ltr'><strong>iiut,</strong></span> <span class='ocrx_word' id='word_1_771' title='bbox 614 2939 638 2967; x_wconf 75' lang='lat'><strong>3.</strong></span> <span class='ocrx_word' id='word_1_772' title='bbox 679 2939 701 2953; x_wconf 78' lang='lat'><strong>’”</strong></span> <span class='ocrx_word' id='word_1_773' title='bbox 723 2939 788 2965; x_wconf 76' lang='lat' dir='ltr'><strong>ilvirl.</strong></span> <span class='ocrx_word' id='word_1_774' title='bbox 818 2940 836 2965; x_wconf 78' lang='grc' dir='ltr'>ί.</span> 
     </span>
    </p>
   </div>
   <div class='ocr_carea' id='block_1_108' title="bbox 746 2904 947 2932">
    <p class='ocr_par' dir='ltr' id='par_1_108' title="bbox 746 2904 947 2932">
     <span class='ocr_line' id='line_1_108' title="bbox 746 2904 947 2932; baseline 0.01 -2"><span class='ocrx_word' id='word_1_775' title='bbox 746 2904 766 2918; x_wconf 83' lang='grc'><strong>⁷⁷</strong></span> <span class='ocrx_word' id='word_1_776' title='bbox 784 2904 850 2930; x_wconf 80' lang='lat' dir='ltr'><strong>Luc.</strong></span> <span class='ocrx_word' id='word_1_777' title='bbox 873 2914 891 2932; x_wconf 87' lang='lat' dir='ltr'><strong>r.</strong></span> <span class='ocrx_word' id='word_1_778' title='bbox 904 2905 947 2932; x_wconf 61' lang='lat'><strong>9.9.</strong></span> 
     </span>
    </p>
   </div>
   <div class='ocr_carea' id='block_1_109' title="bbox 876 2938 1144 2972">
    <p class='ocr_par' dir='ltr' id='par_1_109' title="bbox 876 2938 1144 2972">
     <span class='ocr_line' id='line_1_109' title="bbox 876 2938 1144 2972; baseline -0.019 -3"><span class='ocrx_word' id='word_1_779' title='bbox 876 2941 896 2955; x_wconf 61' lang='grc'><strong>⁸³</strong></span> <span class='ocrx_word' id='word_1_780' title='bbox 921 2941 991 2968; x_wconf 78' lang='lat' dir='ltr'><strong>l&#39;sal.</strong></span> <span class='ocrx_word' id='word_1_781' title='bbox 1019 2946 1097 2972; x_wconf 66' lang='lat' dir='ltr'><strong>xcxn,</strong></span> <span class='ocrx_word' id='word_1_782' title='bbox 1122 2938 1144 2964; x_wconf 86' lang='lat' dir='ltr'><strong>i.</strong></span> 
     </span>
    </p>
   </div>
   <div class='ocr_carea' id='block_1_110' title="bbox 947 2335 1735 2375">
    <p class='ocr_par' dir='ltr' id='par_1_110' title="bbox 947 2335 1735 2375">
     <span class='ocr_line' id='line_1_110' title="bbox 947 2335 1735 2375; baseline -0.01 -6"><span class='ocrx_word' id='word_1_783' title='bbox 947 2341 1127 2375; x_wconf 87' lang='lat' dir='ltr'><strong>compositam</strong></span> <span class='ocrx_word' id='word_1_784' title='bbox 1154 2343 1343 2367; x_wconf 87' lang='lat' dir='ltr'><strong>creaturarum</strong></span> <span class='ocrx_word' id='word_1_785' title='bbox 1377 2337 1495 2364; x_wconf 77' lang='lat' dir='ltr'><strong>faciebat</strong></span> <span class='ocrx_word' id='word_1_786' title='bbox 1525 2335 1735 2363; x_wconf 83' lang='lat' dir='ltr'><strong>narrationem:</strong></span> 
     </span>
    </p>
   </div>
   <div class='ocr_carea' id='block_1_111' title="bbox 945 2379 1737 2422">
    <p class='ocr_par' dir='ltr' id='par_1_111' title="bbox 945 2379 1737 2422">
     <span class='ocr_line' id='line_1_111' title="bbox 945 2379 1737 2422; baseline -0.011 -9"><span class='ocrx_word' id='word_1_787' title='bbox 945 2391 1090 2422; x_wconf 86' lang='lat' dir='ltr'><strong>postquam</strong></span> <span class='ocrx_word' id='word_1_788' title='bbox 1101 2389 1194 2412; x_wconf 89' lang='lat' dir='ltr'><strong>autem</strong></span> <span class='ocrx_word' id='word_1_789' title='bbox 1213 2391 1312 2410; x_wconf 87' lang='lat' dir='ltr'><strong>nomen</strong></span> <span class='ocrx_word' id='word_1_790' title='bbox 1324 2381 1475 2417; x_wconf 84' lang='lat' dir='ltr'><strong>duplicavit</strong></span> <span class='ocrx_word' id='word_1_791' title='bbox 1493 2379 1624 2415; x_wconf 79' lang='lat' dir='ltr'><strong>Opilicis,</strong></span> <span class='ocrx_word' id='word_1_792' title='bbox 1646 2379 1737 2406; x_wconf 84' lang='lat' dir='ltr'><strong>statim</strong></span> 
     </span>
    </p>
   </div>
   <div class='ocr_carea' id='block_1_112' title="bbox 946 2425 1735 2466">
    <p class='ocr_par' dir='ltr' id='par_1_112' title="bbox 946 2425 1735 2466">
     <span class='ocr_line' id='line_1_112' title="bbox 946 2425 1735 2466; baseline -0.011 -7"><span class='ocrx_word' id='word_1_793' title='bbox 946 2433 974 2459; x_wconf 92' lang='lat' dir='ltr'><strong>in</strong></span> <span class='ocrx_word' id='word_1_794' title='bbox 999 2431 1164 2466; x_wconf 83' lang='lat' dir='ltr'><strong>repetitione</strong></span> <span class='ocrx_word' id='word_1_795' title='bbox 1188 2428 1392 2464; x_wconf 89' lang='lat' dir='ltr'><strong>conduplicavit</strong></span> <span class='ocrx_word' id='word_1_796' title='bbox 1410 2427 1493 2454; x_wconf 88' lang='lat' dir='ltr'><strong>etiam</strong></span> <span class='ocrx_word' id='word_1_797' title='bbox 1510 2426 1580 2452; x_wconf 79' lang='lat' dir='ltr'><strong>facta</strong></span> <span class='ocrx_word' id='word_1_798' title='bbox 1595 2433 1688 2459; x_wconf 86' lang='lat' dir='ltr'><strong>opera,</strong></span> <span class='ocrx_word' id='word_1_799' title='bbox 1707 2425 1735 2451; x_wconf 90' lang='lat' dir='ltr'><strong>in</strong></span> 
     </span>
    </p>
   </div>
   <div class='ocr_carea' id='block_1_113' title="bbox 946 2473 1738 2512">
    <p class='ocr_par' dir='ltr' id='par_1_113' title="bbox 946 2473 1738 2512">
     <span class='ocr_line' id='line_1_113' title="bbox 946 2473 1738 2512; baseline -0.013 -6"><span class='ocrx_word' id='word_1_800' title='bbox 946 2478 987 2506; x_wconf 87' lang='lat' dir='ltr'><strong>eis</strong></span> <span class='ocrx_word' id='word_1_801' title='bbox 1014 2486 1067 2505; x_wconf 88' lang='lat' dir='ltr'><strong>non</strong></span> <span class='ocrx_word' id='word_1_802' title='bbox 1094 2483 1181 2512; x_wconf 87' lang='lat' dir='ltr'><strong>pauca</strong></span> <span class='ocrx_word' id='word_1_803' title='bbox 1205 2475 1309 2502; x_wconf 77' lang='lat' dir='ltr'><strong>faciens</strong></span> <span class='ocrx_word' id='word_1_804' title='bbox 1335 2473 1540 2504; x_wconf 85' lang='lat' dir='ltr'><strong>additamenta;</strong></span> <span class='ocrx_word' id='word_1_805' title='bbox 1571 2478 1620 2497; x_wconf 90' lang='lat' dir='ltr'><strong>nos</strong></span> <span class='ocrx_word' id='word_1_806' title='bbox 1644 2474 1738 2505; x_wconf 87' lang='lat' dir='ltr'><strong>aperte</strong></span> 
     </span>
    </p>
   </div>
   <div class='ocr_carea' id='block_1_114' title="bbox 946 2518 1739 2558">
    <p class='ocr_par' dir='ltr' id='par_1_114' title="bbox 946 2518 1739 2558">
     <span class='ocr_line' id='line_1_114' title="bbox 946 2518 1739 2558; baseline -0.013 -6"><span class='ocrx_word' id='word_1_807' title='bbox 946 2525 1050 2552; x_wconf 88' lang='lat' dir='ltr'><strong>docens</strong></span> <span class='ocrx_word' id='word_1_808' title='bbox 1070 2522 1229 2558; x_wconf 75' lang='lat' dir='ltr'><strong>mysterium</strong></span> <span class='ocrx_word' id='word_1_809' title='bbox 1257 2528 1333 2547; x_wconf 69' lang='lat' dir='ltr'><strong>novae</strong></span> <span class='ocrx_word' id='word_1_810' title='bbox 1360 2519 1387 2546; x_wconf 93' lang='lat' dir='ltr'><strong>in</strong></span> <span class='ocrx_word' id='word_1_811' title='bbox 1414 2518 1525 2546; x_wconf 88' lang='lat' dir='ltr'><strong>Christo</strong></span> <span class='ocrx_word' id='word_1_812' title='bbox 1552 2521 1689 2544; x_wconf 77' lang='lat' dir='ltr'><strong>creatura:</strong></span> <span class='ocrx_word' id='word_1_813' title='bbox 1711 2520 1739 2543; x_wconf 90' lang='lat' dir='ltr'><strong>ct</strong></span> 
     </span>
    </p>
   </div>
   <div class='ocr_carea' id='block_1_115' title="bbox 946 2563 1740 2599">
    <p class='ocr_par' dir='ltr' id='par_1_115' title="bbox 946 2563 1740 2599">
     <span class='ocr_line' id='line_1_115' title="bbox 946 2563 1740 2599; baseline -0.013 -1"><span class='ocrx_word' id='word_1_814' title='bbox 946 2569 1088 2598; x_wconf 64' lang='lat' dir='ltr'><strong>Ecclesire.</strong></span> <span class='ocrx_word' id='word_1_815' title='bbox 1111 2569 1171 2596; x_wconf 86' lang='lat' dir='ltr'><strong>Non</strong></span> <span class='ocrx_word' id='word_1_816' title='bbox 1197 2568 1286 2594; x_wconf 80' lang='lat' dir='ltr'><strong>solum</strong></span> <span class='ocrx_word' id='word_1_817' title='bbox 1307 2566 1380 2593; x_wconf 78' lang='lat' dir='ltr'><strong>enim</strong></span> <span class='ocrx_word' id='word_1_818' title='bbox 1399 2572 1483 2599; x_wconf 90' lang='lat' dir='ltr'><strong>super</strong></span> <span class='ocrx_word' id='word_1_819' title='bbox 1494 2563 1602 2598; x_wconf 89' lang='lat' dir='ltr'><strong>priores</strong></span> <span class='ocrx_word' id='word_1_820' title='bbox 1624 2570 1679 2593; x_wconf 83' lang='lat' dir='ltr'><strong>res,</strong></span> <span class='ocrx_word' id='word_1_821' title='bbox 1697 2569 1740 2589; x_wconf 87' lang='lat' dir='ltr'><strong>se-</strong></span> 
     </span>
    </p>
   </div>
   <div class='ocr_carea' id='block_1_116' title="bbox 947 2609 1737 2650">
    <p class='ocr_par' dir='ltr' id='par_1_116' title="bbox 947 2609 1737 2650">
     <span class='ocr_line' id='line_1_116' title="bbox 947 2609 1737 2650; baseline -0.013 -6"><span class='ocrx_word' id='word_1_822' title='bbox 947 2616 1053 2644; x_wconf 90' lang='lat' dir='ltr'><strong>cundas</strong></span> <span class='ocrx_word' id='word_1_823' title='bbox 1073 2614 1249 2650; x_wconf 81' lang='lat' dir='ltr'><strong>multiplicat,</strong></span> <span class='ocrx_word' id='word_1_824' title='bbox 1269 2612 1316 2640; x_wconf 85' lang='lat' dir='ltr'><strong>sed</strong></span> <span class='ocrx_word' id='word_1_825' title='bbox 1342 2611 1425 2638; x_wconf 89' lang='lat' dir='ltr'><strong>etiam</strong></span> <span class='ocrx_word' id='word_1_826' title='bbox 1449 2617 1573 2644; x_wconf 86' lang='lat' dir='ltr'><strong>magnam</strong></span> <span class='ocrx_word' id='word_1_827' title='bbox 1589 2613 1617 2636; x_wconf 91' lang='lat' dir='ltr'><strong>et</strong></span> <span class='ocrx_word' id='word_1_828' title='bbox 1633 2609 1737 2635; x_wconf 92' lang='lat' dir='ltr'><strong>incom-</strong></span> 
     </span>
    </p>
   </div>
   <div class='ocr_carea' id='block_1_117' title="bbox 948 2655 1737 2698">
    <p class='ocr_par' dir='ltr' id='par_1_117' title="bbox 948 2655 1737 2698">
     <span class='ocr_line' id='line_1_117' title="bbox 948 2655 1737 2698; baseline -0.013 -8"><span class='ocrx_word' id='word_1_829' title='bbox 948 2662 1101 2698; x_wconf 85' lang='lat' dir='ltr'><strong>parabilem</strong></span> <span class='ocrx_word' id='word_1_830' title='bbox 1115 2661 1142 2688; x_wconf 90' lang='lat' dir='ltr'><strong>in</strong></span> <span class='ocrx_word' id='word_1_831' title='bbox 1156 2660 1276 2688; x_wconf 87' lang='lat' dir='ltr'><strong>secunda</strong></span> <span class='ocrx_word' id='word_1_832' title='bbox 1291 2658 1431 2686; x_wconf 85' lang='lat' dir='ltr'><strong>creatione</strong></span> <span class='ocrx_word' id='word_1_833' title='bbox 1449 2657 1530 2684; x_wconf 86' lang='lat' dir='ltr'><strong>nobis</strong></span> <span class='ocrx_word' id='word_1_834' title='bbox 1547 2655 1668 2684; x_wconf 88' lang='lat' dir='ltr'><strong>ostendit</strong></span> <span class='ocrx_word' id='word_1_835' title='bbox 1683 2655 1737 2682; x_wconf 54' lang='grc' dir='ltr'><strong>(ΗΓ.</strong></span> 
     </span>
    </p>
   </div>
   <div class='ocr_carea' id='block_1_118' title="bbox 948 2701 1738 2741">
    <p class='ocr_par' dir='ltr' id='par_1_118' title="bbox 948 2701 1738 2741">
     <span class='ocr_line' id='line_1_118' title="bbox 948 2701 1738 2741; baseline -0.011 -5"><span class='ocrx_word' id='word_1_836' title='bbox 948 2709 1104 2736; x_wconf 74' lang='lat' dir='ltr'><strong>ferentium.</strong></span> <span class='ocrx_word' id='word_1_837' title='bbox 1118 2708 1184 2735; x_wconf 81' lang='lat' dir='ltr'><strong>Nam</strong></span> <span class='ocrx_word' id='word_1_838' title='bbox 1202 2707 1228 2733; x_wconf 93' lang='lat' dir='ltr'><strong>in</strong></span> <span class='ocrx_word' id='word_1_839' title='bbox 1249 2705 1331 2741; x_wconf 87' lang='lat' dir='ltr'><strong>priori</strong></span> <span class='ocrx_word' id='word_1_840' title='bbox 1349 2704 1460 2739; x_wconf 88' lang='lat' dir='ltr'><strong>quidem</strong></span> <span class='ocrx_word' id='word_1_841' title='bbox 1482 2702 1641 2730; x_wconf 85' lang='lat' dir='ltr'><strong>narratione</strong></span> <span class='ocrx_word' id='word_1_842' title='bbox 1654 2701 1738 2728; x_wconf 82' lang='lat' dir='ltr'><strong>Crea-</strong></span> 
     </span>
    </p>
   </div>
   <div class='ocr_carea' id='block_1_119' title="bbox 949 2749 1737 2785">
    <p class='ocr_par' dir='ltr' id='par_1_119' title="bbox 949 2749 1737 2785">
     <span class='ocr_line' id='line_1_119' title="bbox 949 2749 1737 2785; baseline -0.011 -3"><span class='ocrx_word' id='word_1_843' title='bbox 949 2755 1043 2784; x_wconf 84' lang='lat' dir='ltr'><strong>tionis.</strong></span> <span class='ocrx_word' id='word_1_844' title='bbox 1063 2754 1130 2781; x_wconf 89' lang='lat' dir='ltr'><strong>dicit</strong></span> <span class='ocrx_word' id='word_1_845' title='bbox 1154 2753 1267 2780; x_wconf 86' lang='lat' dir='ltr'><strong>herbam</strong></span> <span class='ocrx_word' id='word_1_846' title='bbox 1287 2756 1315 2778; x_wconf 91' lang='lat' dir='ltr'><strong>et</strong></span> <span class='ocrx_word' id='word_1_847' title='bbox 1339 2751 1444 2785; x_wconf 84' lang='lat' dir='ltr'><strong>lignum</strong></span> <span class='ocrx_word' id='word_1_848' title='bbox 1460 2749 1620 2784; x_wconf 79' lang='lat' dir='ltr'><strong>frugiferum</strong></span> <span class='ocrx_word' id='word_1_849' title='bbox 1634 2755 1648 2774; x_wconf 75' lang='grc' dir='ltr'>ε</span> <span class='ocrx_word' id='word_1_850' title='bbox 1663 2753 1737 2774; x_wconf 76' lang='lat' dir='ltr'><strong>terra</strong></span> 
     </span>
    </p>
   </div>
   <div class='ocr_carea' id='block_1_120' title="bbox 949 2793 1739 2837">
    <p class='ocr_par' dir='ltr' id='par_1_120' title="bbox 949 2793 1739 2837">
     <span class='ocr_line' id='line_1_120' title="bbox 949 2793 1739 2837; baseline -0.014 -8"><span class='ocrx_word' id='word_1_851' title='bbox 949 2801 1119 2837; x_wconf 79' lang='lat' dir='ltr'><strong>germinassc</strong></span> <span class='ocrx_word' id='word_1_852' title='bbox 1137 2808 1143 2832; x_wconf 84' lang='lat'><strong>;</strong></span> <span class='ocrx_word' id='word_1_853' title='bbox 1158 2800 1184 2827; x_wconf 96' lang='lat' dir='ltr'><strong>in</strong></span> <span class='ocrx_word' id='word_1_854' title='bbox 1213 2798 1332 2826; x_wconf 85' lang='lat' dir='ltr'><strong>secunda</strong></span> <span class='ocrx_word' id='word_1_855' title='bbox 1352 2802 1444 2825; x_wconf 88' lang='lat' dir='ltr'><strong>autem</strong></span> <span class='ocrx_word' id='word_1_856' title='bbox 1470 2795 1546 2823; x_wconf 86' lang='lat' dir='ltr'><strong>brevi</strong></span> <span class='ocrx_word' id='word_1_857' title='bbox 1575 2793 1739 2828; x_wconf 80' lang='lat' dir='ltr'><strong>repetitione</strong></span> 
     </span>
    </p>
   </div>
   <div class='ocr_carea' id='block_1_121' title="bbox 950 2839 1736 2882">
    <p class='ocr_par' dir='ltr' id='par_1_121' title="bbox 950 2839 1736 2882">
     <span class='ocr_line' id='line_1_121' title="bbox 950 2839 1736 2882; baseline -0.013 -7"><span class='ocrx_word' id='word_1_858' title='bbox 950 2848 1019 2875; x_wconf 85' lang='lat' dir='ltr'><strong>dicit</strong></span> <span class='ocrx_word' id='word_1_859' title='bbox 1046 2846 1204 2882; x_wconf 80' lang='lat' dir='ltr'><strong>paradisum</strong></span> <span class='ocrx_word' id='word_1_860' title='bbox 1233 2844 1393 2871; x_wconf 77' lang='lat' dir='ltr'><strong>deliciarum</strong></span> <span class='ocrx_word' id='word_1_861' title='bbox 1417 2847 1536 2870; x_wconf 91' lang='lat' dir='ltr'><strong>etomne</strong></span> <span class='ocrx_word' id='word_1_862' title='bbox 1553 2841 1656 2876; x_wconf 82' lang='lat' dir='ltr'><strong>lignum</strong></span> <span class='ocrx_word' id='word_1_863' title='bbox 1675 2839 1736 2874; x_wconf 89' lang='lat' dir='ltr'><strong>pul-</strong></span> 
     </span>
    </p>
   </div>
   <div class='ocr_carea' id='block_1_122' title="bbox 999 2895 1738 2934">
    <p class='ocr_par' dir='ltr' id='par_1_122' title="bbox 999 2895 1738 2934">
     <span class='ocr_line' id='line_1_122' title="bbox 999 2895 1738 2934; baseline -0.008 -4"><span class='ocrx_word' id='word_1_864' title='bbox 999 2904 1021 2919; x_wconf 70' lang='grc' dir='ltr'><strong>τε</strong></span> <span class='ocrx_word' id='word_1_865' title='bbox 1037 2902 1102 2929; x_wconf 82' lang='lat' dir='ltr'><strong>Luc.</strong></span> <span class='ocrx_word' id='word_1_866' title='bbox 1125 2911 1152 2934; x_wconf 83' lang='grc' dir='ltr'>ιι,</span> <span class='ocrx_word' id='word_1_867' title='bbox 1171 2903 1211 2928; x_wconf 87' lang='grc' dir='ltr'>Η.</span> <span class='ocrx_word' id='word_1_868' title='bbox 1278 2901 1298 2915; x_wconf 81' lang='lat'><strong>&quot;&#39;-&#39;</strong></span> <span class='ocrx_word' id='word_1_869' title='bbox 1313 2900 1378 2926; x_wconf 72' lang='lat' dir='ltr'><strong>an.</strong></span> <span class='ocrx_word' id='word_1_870' title='bbox 1395 2899 1466 2931; x_wconf 57' lang='lat'><strong>1,45.</strong></span> <span class='ocrx_word' id='word_1_871' title='bbox 1523 2898 1544 2911; x_wconf 61' lang='grc'><strong>⁸⁸</strong></span> <span class='ocrx_word' id='word_1_872' title='bbox 1562 2897 1570 2924; x_wconf 91' lang='lat' dir='ltr'><strong>l</strong></span> <span class='ocrx_word' id='word_1_873' title='bbox 1585 2896 1646 2924; x_wconf 85' lang='lat' dir='ltr'><strong>Cor.</strong></span> <span class='ocrx_word' id='word_1_874' title='bbox 1667 2905 1695 2929; x_wconf 84' lang='grc' dir='ltr'>ιι,</span> <span class='ocrx_word' id='word_1_875' title='bbox 1711 2895 1738 2924; x_wconf 87' lang='grc'><strong>8.</strong></span> 
     </span>
    </p>
   </div>
   <div class='ocr_carea' id='block_1_123' title="bbox 1184 2935 1453 2967">
    <p class='ocr_par' dir='ltr' id='par_1_123' title="bbox 1184 2935 1453 2967">
     <span class='ocr_line' id='line_1_123' title="bbox 1184 2935 1453 2967; baseline -0.015 -3"><span class='ocrx_word' id='word_1_876' title='bbox 1184 2938 1204 2952; x_wconf 69' lang='grc'><strong>⁸⁵</strong></span> <span class='ocrx_word' id='word_1_877' title='bbox 1227 2937 1246 2964; x_wconf 88' lang='lat' dir='ltr'><strong>ll</strong></span> <span class='ocrx_word' id='word_1_878' title='bbox 1272 2936 1335 2962; x_wconf 65' lang='lat' dir='ltr'><strong>(lor.</strong></span> <span class='ocrx_word' id='word_1_879' title='bbox 1354 2943 1378 2967; x_wconf 88' lang='lat' dir='ltr'><strong>v,</strong></span> <span class='ocrx_word' id='word_1_880' title='bbox 1414 2935 1453 2961; x_wconf 79' lang='lat' dir='ltr'><strong>i7.</strong></span> 
     </span>
    </p>
   </div>
  </div>
