1980 3263
409 12 683 28 εκντλμ-ς-νιάνεγ
714 26 718 27 ,
770 24 829 27 ᾼ..

241 262 294 291 9:35
838 256 866 283 Ξ.
886 253 1030 284 ΑΝΛΞΤΑ

1107 253 1278 284 δΙΝΑΙΤῶἷ
1821 258 1873 290 956

241 316 339 341 chrum
358 312 391 340 ad
408 312 567 343 videndum,
591 316 618 338 ct
634 311 736 338 bonum
751 310 783 336 ad
800 309 976 339 vescendum,
990 309 1026 335 li-
1043 310 1062 336 Α
1078 305 1230 336 ἱοιαᾰιηιιιη
1247 314 1292 336 aut
1315 317 1381 344 apex
1405 319 1472 336 unus
1487 319 1571 338 sacra:
1597 311 1748 346 Scriptum
1761 317 1788 339 et
1807 313 1874 348 legis

242 365 381 395 gnumquc
396 357 468 389 vitae,
494 362 522 383 et
545 357 668 391 plantam
684 355 906 382 immortalitatis.
924 355 1030 382 Rursus

242 403 349 438 primus
370 407 450 430 terra:
471 402 571 428 fluvius
594 410 627 427 ex
650 400 780 427 unifortni
806 400 881 426 fonte.
900 399 1030 434 irrigabat

244 455 327 476 totam
348 448 444 474 faciem
462 452 541 474 terra)
566 455 571 473 :
593 446 714 473 secunda
737 450 828 472 alitem
848 445 1029 480 irrigatio,ex

242 499 363 529 quatuor
389 493 482 520 fluviis
505 493 600 519 urbem
627 497 706 519 terra‘
734 491 859 525 irrieavit
875 491 908 517 ad
925 491 1030 517 fructus

242 539 380 567 ferendos.
391 539 419 566 In
431 538 569 574 prioribus
582 538 747 565 animalibus
759 541 830 564 terra
839 546 893 565 non
903 537 1031 572 produxit

243 586 387 617 volueres;
409 584 435 611 in
454 584 583 611 secundis
596 589 686 610 autent
702 584 887 612 animantibus
902 583 1031 610 animalia

242 637 271 659 ct
286 632 412 658 volucres
423 635 524 657 exoer
535 634 599 656 sunt
611 637 626 656 e
639 633 721 655 terra.
735 630 762 656 In
773 629 856 663 priori
872 628 1031 655 narratione

243 676 392 705 creationis
408 675 538 707 hominis,
562 683 617 702 non
637 675 762 701 meminit
785 675 860 701 illius
873 673 973 700 divinae
990 681 1032 700 sa-

244 723 343 749 lutaris
366 725 394 748 et
416 721 532 748 vivificae
559 720 769 752 insuﬂlationis;
792 719 917 746 meminit
939 724 1031 746 autem

246 768 273 794 in
288 766 418 794 secunda.
435 766 464 793 ln
482 766 569 800 prima
598 765 738 791 creatione
758 764 824 791 dicit
838 763 909 798 quod
923 771 1031 802 mascu~

245 813 303 840 lum
325 816 352 838 et
372 811 501 838 feminam
518 810 582 836 fecit
596 817 642 836 eos
656 818 663 842 ;
685 809 712 836 in
727 809 847 836 secunda
868 812 960 834 autent
975 807 1033 833 for-

246 858 366 885 matione
389 856 520 888 hominis,
550 864 610 890 qum
631 855 719 882 tendit
749 855 782 881 ad
805 854 957 886 Christum,
978 861 1033 880 non

244 903 312 930 dicit
332 902 482 929 masculum
500 905 528 928 et
543 901 671 928 feminam
690 909 696 933 ς
722 900 789 927 Nam
804 901 830 926 in
853 899 956 927 Christo
970 899 1033 925 Iesu

247 958 299 976 non
313 953 350 975 est
363 947 496 975 masculus
508 951 532 973 et
545 945 804 981 femina”;estenim
816 951 886 971 unus
896 945 1030 976 Christus,

245 998 273 1020 ct
299 998 342 1021 est
366 994 427 1028 ejus
452 1001 503 1019 una
525 991 673 1026 singularis
693 995 720 1018 et
736 990 879 1018 individua
902 998 1030 1024 persona.

246 1040 368 1067 Primum
381 1039 473 1066 cibmn
485 1046 658 1065 communem
671 1038 806 1073 jumentis
815 1042 842 1064 et
853 1037 950 1064 bestiis
960 1037 1032 1064 Deus

245 1086 321 1114 dedit
336 1086 439 1113 Adamo
450 1094 457 1119 ;
470 1084 622 1112 secundum
639 1089 730 1112 autem
744 1084 908 1110 rationalem
925 1087 952 1110 et
966 1083 1033 1110 alie-

246 1139 321 1161 num'
332 1134 366 1161 ab
382 1134 457 1160 omni
474 1139 571 1161 natura
592 1137 703 1168 experte
724 1133 849 1159 rationis.
866 1132 958 1159 Prima
973 1131 1032 1158 ani-

245 1181 349 1207 mantia
368 1184 396 1207 et
409 1181 532 1215 jumenta
548 1180 620 1206 Dens
639 1187 693 1206 nui.
707 1178 825 1209 vocavit,
848 1177 895 1205 sed
912 1177 1031 1204 secunda

244 1226 360 1253 adduxit
383 1225 416 1252 ad
441 1225 599 1256 hominem,
631 1228 658 1252 et
688 1224 729 1250 eis
751 1224 863 1250 nomina
890 1222 1030 1257 imposuit.

243 1272 405 1303 Considera,
426 1279 530 1306 quzeso,
546 1279 577 1298 ea
596 1271 679 1298 etiam
694 1278 755 1305 qua:
776 1269 908 1303 deinceps
934 1276 1032 1295 conse—

244 1321 380 1351 quuntur.
406 1317 558 1351 Antequam
581 1320 731 1351 poneretur
750 1316 831 1342 homo
846 1315 874 1341 in
891 1313 1031 1349 paradiso,

245 1371 300 1389 non
322 1362 373 1389 fuit
390 1362 415 1389 ei
437 1362 602 1396 imperatmn
630 1366 660 1388 ut
684 1365 857 1396 operaretur,
887 1364 915 1387 et
940 1365 1032 1386 custo-

245 1408 318 1435 diret
333 1408 405 1443 ligna
423 1408 514 1442 priora
534 1407 590 1434 cibi
611 1407 770 1442 pereuntis;
793 1406 841 1434 sed
867 1406 1032 1440 imperatum

244 1457 288 1480 est
307 1456 337 1479 ut
360 1451 480 1480 secunda
508 1452 639 1486 paradisi,
666 1452 718 1478 sibi
736 1451 874 1478 manentis
897 1451 924 1477 in
948 1450 1031 1477 vitam

243 1504 387 1526 aeternam.
401 1499 481 1525 Prius
499 1498 580 1524 homo
596 1503 657 1525 erat
670 1498 746 1524 solus
759 1501 786 1524 et
802 1497 862 1524 sine
879 1497 1031 1532 adjutorio;

245 1543 274 1571 in
298 1544 417 1571 secunda
440 1548 531 1570 alitem
557 1543 696 1570 creatione
720 1547 748 1570 et
772 1543 942 1574 narratione,
974 1545 1034 1569 erat

245 1590 357 1625 quidem
374 1590 491 1624 simplex
507 1595 535 1616 et
554 1589 754 1624 incompositus
769 1597 776 1615 :
794 1589 820 1615 in
841 1589 926 1615 totius
941 1592 1032 1615 autem

245 1636 394 1663 creationis
409 1635 486 1662 brevi
506 1635 682 1670 repetitione,
698 1639 764 1662 tunc
780 1634 850 1661 facta
867 1639 910 1661 est
921 1634 1031 1665 mulier,
1047 1651 1069 1681 Ο

245 1687 273 1709 et
290 1681 378 1708 audiit
400 1691 406 1707 :
431 1681 464 1708 Os
479 1690 509 1708 r1-
523 1682 621 1708 ossibus
637 1680 790 1715 spiritualis
809 1680 917 1712 Adami,
932 1685 956 1707 et
971 1689 1034 1707 caro

245 1735 278 1754 ea;
301 1735 381 1754 carne
402 1727 459 1761 ejus
485 1727 516 1751 ⁸⁷.
547 1726 626 1753 Tunc
649 1725 701 1752 fuit
720 1725 803 1752 etiam
826 1725 960 1753 :ediﬁeata
973 1733 1034 1760 qnze

246 1772 324 1807 prius
337 1776 397 1799 erat
412 1771 564 1804 dissoluta;
582 1775 647 1798 tunc
660 1771 743 1798 etiam
765 1771 899 1798 aedificata
917 1775 959 1798 est
976 1779 1042 1811 mu-‘

246 1818 298 1845 lier
310 1818 410 1853 conjux
427 1817 479 1844 viri
501 1818 543 1844 sui
559 1818 606 1851 qui
621 1817 697 1852 prius
712 1822 772 1845 erat
786 1822 940 1852 separatus.
957 1817 1035 1843 Tunc

247 1864 330 1891 etiam
349 1867 446 1890 vocata
462 1866 504 1890 est
522 1862 578 1889 vita
595 1870 655 1896 quae
667 1862 744 1897 prius
757 1867 817 1889 erat
832 1870 909 1894 mors.
920 1861 1034 1893 ell'cela;

247 1913 315 1935 tunc
335 1907 417 1934 etiam
443 1905 558 1934 adduxit
574 1914 634 1934 eam
659 1907 732 1934 Deus
754 1907 787 1933 ad
814 1907 948 1933 Adamum
973 1913 1034 1940 qua:

247 1953 325 1988 prius
345 1953 425 1988 longe
445 1957 521 1984 erat;
538 1957 604 1980 tunc
623 1952 736 1979 fuerunt
752 1952 807 1979 duo
825 1952 852 1978 in
872 1960 955 1979 carne
969 1959 1033 1983 una,

246 1999 294 2034 qui
315 1999 392 2034 prius
415 2003 494 2026 erant
517 1999 577 2025 duze
595 2007 705 2026 carnes.
730 1998 802 2025 Nudi
828 2002 917 2029 erant,
946 1997 1035 2024 donec

246 2045 274 2072 in
296 2044 414 2072 secunda
441 2045 582 2072 creatione
605 2045 670 2071 tecti
697 2048 761 2071 sunt
789 2051 804 2070 a
827 2043 903 2076 Deo;
927 2043 972 2078 qni
1007 2043 1035 2070 in

247 2091 385 2125 principio
410 2090 474 2117 ειυςὶ
498 2095 587 2121 erant,
613 2091 701 2117 visunt
735 2094 831 2124 postea
859 2093 1033 2124 receperunt.

247 2136 324 2169 Quod
343 2136 364 2163 si
389 2136 606 2163 inobedientiatn
632 2140 660 2162 et
679 2139 835 2170 serpentem
854 2140 882 2162 et
899 2135 990 2162 cibum
1008 2139 1036 2161 et

247 2187 366 2209 mortem
385 2186 421 2209 et.
434 2182 538 2209 exitum
553 2189 568 2208 e
584 2181 710 2216 paradiso
729 2180 797 2208 mihi
815 2181 907 2213 effers,
924 2189 940 2207 ο
958 2179 1036 2207 audi-

248 2232 303 2259 tor,
327 2227 393 2254 siste
417 2228 542 2263 gradnm,
569 2232 596 2254 et
616 2234 650 2253 ne
674 2226 804 2259 festines;
821 2230 848 2253 et
873 2225 980 2252 videbis
1003 2233 1035 2252 ea

247 2280 309 2307 quze
331 2272 357 2299 in
379 2272 422 2300 his
440 2276 506 2300 sunt
531 2272 659 2303 dicenda,
681 2280 729 2306 per
754 2271 871 2298 multum
887 2272 914 2298 in
940 2279 968 2298 se
984 2271 1034 2298 ha-

1080 362 1135 381 non
1158 355 1260 389 peribit
1281 355 1324 381 ⁸⁸7
1340 355 1406 388 Quae
1420 355 1533 389 quidem
1552 357 1595 383 lex
1615 360 1642 383 et
1658 357 1805 392 Scriptura
1830 358 1875 385 in-

1081 404 1248 434 terpretatur,
1264 400 1373 435 seriptae
1397 405 1460 428 sunt
1477 402 1504 428 in
1528 401 1632 436 Spiritu
1657 407 1685 430 ct
1703 411 1753 430 ore
1765 408 1874 436 saneto,

1081 446 1108 473 in
1128 446 1190 480 igne
1201 450 1229 473 et
1241 446 1369 480 caligine,
1388 452 1415 473 et
1431 447 1553 474 tenebris
1567 453 1595 475 et
1614 449 1748 483 procella,
1764 454 1793 476 et
1809 457 1872 476 con-

1081 493 1220 525 cussione,
1233 497 1261 520 et
1279 493 1306 519 in
1323 501 1392 520 sono
1411 493 1482 520 tubae
1499 494 1593 521 decies
1611 495 1686 522 mille
1699 497 1873 530 angelorum.

1081 538 1136 564 Lex
1153 539 1226 565 enim
1241 542 1282 565 est
1294 543 1399 569 sancta.
1416 543 1440 565 et
1460 539 1563 574 eloquia
1580 540 1686 566 Domini
1704 540 1782 567 valde
1803 541 1875 576 igni-

1082 588 1108 610 ιιι
1119 584 1152 615 ⁸³,
1168 591 1266 618 nempe
1278 592 1392 611 accensa
1411 585 1473 619 igne
1488 585 1535 619 qui
1553 590 1613 612 erat
1628 586 1655 612 in
1674 590 1767 612 monte
1785 585 1874 616 Sinai.

1081 633 1109 656 et
1126 630 1166 656 sic
1189 630 1290 657 tradita
1311 639 1317 656 ε
1334 629 1476 657 Concussio
1502 631 1576 658 enim
1598 636 1623 658 et
1651 639 1702 658 non
1720 633 1746 658 in
1761 640 1875 658 contus-

1081 677 1155 703 siane
1171 676 1300 703 Dominus
1313 697 1320 707 ,
1337 676 1422 711 caligo
1436 682 1459 703 et
1479 685 1530 704 non
1551 678 1579 703 in
1598 677 1710 712 caligine
1726 677 1874 704 Dominus:

1082 721 1150 755 ignis
1171 721 1205 751 ὀ,
1224 725 1251 748 et
1263 721 1328 748 illuc
1348 721 1481 749 Dominus
1497 723 1544 757 qui
1562 723 1688 758 loquitur
1714 723 1800 758 ignita
1817 725 1876 750 elo-

1083 766 1147 800 quia
1161 766 1238 798 Mosi,
1257 769 1364 794 animas
1387 768 1597 801 inllammantia,
1626 773 1654 796 et
1681 769 1876 796 comburenlia

1083 820 1144 846 qum
1166 818 1230 839 sunt
1258 813 1284 840 in
1302 814 1344 841 eis
1370 822 1463 841 crassa
1485 823 1516 842 ac
1539 820 1660 842 terrena.

1121 859 1190 886 Hinc
1214 865 1306 886 autent
1324 865 1437 894 apparet
1450 861 1524 895 quod
1547 861 1708 896 hypostasin
1729 864 1831 891 habeat
1849 869 1876 891 et

1084 905 1119 932 sit
1142 905 1188 932 Dei
1213 906 1347 940 sapientia
1387 907 1532 939 Quomodo
1554 909 1628 935 enim
1646 910 1720 936 aliud
1741 914 1783 937 est
1801 910 1876 945 quod

1085 950 1210 984 ignescit.
1235 955 1261 978 et
1284 951 1361 978 aliud
1380 952 1453 986 quod
1481 958 1521 979 est
1544 961 1660 988 corpore
1679 955 1818 990 ignitum;
1839 956 1876 983 ita

1083 995 1167 1021 etiam
1192 1003 1226 1021 ex
1251 996 1375 1030 analogia
1398 1003 1430 1023 ac
1448 998 1643 1026 convenientia
1668 999 1791 1034 intelligo
1810 1008 1877 1028 vere

1082 1048 1143 1067 esse
1158 1041 1205 1067 Dei
1231 1041 1350 1075 eloquia,
1369 1047 1397 1069 et
1420 1051 1475 1069 non
1498 1043 1614 1071 dill‘undi
1637 1045 1664 1071 in
1684 1053 1787 1072 aerem.
1817 1046 1876 1073 Non

1082 1085 1157 1111 enim
1171 1085 1240 1112 dixit
1254 1086 1434 1120 ignescentia.
1450 1089 1497 1115 sed
1512 1089 1608 1123 ignita,
1626 1097 1674 1116 seu
1691 1098 1787 1118 revera
1803 1099 1877 1126 prie.

1082 1130 1202 1158 lucentia
1219 1140 1225 1157 :
1241 1135 1267 1158 et
1291 1138 1437 1167 propterea
1460 1134 1566 1161 dixerat
1579 1135 1662 1163 David
1687 1145 1693 1162 :
1715 1137 1877 1164 Mandatum

1083 1176 1190 1203 Domini
1207 1177 1323 1204 lucidum
1346 1178 1503 1206 illuminans
1526 1181 1614 1207 orulos
1627 1181 1660 1207 ".
1673 1181 1810 1216 Utrinquc
1826 1191 1880 1209 au-

1084 1225 1138 1248 tem
1151 1222 1282 1254 lucidum,
1304 1231 1402 1258 nempe
1425 1224 1498 1258 quod
1520 1229 1548 1252 et
1564 1225 1599 1252 ab
1613 1227 1674 1260 igne
1691 1226 1846 1261 egreditur,
1863 1236 1878 1255 a

1086 1268 1190 1300 divina,
1214 1269 1337 1304 inquam,
1363 1275 1461 1297 natura
1483 1271 1531 1304 (est
1546 1272 1620 1298 enim
1646 1272 1714 1299 Deus
1733 1273 1801 1307 ignis
1815 1282 1882 1300 con-

1083 1321 1188 1339 sumens
1198 1313 1278 1348 ").et
1291 1322 1340 1348 per
1356 1314 1476 1342 Simeum
1495 1315 1584 1350 ignem
1603 1325 1699 1344 rursus
1715 1325 1877 1351 accensum,

1083 1362 1110 1385 et
1129 1358 1209 1393 igneo
1226 1359 1312 1394 digito
1325 1360 1470 1394 scriptum.
1489 1366 1518 1388 et
1531 1361 1619 1396 igneis
1639 1363 1742 1390 tabulis
1755 1363 1878 1398 impres.

1083 1411 1143 1430 sum
1161 1412 1192 1430 ac
1207 1404 1351 1439 ﬁguratum
1369 1415 1375 1432 :
1394 1405 1441 1432 sed
1454 1411 1482 1433 et
1493 1406 1587 1434 datum
1602 1412 1663 1434 erat
1679 1407 1805 1436 indicans
1821 1409 1878 1444 igni

1083 1449 1201 1476 similem
1229 1455 1257 1477 et
1276 1451 1396 1478 lucidam
1423 1452 1507 1479 Mosis
1533 1452 1642 1480 faciem.
1668 1453 1697 1480 ln
1725 1462 1782 1489 quo
1807 1455 1877 1481 nihil

1083 1496 1125 1519 est
1149 1492 1384 1528 intempestivum,
1407 1496 1476 1522 nihil
1501 1496 1574 1530 quod
1599 1505 1679 1524 suum
1704 1506 1759 1525 non
1776 1499 1879 1526 habeat

1083 1546 1208 1574 scopum,
1227 1540 1297 1568 nihil
1323 1541 1382 1568 sine
1408 1544 1551 1578 mysterio.
1574 1544 1622 1571 Est
1642 1549 1734 1572 autem
1761 1545 1878 1580 dignum

1083 1585 1266 1613 admiratione
1278 1587 1362 1622 quod.
1375 1589 1488 1623 quando
1499 1589 1600 1624 duplex
1616 1590 1705 1618 factus
1719 1595 1760 1618 est
1778 1591 1876 1623 Adam,

1085 1631 1176 1658 statim
1200 1632 1273 1659 Deus
1288 1637 1330 1660 est
1347 1635 1506 1662 nominatus
1522 1635 1656 1664 Dominus
1679 1641 1706 1664 et
1724 1637 1808 1669 Deus,
1827 1646 1878 1671 per

1086 1681 1170 1704 totam
1183 1679 1304 1713 paradisi
1319 1679 1402 1714 892
1419 1681 1561 1721 historiam
1581 1683 1685 1717 duplici
1702 1683 1815 1710 nomine
1830 1692 1877 1718 ap-

1085 1724 1204 1758 pellante
1231 1725 1373 1760 Scriptura
1394 1726 1537 1761 Opilicem.
1564 1728 1598 1755 Et
1621 1729 1655 1756 de
1681 1729 1724 1756 his
1746 1737 1878 1765 prompto

1084 1772 1112 1794 et
1130 1769 1213 1795 alacri
1231 1770 1324 1797 animo
1340 1770 1388 1797 tibi
1404 1771 1594 1806 philosophari
1612 1773 1744 1805 studiose,
1763 1774 1878 1801 minime

1084 1815 1246 1846 cum-labor,
1267 1820 1294 1842 et
1311 1823 1515 1852 consequenter
1532 1818 1634 1845 addere
1647 1819 1725 1846 initia
1741 1820 1877 1854 capitum.

1085 1859 1156 1885 Dicit
1167 1860 1240 1886 enim
1257 1869 1263 1886 ε
1283 1860 1316 1887 Et
1331 1861 1462 1895 plantavit
1480 1861 1606 1889 Dominus
1622 1862 1691 1889 Deus
1719 1863 1880 1896 paradisum

1085 1905 1112 1930 in
1133 1905 1215 1932 Edam
1238 1906 1272 1932 ad
1304 1907 1441 1933 orientem.
1462 1907 1495 1934 Et
1523 1916 1530 1934 :
1554 1907 1622 1935 Fecit
1647 1908 1775 1936 Dominus
1808 1909 1880 1936 Deus

1085 1952 1150 1977 oriri
1169 1959 1200 1977 ex
1213 1955 1294 1978 terra.
1314 1952 1367 1978 Et:
1387 1953 1493 1988 Accepit
1516 1953 1644 1981 Dominus
1663 1954 1731 1981 Deus
1745 1955 1881 1982 hominem

1086 2004 1162 2031 quem
1180 1996 1268 2030 ﬁnxit.
1290 1997 1323 2024 Et
1340 2006 1346 2023 :
1363 1997 1499 2025 Mundauit
1521 1999 1647 2026 Dominus
1674 1999 1742 2026 Deus
1762 2001 1880 2028 Adanto.

1086 2042 1119 2069 Et
1136 2051 1141 2068 :
1159 2041 1230 2068 Dixit
1255 2042 1382 2070 Dominus
1396 2043 1463 2070 Deus
1487 2046 1594 2071 mulieri
1611 2045 1685 2071 :Cnr
1708 2046 1756 2072 hoc
1776 2046 1883 2080 fecisti?

1085 2087 1118 2113 Et
1135 2096 1140 2112 :
1161 2086 1230 2114 Dixit
1248 2087 1373 2114 Dominus
1392 2089 1462 2115 Deus
1481 2091 1597 2124 serpenti
1612 2098 1620 2115 :
1635 2090 1703 2122 Quia
1721 2091 1769 2117 hoc
1782 2092 1889 2125 fecisti?

1086 2133 1120 2159 Ει
1139 2142 1145 2159 :
1166 2133 1236 2160 Ferit
1262 2134 1391 2161 Dominus
1418 2135 1485 2161 Deus
1523 2136 1626 2162 Adamn
1653 2142 1676 2162 ct
1704 2138 1781 2163 uxori
1811 2138 1882 2172 ejus.

1086 2179 1120 2206 Et
1135 2188 1140 2205 :
1162 2179 1232 2206 Dixit
1250 2180 1377 2207 Dominus
1394 2180 1479 2207 Deus:
1502 2180 1567 2207 Ecce
1581 2181 1666 2215 factus
1681 2186 1719 2208 est
1731 2183 1799 2208 sicut
1812 2191 1883 2210 unus

1086 2232 1117 2250 ex
1131 2224 1213 2250 nobis.
1231 2224 1264 2251 Et
1277 2234 1283 2251 :
1303 2225 1405 2258 Arcepit
1425 2233 1484 2251 eum
1499 2224 1566 2250 Deus
1583 2233 1614 2251 er
1625 2226 1752 2259 paradiso
1767 2226 1883 2254 delicio-

1086 2279 1157 2301 rum,
1185 2271 1220 2297 ad
1242 2271 1407 2304 operantium
1431 2275 1532 2297 terram
1550 2280 1581 2297 ex
1609 2280 1660 2306 qua
1685 2276 1807 2306 sumptus
1833 2279 1881 2299 cst.

248 2318 314 2346 ltere
337 2319 433 2354 gratia:
450 2323 477 2346 et
495 2318 658 2353 elegantiae:
675 2318 766 2344 adhuc
788 2318 861 2345 enim
881 2323 986 2345 stamus
1005 2317 1033 2345 in
1050 2325 1071 2353 ο
1086 2316 1173 2342 Audis
1197 2315 1270 2350 quod
1291 2324 1324 2342 ex
1338 2324 1394 2350 quo
1412 2316 1535 2350 ingressa
1560 2321 1601 2343 est
1620 2320 1763 2351 (tanquam
1785 2317 1882 2344 divina

248 2365 340 2392 medio
353 2365 514 2392 certamine.
533 2364 583 2397 Qui
600 2369 690 2391 autem
704 2364 814 2391 brevem
828 2363 977 2399 Scripturze
993 2373 1036 2391 re-

248 2410 409 2444 petitionem
435 2417 495 2444 quie
515 2414 556 2436 est
581 2414 643 2444 post
662 2417 708 2436 sex
726 2409 795 2441 dies,
823 2417 877 2436 non
897 2411 1036 2445 accipiunt

248 2456 274 2482 in
299 2459 392 2489 typum
417 2455 555 2483 Ecclesize.
579 2455 781 2482 convincuntur
802 2455 836 2482 ab
858 2455 892 2482 iis
918 2465 979 2491 quae
1008 2457 1034 2484 in

248 2510 280 2528 ea
301 2505 366 2527 sunt
388 2500 595 2531 additamentis,
619 2501 686 2528 nihil
713 2501 826 2528 omnino
845 2502 916 2530 scire
946 2511 978 2530 ex
1002 2503 1053 2535 iis\

247 2554 308 2580 qua:
326 2549 419 2579 postea
444 2545 532 2572 fusius
552 2546 738 2573 ostendemus.
765 2547 826 2574 lla2e
849 2551 940 2574 autem
959 2556 1033 2574 nune

250 2591 344 2626 paucis
370 2591 425 2618 dixi
443 2591 476 2618 de
501 2591 612 2618 nomine
627 2593 674 2619 Dei
692 2592 832 2628 duplicato
851 2593 876 2620 in
894 2593 970 2621 brevi
989 2603 1033 2620 re-

251 2636 382 2671 petitione
396 2636 430 2663 de
452 2637 563 2664 homine
575 2638 644 2664 facta
659 2647 673 2665 a
691 2639 782 2671 Illose;
799 2643 828 2666 ut
845 2640 892 2674 qui
909 2640 1033 2675 appella—

251 2687 295 2709 tus
313 2682 348 2709 sit
363 2682 496 2709 Dominus
519 2683 600 2714 Deus.
617 2685 727 2719 quando
749 2685 838 2713 factus
852 2690 893 2713 est
911 2686 993 2713 homo
1008 2691 1035 2713 et

250 2728 394 2764 paradisus
415 2733 495 2764 typus
514 2729 652 2757 Ecclesia}.
674 2731 768 2766 Neque
785 2739 818 2758 ex
842 2732 1036 2766 insipientibus

249 2775 348 2802 audeat
359 2775 458 2810 aliquis
470 2774 562 2802 dicere
585 2776 658 2810 quod
672 2785 704 2803 ex
717 2777 834 2811 quadam
848 2778 1035 2812 simplicitate,

249 2826 297 2849 aut
314 2821 517 2856 intempestive.
536 2826 582 2848 aut
595 2830 628 2848 ex
645 2823 763 2856 quadam
777 2823 894 2850 stultitia
913 2823 983 2850 facta
997 2828 1038 2850 est

251 2867 308 2894 lucc
332 2866 438 2894 additio
465 2867 491 2893 in
521 2866 632 2894 nomine
654 2867 757 2896 divino.
775 2868 816 2896 An
839 2869 945 2904 ignorat
964 2869 1037 2903 quod

297 2926 318 2941 "
341 2926 430 2954 Galat.
454 2935 492 2956 In.
513 2926 557 2954 28.
604 2927 627 2943 ⁸⁷
646 2928 714 2955 Cen.
736 2937 764 2959 ιι,
783 2929 827 2956 23.

251 2961 271 2976 "
293 2960 362 2988 Psal.
383 2970 456 2993 xvnt.
476 2963 502 2989 9.
541 2963 562 2977 "
583 2962 660 2989 Deut.
677 2971 712 2993 iv.
733 2963 776 2991 il.

883 2929 905 2944 ⁸⁸
925 2928 1018 2955 Matth.
1041 2936 1066 2960 γ,

1087 2362 1212 2396 qutedam
1239 2363 1348 2398 natura)
1366 2362 1459 2389 divina
1476 2363 1625 2390 insulllatio
1647 2363 1674 2390 in
1692 2368 1766 2390 terra
1783 2369 1882 2392 natum

1086 2416 1187 2442 corpus
1212 2408 1309 2435 Adami
1321 2430 1327 2439 .
1346 2408 1438 2436 statim
1454 2407 1596 2443 Scriptura
1620 2416 1674 2435 non
1691 2409 1811 2444 simplici
1830 2418 1882 2437 no-

1086 2456 1159 2482 mine
1182 2456 1343 2491 appellavit,
1373 2456 1421 2485 sed
1448 2456 1554 2491 (utpote
1571 2457 1646 2490 quod
1668 2457 1799 2485 Christus
1825 2466 1882 2485 non

1085 2501 1173 2528 solum
1201 2506 1274 2528 chet
1294 2501 1376 2536 Deus)
1404 2502 1489 2528 Deum
1512 2507 1540 2529 et
1552 2502 1700 2528 Dominum
1720 2510 1786 2529 cum
1806 2511 1885 2530 com-

1086 2547 1176 2582 posite
1202 2547 1364 2578 nominavit,
1394 2547 1534 2582 quomodo
1561 2548 1588 2574 in
1619 2548 1738 2575 sinceris
1760 2557 1793 2575 ac
1826 2557 1883 2576 non

1086 2593 1250 2620 adulteratis
1260 2593 1437 2627 antiquisque
1450 2594 1655 2628 exemplaribus
1667 2595 1883 2629 diligentissime

1087 2639 1202 2666 scrutati
1231 2638 1387 2665 invenimus
1404 2648 1410 2664 :
1430 2639 1474 2668 iis,
1487 2639 1611 2674 inquam,
1628 2647 1688 2674 qua:
1710 2645 1806 2668 notata
1823 2641 1884 2668 fue-

1089 2690 1151 2712 rant
1164 2693 1178 2711 a
1188 2684 1340 2715 Clemente.
1354 2689 1382 2712 et
1395 2685 1510 2718 Irenaeo,
1526 2690 1553 2713 et
1566 2687 1682 2713 Philone
1700 2687 1882 2722 philosopho,

1085 2735 1114 2758 et
1133 2731 1167 2758 ab
1186 2739 1219 2757 eo
1242 2731 1288 2766 qni
1308 2731 1428 2766 llexapla
1446 2733 1613 2766 composuit.
1631 2732 1820 2766 Quamobrem
1835 2743 1882 2761 sex

1087 2777 1198 2812 quidem
1220 2776 1327 2803 dierum
1353 2782 1523 2809 creaturam,
1549 2779 1621 2805 Deus
1644 2778 1707 2805 dimi
1723 2785 1797 2807 esset
1817 2781 1883 2807 Silll-

1087 2823 1162 2857 plex,
1190 2822 1358 2853 fabricatur;
1386 2832 1483 2850 novam
1510 2829 1602 2851 autem
1629 2833 1689 2859 qnze
1711 2831 1810 2860 postea
1831 2826 1883 2852 fuit

1089 2873 1244 2895 creaturam
1263 2869 1304 2903 (nt
1323 2869 1370 2904 qui
1387 2870 1474 2897 factus
1489 2874 1530 2897 est
1545 2871 1726 2905 compositus)
1747 2872 1883 2898 Dominus

1091 2928 1132 2954 l8.
1183 2929 1204 2943 ⁵⁸
1225 2928 1294 2956 l‘sal.
1319 2937 1383 2961 xm,
1404 2931 1448 2956 fil.
1503 2931 1525 2945 ⁵ο
1546 2930 1577 2957 lll
1600 2930 1667 2965 Reg.
1691 2938 1744 2961 χιχ,
1770 2931 1813 2962 ll,
1840 2930 1880 2957 ΓΞ.

1183 2929 1204 2943 ⁵⁸
1225 2928 1294 2956 l’sal.
1319 2937 1383 2961 xm,
1404 2931 1448 2956 Si.
