1980 3242
21 250 68 283 957

553 253 593 283 ΙΝ
614 252 888 283 IIEXAEMERON.
904 267 937 270 —
957 255 1029 285 LIB.
1051 256 1117 286 νυ.

1601 255 1655 286 958

21 315 45 337 et
64 309 156 342 Deus;
182 309 238 338 hoc
259 315 312 343 est,
330 311 404 339 Deus
425 316 454 339 et
474 311 557 338 homo
581 311 708 338 Christus
721 310 812 339 Jesus.
828 314 850 340 Α
865 311 933 339 dixit
952 321 958 338 z
975 312 1034 338 Fiat
1051 314 1098 340 hoc
1118 317 1166 340 aut
1179 312 1257 344 illud,
1274 312 1322 339 sed
1338 319 1389 339 suo
1406 319 1457 346 per
1470 319 1499 338 se
1516 315 1544 338 et
1559 310 1654 338 divino

21 355 119 382 Audiat
135 359 214 383 tanto
232 357 325 384 animo
343 357 471 393 mysteria
483 357 531 384 Dei
544 357 672 387 viventis.
688 361 715 384 et
727 356 812 383 admi-

21 409 90 429 rare.
115 399 235 434 Quando
249 402 324 429 enim
345 403 413 430 exiit
429 402 516 430 Adam
538 411 570 429 ex
594 402 735 437 paradiso,
750 409 815 437 pro-

21 448 93 475 tinus
115 447 262 483 Scriptura
289 457 345 476 non
367 449 522 483 composito
536 449 648 476 nomine
665 449 815 483 appellavit

22 493 179 525 Dominum,
200 493 249 520 sed
272 494 402 528 simplici.
423 494 509 521 Nobis
530 494 604 521 enim
632 502 749 522 narrans
773 494 815 521 di-

23 539 123 566 vinitus
135 539 271 574 inspirata
285 540 398 567 historia
417 545 525 575 partum
540 541 613 571 Evze.
637 540 705 568 dicit
723 540 814 567 statim

23 590 80 619 post
105 585 212 612 exitum
236 592 251 612 e
274 586 403 620 paradiso
434 595 439 612 :
465 585 590 621 Cognovit
617 591 705 613 autem
728 586 814 613 Adam

24 638 129 657 uxorem
152 639 242 663 suam,
271 636 294 657 et
313 639 373 658 cum
394 632 562 664 concepisset,
580 632 680 667 peperit
701 631 768 658 Cain
790 636 815 658 et

15 676 86 702 'dia'it
101 684 110 702 :
121 676 231 702 Possedi
240 677 373 703 hominem
391 684 436 711 per
456 676 540 703 Deum
555 677 588 703 ³³.
606 676 693 710 Quam
706 677 741 704 ob
757 684 814 704 rem

24 727 124 755 autem,
137 730 154 750 o
172 722 277 755 Judaae,
294 722 389 750 divina
404 722 547 758 Scriptura
569 731 631 758 qua:
649 723 676 750 in
694 727 814 758 septem-

24 767 110 794 decim
139 767 279 802 capitibus
301 773 516 803 consequenter,
533 769 560 796 in
578 769 707 804 paradiso
728 770 814 796 Deum

24 813 125 848 duplici
149 814 264 842 nomine
291 814 493 846 nominaverat,
519 819 548 842 et
581 823 644 842 eum
668 815 813 843 Dominum

25 865 49 887 et
71 860 158 887 Deum
184 860 384 895 appellaverat,
405 860 497 887 statim
515 865 577 895 post
595 861 722 888 hominis
735 869 750 888 c
768 869 815 896 pa-

26 903 116 931 radiso
129 911 286 939 egressum,
301 904 392 939 ipsum
415 905 501 931 Deum
517 905 678 939 appellavit,
696 906 744 932 sed
759 914 814 932 non

27 950 171 977 Dominum
197 953 227 977 et
248 950 356 977 Deum?
381 950 462 988 Utrtu
479 950 571 978 discas
595 951 668 985 quod
684 951 814 978 Ecclesim

26 1000 64 1023 cst
88 996 221 1031 proprius
245 996 380 1023 Dominus
403 1001 432 1024 et
458 997 540 1029 Deus,
556 1001 584 1024 et
605 1005 661 1024 non
687 997 815 1024 similiter

26 1050 118 1069 eorum
141 1043 190 1077 qui
215 1047 281 1070 sunt
301 1047 379 1070 extra
401 1043 563 1070 Ecclesium.
589 1043 656 1070 Nam
672 1043 814 1070 hominum

27 1088 135 1122 quidem
152 1088 200 1123 qui
216 1093 282 1116 sunt
297 1093 386 1122 extra,
402 1089 475 1116 Deus
485 1094 543 1121 est;
560 1097 659 1124 nempe
672 1089 747 1121 Θεός,
764 1089 817 1116 hoc

28 1139 65 1160 est
79 1133 194 1169 θεατής,
209 1133 236 1160 id
252 1139 295 1161 est
312 1138 468 1168 spectator;
494 1134 623 1168 Ecclesia:
637 1139 729 1161 autem
746 1135 818 1162 Deus

29 1185 65 1206 est
81 1185 109 1207 et
130 1184 272 1215 spectator
286 1184 314 1206 et
325 1180 470 1212 Dominus,
485 1180 510 1208 ei
530 1181 686 1214 dominans,
702 1181 817 1216 ejusque

30 1231 118 1250 curam
137 1231 248 1259 gerens,
271 1231 388 1258 eamque
408 1225 574 1260 suscipiens,
601 1229 694 1257 tuens,
716 1233 749 1252 ac
768 1225 817 1252 de—

31 1269 151 1296 fendens.
179 1269 257 1302 Quod
276 1269 299 1296 si
319 1269 402 1297 etiam
428 1274 491 1305 post
513 1269 705 1304 expulsioncm
721 1276 753 1296 ex
770 1277 819 1303 pa-

33 1316 118 1343 radiso
143 1316 309 1343 nominatur
332 1316 360 1344 in
382 1316 475 1343 divina
508 1315 651 1350 Scriptura
676 1314 818 1346 Dominus,

33 1361 160 1389 Dominus
187 1362 271 1394 Deus,
302 1369 336 1389 ne
372 1362 502 1394 mireris;
536 1361 590 1389 erit
616 1361 690 1388 enim
712 1366 821 1395 tempus

33 1408 139 1442 quando
167 1408 252 1435 etiam
274 1407 308 1435 iis
334 1408 381 1443 qui
407 1411 472 1435 sunt
497 1412 574 1435 extra
599 1406 750 1434 Ecclesiam
773 1405 823 1433 do-

35 1453 182 1480 minabitur
209 1461 258 1488 per
283 1453 474 1487 Evangelium,
494 1455 517 1479 el
543 1452 604 1484 erit,
618 1456 649 1479 ut
670 1451 728 1486 ipse
740 1451 820 1484 dixit,

35 1507 111 1525 unum
129 1499 209 1531 ovile,
234 1507 302 1526 unus
327 1503 421 1533 pastor
444 1498 478 1525 ’⁸.
505 1498 600 1532 Neque
624 1505 639 1524 a
659 1505 719 1525 mea
739 1505 821 1532 quam

35 1544 106 1578 prius
123 1543 180 1571 dixi
208 1543 309 1571 recedo
330 1543 478 1575 sententia,
495 1543 577 1570 simul
601 1551 617 1570 a
631 1542 727 1570 Judteo
746 1546 773 1569 et
789 1542 823 1568 ab

35 1589 124 1616 invido
142 1589 206 1617 fidei
224 1590 271 1624 qui
288 1589 423 1616 adversus
446 1589 519 1616 hanc
543 1596 632 1616 meam
657 1588 824 1615 contradicit

35 1635 242 1670 intelligentiam
258 1635 371 1670 exigens
395 1638 426 1661 ut
443 1634 470 1661 in
497 1642 576 1662 camo
599 1639 627 1660 et
648 1634 727 1661 freno
742 1633 822 1660 nobis
835 1643 858 1673 ρ

35 1680 106 1708 dicat
120 1681 303 1716 quamobrem
327 1685 390 1708 ante
412 1680 560 1707 adventum
585 1679 684 1707 divinae
702 1679 823 1706 insufﬂa-

37 1726 117 1754 tionis
132 1726 167 1754 ad
183 1726 330 1758 Adamum,
353 1726 426 1753 Deus
450 1734 505 1753 non
528 1725 581 1752 fuit
599 1726 757 1753 nominatus
769 1725 822 1752 Do~

39 1774 124 1801 minus
148 1777 177 1801 et
197 1773 281 1805 Deus,
299 1772 347 1800 sed
367 1773 455 1800 solum
480 1773 562 1799 Deus.

67 1817 120 1844 Sed
133 1821 309 1845 revertamur
325 1817 358 1844 ad
372 1817 544 1852 propositum
561 1826 567 1844 τ
581 1816 629 1843 llic
640 1821 676 1843 est
695 1816 758 1843 liber
777 1824 822 1851 ge-

37 1864 179 1891 nerationis
193 1869 216 1891 et
228 1868 317 1896 terror,
331 1863 438 1898 quando
449 1863 496 1898 {uit
509 1863 564 1890 dies
573 1864 601 1890 in
613 1870 663 1898 quo
675 1863 735 1897 fecit
754 1863 822 1889 Deus

37 1909 124 1937 metum
143 1915 168 1937 et
190 1915 301 1937 terram.
319 1909 453 1944 Exspecta
465 1917 572 1944 parum,
589 1913 617 1936 et
636 1908 733 1936 audies
746 1916 822 1936 eum-

37 1956 96 1983 dem
111 1957 279 1991 scriptorem
300 1955 403 1983 Mosem
426 1955 579 1988 dicentem,
598 1955 640 1982 vel
665 1955 758 1989 potius
774 1963 823 1990 per

37 2010 96 2028 eum
116 2002 290 2037 loquentem,
316 2007 441 2029 sanctum
470 2001 603 2036 Spiritum
620 2009 627 2027 :
643 2001 692 2027 ιιίε
705 2005 742 2027 est
761 2001 825 2028 liber

37 2049 212 2082 generationis
233 2048 357 2080 hominis,
373 2056 424 2083 quo
444 2048 486 2074 die
509 2048 566 2082 fecit
583 2047 653 2073 Deus
672 2047 768 2078 Adam,
789 2047 824 2073 ad

37 2095 175 2129 imaginem
189 2094 239 2121 Dei
253 2095 314 2129 fecit
325 2102 404 2127 eum;
418 2093 566 2121 masculum
582 2098 606 2120 et
628 2093 753 2128 feminam
765 2094 824 2128 fecit

38 2148 87 2172 eos,
102 2145 126 2166 et
137 2141 272 2167 benediin
284 2141 331 2166 eis.
347 2139 476 2172 Quaenam
490 2139 525 2166 sit
537 2139 692 2166 ditl'erentia
708 2139 824 2166 duarum

37 2185 264 2220 appellationum,
286 2193 384 2220 nempe
402 2185 466 2212 libri
490 2186 552 2213 εαξιὶ
565 2191 593 2212 et
608 2191 700 2217 terrm,
713 2190 740 2213 et
762 2186 823 2212 libri

38 2230 166 2263 hominis,
187 2231 303 2258 alterius
321 2231 356 2257 ab
373 2232 472 2264 altera,
490 2231 614 2259 dicemus
629 2231 776 2258 discrimen
798 2231 825 2258 in

39 2276 68 2304 iis
91 2285 153 2312 qua:
171 2282 384 2311 consequuntur
407 2285 525 2312 :nempe
547 2277 621 2312 quod
647 2277 760 2304 omnino
779 2286 826 2304 ne-

38 2329 112 2350 cesse
132 2327 176 2350 est
196 2331 248 2349 nos
272 2324 367 2350 omnia
395 2331 456 2358 quae
489 2327 553 2350 sunt
571 2324 598 2350 in
621 2324 673 2350 hoc
694 2324 764 2350 libro
785 2324 826 2350 in-
845 2318 865 2345 1)

39 2367 161 2403 telligere
185 2368 219 2395 de
245 2367 288 2394 his
313 2367 443 2400 duobus,
462 2375 561 2402 nempe
589 2368 689 2395 ccelum
716 2369 826 2402 quidem

38 2421 92 2442 esse
106 2419 205 2449 typum
217 2413 333 2445 Christi,
349 2418 450 2441 terram
467 2418 558 2441 autem
572 2419 665 2450 typum
680 2415 825 2447 Ecclesia;

37 2462 63 2484 et
78 2459 122 2486 sic
141 2458 276 2493 deinceps
302 2459 460 2486 universam
485 2467 532 2486 sex
552 2459 660 2486 dierum
673 2465 827 2487 creaturam

39 2504 68 2530 ad
83 2511 136 2531 eos
153 2504 270 2536 referre,
293 2512 393 2539 nempe
410 2512 504 2539 aquas.
522 2505 661 2541 abyssum,
678 2509 706 2533 et
727 2506 827 2538 lucem,

39 2552 62 2574 et
79 2548 210 2581 herbam,
231 2553 259 2576 et
281 2549 408 2582 arbores,
427 2553 455 2577 et
471 2549 688 2583 firmamentum,
705 2556 732 2579 et
750 2552 832 2579 lumi-

40 2595 126 2626 naria,
145 2599 174 2622 et
195 2594 336 2628 animalia,
355 2601 382 2622 et
397 2596 533 2628 volucres,
555 2601 582 2624 et
601 2597 786 2632 irrigationes,
804 2602 832 2627 et

39 2645 141 2667 uetera
155 2639 269 2671 omnia;
287 2644 316 2667 et
328 2640 367 2668 sic
382 2641 512 2675 impletur
523 2642 665 2676 eloquium
677 2643 750 2677 quod
765 2643 832 2670 dicit

40 2686 131 2712 omnia
159 2693 211 2721 per
224 2685 365 2713 Christum
382 2691 411 2713 et
428 2686 455 2713 in
467 2686 578 2714 Christo
593 2695 654 2714 esse
670 2688 780 2715 condita
797 2689 830 2715 νδ.

42 2730 85 2757 Est
105 2737 203 2759 autem
225 2735 330 2758 attente
353 2732 629 2760 animadvertendum
645 2733 730 2767 quod,
747 2741 763 2760 a
778 2742 833 2768 quo

42 2777 82 2804 die
99 2777 136 2804 ad
157 2777 307 2812 imaginem
329 2778 417 2806 factus
437 2783 478 2806 est
503 2779 586 2806 homo
608 2780 717 2814 (nempe
738 2783 833 2814 proto-

43 2827 120 2857 typus
137 2823 242 2851 Christi
264 2827 345 2859 typus
366 2824 474 2859 Adam),
498 2833 552 2851 non
568 2829 610 2852 est
624 2825 742 2859 amplius
762 2825 834 2853 Deus

42 2868 145 2902 aliquid
172 2869 326 2896 fabricatus
350 2877 399 2904 per
416 2870 524 2904 jussum
539 2879 546 2897 :
567 2878 657 2905 neque
674 2870 832 2898 de'ctetero

77 2958 100 2974 "
120 2959 188 2986 Gen.
213 2967 250 2990 Iv,
276 2959 298 2984 l.
337 2959 360 2974 "
379 2958 457 2986 Joan.
479 2967 504 2991 κ,
527 2959 569 2986 16.

830 979 851 1007 Β

609 2960 632 2976 ⁰¹
651 2959 757 2987 Coloss.
778 2967 796 2992 ι,
825 2959 866 2986 l6.

865 366 949 393 opere
978 359 1118 393 operando
1138 358 1288 386 secundam
1312 357 1378 385 fecit
1398 357 1566 384 creationem
1591 363 1655 390 pro-

866 405 924 439 prie
942 409 969 431 et
992 413 1057 432 vere
1081 409 1109 431 et
1133 405 1202 431 citra
1222 405 1305 430 ullam
1332 403 1546 434 dubitationem,
1561 401 1654 429 divina

865 451 1031 486 pra-dicente
1053 450 1196 485 Scriptura
1218 451 1265 477 Dci
1279 450 1358 477 Verbi
1376 449 1525 476 adventum
1540 453 1568 475 et
1585 455 1655 482 prae-

866 496 981 522 sentiam
1001 504 1060 529 qua:
1077 496 1128 522 fuit
1149 504 1164 522 a
1183 496 1253 522 cutio
1277 495 1302 525 in
1328 500 1441 526 terram,
1461 499 1488 521 et
1501 494 1527 520 in
1547 502 1578 520 ea
1594 501 1655 527 qua:

865 546 906 568 est
927 542 953 568 in
967 542 1088 568 secundo
1103 541 1201 572 ordine
1219 546 1374 568 creaturam
1390 540 1466 567 brevi
1488 539 1655 574 repetitione

865 594 916 613 nos
935 586 1052 613 docente
1080 586 1154 620 quod
1179 586 1318 612 videbitur
1344 586 1417 612 Deus
1440 585 1556 612 deorum
1581 583 1654 618 apud

865 639 917 658 nos
940 639 1025 666 SllpCl‘
1048 636 1160 662 lCl'i'ilIll,
1182 636 1211 658 οι
1231 639 1278 666 per
1301 639 1340 662 se,
1365 639 1415 657 SllO
1441 638 1524 664 opere
1549 635 1576 656 οι
1598 629 1656 656 suis

866 677 995 704 manibus
1022 676 1203 703 fabricabitur
1233 684 1330 703 novam
1357 680 1524 706 creaturam,
1551 682 1654 701 novum

866 723 966 751 C(Ellllll
988 727 1016 749 et
1036 730 1134 749 novam
1162 727 1278 754 terram,
1304 727 1332 749 οι
1358 730 1459 749 ΙιΟὶῚΙΙΙΊ
1482 730 1515 749 CX
1543 729 1598 748 non
1612 728 1656 747 SC-

866 770 970 796 minata
988 773 1062 796 terra
1078 777 1133 795 non
1148 769 1314 796 scmiuatum
1327 769 1479 795 hominem.
1491 768 1578 800 Quem
1595 767 1656 801 qui-

866 815 929 842 dem
950 814 1029 842 uobis
1056 814 1133 849 prius
1154 815 1314 849 signiﬁcans
1335 815 1428 841 divina
1452 814 1604 848 Scriptura,
1628 817 1656 839 et

866 862 989 896 duplicat
1002 861 1297 888 creaturacethominis
1311 861 1546 888 constructionem
1559 865 1585 886 et
1596 866 1656 885 uar-

869 907 1013 938 rationem,
1033 907 1098 933 hinc
1116 914 1222 940 ponens
1234 907 1412 941 principium,
1427 911 1454 933 ct
1475 905 1656 932 fundamenta

864 953 970 987 jaciens
986 953 1088 980 Christi
1108 953 1248 982 Ecclesiae,
1262 957 1290 978 et
1307 951 1403 978 dicens
1416 951 1576 985 prophetico
1592 949 1656 976 :llic

867 1004 903 1026 est
925 999 989 1026 liber
1001 999 1179 1034 generationis
1198 997 1255 1025 τίχ’ιί
1271 1003 1295 1024 et
1312 1002 1400 1025 terrm.
1415 996 1522 1030 quando
1539 995 1589 1030 fuit
1603 995 1656 1021 dies

867 1054 919 1080 qua
935 1045 995 1079 fecit
1007 1045 1098 1071 ra'luin
1116 1049 1141 1071 rt
1157 1049 1268 1075 terram,
1282 1047 1305 1070 et
1318 1051 1393 1069 omne
1404 1042 1486 1069 viride
1499 1042 1557 1075 agri
1571 1041 1658 1075 prius-

867 1099 947 1126 quam
974 1091 1069 1117 0ritur.
1087 1090 1146 1116 Non
1167 1091 1236 1116 enim
1254 1090 1321 1124 pluit
1344 1088 1472 1114 Dominus
1493 1087 1562 1113 Deus
1578 1094 1658 1120 super

869 1141 979 1167 terram,
995 1140 1019 1162 et
1035 1144 1085 1162 non
1105 1139 1162 1162 erat
1176 1137 1281 1169 operari
1302 1139 1422 1164 terram;
1438 1133 1494 1167 fons
1511 1136 1598 1158 autem
1615 1139 1659 1157 us-

868 1183 993 1210 ccndebat
1011 1191 1024 1208 e
1039 1186 1121 1208 terra.
1141 1180 1174 1208 Et
1192 1181 1267 1215 [ina-it
1282 1180 1351 1206 Deus
1365 1179 1506 1208 hominem.
1527 1177 1657 1211 accipiens

868 1229 977 1255 Immum
990 1236 1004 1254 e
1022 1232 1106 1257 terra,
1119 1231 1143 1253 et
1163 1226 1302 1261 insuﬂlavit
1317 1225 1344 1251 in
1361 1224 1454 1259 faciem
1469 1223 1524 1258 ejus
1537 1223 1658 1257 spiritum

870 1274 939 1304 vitro,
961 1277 985 1299 et
999 1274 1085 1307 [actus
1102 1261 1139 1299 est
1152 1272 1228 1298 Immo
1240 1272 1267 1297 in
1282 1271 1401 1297 animum
1414 1271 1551 1296 viventem.
1564 1269 1658 1302 Magna

870 1324 912 1346 est
937 1319 964 1346 in
992 1318 1086 1345 verbis
1111 1317 1259 1353 propositis
1283 1315 1448 1346 obscuritas,
1471 1319 1498 1341 et
1523 1319 1596 1340 totus
1615 1313 1660 1340 hic

870 1366 947 1393 locus
966 1369 1008 1392 est
1022 1365 1100 1391 valde
1113 1365 1257 1394 obscurus,
1272 1370 1326 1390 non
1347 1362 1436 1388 solum
1458 1361 1531 1395 quod
1548 1360 1581 1387 ad
1601 1359 1660 1394 spi-

872 1411 998 1438 ritualem
1025 1410 1124 1436 attinet
1144 1411 1205 1444 ejus
1226 1416 1387 1443 anagogen,
1411 1407 1458 1434 sed
1477 1407 1560 1434 etiam
1586 1405 1659 1440 quod

872 1457 905 1484 ad
929 1455 1100 1490 corporalem
1122 1455 1182 1489 ejus
1206 1454 1350 1481 historiam
1371 1457 1422 1484 est,
1451 1451 1563 1486 cognitu
1589 1450 1661 1477 diffi-

873 1503 944 1530 cilis.
966 1501 1078 1536 Ergo.si
1099 1500 1220 1531 videtur,
1234 1507 1298 1526 eum
1319 1499 1438 1534 primum
1460 1497 1611 1532 dirigamus
1629 1496 1661 1522 ad

874 1549 1005 1583 majorem
1019 1547 1047 1574 in
1059 1546 1152 1574 littera
1169 1546 1333 1576 claritatem,
1350 1549 1378 1571 et
1394 1543 1494 1570 deinde
1506 1546 1663 1569 scrutemur

875 1594 1018 1622 occultum
1037 1598 1065 1620 et
1085 1591 1256 1628 spiritualem
1277 1591 1336 1624 ejus
1362 1596 1483 1616 sensum.

910 1641 968 1668 lioc
981 1645 1024 1667 est
1038 1647 1103 1674 ergo
1114 1638 1188 1673 quod
1204 1645 1254 1664 nos
1271 1637 1316 1663 hic
1328 1636 1408 1662 docet
1428 1634 1561 1670 propheta
1577 1633 1665 1660 Moses

876 1691 1061 1722 congruenter
1083 1686 1181 1712 littera:
1201 1693 1207 1710 ε
1225 1683 1271 1711 llic
1300 1687 1337 1709 est
1360 1682 1424 1708 liber
1443 1679 1618 1715 generationis
1641 1682 1664 1704 et

877 1737 964 1764 terrm,
991 1731 1096 1765 quando
1125 1730 1173 1765 fuit
1195 1729 1249 1756 dies
1275 1736 1326 1763 quo
1347 1728 1406 1762 fecit
1427 1726 1497 1752 Deus
1524 1724 1616 1751 ca'lum
1641 1727 1664 1750 et

876 1783 990 1810 terram;
1007 1778 1059 1804 hoc
1073 1783 1125 1808 est,
1142 1776 1230 1811 primo
1244 1775 1299 1806 die,
1313 1775 1470 1808 priusquam
1489 1776 1582 1798 natum
1599 1773 1665 1796 esset

876 1825 982 1860 quodvis
997 1823 1079 1852 uiride
1092 1830 1170 1858 super
1185 1826 1296 1852 terram,
1309 1824 1333 1847 ιιι
1349 1820 1504 1854 priusquam
1518 1821 1582 1844 nata
1601 1820 1666 1842 esset

876 1872 973 1907 quwvis
994 1870 1074 1897 herba
1096 1869 1164 1904 agri.
1179 1867 1303 1894 Nondum
1326 1866 1395 1892 enim
1418 1864 1523 1899 pluerat
1539 1863 1666 1889 Dominus

876 1917 946 1944 Deus
967 1925 1046 1951 super
1061 1921 1172 1945 terram,
1198 1913 1324 1947 quoniam
1341 1913 1416 1938 homo
1439 1910 1554 1950 nondum
1582 1908 1666 1942 (actus

877 1969 945 1994 erat.
970 1971 1015 1990 nec
1033 1962 1196 1996 operabatur
1210 1967 1289 1994 super
1302 1963 1420 1988 terram;
1440 1957 1496 1991 fons
1519 1960 1605 1981 autem
1624 1962 1667 1980 as—

878 2010 1003 2037 cendebat
1015 2016 1094 2043 super
1106 2011 1217 2033 terram.
1237 2005 1288 2037 Qui
1304 2003 1434 2032 litteram,
1452 2008 1567 2034 eamque
1580 1999 1666 2026 solam

879 2057 924 2084 hic
947 2058 1113 2089 sequuntur.
1134 2052 1181 2079 hic
1191 2051 1286 2078 falsam
1305 2044 1665 2076 adducuntdivinamScri-

879 2106 999 2136 pturam.
1019 2099 1114 2133 Neque
1136 2096 1209 2124 enim
1224 2094 1337 2121 omnino
1360 2091 1516 2120 invenimus
1535 2090 1561 2116 in
1579 2089 1667 2124 primo
1683 2128 1687 2132 .

879 2133 924 2174 die
945 2150 1008 2173 ante
1025 2144 1100 2171 olera
1121 2146 1148 2170 et
1171 2140 1273 2168 herbas
1295 2139 1322 2166 in
1350 2146 1397 2165 sex
1418 2136 1516 2163 diebus
1530 2133 1665 2161 nominari

880 2192 995 2223 fontem,
1012 2196 1102 2224 neque
1116 2187 1317 2222 irrigationem,
1333 2184 1380 2211 sed
1399 2190 1490 2217 neque
1504 2188 1602 2215 aquam
1616 2179 1667 2206 sub

880 2242 970 2268 terra;
992 2235 1041 2263 εει]
1060 2240 1170 2261 Omnem
1186 2237 1320 2266 aquarum
1347 2233 1475 2256 naturam
1500 2233 1560 2253 esse
1585 2232 1667 2258 supra

881 2286 992 2309 terram.
1014 2279 1066 2308 Ubi
1084 2282 1175 2306 autem
1193 2280 1253 2303 erat
1275 2281 1356 2308 aqua,
1383 2280 1437 2300 non
1454 2275 1513 2299 erat
1534 2269 1666 2304 irrigatio,

881 2335 932 2354 nec
949 2326 1075 2353 haustus.
1101 2324 1139 2351 Ex
1157 2329 1277 2357 quanam
1293 2325 1386 2347 autem
1407 2322 1480 2344 terra
1503 2315 1670 2343 ascendebat

880 2377 907 2400 et
924 2371 1055 2406 irrigabat
1071 2368 1247 2404 superiorem
1262 2365 1389 2393 terram?
1404 2364 1478 2390 Duas
1494 2362 1568 2390 enim
1582 2367 1671 2388 terras

881 2417 1027 2454 signiﬁcat,
1048 2415 1144 2442 dicens
1158 2413 1231 2448 quod
1252 2412 1313 2439 fons
1334 2409 1502 2438 ascendebat
1517 2407 1622 2434 inferne
1638 2414 1671 2434 ex

881 2453 965 2495 terra,
988 2468 1017 2490 et
1037 2461 1169 2497 irrigabat
1192 2460 1348 2487 universam
1372 2457 1470 2484 faciem
1494 2459 1585 2481 terrm.
1603 2453 1672 2480 Cum

880 2513 973 2536 autem
994 2507 1117 2534 nondum
1132 2508 1226 2533 essent
1247 2503 1366 2533 fructus,
1386 2508 1476 2535 neque
1497 2499 1605 2534 planlm,
1622 2506 1671 2525 nc-

879 2563 934 2590 que
958 2553 1099 2583 animalia,
1133 2558 1222 2586 neque
1245 2549 1384 2579 volucres,
1417 2553 1506 2581 neque
1534 2544 1671 2579 agricolae,

879 2608 969 2634 neque
994 2599 1107 2626 omnino
1131 2596 1278 2628 homines;
1296 2594 1427 2629 quidnam
1456 2591 1588 2626 irrigabat
1613 2590 1674 2616 fons

881 2646 926 2673 ille
945 2645 1053 2672 inferne
1076 2651 1109 2670 ex
1132 2640 1325 2670 subterraneis
1352 2639 1421 2666 locis
1447 2635 1624 2664 ascendens?
1645 2634 1673 2661 Si

881 2691 955 2719 enim
974 2689 1107 2723 irrigabat
1123 2693 1208 2715 totam
1226 2687 1324 2714 faciem
1350 2689 1440 2715 terrae,
1455 2683 1518 2718 quis
1531 2686 1589 2709 erat
1608 2687 1674 2705 usus

882 2737 960 2764 illius
984 2735 1059 2762 ﬂuvii
1078 2734 1125 2769 qui
1143 2732 1342 2768 egrediebatur
1359 2738 1391 2757 ex
1408 2729 1492 2756 Edem
1509 2728 1540 2754 ad
1558 2727 1674 2758 ‘I'I‘ig'll—

882 2782 948 2808 dum
964 2780 1136 2815 paradisum,
1157 2777 1294 2812 siquidem
1316 2777 1344 2803 in
1369 2781 1442 2803 terra
1468 2778 1509 2800 est
1525 2772 1606 2799 etiam
1624 2776 1672 2803 νῖν

883 2826 1014 2853 radisus?
1043 2825 1115 2852 Audi
1137 2824 1210 2851 enim
1237 2822 1388 2856 Scriptura:
1420 2815 1670 2851 consequentiam:

883 2873 915 2899 In
942 2871 1071 2907 principio
1095 2878 1152 2897 cum
1175 2869 1277 2904 fecisset
1299 2867 1367 2893 Deus
1395 2864 1486 2892 caelum
1513 2865 1538 2888 et
1561 2865 1671 2891 terram,
