  <div class='ocr_page' id='page_1' title='image "/cluster/home/n/w/nwhite01/storage/ocr_20150623/89/njp.32101064224908/489.png"; bbox 0 0 1990 3183; ppageno 0'>
   <div class='ocr_carea' id='block_1_1' title="bbox 331 222 383 253">
    <p class='ocr_par' dir='ltr' id='par_1_1' title="bbox 331 222 383 253">
     <span class='ocr_line' id='line_1_1' title="bbox 331 222 383 253; baseline 0.019 -1"><span class='ocrx_word' id='word_1_1' title='bbox 331 222 383 253; x_wconf 75' lang='grc'><strong>959</strong></span> 
     </span>
    </p>
   </div>
   <div class='ocr_carea' id='block_1_2' title="bbox 925 221 1957 260">
    <p class='ocr_par' dir='ltr' id='par_1_2' title="bbox 925 221 1957 260">
     <span class='ocr_line' id='line_1_2' title="bbox 925 221 1957 260; baseline 0.002 -7"><span class='ocrx_word' id='word_1_2' title='bbox 925 225 955 254; x_wconf 88' lang='lat' dir='ltr'><strong>s.</strong></span> <span class='ocrx_word' id='word_1_3' title='bbox 981 221 1176 252; x_wconf 74' lang='lat' dir='ltr'><strong>ANASTASII</strong></span> <span class='ocrx_word' id='word_1_4' title='bbox 1205 223 1366 254; x_wconf 58' lang='lat' dir='ltr'><strong>suum</strong></span> <span class='ocrx_word' id='word_1_5' title='bbox 1912 227 1957 260; x_wconf 55' lang='lat' dir='ltr'><strong>no</strong></span> 
     </span>
    </p>
   </div>
   <div class='ocr_carea' id='block_1_3' title="bbox 333 279 1955 318">
    <p class='ocr_par' dir='ltr' id='par_1_3' title="bbox 333 279 1955 318">
     <span class='ocr_line' id='line_1_3' title="bbox 333 279 1955 318; baseline 0.002 -13"><span class='ocrx_word' id='word_1_6' title='bbox 333 284 404 306; x_wconf 67' lang='lat' dir='ltr'><strong>terra</strong></span> <span class='ocrx_word' id='word_1_7' title='bbox 422 283 478 306; x_wconf 79' lang='lat' dir='ltr'><strong>erat</strong></span> <span class='ocrx_word' id='word_1_8' title='bbox 492 280 629 308; x_wconf 78' lang='lat' dir='ltr'><strong>invisibilis</strong></span> <span class='ocrx_word' id='word_1_9' title='bbox 643 286 667 308; x_wconf 81' lang='lat' dir='ltr'><strong>et</strong></span> <span class='ocrx_word' id='word_1_10' title='bbox 680 282 863 317; x_wconf 82' lang='lat' dir='ltr'><strong>incomposita,</strong></span> <span class='ocrx_word' id='word_1_11' title='bbox 879 287 902 308; x_wconf 83' lang='lat' dir='ltr'><strong>et</strong></span> <span class='ocrx_word' id='word_1_12' title='bbox 916 281 1027 308; x_wconf 82' lang='lat' dir='ltr'><strong>tencbne</strong></span> <span class='ocrx_word' id='word_1_13' title='bbox 1042 281 1116 305; x_wconf 82' lang='lat' dir='ltr'><strong>erant</strong></span> <span class='ocrx_word' id='word_1_14' title='bbox 1132 281 1156 307; x_wconf 85' lang='grc' dir='ltr'><strong>Δ</strong></span> <span class='ocrx_word' id='word_1_15' title='bbox 1171 279 1205 305; x_wconf 79' lang='lat' dir='ltr'><strong>ad</strong></span> <span class='ocrx_word' id='word_1_16' title='bbox 1221 287 1290 313; x_wconf 87' lang='lat' dir='ltr'><strong>opus</strong></span> <span class='ocrx_word' id='word_1_17' title='bbox 1313 280 1494 314; x_wconf 79' lang='lat' dir='ltr'><strong>processisset</strong></span> <span class='ocrx_word' id='word_1_18' title='bbox 1509 280 1644 316; x_wconf 79' lang='lat' dir='ltr'><strong>ejusmodi</strong></span> <span class='ocrx_word' id='word_1_19' title='bbox 1662 280 1727 308; x_wconf 90' lang='lat' dir='ltr'><strong>boni</strong></span> <span class='ocrx_word' id='word_1_20' title='bbox 1744 279 1874 316; x_wconf 65' lang='lat' dir='ltr'><strong>agricola!</strong></span> <span class='ocrx_word' id='word_1_21' title='bbox 1891 285 1955 318; x_wconf 79' lang='lat' dir='ltr'><strong>agri-</strong></span> 
     </span>
    </p>
   </div>
   <div class='ocr_carea' id='block_1_4' title="bbox 331 326 1120 361">
    <p class='ocr_par' dir='ltr' id='par_1_4' title="bbox 331 326 1120 361">
     <span class='ocr_line' id='line_1_4' title="bbox 331 326 1120 361; baseline 0 -10"><span class='ocrx_word' id='word_1_22' title='bbox 331 334 411 360; x_wconf 82' lang='lat' dir='ltr'><strong>super</strong></span> <span class='ocrx_word' id='word_1_23' title='bbox 427 326 559 361; x_wconf 74' lang='lat' dir='ltr'><strong>abyssum.</strong></span> <span class='ocrx_word' id='word_1_24' title='bbox 579 327 606 354; x_wconf 88' lang='lat' dir='ltr'><strong>Si</strong></span> <span class='ocrx_word' id='word_1_25' title='bbox 621 332 711 354; x_wconf 85' lang='lat' dir='ltr'><strong>autem</strong></span> <span class='ocrx_word' id='word_1_26' title='bbox 726 328 846 355; x_wconf 62' lang='lat' dir='ltr'><strong>tenebrte</strong></span> <span class='ocrx_word' id='word_1_27' title='bbox 858 332 937 355; x_wconf 89' lang='lat' dir='ltr'><strong>erant</strong></span> <span class='ocrx_word' id='word_1_28' title='bbox 951 334 1034 361; x_wconf 84' lang='lat' dir='ltr'><strong>super</strong></span> <span class='ocrx_word' id='word_1_29' title='bbox 1045 332 1120 352; x_wconf 86' lang='lat' dir='ltr'><strong>crea-</strong></span> 
     </span>
    </p>
   </div>
   <div class='ocr_carea' id='block_1_5' title="bbox 334 373 1119 407">
    <p class='ocr_par' dir='ltr' id='par_1_5' title="bbox 334 373 1119 407">
     <span class='ocr_line' id='line_1_5' title="bbox 334 373 1119 407; baseline 0.001 -9"><span class='ocrx_word' id='word_1_30' title='bbox 334 378 434 404; x_wconf 84' lang='lat' dir='ltr'><strong>turam,</strong></span> <span class='ocrx_word' id='word_1_31' title='bbox 461 381 510 399; x_wconf 77' lang='lat' dir='ltr'><strong>cur</strong></span> <span class='ocrx_word' id='word_1_32' title='bbox 532 373 662 407; x_wconf 80' lang='lat' dir='ltr'><strong>irrigabat</strong></span> <span class='ocrx_word' id='word_1_33' title='bbox 685 375 711 400; x_wconf 88' lang='lat' dir='ltr'><strong>itt</strong></span> <span class='ocrx_word' id='word_1_34' title='bbox 737 374 878 401; x_wconf 79' lang='lat' dir='ltr'><strong>tenebris?</strong></span> <span class='ocrx_word' id='word_1_35' title='bbox 896 374 929 400; x_wconf 74' lang='lat' dir='ltr'><strong>Et</strong></span> <span class='ocrx_word' id='word_1_36' title='bbox 959 374 981 400; x_wconf 87' lang='lat' dir='ltr'><strong>si</strong></span> <span class='ocrx_word' id='word_1_37' title='bbox 1006 373 1119 407; x_wconf 80' lang='lat' dir='ltr'><strong>spiritus</strong></span> 
     </span>
    </p>
   </div>
   <div class='ocr_carea' id='block_1_6' title="bbox 333 418 1120 454">
    <p class='ocr_par' dir='ltr' id='par_1_6' title="bbox 333 418 1120 454">
     <span class='ocr_line' id='line_1_6' title="bbox 333 418 1120 454; baseline 0.001 -10"><span class='ocrx_word' id='word_1_38' title='bbox 333 418 381 444; x_wconf 87' lang='lat' dir='ltr'><strong>Dei</strong></span> <span class='ocrx_word' id='word_1_39' title='bbox 405 419 545 445; x_wconf 83' lang='lat' dir='ltr'><strong>ferebatur</strong></span> <span class='ocrx_word' id='word_1_40' title='bbox 568 428 650 453; x_wconf 81' lang='lat' dir='ltr'><strong>super</strong></span> <span class='ocrx_word' id='word_1_41' title='bbox 676 429 792 454; x_wconf 78' lang='lat' dir='ltr'><strong>aquam.</strong></span> <span class='ocrx_word' id='word_1_42' title='bbox 818 421 869 446; x_wconf 86' lang='lat' dir='ltr'><strong>hoc</strong></span> <span class='ocrx_word' id='word_1_43' title='bbox 892 424 943 449; x_wconf 85' lang='lat' dir='ltr'><strong>est.</strong></span> <span class='ocrx_word' id='word_1_44' title='bbox 971 420 1120 445; x_wconf 85' lang='lat' dir='ltr'><strong>vehemens</strong></span> 
     </span>
    </p>
   </div>
   <div class='ocr_carea' id='block_1_7' title="bbox 332 465 1118 498">
    <p class='ocr_par' dir='ltr' id='par_1_7' title="bbox 332 465 1118 498">
     <span class='ocr_line' id='line_1_7' title="bbox 332 465 1118 498; baseline 0.003 -10"><span class='ocrx_word' id='word_1_45' title='bbox 332 467 432 490; x_wconf 80' lang='lat' dir='ltr'><strong>ventus</strong></span> <span class='ocrx_word' id='word_1_46' title='bbox 446 472 505 490; x_wconf 90' lang='lat' dir='ltr'><strong>eam</strong></span> <span class='ocrx_word' id='word_1_47' title='bbox 520 465 640 498; x_wconf 84' lang='lat' dir='ltr'><strong>agitabat</strong></span> <span class='ocrx_word' id='word_1_48' title='bbox 654 470 681 491; x_wconf 79' lang='lat' dir='ltr'><strong>et</strong></span> <span class='ocrx_word' id='word_1_49' title='bbox 693 466 884 492; x_wconf 78' lang='lat' dir='ltr'><strong>commovebat</strong></span> <span class='ocrx_word' id='word_1_50' title='bbox 897 465 1027 491; x_wconf 79' lang='lat' dir='ltr'><strong>[luctibus</strong></span> <span class='ocrx_word' id='word_1_51' title='bbox 1043 465 1118 494; x_wconf 85' lang='lat' dir='ltr'><strong>(ferri</strong></span> 
     </span>
    </p>
   </div>
   <div class='ocr_carea' id='block_1_8' title="bbox 333 509 1117 546">
    <p class='ocr_par' dir='ltr' id='par_1_8' title="bbox 333 509 1117 546">
     <span class='ocr_line' id='line_1_8' title="bbox 333 509 1117 546; baseline 0.001 -11"><span class='ocrx_word' id='word_1_52' title='bbox 333 509 405 535; x_wconf 85' lang='lat' dir='ltr'><strong>enim</strong></span> <span class='ocrx_word' id='word_1_53' title='bbox 427 515 467 536; x_wconf 81' lang='lat' dir='ltr'><strong>est</strong></span> <span class='ocrx_word' id='word_1_54' title='bbox 481 510 660 536; x_wconf 83' lang='lat' dir='ltr'><strong>vehementer</strong></span> <span class='ocrx_word' id='word_1_55' title='bbox 675 512 957 546; x_wconf 81' lang='lat' dir='ltr'><strong>moveri),quontodo,</strong></span> <span class='ocrx_word' id='word_1_56' title='bbox 972 519 1075 544; x_wconf 80' lang='lat' dir='ltr'><strong>qmeso,</strong></span> <span class='ocrx_word' id='word_1_57' title='bbox 1092 510 1117 536; x_wconf 90' lang='lat' dir='ltr'><strong>in</strong></span> 
     </span>
    </p>
   </div>
   <div class='ocr_carea' id='block_1_9' title="bbox 333 555 1118 592">
    <p class='ocr_par' dir='ltr' id='par_1_9' title="bbox 333 555 1118 592">
     <span class='ocr_line' id='line_1_9' title="bbox 333 555 1118 592; baseline 0.006 -12"><span class='ocrx_word' id='word_1_58' title='bbox 333 555 447 589; x_wconf 81' lang='lat' dir='ltr'><strong>caligine</strong></span> <span class='ocrx_word' id='word_1_59' title='bbox 465 560 492 581; x_wconf 92' lang='lat' dir='ltr'><strong>et</strong></span> <span class='ocrx_word' id='word_1_60' title='bbox 513 557 634 582; x_wconf 74' lang='lat' dir='ltr'><strong>tenebris</strong></span> <span class='ocrx_word' id='word_1_61' title='bbox 658 562 685 583; x_wconf 84' lang='lat' dir='ltr'><strong>et</strong></span> <span class='ocrx_word' id='word_1_62' title='bbox 700 562 861 591; x_wconf 75' lang='lat' dir='ltr'><strong>tempestate</strong></span> <span class='ocrx_word' id='word_1_63' title='bbox 879 562 974 592; x_wconf 66' lang='lat' dir='ltr'><strong>Lperla</strong></span> <span class='ocrx_word' id='word_1_64' title='bbox 991 557 1118 583; x_wconf 82' lang='lat' dir='ltr'><strong>fluctibus</strong></span> 
     </span>
    </p>
   </div>
   <div class='ocr_carea' id='block_1_10' title="bbox 333 600 1119 637">
    <p class='ocr_par' dir='ltr' id='par_1_10' title="bbox 333 600 1119 637">
     <span class='ocr_line' id='line_1_10' title="bbox 333 600 1119 637; baseline 0.004 -11"><span class='ocrx_word' id='word_1_65' title='bbox 333 600 439 627; x_wconf 81' lang='lat' dir='ltr'><strong>inferno</strong></span> <span class='ocrx_word' id='word_1_66' title='bbox 462 601 559 628; x_wconf 87' lang='lat' dir='ltr'><strong>obrttta</strong></span> <span class='ocrx_word' id='word_1_67' title='bbox 581 603 708 629; x_wconf 84' lang='lat' dir='ltr'><strong>universa</strong></span> <span class='ocrx_word' id='word_1_68' title='bbox 728 609 810 633; x_wconf 78' lang='lat' dir='ltr'><strong>terra,</strong></span> <span class='ocrx_word' id='word_1_69' title='bbox 828 604 861 630; x_wconf 88' lang='lat' dir='ltr'><strong>ab</strong></span> <span class='ocrx_word' id='word_1_70' title='bbox 882 604 976 637; x_wconf 85' lang='lat' dir='ltr'><strong>aliquo</strong></span> <span class='ocrx_word' id='word_1_71' title='bbox 989 603 1062 629; x_wconf 80' lang='lat' dir='ltr'><strong>fonte</strong></span> <span class='ocrx_word' id='word_1_72' title='bbox 1076 611 1119 629; x_wconf 82' lang='lat' dir='ltr'><strong>as-</strong></span> 
     </span>
    </p>
   </div>
   <div class='ocr_carea' id='block_1_11' title="bbox 331 646 1118 684">
    <p class='ocr_par' dir='ltr' id='par_1_11' title="bbox 331 646 1118 684">
     <span class='ocr_line' id='line_1_11' title="bbox 331 646 1118 684; baseline 0.006 -13"><span class='ocrx_word' id='word_1_73' title='bbox 331 646 466 674; x_wconf 85' lang='lat' dir='ltr'><strong>cendente</strong></span> <span class='ocrx_word' id='word_1_74' title='bbox 481 655 496 674; x_wconf 88' lang='lat' dir='ltr'><strong>e</strong></span> <span class='ocrx_word' id='word_1_75' title='bbox 512 653 584 674; x_wconf 75' lang='lat' dir='ltr'><strong>terra</strong></span> <span class='ocrx_word' id='word_1_76' title='bbox 598 649 782 683; x_wconf 76' lang='lat' dir='ltr'><strong>irrigabatur?</strong></span> <span class='ocrx_word' id='word_1_77' title='bbox 797 650 925 684; x_wconf 78' lang='lat' dir='ltr'><strong>Nunquid</strong></span> <span class='ocrx_word' id='word_1_78' title='bbox 942 658 1008 684; x_wconf 81' lang='lat' dir='ltr'><strong>ergo</strong></span> <span class='ocrx_word' id='word_1_79' title='bbox 1020 650 1118 676; x_wconf 70' lang='lat' dir='ltr'><strong>littera:</strong></span> 
     </span>
    </p>
   </div>
   <div class='ocr_carea' id='block_1_12' title="bbox 332 691 1118 723">
    <p class='ocr_par' dir='ltr' id='par_1_12' title="bbox 332 691 1118 723">
     <span class='ocr_line' id='line_1_12' title="bbox 332 691 1118 723; baseline 0.005 -6"><span class='ocrx_word' id='word_1_80' title='bbox 332 691 474 719; x_wconf 75' lang='lat' dir='ltr'><strong>historiam</strong></span> <span class='ocrx_word' id='word_1_81' title='bbox 488 702 540 720; x_wconf 90' lang='lat' dir='ltr'><strong>non</strong></span> <span class='ocrx_word' id='word_1_82' title='bbox 554 695 668 721; x_wconf 87' lang='lat' dir='ltr'><strong>ontuino</strong></span> <span class='ocrx_word' id='word_1_83' title='bbox 679 696 877 723; x_wconf 83' lang='lat' dir='ltr'><strong>eoneludentes</strong></span> <span class='ocrx_word' id='word_1_84' title='bbox 895 696 920 722; x_wconf 88' lang='lat' dir='ltr'><strong>lll</strong></span> <span class='ocrx_word' id='word_1_85' title='bbox 935 696 1026 722; x_wconf 87' lang='lat' dir='ltr'><strong>divitta</strong></span> <span class='ocrx_word' id='word_1_86' title='bbox 1046 695 1118 721; x_wconf 82' lang='lat' dir='ltr'><strong>Scri—</strong></span> 
     </span>
    </p>
   </div>
   <div class='ocr_carea' id='block_1_13' title="bbox 331 741 1117 776">
    <p class='ocr_par' dir='ltr' id='par_1_13' title="bbox 331 741 1117 776">
     <span class='ocr_line' id='line_1_13' title="bbox 331 741 1117 776; baseline 0.005 -13"><span class='ocrx_word' id='word_1_87' title='bbox 331 743 422 771; x_wconf 79' lang='lat' dir='ltr'><strong>ptum,</strong></span> <span class='ocrx_word' id='word_1_88' title='bbox 448 747 594 773; x_wconf 75' lang='lat' dir='ltr'><strong>possumus</strong></span> <span class='ocrx_word' id='word_1_89' title='bbox 615 742 699 768; x_wconf 86' lang='lat' dir='ltr'><strong>etiam</strong></span> <span class='ocrx_word' id='word_1_90' title='bbox 723 750 772 776; x_wconf 86' lang='lat' dir='ltr'><strong>per</strong></span> <span class='ocrx_word' id='word_1_91' title='bbox 796 750 935 776; x_wconf 73' lang='lat' dir='ltr'><strong>anagogen</strong></span> <span class='ocrx_word' id='word_1_92' title='bbox 964 741 1117 775; x_wconf 80' lang='lat' dir='ltr'><strong>intelligere</strong></span> 
     </span>
    </p>
   </div>
   <div class='ocr_carea' id='block_1_14' title="bbox 333 785 1116 822">
    <p class='ocr_par' dir='ltr' id='par_1_14' title="bbox 333 785 1116 822">
     <span class='ocr_line' id='line_1_14' title="bbox 333 785 1116 822; baseline 0.006 -13"><span class='ocrx_word' id='word_1_93' title='bbox 333 787 405 811; x_wconf 80' lang='lat' dir='ltr'><strong>hunc</strong></span> <span class='ocrx_word' id='word_1_94' title='bbox 422 785 525 812; x_wconf 80' lang='lat' dir='ltr'><strong>fontem</strong></span> <span class='ocrx_word' id='word_1_95' title='bbox 549 787 597 821; x_wconf 87' lang='lat' dir='ltr'><strong>qui</strong></span> <span class='ocrx_word' id='word_1_96' title='bbox 624 787 730 814; x_wconf 86' lang='lat' dir='ltr'><strong>inferne</strong></span> <span class='ocrx_word' id='word_1_97' title='bbox 752 788 876 814; x_wconf 75' lang='lat' dir='ltr'><strong>ascendit</strong></span> <span class='ocrx_word' id='word_1_98' title='bbox 891 797 905 814; x_wconf 89' lang='lat' dir='ltr'><strong>a</strong></span> <span class='ocrx_word' id='word_1_99' title='bbox 921 793 1005 817; x_wconf 82' lang='lat' dir='ltr'><strong>terra,</strong></span> <span class='ocrx_word' id='word_1_100' title='bbox 1027 793 1055 814; x_wconf 89' lang='lat' dir='ltr'><strong>et</strong></span> <span class='ocrx_word' id='word_1_101' title='bbox 1070 787 1116 822; x_wconf 86' lang='lat' dir='ltr'><strong>qui</strong></span> 
     </span>
    </p>
   </div>
   <div class='ocr_carea' id='block_1_15' title="bbox 331 829 1115 867">
    <p class='ocr_par' dir='ltr' id='par_1_15' title="bbox 331 829 1115 867">
     <span class='ocr_line' id='line_1_15' title="bbox 331 829 1115 867; baseline 0.005 -13"><span class='ocrx_word' id='word_1_102' title='bbox 331 829 358 855; x_wconf 94' lang='lat' dir='ltr'><strong>in</strong></span> <span class='ocrx_word' id='word_1_103' title='bbox 381 830 496 864; x_wconf 76' lang='lat' dir='ltr'><strong>caligine</strong></span> <span class='ocrx_word' id='word_1_104' title='bbox 512 839 544 858; x_wconf 89' lang='lat' dir='ltr'><strong>ac</strong></span> <span class='ocrx_word' id='word_1_105' title='bbox 558 832 681 859; x_wconf 88' lang='lat' dir='ltr'><strong>tenebris</strong></span> <span class='ocrx_word' id='word_1_106' title='bbox 700 837 727 859; x_wconf 88' lang='lat' dir='ltr'><strong>et</strong></span> <span class='ocrx_word' id='word_1_107' title='bbox 746 837 906 866; x_wconf 87' lang='lat' dir='ltr'><strong>tempestate</strong></span> <span class='ocrx_word' id='word_1_108' title='bbox 921 833 1016 867; x_wconf 76' lang='lat' dir='ltr'><strong>irrigat</strong></span> <span class='ocrx_word' id='word_1_109' title='bbox 1032 838 1115 859; x_wconf 89' lang='lat' dir='ltr'><strong>totam</strong></span> 
     </span>
    </p>
   </div>
   <div class='ocr_carea' id='block_1_16' title="bbox 330 875 1117 913">
    <p class='ocr_par' dir='ltr' id='par_1_16' title="bbox 330 875 1117 913">
     <span class='ocr_line' id='line_1_16' title="bbox 330 875 1117 913; baseline 0.005 -12"><span class='ocrx_word' id='word_1_110' title='bbox 330 875 428 902; x_wconf 86' lang='lat' dir='ltr'><strong>faciem</strong></span> <span class='ocrx_word' id='word_1_111' title='bbox 450 882 546 906; x_wconf 59' lang='lat' dir='ltr'><strong>terrai.</strong></span> <span class='ocrx_word' id='word_1_112' title='bbox 560 878 719 910; x_wconf 76' lang='lat' dir='ltr'><strong>humanam,</strong></span> <span class='ocrx_word' id='word_1_113' title='bbox 742 879 866 913; x_wconf 84' lang='lat' dir='ltr'><strong>inquam,</strong></span> <span class='ocrx_word' id='word_1_114' title='bbox 882 887 980 913; x_wconf 82' lang='lat' dir='ltr'><strong>aquam</strong></span> <span class='ocrx_word' id='word_1_115' title='bbox 998 887 1058 912; x_wconf 71' lang='lat' dir='ltr'><strong>quae</strong></span> <span class='ocrx_word' id='word_1_116' title='bbox 1075 883 1117 905; x_wconf 87' lang='lat' dir='ltr'><strong>est</strong></span> 
     </span>
    </p>
   </div>
   <div class='ocr_carea' id='block_1_17' title="bbox 329 922 1116 958">
    <p class='ocr_par' dir='ltr' id='par_1_17' title="bbox 329 922 1116 958">
     <span class='ocr_line' id='line_1_17' title="bbox 329 922 1116 958; baseline 0.005 -12"><span class='ocrx_word' id='word_1_117' title='bbox 329 922 466 948; x_wconf 83' lang='lat' dir='ltr'><strong>contraria</strong></span> <span class='ocrx_word' id='word_1_118' title='bbox 485 923 583 956; x_wconf 65' lang='lat' dir='ltr'><strong>pluviae</strong></span> <span class='ocrx_word' id='word_1_119' title='bbox 600 932 660 957; x_wconf 67' lang='lat' dir='ltr'><strong>quae</strong></span> <span class='ocrx_word' id='word_1_120' title='bbox 677 923 796 958; x_wconf 82' lang='lat' dir='ltr'><strong>desuper</strong></span> <span class='ocrx_word' id='word_1_121' title='bbox 809 924 953 951; x_wconf 73' lang='lat' dir='ltr'><strong>descendit</strong></span> <span class='ocrx_word' id='word_1_122' title='bbox 966 925 992 951; x_wconf 93' lang='lat' dir='ltr'><strong>in</strong></span> <span class='ocrx_word' id='word_1_123' title='bbox 1009 924 1116 950; x_wconf 81' lang='lat' dir='ltr'><strong>vellus?</strong></span> 
     </span>
    </p>
   </div>
   <div class='ocr_carea' id='block_1_18' title="bbox 329 967 1115 1004">
    <p class='ocr_par' dir='ltr' id='par_1_18' title="bbox 329 967 1115 1004">
     <span class='ocr_line' id='line_1_18' title="bbox 329 967 1115 1004; baseline 0.006 -12"><span class='ocrx_word' id='word_1_124' title='bbox 329 967 597 1000; x_wconf 70' lang='lat' dir='ltr'><strong>Quamobrem,cum</strong></span> <span class='ocrx_word' id='word_1_125' title='bbox 618 970 654 996; x_wconf 89' lang='lat' dir='ltr'><strong>sit</strong></span> <span class='ocrx_word' id='word_1_126' title='bbox 670 970 771 996; x_wconf 86' lang='lat' dir='ltr'><strong>sterilis</strong></span> <span class='ocrx_word' id='word_1_127' title='bbox 792 973 819 996; x_wconf 86' lang='lat' dir='ltr'><strong>et</strong></span> <span class='ocrx_word' id='word_1_128' title='bbox 835 970 963 997; x_wconf 81' lang='lat' dir='ltr'><strong>infertilis</strong></span> <span class='ocrx_word' id='word_1_129' title='bbox 987 978 1056 1004; x_wconf 85' lang='lat' dir='ltr'><strong>aqua</strong></span> <span class='ocrx_word' id='word_1_130' title='bbox 1073 971 1115 997; x_wconf 85' lang='lat' dir='ltr'><strong>illa</strong></span> 
     </span>
    </p>
   </div>
   <div class='ocr_carea' id='block_1_19' title="bbox 328 1012 1115 1050">
    <p class='ocr_par' dir='ltr' id='par_1_19' title="bbox 328 1012 1115 1050">
     <span class='ocr_line' id='line_1_19' title="bbox 328 1012 1115 1050; baseline 0.008 -14"><span class='ocrx_word' id='word_1_131' title='bbox 328 1012 520 1045; x_wconf 74' lang='lat' dir='ltr'><strong>subterranea,</strong></span> <span class='ocrx_word' id='word_1_132' title='bbox 547 1018 575 1041; x_wconf 87' lang='lat' dir='ltr'><strong>et</strong></span> <span class='ocrx_word' id='word_1_133' title='bbox 589 1015 657 1041; x_wconf 84' lang='lat' dir='ltr'><strong>mala</strong></span> <span class='ocrx_word' id='word_1_134' title='bbox 678 1021 705 1042; x_wconf 87' lang='lat' dir='ltr'><strong>et</strong></span> <span class='ocrx_word' id='word_1_135' title='bbox 721 1016 893 1042; x_wconf 81' lang='lat' dir='ltr'><strong>teneltricosa</strong></span> <span class='ocrx_word' id='word_1_136' title='bbox 908 1016 1041 1050; x_wconf 75' lang='lat' dir='ltr'><strong>irrigatio,</strong></span> <span class='ocrx_word' id='word_1_137' title='bbox 1061 1023 1115 1042; x_wconf 89' lang='lat' dir='ltr'><strong>tton</strong></span> 
     </span>
    </p>
   </div>
   <div class='ocr_carea' id='block_1_20' title="bbox 328 1061 1116 1095">
    <p class='ocr_par' dir='ltr' id='par_1_20' title="bbox 328 1061 1116 1095">
     <span class='ocr_line' id='line_1_20' title="bbox 328 1061 1116 1095; baseline 0.008 -13"><span class='ocrx_word' id='word_1_138' title='bbox 328 1062 435 1091; x_wconf 86' lang='lat' dir='ltr'><strong>poterat</strong></span> <span class='ocrx_word' id='word_1_139' title='bbox 461 1064 532 1086; x_wconf 81' lang='lat' dir='ltr'><strong>terra</strong></span> <span class='ocrx_word' id='word_1_140' title='bbox 557 1061 697 1095; x_wconf 74' lang='lat' dir='ltr'><strong>particeps</strong></span> <span class='ocrx_word' id='word_1_141' title='bbox 724 1062 841 1088; x_wconf 79' lang='lat' dir='ltr'><strong>rationis</strong></span> <span class='ocrx_word' id='word_1_142' title='bbox 864 1062 1017 1095; x_wconf 88' lang='lat' dir='ltr'><strong>producere</strong></span> <span class='ocrx_word' id='word_1_143' title='bbox 1035 1070 1116 1088; x_wconf 89' lang='lat' dir='ltr'><strong>onttte</strong></span> 
     </span>
    </p>
   </div>
   <div class='ocr_carea' id='block_1_21' title="bbox 326 1104 1117 1140">
    <p class='ocr_par' dir='ltr' id='par_1_21' title="bbox 326 1104 1117 1140">
     <span class='ocr_line' id='line_1_21' title="bbox 326 1104 1117 1140; baseline 0.005 -10"><span class='ocrx_word' id='word_1_144' title='bbox 326 1112 414 1135; x_wconf 63' lang='lat' dir='ltr'><strong>genus</strong></span> <span class='ocrx_word' id='word_1_145' title='bbox 423 1104 522 1135; x_wconf 83' lang='lat' dir='ltr'><strong>viride,</strong></span> <span class='ocrx_word' id='word_1_146' title='bbox 543 1114 640 1140; x_wconf 88' lang='lat' dir='ltr'><strong>nempe</strong></span> <span class='ocrx_word' id='word_1_147' title='bbox 652 1111 700 1132; x_wconf 87' lang='lat' dir='ltr'><strong>attt</strong></span> <span class='ocrx_word' id='word_1_148' title='bbox 716 1107 835 1134; x_wconf 84' lang='lat' dir='ltr'><strong>fructum</strong></span> <span class='ocrx_word' id='word_1_149' title='bbox 848 1112 893 1133; x_wconf 87' lang='lat' dir='ltr'><strong>aut</strong></span> <span class='ocrx_word' id='word_1_150' title='bbox 907 1107 1030 1133; x_wconf 84' lang='lat' dir='ltr'><strong>herbam.</strong></span> <span class='ocrx_word' id='word_1_151' title='bbox 1045 1107 1117 1134; x_wconf 88' lang='lat' dir='ltr'><strong>Deus</strong></span> 
     </span>
    </p>
   </div>
   <div class='ocr_carea' id='block_1_22' title="bbox 326 1149 1117 1187">
    <p class='ocr_par' dir='ltr' id='par_1_22' title="bbox 326 1149 1117 1187">
     <span class='ocr_line' id='line_1_22' title="bbox 326 1149 1117 1187; baseline 0.006 -13"><span class='ocrx_word' id='word_1_152' title='bbox 326 1149 399 1175; x_wconf 75' lang='lat' dir='ltr'><strong>enim</strong></span> <span class='ocrx_word' id='word_1_153' title='bbox 426 1150 605 1177; x_wconf 77' lang='lat' dir='ltr'><strong>voluntariam</strong></span> <span class='ocrx_word' id='word_1_154' title='bbox 632 1152 749 1186; x_wconf 83' lang='lat' dir='ltr'><strong>pluviam</strong></span> <span class='ocrx_word' id='word_1_155' title='bbox 769 1153 792 1168; x_wconf 81' lang='lat'>&quot;</span> <span class='ocrx_word' id='word_1_156' title='bbox 807 1153 926 1187; x_wconf 75' lang='lat' dir='ltr'><strong>desuper</strong></span> <span class='ocrx_word' id='word_1_157' title='bbox 940 1161 993 1179; x_wconf 89' lang='lat' dir='ltr'><strong>non</strong></span> <span class='ocrx_word' id='word_1_158' title='bbox 1010 1154 1117 1187; x_wconf 87' lang='lat' dir='ltr'><strong>pluerat</strong></span> 
     </span>
    </p>
   </div>
   <div class='ocr_carea' id='block_1_23' title="bbox 326 1198 1114 1232">
    <p class='ocr_par' dir='ltr' id='par_1_23' title="bbox 326 1198 1114 1232">
     <span class='ocr_line' id='line_1_23' title="bbox 326 1198 1114 1232; baseline 0.006 -11"><span class='ocrx_word' id='word_1_159' title='bbox 326 1204 360 1222; x_wconf 83' lang='lat' dir='ltr'><strong>ex</strong></span> <span class='ocrx_word' id='word_1_160' title='bbox 385 1198 499 1230; x_wconf 83' lang='lat' dir='ltr'><strong>perenni</strong></span> <span class='ocrx_word' id='word_1_161' title='bbox 518 1198 592 1225; x_wconf 86' lang='lat' dir='ltr'><strong>fonte</strong></span> <span class='ocrx_word' id='word_1_162' title='bbox 611 1199 692 1231; x_wconf 63' lang='lat' dir='ltr'><strong>vitae;</strong></span> <span class='ocrx_word' id='word_1_163' title='bbox 716 1208 771 1226; x_wconf 92' lang='lat' dir='ltr'><strong>non</strong></span> <span class='ocrx_word' id='word_1_164' title='bbox 789 1205 848 1226; x_wconf 84' lang='lat' dir='ltr'><strong>erat</strong></span> <span class='ocrx_word' id='word_1_165' title='bbox 870 1208 915 1226; x_wconf 90' lang='lat' dir='ltr'><strong>ros</strong></span> <span class='ocrx_word' id='word_1_166' title='bbox 937 1208 970 1227; x_wconf 79' lang='lat' dir='ltr'><strong>ex</strong></span> <span class='ocrx_word' id='word_1_167' title='bbox 985 1200 1114 1232; x_wconf 86' lang='lat' dir='ltr'><strong>llcrmon,</strong></span> 
     </span>
    </p>
   </div>
   <div class='ocr_carea' id='block_1_24' title="bbox 325 1242 1116 1280">
    <p class='ocr_par' dir='ltr' id='par_1_24' title="bbox 325 1242 1116 1280">
     <span class='ocr_line' id='line_1_24' title="bbox 325 1242 1116 1280; baseline 0.008 -13"><span class='ocrx_word' id='word_1_168' title='bbox 325 1242 505 1277; x_wconf 79' lang='lat' dir='ltr'><strong>Cltristusqui</strong></span> <span class='ocrx_word' id='word_1_169' title='bbox 519 1252 551 1269; x_wconf 81' lang='lat' dir='ltr'><strong>ex</strong></span> <span class='ocrx_word' id='word_1_170' title='bbox 564 1244 643 1271; x_wconf 81' lang='lat' dir='ltr'><strong>Patre</strong></span> <span class='ocrx_word' id='word_1_171' title='bbox 656 1245 817 1276; x_wconf 84' lang='lat' dir='ltr'><strong>descendit.</strong></span> <span class='ocrx_word' id='word_1_172' title='bbox 835 1254 923 1280; x_wconf 84' lang='lat' dir='ltr'><strong>neque</strong></span> <span class='ocrx_word' id='word_1_173' title='bbox 935 1246 979 1280; x_wconf 88' lang='lat' dir='ltr'><strong>qui</strong></span> <span class='ocrx_word' id='word_1_174' title='bbox 999 1247 1116 1273; x_wconf 89' lang='lat' dir='ltr'><strong>seminat</strong></span> 
     </span>
    </p>
   </div>
   <div class='ocr_carea' id='block_1_25' title="bbox 326 1287 1115 1323">
    <p class='ocr_par' dir='ltr' id='par_1_25' title="bbox 326 1287 1115 1323">
     <span class='ocr_line' id='line_1_25' title="bbox 326 1287 1115 1323; baseline 0.008 -10"><span class='ocrx_word' id='word_1_175' title='bbox 326 1287 359 1314; x_wconf 84' lang='lat' dir='ltr'><strong>ad</strong></span> <span class='ocrx_word' id='word_1_176' title='bbox 379 1288 573 1315; x_wconf 87' lang='lat' dir='ltr'><strong>setninandum</strong></span> <span class='ocrx_word' id='word_1_177' title='bbox 597 1290 793 1323; x_wconf 80' lang='lat' dir='ltr'><strong>Evangelium,</strong></span> <span class='ocrx_word' id='word_1_178' title='bbox 813 1296 842 1318; x_wconf 87' lang='lat' dir='ltr'><strong>et</strong></span> <span class='ocrx_word' id='word_1_179' title='bbox 864 1292 946 1318; x_wconf 88' lang='lat' dir='ltr'><strong>homo</strong></span> <span class='ocrx_word' id='word_1_180' title='bbox 973 1300 1027 1318; x_wconf 87' lang='lat' dir='ltr'><strong>tton</strong></span> <span class='ocrx_word' id='word_1_181' title='bbox 1055 1296 1115 1319; x_wconf 87' lang='lat' dir='ltr'><strong>erat</strong></span> 
     </span>
    </p>
   </div>
   <div class='ocr_carea' id='block_1_26' title="bbox 325 1333 1113 1371">
    <p class='ocr_par' dir='ltr' id='par_1_26' title="bbox 325 1333 1113 1371">
     <span class='ocr_line' id='line_1_26' title="bbox 325 1333 1113 1371; baseline 0.008 -13"><span class='ocrx_word' id='word_1_182' title='bbox 325 1333 493 1366; x_wconf 83' lang='lat' dir='ltr'><strong>apostolicus</strong></span> <span class='ocrx_word' id='word_1_183' title='bbox 507 1335 539 1361; x_wconf 90' lang='lat' dir='ltr'><strong>ad</strong></span> <span class='ocrx_word' id='word_1_184' title='bbox 554 1336 721 1369; x_wconf 88' lang='lat' dir='ltr'><strong>operandam</strong></span> <span class='ocrx_word' id='word_1_185' title='bbox 734 1341 832 1363; x_wconf 86' lang='lat' dir='ltr'><strong>terram</strong></span> <span class='ocrx_word' id='word_1_186' title='bbox 847 1345 908 1371; x_wconf 77' lang='lat' dir='ltr'><strong>quze</strong></span> <span class='ocrx_word' id='word_1_187' title='bbox 922 1342 962 1364; x_wconf 88' lang='lat' dir='ltr'><strong>est</strong></span> <span class='ocrx_word' id='word_1_188' title='bbox 975 1337 1000 1363; x_wconf 91' lang='lat' dir='ltr'><strong>in</strong></span> <span class='ocrx_word' id='word_1_189' title='bbox 1012 1338 1113 1364; x_wconf 83' lang='lat' dir='ltr'><strong>anima.</strong></span> 
     </span>
    </p>
   </div>
   <div class='ocr_carea' id='block_1_27' title="bbox 360 1379 1114 1416">
    <p class='ocr_par' dir='ltr' id='par_1_27' title="bbox 360 1379 1114 1416">
     <span class='ocr_line' id='line_1_27' title="bbox 360 1379 1114 1416; baseline 0.007 -12"><span class='ocrx_word' id='word_1_190' title='bbox 360 1379 484 1414; x_wconf 81' lang='lat' dir='ltr'><strong>lntelligc</strong></span> <span class='ocrx_word' id='word_1_191' title='bbox 500 1386 642 1414; x_wconf 52' lang='lat' dir='ltr'><strong>prieterea,</strong></span> <span class='ocrx_word' id='word_1_192' title='bbox 654 1390 757 1416; x_wconf 69' lang='lat' dir='ltr'><strong>quaeso.</strong></span> <span class='ocrx_word' id='word_1_193' title='bbox 770 1383 829 1408; x_wconf 68' lang='lat' dir='ltr'><strong>Non</strong></span> <span class='ocrx_word' id='word_1_194' title='bbox 846 1383 913 1409; x_wconf 83' lang='lat' dir='ltr'><strong>dixit</strong></span> <span class='ocrx_word' id='word_1_195' title='bbox 925 1383 1018 1409; x_wconf 80' lang='lat' dir='ltr'><strong>divina</strong></span> <span class='ocrx_word' id='word_1_196' title='bbox 1039 1383 1114 1410; x_wconf 86' lang='lat' dir='ltr'><strong>Scri-</strong></span> 
     </span>
    </p>
   </div>
   <div class='ocr_carea' id='block_1_28' title="bbox 325 1427 1115 1460">
    <p class='ocr_par' dir='ltr' id='par_1_28' title="bbox 325 1427 1115 1460">
     <span class='ocr_line' id='line_1_28' title="bbox 325 1427 1115 1460; baseline 0.008 -10"><span class='ocrx_word' id='word_1_197' title='bbox 325 1429 405 1457; x_wconf 82' lang='lat' dir='ltr'><strong>ptura</strong></span> <span class='ocrx_word' id='word_1_198' title='bbox 426 1427 498 1460; x_wconf 91' lang='lat' dir='ltr'><strong>quod</strong></span> <span class='ocrx_word' id='word_1_199' title='bbox 515 1435 568 1452; x_wconf 90' lang='lat' dir='ltr'><strong>non</strong></span> <span class='ocrx_word' id='word_1_200' title='bbox 581 1433 640 1453; x_wconf 85' lang='lat' dir='ltr'><strong>erat</strong></span> <span class='ocrx_word' id='word_1_201' title='bbox 658 1428 739 1454; x_wconf 85' lang='lat' dir='ltr'><strong>homo</strong></span> <span class='ocrx_word' id='word_1_202' title='bbox 757 1438 762 1454; x_wconf 92' lang='lat'><strong>:</strong></span> <span class='ocrx_word' id='word_1_203' title='bbox 778 1428 805 1455; x_wconf 90' lang='lat' dir='ltr'><strong>in</strong></span> <span class='ocrx_word' id='word_1_204' title='bbox 826 1429 872 1455; x_wconf 89' lang='lat' dir='ltr'><strong>illo</strong></span> <span class='ocrx_word' id='word_1_205' title='bbox 886 1429 958 1455; x_wconf 87' lang='lat' dir='ltr'><strong>enim</strong></span> <span class='ocrx_word' id='word_1_206' title='bbox 972 1429 1016 1456; x_wconf 92' lang='lat' dir='ltr'><strong>die</strong></span> <span class='ocrx_word' id='word_1_207' title='bbox 1033 1430 1115 1457; x_wconf 89' lang='lat' dir='ltr'><strong>ltomo</strong></span> 
     </span>
    </p>
   </div>
   <div class='ocr_carea' id='block_1_29' title="bbox 325 1470 1113 1509">
    <p class='ocr_par' dir='ltr' id='par_1_29' title="bbox 325 1470 1113 1509">
     <span class='ocr_line' id='line_1_29' title="bbox 325 1470 1113 1509; baseline 0.009 -14"><span class='ocrx_word' id='word_1_208' title='bbox 325 1470 414 1496; x_wconf 81' lang='lat' dir='ltr'><strong>factus</strong></span> <span class='ocrx_word' id='word_1_209' title='bbox 434 1470 533 1498; x_wconf 76' lang='lat' dir='ltr'><strong>fuerat.</strong></span> <span class='ocrx_word' id='word_1_210' title='bbox 562 1472 614 1498; x_wconf 85' lang='lat' dir='ltr'><strong>Sed</strong></span> <span class='ocrx_word' id='word_1_211' title='bbox 639 1481 694 1499; x_wconf 89' lang='lat' dir='ltr'><strong>tton</strong></span> <span class='ocrx_word' id='word_1_212' title='bbox 718 1478 777 1500; x_wconf 86' lang='lat' dir='ltr'><strong>erat</strong></span> <span class='ocrx_word' id='word_1_213' title='bbox 805 1474 941 1508; x_wconf 83' lang='lat' dir='ltr'><strong>ejusmodi</strong></span> <span class='ocrx_word' id='word_1_214' title='bbox 967 1475 1050 1501; x_wconf 89' lang='lat' dir='ltr'><strong>ltomo</strong></span> <span class='ocrx_word' id='word_1_215' title='bbox 1068 1475 1113 1509; x_wconf 89' lang='lat' dir='ltr'><strong>qui</strong></span> 
     </span>
    </p>
   </div>
   <div class='ocr_carea' id='block_1_30' title="bbox 325 1517 1114 1550">
    <p class='ocr_par' dir='ltr' id='par_1_30' title="bbox 325 1517 1114 1550">
     <span class='ocr_line' id='line_1_30' title="bbox 325 1517 1114 1550; baseline 0.009 -9"><span class='ocrx_word' id='word_1_216' title='bbox 325 1520 416 1549; x_wconf 79' lang='lat' dir='ltr'><strong>posset</strong></span> <span class='ocrx_word' id='word_1_217' title='bbox 441 1517 548 1550; x_wconf 80' lang='lat' dir='ltr'><strong>operari</strong></span> <span class='ocrx_word' id='word_1_218' title='bbox 567 1523 593 1544; x_wconf 86' lang='lat' dir='ltr'><strong>et</strong></span> <span class='ocrx_word' id='word_1_219' title='bbox 613 1519 704 1545; x_wconf 90' lang='lat' dir='ltr'><strong>colere</strong></span> <span class='ocrx_word' id='word_1_220' title='bbox 727 1523 828 1545; x_wconf 83' lang='lat' dir='ltr'><strong>terram</strong></span> <span class='ocrx_word' id='word_1_221' title='bbox 858 1520 965 1547; x_wconf 61' lang='lat' dir='ltr'><strong>animat.</strong></span> <span class='ocrx_word' id='word_1_222' title='bbox 987 1521 1114 1548; x_wconf 82' lang='lat' dir='ltr'><strong>Nondum</strong></span> 
     </span>
    </p>
   </div>
   <div class='ocr_carea' id='block_1_31' title="bbox 324 1561 1115 1600">
    <p class='ocr_par' dir='ltr' id='par_1_31' title="bbox 324 1561 1115 1600">
     <span class='ocr_line' id='line_1_31' title="bbox 324 1561 1115 1600; baseline 0.008 -13"><span class='ocrx_word' id='word_1_223' title='bbox 324 1561 397 1587; x_wconf 88' lang='lat' dir='ltr'><strong>enittt</strong></span> <span class='ocrx_word' id='word_1_224' title='bbox 419 1562 524 1588; x_wconf 76' lang='lat' dir='ltr'><strong>exierat</strong></span> <span class='ocrx_word' id='word_1_225' title='bbox 545 1563 626 1590; x_wconf 89' lang='lat' dir='ltr'><strong>ltonto</strong></span> <span class='ocrx_word' id='word_1_226' title='bbox 644 1565 690 1598; x_wconf 88' lang='lat' dir='ltr'><strong>qui</strong></span> <span class='ocrx_word' id='word_1_227' title='bbox 707 1573 721 1591; x_wconf 92' lang='lat' dir='ltr'><strong>e</strong></span> <span class='ocrx_word' id='word_1_228' title='bbox 740 1565 810 1591; x_wconf 54' lang='lat' dir='ltr'><strong>coelo</strong></span> <span class='ocrx_word' id='word_1_229' title='bbox 829 1565 982 1597; x_wconf 80' lang='lat' dir='ltr'><strong>descendit,</strong></span> <span class='ocrx_word' id='word_1_230' title='bbox 1001 1567 1032 1592; x_wconf 88' lang='lat' dir='ltr'><strong>ad</strong></span> <span class='ocrx_word' id='word_1_231' title='bbox 1051 1575 1115 1600; x_wconf 89' lang='lat' dir='ltr'><strong>ope-</strong></span> 
     </span>
    </p>
   </div>
   <div class='ocr_carea' id='block_1_32' title="bbox 325 1607 1149 1651">
    <p class='ocr_par' dir='ltr' id='par_1_32' title="bbox 325 1607 1149 1651">
     <span class='ocr_line' id='line_1_32' title="bbox 325 1607 1149 1651; baseline 0.008 -19"><span class='ocrx_word' id='word_1_232' title='bbox 325 1607 437 1633; x_wconf 83' lang='lat' dir='ltr'><strong>randam</strong></span> <span class='ocrx_word' id='word_1_233' title='bbox 461 1613 487 1634; x_wconf 91' lang='lat' dir='ltr'><strong>et</strong></span> <span class='ocrx_word' id='word_1_234' title='bbox 514 1609 656 1636; x_wconf 82' lang='lat' dir='ltr'><strong>eolcndant</strong></span> <span class='ocrx_word' id='word_1_235' title='bbox 682 1610 779 1637; x_wconf 81' lang='lat' dir='ltr'><strong>anima:</strong></span> <span class='ocrx_word' id='word_1_236' title='bbox 801 1615 911 1642; x_wconf 83' lang='lat' dir='ltr'><strong>terram,</strong></span> <span class='ocrx_word' id='word_1_237' title='bbox 938 1616 966 1638; x_wconf 85' lang='lat' dir='ltr'><strong>et</strong></span> <span class='ocrx_word' id='word_1_238' title='bbox 991 1612 1023 1638; x_wconf 90' lang='lat' dir='ltr'><strong>ad</strong></span> <span class='ocrx_word' id='word_1_239' title='bbox 1038 1613 1113 1638; x_wconf 73' lang='lat' dir='ltr'><strong>evel-</strong></span> <span class='ocrx_word' id='word_1_240' title='bbox 1129 1623 1149 1651; x_wconf 67' lang='grc' dir='ltr'><strong>ρ</strong></span> 
     </span>
    </p>
   </div>
   <div class='ocr_carea' id='block_1_33' title="bbox 325 1653 1111 1692">
    <p class='ocr_par' dir='ltr' id='par_1_33' title="bbox 325 1653 1111 1692">
     <span class='ocr_line' id='line_1_33' title="bbox 325 1653 1111 1692; baseline 0.009 -15"><span class='ocrx_word' id='word_1_241' title='bbox 325 1653 421 1679; x_wconf 79' lang='lat' dir='ltr'><strong>lendas</strong></span> <span class='ocrx_word' id='word_1_242' title='bbox 445 1655 537 1687; x_wconf 83' lang='lat' dir='ltr'><strong>spinas</strong></span> <span class='ocrx_word' id='word_1_243' title='bbox 561 1659 588 1681; x_wconf 83' lang='lat' dir='ltr'><strong>et</strong></span> <span class='ocrx_word' id='word_1_244' title='bbox 612 1656 729 1683; x_wconf 80' lang='lat' dir='ltr'><strong>tribulos</strong></span> <span class='ocrx_word' id='word_1_245' title='bbox 749 1666 754 1682; x_wconf 89' lang='lat'>:</span> <span class='ocrx_word' id='word_1_246' title='bbox 784 1657 817 1683; x_wconf 89' lang='lat' dir='ltr'><strong>ad</strong></span> <span class='ocrx_word' id='word_1_247' title='bbox 846 1657 1001 1684; x_wconf 83' lang='lat' dir='ltr'><strong>faciendum</strong></span> <span class='ocrx_word' id='word_1_248' title='bbox 1024 1658 1111 1692; x_wconf 88' lang='lat' dir='ltr'><strong>ipsunt</strong></span> 
     </span>
    </p>
   </div>
   <div class='ocr_carea' id='block_1_34' title="bbox 325 1697 1111 1737">
    <p class='ocr_par' dir='ltr' id='par_1_34' title="bbox 325 1697 1111 1737">
     <span class='ocr_line' id='line_1_34' title="bbox 325 1697 1111 1737; baseline 0.01 -15"><span class='ocrx_word' id='word_1_249' title='bbox 325 1697 444 1724; x_wconf 79' lang='lat' dir='ltr'><strong>fructum</strong></span> <span class='ocrx_word' id='word_1_250' title='bbox 464 1698 489 1725; x_wconf 93' lang='lat' dir='ltr'><strong>in</strong></span> <span class='ocrx_word' id='word_1_251' title='bbox 507 1700 630 1733; x_wconf 66' lang='lat' dir='ltr'><strong>triginta,</strong></span> <span class='ocrx_word' id='word_1_252' title='bbox 648 1705 674 1726; x_wconf 82' lang='lat' dir='ltr'><strong>et</strong></span> <span class='ocrx_word' id='word_1_253' title='bbox 686 1702 837 1735; x_wconf 65' lang='lat' dir='ltr'><strong>sexaginta,</strong></span> <span class='ocrx_word' id='word_1_254' title='bbox 851 1702 931 1737; x_wconf 81' lang='lat'><strong>893</strong></span> <span class='ocrx_word' id='word_1_255' title='bbox 946 1708 973 1729; x_wconf 79' lang='lat' dir='ltr'><strong>et</strong></span> <span class='ocrx_word' id='word_1_256' title='bbox 990 1708 1111 1730; x_wconf 85' lang='lat' dir='ltr'><strong>centum.</strong></span> 
     </span>
    </p>
   </div>
   <div class='ocr_carea' id='block_1_35' title="bbox 324 1742 1112 1781">
    <p class='ocr_par' dir='ltr' id='par_1_35' title="bbox 324 1742 1112 1781">
     <span class='ocr_line' id='line_1_35' title="bbox 324 1742 1112 1781; baseline 0.01 -14"><span class='ocrx_word' id='word_1_257' title='bbox 324 1742 459 1775; x_wconf 82' lang='lat' dir='ltr'><strong>Quoniam</strong></span> <span class='ocrx_word' id='word_1_258' title='bbox 477 1752 542 1778; x_wconf 82' lang='lat' dir='ltr'><strong>ergo</strong></span> <span class='ocrx_word' id='word_1_259' title='bbox 557 1746 677 1772; x_wconf 88' lang='lat' dir='ltr'><strong>nondum</strong></span> <span class='ocrx_word' id='word_1_260' title='bbox 691 1753 856 1781; x_wconf 81' lang='lat' dir='ltr'><strong>apparuerat</strong></span> <span class='ocrx_word' id='word_1_261' title='bbox 870 1748 1026 1781; x_wconf 81' lang='lat' dir='ltr'><strong>hujusntodi</strong></span> <span class='ocrx_word' id='word_1_262' title='bbox 1042 1749 1112 1776; x_wconf 78' lang='lat' dir='ltr'><strong>Deus</strong></span> 
     </span>
    </p>
   </div>
   <div class='ocr_carea' id='block_1_36' title="bbox 325 1789 1113 1824">
    <p class='ocr_par' dir='ltr' id='par_1_36' title="bbox 325 1789 1113 1824">
     <span class='ocr_line' id='line_1_36' title="bbox 325 1789 1113 1824; baseline 0.009 -10"><span class='ocrx_word' id='word_1_263' title='bbox 325 1789 407 1815; x_wconf 88' lang='lat' dir='ltr'><strong>ltomo</strong></span> <span class='ocrx_word' id='word_1_264' title='bbox 418 1790 450 1816; x_wconf 84' lang='lat' dir='ltr'><strong>ad</strong></span> <span class='ocrx_word' id='word_1_265' title='bbox 461 1791 627 1824; x_wconf 77' lang='lat' dir='ltr'><strong>operandam</strong></span> <span class='ocrx_word' id='word_1_266' title='bbox 640 1796 740 1818; x_wconf 82' lang='lat' dir='ltr'><strong>terram</strong></span> <span class='ocrx_word' id='word_1_267' title='bbox 755 1801 760 1818; x_wconf 75' lang='grc' dir='ltr'><strong>ε</strong></span> <span class='ocrx_word' id='word_1_268' title='bbox 773 1792 834 1819; x_wconf 82' lang='lat' dir='ltr'><strong>fons</strong></span> <span class='ocrx_word' id='word_1_269' title='bbox 845 1797 934 1819; x_wconf 86' lang='lat' dir='ltr'><strong>autem</strong></span> <span class='ocrx_word' id='word_1_270' title='bbox 950 1794 993 1820; x_wconf 89' lang='lat' dir='ltr'><strong>ille</strong></span> <span class='ocrx_word' id='word_1_271' title='bbox 1005 1795 1113 1821; x_wconf 83' lang='lat' dir='ltr'><strong>subter-</strong></span> 
     </span>
    </p>
   </div>
   <div class='ocr_carea' id='block_1_37' title="bbox 325 1835 1111 1873">
    <p class='ocr_par' dir='ltr' id='par_1_37' title="bbox 325 1835 1111 1873">
     <span class='ocr_line' id='line_1_37' title="bbox 325 1835 1111 1873; baseline 0.006 -12"><span class='ocrx_word' id='word_1_272' title='bbox 325 1843 425 1862; x_wconf 80' lang='lat' dir='ltr'><strong>raneus</strong></span> <span class='ocrx_word' id='word_1_273' title='bbox 438 1835 546 1870; x_wconf 85' lang='lat' dir='ltr'><strong>(nempe</strong></span> <span class='ocrx_word' id='word_1_274' title='bbox 562 1837 679 1871; x_wconf 81' lang='lat' dir='ltr'><strong>maligna</strong></span> <span class='ocrx_word' id='word_1_275' title='bbox 699 1839 833 1873; x_wconf 79' lang='lat' dir='ltr'><strong>potestas)</strong></span> <span class='ocrx_word' id='word_1_276' title='bbox 856 1839 1007 1866; x_wconf 86' lang='lat' dir='ltr'><strong>inundabat</strong></span> <span class='ocrx_word' id='word_1_277' title='bbox 1022 1844 1050 1866; x_wconf 87' lang='lat' dir='ltr'><strong>et</strong></span> <span class='ocrx_word' id='word_1_278' title='bbox 1072 1840 1111 1866; x_wconf 91' lang='lat' dir='ltr'><strong>ir-</strong></span> 
     </span>
    </p>
   </div>
   <div class='ocr_carea' id='block_1_38' title="bbox 325 1880 1111 1919">
    <p class='ocr_par' dir='ltr' id='par_1_38' title="bbox 325 1880 1111 1919">
     <span class='ocr_line' id='line_1_38' title="bbox 325 1880 1111 1919; baseline 0.009 -13"><span class='ocrx_word' id='word_1_279' title='bbox 325 1880 432 1913; x_wconf 76' lang='lat' dir='ltr'><strong>rigabat</strong></span> <span class='ocrx_word' id='word_1_280' title='bbox 461 1886 544 1908; x_wconf 88' lang='lat' dir='ltr'><strong>totattt</strong></span> <span class='ocrx_word' id='word_1_281' title='bbox 571 1883 668 1909; x_wconf 79' lang='lat' dir='ltr'><strong>faciem</strong></span> <span class='ocrx_word' id='word_1_282' title='bbox 700 1887 779 1910; x_wconf 62' lang='lat' dir='ltr'><strong>terrae</strong></span> <span class='ocrx_word' id='word_1_283' title='bbox 803 1893 808 1910; x_wconf 86' lang='lat'>:</span> <span class='ocrx_word' id='word_1_284' title='bbox 840 1890 986 1919; x_wconf 81' lang='lat' dir='ltr'><strong>propterea</strong></span> <span class='ocrx_word' id='word_1_285' title='bbox 1018 1886 1111 1913; x_wconf 81' lang='lat' dir='ltr'><strong>divina</strong></span> 
     </span>
    </p>
   </div>
   <div class='ocr_carea' id='block_1_39' title="bbox 325 1926 1109 1964">
    <p class='ocr_par' dir='ltr' id='par_1_39' title="bbox 325 1926 1109 1964">
     <span class='ocr_line' id='line_1_39' title="bbox 325 1926 1109 1964; baseline 0.009 -13"><span class='ocrx_word' id='word_1_286' title='bbox 325 1926 466 1960; x_wconf 83' lang='lat' dir='ltr'><strong>Scriptura</strong></span> <span class='ocrx_word' id='word_1_287' title='bbox 481 1927 574 1953; x_wconf 79' lang='lat' dir='ltr'><strong>statim</strong></span> <span class='ocrx_word' id='word_1_288' title='bbox 597 1928 701 1955; x_wconf 83' lang='lat' dir='ltr'><strong>inducit</strong></span> <span class='ocrx_word' id='word_1_289' title='bbox 720 1929 872 1960; x_wconf 84' lang='lat' dir='ltr'><strong>hominem.</strong></span> <span class='ocrx_word' id='word_1_290' title='bbox 894 1930 1006 1964; x_wconf 78' lang='lat' dir='ltr'><strong>figuram</strong></span> <span class='ocrx_word' id='word_1_291' title='bbox 1024 1931 1109 1958; x_wconf 78' lang='lat' dir='ltr'><strong>homi-</strong></span> 
     </span>
    </p>
   </div>
   <div class='ocr_carea' id='block_1_40' title="bbox 323 1971 1110 2008">
    <p class='ocr_par' dir='ltr' id='par_1_40' title="bbox 323 1971 1110 2008">
     <span class='ocr_line' id='line_1_40' title="bbox 323 1971 1110 2008; baseline 0.009 -11"><span class='ocrx_word' id='word_1_292' title='bbox 323 1971 367 1998; x_wconf 88' lang='lat' dir='ltr'><strong>nis</strong></span> <span class='ocrx_word' id='word_1_293' title='bbox 386 1972 516 2003; x_wconf 75' lang='lat' dir='ltr'><strong>cazlestis.</strong></span> <span class='ocrx_word' id='word_1_294' title='bbox 531 1973 624 2001; x_wconf 83' lang='lat' dir='ltr'><strong>dicens</strong></span> <span class='ocrx_word' id='word_1_295' title='bbox 643 1983 649 2000; x_wconf 90' lang='lat'><strong><em>:</em></strong></span> <span class='ocrx_word' id='word_1_296' title='bbox 666 1974 700 2001; x_wconf 83' lang='lat' dir='ltr'><strong>Et</strong></span> <span class='ocrx_word' id='word_1_297' title='bbox 710 1975 787 2008; x_wconf 61' lang='lat' dir='ltr'><strong>ﬁnxit</strong></span> <span class='ocrx_word' id='word_1_298' title='bbox 809 1976 874 2002; x_wconf 72' lang='lat' dir='ltr'><strong>Deus</strong></span> <span class='ocrx_word' id='word_1_299' title='bbox 890 1977 1019 2003; x_wconf 80' lang='lat' dir='ltr'><strong>hominem</strong></span> <span class='ocrx_word' id='word_1_300' title='bbox 1032 1979 1110 2004; x_wconf 83' lang='lat' dir='ltr'><strong>humo</strong></span> 
     </span>
    </p>
   </div>
   <div class='ocr_carea' id='block_1_41' title="bbox 324 2020 1110 2057">
    <p class='ocr_par' dir='ltr' id='par_1_41' title="bbox 324 2020 1110 2057">
     <span class='ocr_line' id='line_1_41' title="bbox 324 2020 1110 2057; baseline 0.009 -15"><span class='ocrx_word' id='word_1_301' title='bbox 324 2020 430 2051; x_wconf 78' lang='lat' dir='ltr'><strong>accepta</strong></span> <span class='ocrx_word' id='word_1_302' title='bbox 454 2025 466 2043; x_wconf 92' lang='lat' dir='ltr'><strong>e</strong></span> <span class='ocrx_word' id='word_1_303' title='bbox 490 2023 572 2050; x_wconf 80' lang='lat' dir='ltr'><strong>terra,</strong></span> <span class='ocrx_word' id='word_1_304' title='bbox 595 2023 619 2045; x_wconf 87' lang='lat' dir='ltr'><strong>ct</strong></span> <span class='ocrx_word' id='word_1_305' title='bbox 637 2020 778 2054; x_wconf 73' lang='lat' dir='ltr'><strong>insufﬂauit</strong></span> <span class='ocrx_word' id='word_1_306' title='bbox 797 2022 824 2047; x_wconf 81' lang='lat' dir='ltr'><strong>in</strong></span> <span class='ocrx_word' id='word_1_307' title='bbox 846 2022 938 2056; x_wconf 69' lang='lat' dir='ltr'><strong>faciem</strong></span> <span class='ocrx_word' id='word_1_308' title='bbox 960 2023 1015 2057; x_wconf 77' lang='lat' dir='ltr'><strong>ejus</strong></span> <span class='ocrx_word' id='word_1_309' title='bbox 1032 2024 1110 2057; x_wconf 79' lang='lat' dir='ltr'><strong>spiri-</strong></span> 
     </span>
    </p>
   </div>
   <div class='ocr_carea' id='block_1_42' title="bbox 323 2063 1110 2102">
    <p class='ocr_par' dir='ltr' id='par_1_42' title="bbox 323 2063 1110 2102">
     <span class='ocr_line' id='line_1_42' title="bbox 323 2063 1110 2102; baseline 0.01 -15"><span class='ocrx_word' id='word_1_310' title='bbox 323 2066 380 2088; x_wconf 79' lang='lat' dir='ltr'><strong>tum</strong></span> <span class='ocrx_word' id='word_1_311' title='bbox 401 2063 471 2092; x_wconf 75' lang='lat' dir='ltr'><strong>vilw.</strong></span> <span class='ocrx_word' id='word_1_312' title='bbox 488 2069 511 2089; x_wconf 80' lang='lat' dir='ltr'><strong>et</strong></span> <span class='ocrx_word' id='word_1_313' title='bbox 533 2064 616 2098; x_wconf 69' lang='lat' dir='ltr'><strong>[nctus</strong></span> <span class='ocrx_word' id='word_1_314' title='bbox 633 2069 669 2090; x_wconf 80' lang='lat' dir='ltr'><strong>est</strong></span> <span class='ocrx_word' id='word_1_315' title='bbox 688 2066 762 2092; x_wconf 86' lang='lat' dir='ltr'><strong>homo</strong></span> <span class='ocrx_word' id='word_1_316' title='bbox 788 2067 814 2092; x_wconf 83' lang='lat' dir='ltr'><strong>in</strong></span> <span class='ocrx_word' id='word_1_317' title='bbox 832 2068 950 2093; x_wconf 86' lang='lat' dir='ltr'><strong>animant</strong></span> <span class='ocrx_word' id='word_1_318' title='bbox 966 2069 1110 2102; x_wconf 73' lang='lat' dir='ltr'><strong>viventem;</strong></span> 
     </span>
    </p>
   </div>
   <div class='ocr_carea' id='block_1_43' title="bbox 324 2107 1110 2148">
    <p class='ocr_par' dir='ltr' id='par_1_43' title="bbox 324 2107 1110 2148">
     <span class='ocr_line' id='line_1_43' title="bbox 324 2107 1110 2148; baseline 0.011 -16"><span class='ocrx_word' id='word_1_319' title='bbox 324 2107 408 2133; x_wconf 81' lang='lat' dir='ltr'><strong>veluti</strong></span> <span class='ocrx_word' id='word_1_320' title='bbox 429 2108 479 2134; x_wconf 82' lang='lat' dir='ltr'><strong>hoc</strong></span> <span class='ocrx_word' id='word_1_321' title='bbox 503 2109 598 2135; x_wconf 85' lang='lat' dir='ltr'><strong>dicens</strong></span> <span class='ocrx_word' id='word_1_322' title='bbox 623 2110 695 2144; x_wconf 87' lang='lat' dir='ltr'><strong>quod</strong></span> <span class='ocrx_word' id='word_1_323' title='bbox 719 2111 833 2145; x_wconf 76' lang='lat' dir='ltr'><strong>gratiam</strong></span> <span class='ocrx_word' id='word_1_324' title='bbox 863 2112 967 2139; x_wconf 80' lang='lat' dir='ltr'><strong>habens</strong></span> <span class='ocrx_word' id='word_1_325' title='bbox 988 2115 1110 2148; x_wconf 78' lang='lat' dir='ltr'><strong>compri-</strong></span> 
     </span>
    </p>
   </div>
   <div class='ocr_carea' id='block_1_44' title="bbox 324 2151 1108 2188">
    <p class='ocr_par' dir='ltr' id='par_1_44' title="bbox 324 2151 1108 2188">
     <span class='ocr_line' id='line_1_44' title="bbox 324 2151 1108 2188; baseline 0.01 -11"><span class='ocrx_word' id='word_1_326' title='bbox 324 2151 430 2178; x_wconf 83' lang='lat' dir='ltr'><strong>mench</strong></span> <span class='ocrx_word' id='word_1_327' title='bbox 452 2160 528 2187; x_wconf 62' lang='lat' dir='ltr'><strong>aqua:</strong></span> <span class='ocrx_word' id='word_1_328' title='bbox 543 2154 709 2181; x_wconf 68' lang='lat' dir='ltr'><strong>adversaria:</strong></span> <span class='ocrx_word' id='word_1_329' title='bbox 727 2156 879 2188; x_wconf 84' lang='lat' dir='ltr'><strong>potestatis,</strong></span> <span class='ocrx_word' id='word_1_330' title='bbox 899 2157 971 2184; x_wconf 86' lang='lat' dir='ltr'><strong>Deus</strong></span> <span class='ocrx_word' id='word_1_331' title='bbox 990 2158 1108 2185; x_wconf 88' lang='lat' dir='ltr'><strong>Verbum</strong></span> 
     </span>
    </p>
   </div>
   <div class='ocr_carea' id='block_1_45' title="bbox 325 2197 1108 2234">
    <p class='ocr_par' dir='ltr' id='par_1_45' title="bbox 325 2197 1108 2234">
     <span class='ocr_line' id='line_1_45' title="bbox 325 2197 1108 2234; baseline 0.01 -11"><span class='ocrx_word' id='word_1_332' title='bbox 325 2197 406 2224; x_wconf 87' lang='lat' dir='ltr'><strong>homo</strong></span> <span class='ocrx_word' id='word_1_333' title='bbox 431 2202 503 2225; x_wconf 89' lang='lat' dir='ltr'><strong>terra</strong></span> <span class='ocrx_word' id='word_1_334' title='bbox 530 2200 639 2233; x_wconf 83' lang='lat' dir='ltr'><strong>genitus</strong></span> <span class='ocrx_word' id='word_1_335' title='bbox 663 2200 707 2227; x_wconf 86' lang='lat' dir='ltr'><strong>lict</strong></span> <span class='ocrx_word' id='word_1_336' title='bbox 732 2201 869 2234; x_wconf 87' lang='lat' dir='ltr'><strong>Christus,</strong></span> <span class='ocrx_word' id='word_1_337' title='bbox 899 2211 913 2229; x_wconf 88' lang='lat' dir='ltr'><strong>a</strong></span> <span class='ocrx_word' id='word_1_338' title='bbox 936 2203 992 2230; x_wconf 88' lang='lat' dir='ltr'><strong>Deo</strong></span> <span class='ocrx_word' id='word_1_339' title='bbox 1016 2204 1108 2231; x_wconf 78' lang='lat' dir='ltr'><strong>ﬁctum</strong></span> 
     </span>
    </p>
   </div>
   <div class='ocr_carea' id='block_1_46' title="bbox 323 2243 1108 2281">
    <p class='ocr_par' dir='ltr' id='par_1_46' title="bbox 323 2243 1108 2281">
     <span class='ocr_line' id='line_1_46' title="bbox 323 2243 1108 2281; baseline 0.01 -12"><span class='ocrx_word' id='word_1_340' title='bbox 323 2243 404 2270; x_wconf 79' lang='lat' dir='ltr'><strong>simul</strong></span> <span class='ocrx_word' id='word_1_341' title='bbox 429 2248 456 2271; x_wconf 91' lang='lat' dir='ltr'><strong>et</strong></span> <span class='ocrx_word' id='word_1_342' title='bbox 482 2253 496 2271; x_wconf 87' lang='lat' dir='ltr'><strong>a</strong></span> <span class='ocrx_word' id='word_1_343' title='bbox 526 2245 580 2272; x_wconf 83' lang='lat' dir='ltr'><strong>Deo</strong></span> <span class='ocrx_word' id='word_1_344' title='bbox 602 2246 754 2280; x_wconf 84' lang='lat' dir='ltr'><strong>plantatum</strong></span> <span class='ocrx_word' id='word_1_345' title='bbox 779 2255 908 2281; x_wconf 79' lang='lat' dir='ltr'><strong>germen;</strong></span> <span class='ocrx_word' id='word_1_346' title='bbox 940 2253 970 2275; x_wconf 84' lang='lat' dir='ltr'><strong>ut</strong></span> <span class='ocrx_word' id='word_1_347' title='bbox 989 2257 1052 2276; x_wconf 86' lang='lat' dir='ltr'><strong>cum</strong></span> <span class='ocrx_word' id='word_1_348' title='bbox 1072 2251 1108 2278; x_wconf 87' lang='lat' dir='ltr'><strong>sit</strong></span> 
     </span>
    </p>
   </div>
   <div class='ocr_carea' id='block_1_47' title="bbox 322 2292 1106 2329">
    <p class='ocr_par' dir='ltr' id='par_1_47' title="bbox 322 2292 1106 2329">
     <span class='ocr_line' id='line_1_47' title="bbox 322 2292 1106 2329; baseline 0.008 -12"><span class='ocrx_word' id='word_1_349' title='bbox 322 2298 421 2324; x_wconf 67' lang='lat' dir='ltr'><strong>genere</strong></span> <span class='ocrx_word' id='word_1_350' title='bbox 445 2292 619 2326; x_wconf 81' lang='lat' dir='ltr'><strong>conjunctus,</strong></span> <span class='ocrx_word' id='word_1_351' title='bbox 642 2297 714 2320; x_wconf 85' lang='lat' dir='ltr'><strong>recte</strong></span> <span class='ocrx_word' id='word_1_352' title='bbox 738 2293 834 2328; x_wconf 77' lang='lat' dir='ltr'><strong>irriget</strong></span> <span class='ocrx_word' id='word_1_353' title='bbox 862 2302 894 2321; x_wconf 83' lang='lat' dir='ltr'><strong>ea</strong></span> <span class='ocrx_word' id='word_1_354' title='bbox 917 2303 977 2329; x_wconf 72' lang='lat' dir='ltr'><strong>qua:</strong></span> <span class='ocrx_word' id='word_1_355' title='bbox 998 2300 1062 2322; x_wconf 87' lang='lat' dir='ltr'><strong>sunt.</strong></span> <span class='ocrx_word' id='word_1_356' title='bbox 1092 2305 1106 2324; x_wconf 76' lang='grc' dir='ltr'>ε</span> 
     </span>
    </p>
   </div>
   <div class='ocr_carea' id='block_1_48' title="bbox 324 2338 1111 2377">
    <p class='ocr_par' dir='ltr' id='par_1_48' title="bbox 324 2338 1111 2377">
     <span class='ocr_line' id='line_1_48' title="bbox 324 2338 1111 2377; baseline 0.01 -16"><span class='ocrx_word' id='word_1_357' title='bbox 324 2341 395 2362; x_wconf 86' lang='lat' dir='ltr'><strong>terra</strong></span> <span class='ocrx_word' id='word_1_358' title='bbox 420 2339 510 2370; x_wconf 83' lang='lat' dir='ltr'><strong>genita</strong></span> <span class='ocrx_word' id='word_1_359' title='bbox 532 2343 559 2364; x_wconf 87' lang='lat' dir='ltr'><strong>et</strong></span> <span class='ocrx_word' id='word_1_360' title='bbox 585 2338 729 2373; x_wconf 87' lang='lat' dir='ltr'><strong>(utdceet)</strong></span> <span class='ocrx_word' id='word_1_361' title='bbox 753 2341 858 2367; x_wconf 79' lang='lat' dir='ltr'><strong>ratione</strong></span> <span class='ocrx_word' id='word_1_362' title='bbox 884 2341 1028 2369; x_wconf 83' lang='lat' dir='ltr'><strong>rationalia</strong></span> <span class='ocrx_word' id='word_1_363' title='bbox 1048 2351 1111 2377; x_wconf 84' lang='lat' dir='ltr'><strong>ger-</strong></span> 
     </span>
    </p>
   </div>
   <div class='ocr_carea' id='block_1_49' title="bbox 323 2382 1108 2426">
    <p class='ocr_par' dir='ltr' id='par_1_49' title="bbox 323 2382 1108 2426">
     <span class='ocr_line' id='line_1_49' title="bbox 323 2382 1108 2426; baseline 0.01 -19"><span class='ocrx_word' id='word_1_364' title='bbox 323 2382 407 2413; x_wconf 84' lang='lat' dir='ltr'><strong>mina,</strong></span> <span class='ocrx_word' id='word_1_365' title='bbox 426 2382 508 2409; x_wconf 86' lang='lat' dir='ltr'><strong>simili</strong></span> <span class='ocrx_word' id='word_1_366' title='bbox 532 2384 631 2410; x_wconf 86' lang='lat' dir='ltr'><strong>similia</strong></span> <span class='ocrx_word' id='word_1_367' title='bbox 657 2390 800 2419; x_wconf 77' lang='lat' dir='ltr'><strong>expurget,</strong></span> <span class='ocrx_word' id='word_1_368' title='bbox 825 2391 852 2413; x_wconf 89' lang='lat' dir='ltr'><strong>et</strong></span> <span class='ocrx_word' id='word_1_369' title='bbox 874 2387 994 2414; x_wconf 88' lang='lat' dir='ltr'><strong>fructum</strong></span> <span class='ocrx_word' id='word_1_370' title='bbox 1013 2387 1108 2426; x_wconf 82' lang='lat' dir='ltr'><strong>ferat.|</strong></span> 
     </span>
    </p>
   </div>
   <div class='ocr_carea' id='block_1_50' title="bbox 358 2426 1113 2467">
    <p class='ocr_par' dir='ltr' id='par_1_50' title="bbox 358 2426 1113 2467">
     <span class='ocr_line' id='line_1_50' title="bbox 358 2426 1113 2467; baseline 0.012 -15"><span class='ocrx_word' id='word_1_371' title='bbox 358 2426 435 2458; x_wconf 84' lang='lat' dir='ltr'><strong>Quod</strong></span> <span class='ocrx_word' id='word_1_372' title='bbox 456 2428 476 2454; x_wconf 88' lang='lat' dir='ltr'><strong>si</strong></span> <span class='ocrx_word' id='word_1_373' title='bbox 495 2436 549 2455; x_wconf 89' lang='lat' dir='ltr'><strong>non</strong></span> <span class='ocrx_word' id='word_1_374' title='bbox 566 2429 662 2455; x_wconf 90' lang='lat' dir='ltr'><strong>credas</strong></span> <span class='ocrx_word' id='word_1_375' title='bbox 681 2430 773 2456; x_wconf 85' lang='lat' dir='ltr'><strong>verbis</strong></span> <span class='ocrx_word' id='word_1_376' title='bbox 797 2440 927 2466; x_wconf 79' lang='lat' dir='ltr'><strong>tanquam</strong></span> <span class='ocrx_word' id='word_1_377' title='bbox 943 2441 997 2460; x_wconf 91' lang='lat' dir='ltr'><strong>non</strong></span> <span class='ocrx_word' id='word_1_378' title='bbox 1013 2434 1113 2467; x_wconf 86' lang='lat' dir='ltr'><strong>proba-</strong></span> 
     </span>
    </p>
   </div>
   <div class='ocr_carea' id='block_1_51' title="bbox 321 2471 1112 2513">
    <p class='ocr_par' dir='ltr' id='par_1_51' title="bbox 321 2471 1112 2513">
     <span class='ocr_line' id='line_1_51' title="bbox 321 2471 1112 2513; baseline 0.011 -16"><span class='ocrx_word' id='word_1_379' title='bbox 321 2471 443 2504; x_wconf 77' lang='lat' dir='ltr'><strong>bilibus,</strong></span> <span class='ocrx_word' id='word_1_380' title='bbox 462 2473 528 2507; x_wconf 91' lang='lat' dir='ltr'><strong>quid</strong></span> <span class='ocrx_word' id='word_1_381' title='bbox 542 2474 618 2501; x_wconf 88' lang='lat' dir='ltr'><strong>dices</strong></span> <span class='ocrx_word' id='word_1_382' title='bbox 638 2475 729 2502; x_wconf 85' lang='lat' dir='ltr'><strong>statim</strong></span> <span class='ocrx_word' id='word_1_383' title='bbox 751 2476 866 2504; x_wconf 89' lang='lat' dir='ltr'><strong>audiens</strong></span> <span class='ocrx_word' id='word_1_384' title='bbox 883 2478 968 2504; x_wconf 91' lang='lat' dir='ltr'><strong>Deum</strong></span> <span class='ocrx_word' id='word_1_385' title='bbox 985 2479 1112 2513; x_wconf 88' lang='lat' dir='ltr'><strong>plantan-</strong></span> 
     </span>
    </p>
   </div>
   <div class='ocr_carea' id='block_1_52' title="bbox 323 2521 1113 2559">
    <p class='ocr_par' dir='ltr' id='par_1_52' title="bbox 323 2521 1113 2559">
     <span class='ocr_line' id='line_1_52' title="bbox 323 2521 1113 2559; baseline 0.013 -16"><span class='ocrx_word' id='word_1_386' title='bbox 323 2522 376 2543; x_wconf 82' lang='lat' dir='ltr'><strong>Iem</strong></span> <span class='ocrx_word' id='word_1_387' title='bbox 398 2525 459 2545; x_wconf 91' lang='lat' dir='ltr'><strong>cum</strong></span> <span class='ocrx_word' id='word_1_388' title='bbox 478 2527 571 2553; x_wconf 85' lang='lat' dir='ltr'><strong>opere,</strong></span> <span class='ocrx_word' id='word_1_389' title='bbox 595 2521 702 2555; x_wconf 83' lang='lat' dir='ltr'><strong>plantas</strong></span> <span class='ocrx_word' id='word_1_390' title='bbox 718 2530 829 2556; x_wconf 88' lang='lat' dir='ltr'><strong>quoque</strong></span> <span class='ocrx_word' id='word_1_391' title='bbox 852 2528 965 2558; x_wconf 88' lang='lat' dir='ltr'><strong>propter</strong></span> <span class='ocrx_word' id='word_1_392' title='bbox 987 2533 1054 2559; x_wconf 85' lang='lat' dir='ltr'><strong>quas</strong></span> <span class='ocrx_word' id='word_1_393' title='bbox 1070 2527 1113 2553; x_wconf 89' lang='lat' dir='ltr'><strong>vel</strong></span> 
     </span>
    </p>
   </div>
   <div class='ocr_carea' id='block_1_53' title="bbox 322 2564 1113 2604">
    <p class='ocr_par' dir='ltr' id='par_1_53' title="bbox 322 2564 1113 2604">
     <span class='ocr_line' id='line_1_53' title="bbox 322 2564 1113 2604; baseline 0.011 -15"><span class='ocrx_word' id='word_1_394' title='bbox 322 2564 410 2595; x_wconf 87' lang='lat' dir='ltr'><strong>solas,</strong></span> <span class='ocrx_word' id='word_1_395' title='bbox 431 2565 463 2591; x_wconf 84' lang='lat' dir='ltr'><strong>ad</strong></span> <span class='ocrx_word' id='word_1_396' title='bbox 488 2574 584 2592; x_wconf 83' lang='lat' dir='ltr'><strong>earum</strong></span> <span class='ocrx_word' id='word_1_397' title='bbox 610 2568 799 2601; x_wconf 84' lang='lat' dir='ltr'><strong>operationem</strong></span> <span class='ocrx_word' id='word_1_398' title='bbox 822 2569 968 2603; x_wconf 80' lang='lat' dir='ltr'><strong>agricolam</strong></span> <span class='ocrx_word' id='word_1_399' title='bbox 986 2571 1113 2604; x_wconf 90' lang='lat' dir='ltr'><strong>protinus</strong></span> 
     </span>
    </p>
   </div>
   <div class='ocr_carea' id='block_1_54' title="bbox 322 2610 1112 2652">
    <p class='ocr_par' dir='ltr' id='par_1_54' title="bbox 322 2610 1112 2652">
     <span class='ocr_line' id='line_1_54' title="bbox 322 2610 1112 2652; baseline 0.011 -17"><span class='ocrx_word' id='word_1_400' title='bbox 322 2610 399 2643; x_wconf 84' lang='lat' dir='ltr'><strong>prius</strong></span> <span class='ocrx_word' id='word_1_401' title='bbox 418 2611 495 2638; x_wconf 75' lang='lat' dir='ltr'><strong>tinxit</strong></span> <span class='ocrx_word' id='word_1_402' title='bbox 510 2620 524 2638; x_wconf 90' lang='lat' dir='ltr'><strong>e</strong></span> <span class='ocrx_word' id='word_1_403' title='bbox 539 2613 628 2640; x_wconf 87' lang='lat' dir='ltr'><strong>terra?</strong></span> <span class='ocrx_word' id='word_1_404' title='bbox 646 2614 792 2649; x_wconf 84' lang='lat' dir='ltr'><strong>Postquam</strong></span> <span class='ocrx_word' id='word_1_405' title='bbox 810 2615 884 2641; x_wconf 88' lang='lat' dir='ltr'><strong>enim</strong></span> <span class='ocrx_word' id='word_1_406' title='bbox 901 2615 970 2643; x_wconf 83' lang='lat' dir='ltr'><strong>dixit</strong></span> <span class='ocrx_word' id='word_1_407' title='bbox 987 2616 1112 2652; x_wconf 86' lang='lat' dir='ltr'><strong>Scriptu-</strong></span> 
     </span>
    </p>
   </div>
   <div class='ocr_carea' id='block_1_55' title="bbox 323 2658 1112 2694">
    <p class='ocr_par' dir='ltr' id='par_1_55' title="bbox 323 2658 1112 2694">
     <span class='ocr_line' id='line_1_55' title="bbox 323 2658 1112 2694; baseline 0.01 -11"><span class='ocrx_word' id='word_1_408' title='bbox 323 2665 350 2684; x_wconf 86' lang='lat' dir='ltr'><strong>ra</strong></span> <span class='ocrx_word' id='word_1_409' title='bbox 369 2666 375 2684; x_wconf 94' lang='lat'>:</span> <span class='ocrx_word' id='word_1_410' title='bbox 394 2658 428 2685; x_wconf 82' lang='lat' dir='ltr'><strong>Et</strong></span> <span class='ocrx_word' id='word_1_411' title='bbox 447 2659 531 2694; x_wconf 77' lang='lat' dir='ltr'><strong>factus</strong></span> <span class='ocrx_word' id='word_1_412' title='bbox 548 2665 585 2687; x_wconf 83' lang='lat' dir='ltr'><strong>est</strong></span> <span class='ocrx_word' id='word_1_413' title='bbox 609 2661 684 2688; x_wconf 79' lang='lat' dir='ltr'><strong>Immo</strong></span> <span class='ocrx_word' id='word_1_414' title='bbox 705 2663 732 2688; x_wconf 83' lang='lat' dir='ltr'><strong>in</strong></span> <span class='ocrx_word' id='word_1_415' title='bbox 754 2662 872 2689; x_wconf 86' lang='lat' dir='ltr'><strong>animam</strong></span> <span class='ocrx_word' id='word_1_416' title='bbox 894 2663 1036 2694; x_wconf 80' lang='lat' dir='ltr'><strong>viventem,</strong></span> <span class='ocrx_word' id='word_1_417' title='bbox 1058 2668 1112 2691; x_wconf 88' lang='lat' dir='ltr'><strong>sta-</strong></span> 
     </span>
    </p>
   </div>
   <div class='ocr_carea' id='block_1_56' title="bbox 323 2704 1112 2744">
    <p class='ocr_par' dir='ltr' id='par_1_56' title="bbox 323 2704 1112 2744">
     <span class='ocr_line' id='line_1_56' title="bbox 323 2704 1112 2744; baseline 0.009 -15"><span class='ocrx_word' id='word_1_418' title='bbox 323 2704 370 2730; x_wconf 90' lang='lat' dir='ltr'><strong>tint</strong></span> <span class='ocrx_word' id='word_1_419' title='bbox 385 2705 527 2739; x_wconf 82' lang='lat' dir='ltr'><strong>subjunxit</strong></span> <span class='ocrx_word' id='word_1_420' title='bbox 543 2706 608 2733; x_wconf 82' lang='lat' dir='ltr'><strong>illud</strong></span> <span class='ocrx_word' id='word_1_421' title='bbox 626 2715 632 2733; x_wconf 73' lang='grc' dir='ltr'>ί</span> <span class='ocrx_word' id='word_1_422' title='bbox 646 2711 670 2732; x_wconf 84' lang='lat' dir='ltr'><strong>et</strong></span> <span class='ocrx_word' id='word_1_423' title='bbox 689 2707 821 2742; x_wconf 80' lang='lat' dir='ltr'><strong>plantavit</strong></span> <span class='ocrx_word' id='word_1_424' title='bbox 838 2708 964 2735; x_wconf 73' lang='lat' dir='ltr'><strong>Domitius</strong></span> <span class='ocrx_word' id='word_1_425' title='bbox 980 2709 1051 2736; x_wconf 78' lang='lat' dir='ltr'><strong>Deus</strong></span> <span class='ocrx_word' id='word_1_426' title='bbox 1064 2718 1112 2744; x_wconf 86' lang='lat' dir='ltr'><strong>pa-</strong></span> 
     </span>
    </p>
   </div>
   <div class='ocr_carea' id='block_1_57' title="bbox 322 2751 1112 2788">
    <p class='ocr_par' dir='ltr' id='par_1_57' title="bbox 322 2751 1112 2788">
     <span class='ocr_line' id='line_1_57' title="bbox 322 2751 1112 2788; baseline 0.008 -12"><span class='ocrx_word' id='word_1_427' title='bbox 322 2751 440 2777; x_wconf 71' lang='lat' dir='ltr'><strong>radisum</strong></span> <span class='ocrx_word' id='word_1_428' title='bbox 453 2751 480 2778; x_wconf 90' lang='lat' dir='ltr'><strong>in</strong></span> <span class='ocrx_word' id='word_1_429' title='bbox 494 2752 567 2778; x_wconf 73' lang='lat' dir='ltr'><strong>Etlrn</strong></span> <span class='ocrx_word' id='word_1_430' title='bbox 579 2753 614 2779; x_wconf 84' lang='lat' dir='ltr'><strong>ad</strong></span> <span class='ocrx_word' id='word_1_431' title='bbox 627 2754 764 2785; x_wconf 76' lang='lat' dir='ltr'><strong>orientem,</strong></span> <span class='ocrx_word' id='word_1_432' title='bbox 776 2758 799 2780; x_wconf 80' lang='lat' dir='ltr'><strong>et</strong></span> <span class='ocrx_word' id='word_1_433' title='bbox 817 2755 901 2788; x_wconf 81' lang='lat' dir='ltr'><strong>posuit</strong></span> <span class='ocrx_word' id='word_1_434' title='bbox 916 2754 971 2781; x_wconf 86' lang='lat' dir='ltr'><strong>illic</strong></span> <span class='ocrx_word' id='word_1_435' title='bbox 981 2755 1112 2782; x_wconf 83' lang='lat' dir='ltr'><strong>hominem</strong></span> 
     </span>
    </p>
   </div>
   <div class='ocr_carea' id='block_1_58' title="bbox 322 2796 1112 2833">
    <p class='ocr_par' dir='ltr' id='par_1_58' title="bbox 322 2796 1112 2833">
     <span class='ocr_line' id='line_1_58' title="bbox 322 2796 1112 2833; baseline 0.008 -13"><span class='ocrx_word' id='word_1_436' title='bbox 322 2804 396 2830; x_wconf 65' lang='lat' dir='ltr'><strong>quem</strong></span> <span class='ocrx_word' id='word_1_437' title='bbox 411 2796 480 2830; x_wconf 76' lang='lat' dir='ltr'><strong>fecit,</strong></span> <span class='ocrx_word' id='word_1_438' title='bbox 498 2802 627 2832; x_wconf 80' lang='lat' dir='ltr'><strong>tanquam</strong></span> <span class='ocrx_word' id='word_1_439' title='bbox 650 2798 676 2825; x_wconf 95' lang='lat' dir='ltr'><strong>in</strong></span> <span class='ocrx_word' id='word_1_440' title='bbox 700 2799 733 2825; x_wconf 91' lang='lat' dir='ltr'><strong>iis</strong></span> <span class='ocrx_word' id='word_1_441' title='bbox 750 2806 811 2833; x_wconf 83' lang='lat' dir='ltr'><strong>quae</strong></span> <span class='ocrx_word' id='word_1_442' title='bbox 825 2803 904 2825; x_wconf 87' lang='lat' dir='ltr'><strong>erant</strong></span> <span class='ocrx_word' id='word_1_443' title='bbox 916 2799 1040 2831; x_wconf 88' lang='lat' dir='ltr'><strong>colettda,</strong></span> <span class='ocrx_word' id='word_1_444' title='bbox 1054 2800 1112 2827; x_wconf 88' lang='lat' dir='ltr'><strong>col—</strong></span> 
     </span>
    </p>
   </div>
   <div class='ocr_carea' id='block_1_59' title="bbox 323 2841 1110 2879">
    <p class='ocr_par' dir='ltr' id='par_1_59' title="bbox 323 2841 1110 2879">
     <span class='ocr_line' id='line_1_59' title="bbox 323 2841 1110 2879; baseline 0.005 -12"><span class='ocrx_word' id='word_1_445' title='bbox 323 2841 416 2868; x_wconf 76' lang='lat' dir='ltr'><strong>loeans</strong></span> <span class='ocrx_word' id='word_1_446' title='bbox 429 2843 587 2877; x_wconf 82' lang='lat' dir='ltr'><strong>agricolam.</strong></span> <span class='ocrx_word' id='word_1_447' title='bbox 604 2844 637 2871; x_wconf 88' lang='lat' dir='ltr'><strong>Et</strong></span> <span class='ocrx_word' id='word_1_448' title='bbox 658 2844 720 2871; x_wconf 88' lang='lat' dir='ltr'><strong>ideo</strong></span> <span class='ocrx_word' id='word_1_449' title='bbox 732 2844 809 2879; x_wconf 83' lang='lat' dir='ltr'><strong>juxta</strong></span> <span class='ocrx_word' id='word_1_450' title='bbox 827 2844 882 2876; x_wconf 86' lang='lat' dir='ltr'><strong>illa,</strong></span> <span class='ocrx_word' id='word_1_451' title='bbox 897 2851 959 2871; x_wconf 88' lang='lat' dir='ltr'><strong>cutn</strong></span> <span class='ocrx_word' id='word_1_452' title='bbox 982 2849 1110 2879; x_wconf 85' lang='lat' dir='ltr'><strong>tanquam</strong></span> 
     </span>
    </p>
   </div>
   <div class='ocr_carea' id='block_1_60' title="bbox 360 2933 629 2964">
    <p class='ocr_par' dir='ltr' id='par_1_60' title="bbox 360 2933 629 2964">
     <span class='ocr_line' id='line_1_60' title="bbox 360 2933 629 2964; baseline 0 -5"><span class='ocrx_word' id='word_1_453' title='bbox 360 2934 381 2948; x_wconf 53' lang='grc' dir='ltr'><strong>’δ</strong></span> <span class='ocrx_word' id='word_1_454' title='bbox 398 2933 468 2961; x_wconf 72' lang='lat' dir='ltr'><strong>Psal.</strong></span> <span class='ocrx_word' id='word_1_455' title='bbox 487 2942 568 2964; x_wconf 80' lang='lat' dir='ltr'><strong>l.\\ll,</strong></span> <span class='ocrx_word' id='word_1_456' title='bbox 591 2935 629 2960; x_wconf 66' lang='lat' dir='ltr'><strong>lit.</strong></span> 
     </span>
    </p>
   </div>
   <div class='ocr_carea' id='block_1_61' title="bbox 1174 324 1956 361">
    <p class='ocr_par' dir='ltr' id='par_1_61' title="bbox 1174 324 1956 361">
     <span class='ocr_line' id='line_1_61' title="bbox 1174 324 1956 361; baseline 0.006 -11"><span class='ocrx_word' id='word_1_457' title='bbox 1174 324 1291 356; x_wconf 84' lang='lat' dir='ltr'><strong>cultura,</strong></span> <span class='ocrx_word' id='word_1_458' title='bbox 1306 330 1333 352; x_wconf 87' lang='lat' dir='ltr'><strong>et</strong></span> <span class='ocrx_word' id='word_1_459' title='bbox 1347 326 1461 353; x_wconf 72' lang='lat' dir='ltr'><strong>reddita:</strong></span> <span class='ocrx_word' id='word_1_460' title='bbox 1475 331 1568 353; x_wconf 87' lang='lat' dir='ltr'><strong>essent</strong></span> <span class='ocrx_word' id='word_1_461' title='bbox 1583 327 1720 361; x_wconf 62' lang='lat' dir='ltr'><strong>frugifera:</strong></span> <span class='ocrx_word' id='word_1_462' title='bbox 1738 328 1798 361; x_wconf 73' lang='lat' dir='ltr'><strong>qua:</strong></span> <span class='ocrx_word' id='word_1_463' title='bbox 1810 328 1847 354; x_wconf 88' lang='lat' dir='ltr'><strong>ab</strong></span> <span class='ocrx_word' id='word_1_464' title='bbox 1862 328 1909 355; x_wconf 91' lang='lat' dir='ltr'><strong>illo</strong></span> <span class='ocrx_word' id='word_1_465' title='bbox 1924 330 1956 355; x_wconf 89' lang='lat' dir='ltr'><strong>ir—</strong></span> 
     </span>
    </p>
   </div>
   <div class='ocr_carea' id='block_1_62' title="bbox 1173 369 1956 407">
    <p class='ocr_par' dir='ltr' id='par_1_62' title="bbox 1173 369 1956 407">
     <span class='ocr_line' id='line_1_62' title="bbox 1173 369 1956 407; baseline 0.008 -12"><span class='ocrx_word' id='word_1_466' title='bbox 1173 369 1266 404; x_wconf 61' lang='lat' dir='ltr'><strong>rigatus</strong></span> <span class='ocrx_word' id='word_1_467' title='bbox 1278 376 1357 398; x_wconf 87' lang='lat' dir='ltr'><strong>erant</strong></span> <span class='ocrx_word' id='word_1_468' title='bbox 1372 371 1471 406; x_wconf 66' lang='lat' dir='ltr'><strong>plantat</strong></span> <span class='ocrx_word' id='word_1_469' title='bbox 1481 392 1488 402; x_wconf 86' lang='lat'><strong>,</strong></span> <span class='ocrx_word' id='word_1_470' title='bbox 1505 373 1595 398; x_wconf 84' lang='lat' dir='ltr'><strong>statim</strong></span> <span class='ocrx_word' id='word_1_471' title='bbox 1610 373 1693 399; x_wconf 86' lang='lat' dir='ltr'><strong>infert</strong></span> <span class='ocrx_word' id='word_1_472' title='bbox 1708 373 1852 407; x_wconf 85' lang='lat' dir='ltr'><strong>Scriptura</strong></span> <span class='ocrx_word' id='word_1_473' title='bbox 1869 374 1956 401; x_wconf 82' lang='lat' dir='ltr'><strong>dicens</strong></span> 
     </span>
    </p>
   </div>
   <div class='ocr_carea' id='block_1_63' title="bbox 1173 417 1957 451">
    <p class='ocr_par' dir='ltr' id='par_1_63' title="bbox 1173 417 1957 451">
     <span class='ocr_line' id='line_1_63' title="bbox 1173 417 1957 451; baseline 0.005 -9"><span class='ocrx_word' id='word_1_474' title='bbox 1173 422 1395 450; x_wconf 85' lang='lat' dir='ltr'><strong>consequenter;</strong></span> <span class='ocrx_word' id='word_1_475' title='bbox 1411 417 1444 443; x_wconf 83' lang='lat' dir='ltr'><strong>Et</strong></span> <span class='ocrx_word' id='word_1_476' title='bbox 1458 418 1521 444; x_wconf 83' lang='lat' dir='ltr'><strong>oriri</strong></span> <span class='ocrx_word' id='word_1_477' title='bbox 1540 417 1599 451; x_wconf 78' lang='lat' dir='ltr'><strong>fecit</strong></span> <span class='ocrx_word' id='word_1_478' title='bbox 1620 418 1746 444; x_wconf 78' lang='lat' dir='ltr'><strong>Dominus</strong></span> <span class='ocrx_word' id='word_1_479' title='bbox 1767 419 1839 445; x_wconf 68' lang='lat' dir='ltr'><strong>Deus</strong></span> <span class='ocrx_word' id='word_1_480' title='bbox 1855 421 1957 446; x_wconf 67' lang='grc' dir='ltr'><strong>(πίθηκε</strong></span> 
     </span>
    </p>
   </div>
   <div class='ocr_carea' id='block_1_64' title="bbox 1173 462 1958 496">
    <p class='ocr_par' dir='ltr' id='par_1_64' title="bbox 1173 462 1958 496">
     <span class='ocr_line' id='line_1_64' title="bbox 1173 462 1958 496; baseline 0.006 -9"><span class='ocrx_word' id='word_1_481' title='bbox 1173 466 1245 487; x_wconf 81' lang='lat' dir='ltr'><strong>terra</strong></span> <span class='ocrx_word' id='word_1_482' title='bbox 1261 470 1337 488; x_wconf 86' lang='lat' dir='ltr'><strong>omne</strong></span> <span class='ocrx_word' id='word_1_483' title='bbox 1349 462 1449 496; x_wconf 80' lang='lat' dir='ltr'><strong>lignum</strong></span> <span class='ocrx_word' id='word_1_484' title='bbox 1467 463 1603 496; x_wconf 81' lang='lat' dir='ltr'><strong>pulchrum</strong></span> <span class='ocrx_word' id='word_1_485' title='bbox 1619 464 1654 489; x_wconf 84' lang='lat' dir='ltr'><strong>ad</strong></span> <span class='ocrx_word' id='word_1_486' title='bbox 1667 464 1814 495; x_wconf 72' lang='lat' dir='ltr'><strong>videndum,</strong></span> <span class='ocrx_word' id='word_1_487' title='bbox 1828 470 1854 491; x_wconf 78' lang='lat' dir='ltr'><strong>et</strong></span> <span class='ocrx_word' id='word_1_488' title='bbox 1868 466 1958 492; x_wconf 81' lang='lat' dir='ltr'><strong>bonum</strong></span> 
     </span>
    </p>
   </div>
   <div class='ocr_carea' id='block_1_65' title="bbox 1173 507 1958 545">
    <p class='ocr_par' dir='ltr' id='par_1_65' title="bbox 1173 507 1958 545">
     <span class='ocr_line' id='line_1_65' title="bbox 1173 507 1958 545; baseline 0.006 -13"><span class='ocrx_word' id='word_1_489' title='bbox 1173 507 1208 532; x_wconf 85' lang='lat' dir='ltr'><strong>ad</strong></span> <span class='ocrx_word' id='word_1_490' title='bbox 1221 508 1417 538; x_wconf 75' lang='lat' dir='ltr'><strong>comedendum.</strong></span> <span class='ocrx_word' id='word_1_491' title='bbox 1440 513 1462 534; x_wconf 76' lang='lat' dir='ltr'><strong>et</strong></span> <span class='ocrx_word' id='word_1_492' title='bbox 1487 508 1587 541; x_wconf 82' lang='lat' dir='ltr'><strong>lignum</strong></span> <span class='ocrx_word' id='word_1_493' title='bbox 1607 510 1665 535; x_wconf 77' lang='lat' dir='ltr'><strong>vitw</strong></span> <span class='ocrx_word' id='word_1_494' title='bbox 1687 510 1712 535; x_wconf 83' lang='lat' dir='ltr'><strong>in</strong></span> <span class='ocrx_word' id='word_1_495' title='bbox 1731 511 1815 536; x_wconf 76' lang='lat' dir='ltr'><strong>medio</strong></span> <span class='ocrx_word' id='word_1_496' title='bbox 1831 513 1958 545; x_wconf 70' lang='lat' dir='ltr'><strong>paradisi,</strong></span> 
     </span>
    </p>
   </div>
   <div class='ocr_carea' id='block_1_66' title="bbox 1172 553 1958 591">
    <p class='ocr_par' dir='ltr' id='par_1_66' title="bbox 1172 553 1958 591">
     <span class='ocr_line' id='line_1_66' title="bbox 1172 553 1958 591; baseline 0.008 -13"><span class='ocrx_word' id='word_1_497' title='bbox 1172 558 1195 579; x_wconf 87' lang='lat' dir='ltr'><strong>et</strong></span> <span class='ocrx_word' id='word_1_498' title='bbox 1209 553 1308 587; x_wconf 83' lang='lat' dir='ltr'><strong>lignum</strong></span> <span class='ocrx_word' id='word_1_499' title='bbox 1319 554 1417 580; x_wconf 80' lang='lat' dir='ltr'><strong>sciendi</strong></span> <span class='ocrx_word' id='word_1_500' title='bbox 1429 555 1455 580; x_wconf 83' lang='lat' dir='ltr'><strong>id</strong></span> <span class='ocrx_word' id='word_1_501' title='bbox 1466 555 1534 588; x_wconf 79' lang='lat' dir='ltr'><strong>quod</strong></span> <span class='ocrx_word' id='word_1_502' title='bbox 1548 558 1666 590; x_wconf 74' lang='lat' dir='ltr'><strong>cognosci</strong></span> <span class='ocrx_word' id='word_1_503' title='bbox 1681 561 1764 591; x_wconf 67' lang='lat' dir='ltr'><strong>potest</strong></span> <span class='ocrx_word' id='word_1_504' title='bbox 1775 557 1835 584; x_wconf 85' lang='lat' dir='ltr'><strong>boni</strong></span> <span class='ocrx_word' id='word_1_505' title='bbox 1847 563 1872 583; x_wconf 77' lang='lat' dir='ltr'><strong>et</strong></span> <span class='ocrx_word' id='word_1_506' title='bbox 1887 559 1958 584; x_wconf 80' lang='lat' dir='ltr'><strong>ntali.</strong></span> 
     </span>
    </p>
   </div>
   <div class='ocr_carea' id='block_1_67' title="bbox 1172 599 1960 634">
    <p class='ocr_par' dir='ltr' id='par_1_67' title="bbox 1172 599 1960 634">
     <span class='ocr_line' id='line_1_67' title="bbox 1172 599 1960 634; baseline 0.008 -9"><span class='ocrx_word' id='word_1_507' title='bbox 1172 599 1241 632; x_wconf 85' lang='lat' dir='ltr'><strong>Quid</strong></span> <span class='ocrx_word' id='word_1_508' title='bbox 1256 608 1321 634; x_wconf 85' lang='lat' dir='ltr'><strong>ergo</strong></span> <span class='ocrx_word' id='word_1_509' title='bbox 1342 600 1375 626; x_wconf 89' lang='lat' dir='ltr'><strong>de</strong></span> <span class='ocrx_word' id='word_1_510' title='bbox 1389 600 1498 627; x_wconf 87' lang='lat' dir='ltr'><strong>Christo</strong></span> <span class='ocrx_word' id='word_1_511' title='bbox 1512 605 1538 627; x_wconf 86' lang='lat' dir='ltr'><strong>et</strong></span> <span class='ocrx_word' id='word_1_512' title='bbox 1554 602 1688 634; x_wconf 74' lang='lat' dir='ltr'><strong>Ecclesia,</strong></span> <span class='ocrx_word' id='word_1_513' title='bbox 1709 603 1806 633; x_wconf 78' lang='lat' dir='ltr'><strong>Adam.</strong></span> <span class='ocrx_word' id='word_1_514' title='bbox 1823 609 1851 631; x_wconf 86' lang='lat' dir='ltr'><strong>et</strong></span> <span class='ocrx_word' id='word_1_515' title='bbox 1868 613 1960 631; x_wconf 74' lang='lat' dir='ltr'><strong>omnes</strong></span> 
     </span>
    </p>
   </div>
   <div class='ocr_carea' id='block_1_68' title="bbox 1171 646 1960 682">
    <p class='ocr_par' dir='ltr' id='par_1_68' title="bbox 1171 646 1960 682">
     <span class='ocr_line' id='line_1_68' title="bbox 1171 646 1960 682; baseline 0.006 -11"><span class='ocrx_word' id='word_1_516' title='bbox 1171 653 1232 680; x_wconf 68' lang='lat' dir='ltr'><strong>qute</strong></span> <span class='ocrx_word' id='word_1_517' title='bbox 1249 646 1324 679; x_wconf 89' lang='lat' dir='ltr'><strong>prius</strong></span> <span class='ocrx_word' id='word_1_518' title='bbox 1345 646 1425 673; x_wconf 76' lang='lat' dir='ltr'><strong>dieue</strong></span> <span class='ocrx_word' id='word_1_519' title='bbox 1447 652 1511 673; x_wconf 90' lang='lat' dir='ltr'><strong>sunt</strong></span> <span class='ocrx_word' id='word_1_520' title='bbox 1536 647 1651 682; x_wconf 84' lang='lat' dir='ltr'><strong>plantas,</strong></span> <span class='ocrx_word' id='word_1_521' title='bbox 1669 653 1696 675; x_wconf 88' lang='lat' dir='ltr'><strong>et</strong></span> <span class='ocrx_word' id='word_1_522' title='bbox 1712 649 1835 681; x_wconf 84' lang='lat' dir='ltr'><strong>arbores,</strong></span> <span class='ocrx_word' id='word_1_523' title='bbox 1855 655 1884 676; x_wconf 89' lang='lat' dir='ltr'><strong>et</strong></span> <span class='ocrx_word' id='word_1_524' title='bbox 1906 651 1960 676; x_wconf 86' lang='lat' dir='ltr'><strong>fru-</strong></span> 
     </span>
    </p>
   </div>
   <div class='ocr_carea' id='block_1_69' title="bbox 1171 691 1959 729">
    <p class='ocr_par' dir='ltr' id='par_1_69' title="bbox 1171 691 1959 729">
     <span class='ocr_line' id='line_1_69' title="bbox 1171 691 1959 729; baseline 0.008 -13"><span class='ocrx_word' id='word_1_525' title='bbox 1171 694 1241 720; x_wconf 84' lang='lat' dir='ltr'><strong>etus,</strong></span> <span class='ocrx_word' id='word_1_526' title='bbox 1255 696 1282 716; x_wconf 89' lang='lat' dir='ltr'><strong>et</strong></span> <span class='ocrx_word' id='word_1_527' title='bbox 1296 691 1454 725; x_wconf 87' lang='lat' dir='ltr'><strong>paradisum</strong></span> <span class='ocrx_word' id='word_1_528' title='bbox 1475 698 1549 719; x_wconf 88' lang='lat' dir='ltr'><strong>recte</strong></span> <span class='ocrx_word' id='word_1_529' title='bbox 1566 693 1760 720; x_wconf 73' lang='lat' dir='ltr'><strong>intellexerunt</strong></span> <span class='ocrx_word' id='word_1_530' title='bbox 1780 699 1807 721; x_wconf 88' lang='lat' dir='ltr'><strong>et</strong></span> <span class='ocrx_word' id='word_1_531' title='bbox 1824 695 1959 729; x_wconf 71' lang='lat' dir='ltr'><strong>interpre-</strong></span> 
     </span>
    </p>
   </div>
   <div class='ocr_carea' id='block_1_70' title="bbox 1172 736 1958 775">
    <p class='ocr_par' dir='ltr' id='par_1_70' title="bbox 1172 736 1958 775">
     <span class='ocr_line' id='line_1_70' title="bbox 1172 736 1958 775; baseline 0.009 -14"><span class='ocrx_word' id='word_1_532' title='bbox 1172 736 1220 761; x_wconf 85' lang='lat' dir='ltr'><strong>tati</strong></span> <span class='ocrx_word' id='word_1_533' title='bbox 1233 741 1297 762; x_wconf 88' lang='lat' dir='ltr'><strong>sunt</strong></span> <span class='ocrx_word' id='word_1_534' title='bbox 1313 737 1502 771; x_wconf 83' lang='lat' dir='ltr'><strong>expositores?</strong></span> <span class='ocrx_word' id='word_1_535' title='bbox 1515 739 1644 765; x_wconf 75' lang='lat' dir='ltr'><strong>dixerunt</strong></span> <span class='ocrx_word' id='word_1_536' title='bbox 1656 740 1714 766; x_wconf 62' lang='lat' dir='ltr'><strong>haec</strong></span> <span class='ocrx_word' id='word_1_537' title='bbox 1725 741 1888 775; x_wconf 79' lang='lat' dir='ltr'><strong>prophetico</strong></span> <span class='ocrx_word' id='word_1_538' title='bbox 1901 750 1958 769; x_wconf 79' lang='lat' dir='ltr'><strong>esse</strong></span> 
     </span>
    </p>
   </div>
   <div class='ocr_carea' id='block_1_71' title="bbox 1171 783 1955 820">
    <p class='ocr_par' dir='ltr' id='par_1_71' title="bbox 1171 783 1955 820">
     <span class='ocr_line' id='line_1_71' title="bbox 1171 783 1955 820; baseline 0.009 -12"><span class='ocrx_word' id='word_1_539' title='bbox 1171 783 1273 816; x_wconf 86' lang='lat' dir='ltr'><strong>scripta</strong></span> <span class='ocrx_word' id='word_1_540' title='bbox 1290 791 1304 809; x_wconf 87' lang='lat' dir='ltr'><strong>a</strong></span> <span class='ocrx_word' id='word_1_541' title='bbox 1323 783 1396 810; x_wconf 86' lang='lat' dir='ltr'><strong>Mose</strong></span> <span class='ocrx_word' id='word_1_542' title='bbox 1418 783 1452 810; x_wconf 88' lang='lat' dir='ltr'><strong>de</strong></span> <span class='ocrx_word' id='word_1_543' title='bbox 1477 785 1556 812; x_wconf 81' lang='lat' dir='ltr'><strong>nobis</strong></span> <span class='ocrx_word' id='word_1_544' title='bbox 1580 789 1608 812; x_wconf 84' lang='lat' dir='ltr'><strong>et</strong></span> <span class='ocrx_word' id='word_1_545' title='bbox 1627 785 1747 813; x_wconf 84' lang='lat' dir='ltr'><strong>Christo.</strong></span> <span class='ocrx_word' id='word_1_546' title='bbox 1767 787 1832 814; x_wconf 90' lang='lat' dir='ltr'><strong>Dico</strong></span> <span class='ocrx_word' id='word_1_547' title='bbox 1856 793 1955 820; x_wconf 81' lang='lat' dir='ltr'><strong>autem,</strong></span> 
     </span>
    </p>
   </div>
   <div class='ocr_carea' id='block_1_72' title="bbox 1171 829 1956 866">
    <p class='ocr_par' dir='ltr' id='par_1_72' title="bbox 1171 829 1956 866">
     <span class='ocr_line' id='line_1_72' title="bbox 1171 829 1956 866; baseline 0.008 -11"><span class='ocrx_word' id='word_1_548' title='bbox 1171 837 1231 863; x_wconf 68' lang='lat' dir='ltr'><strong>qua:</strong></span> <span class='ocrx_word' id='word_1_549' title='bbox 1248 829 1281 855; x_wconf 88' lang='lat' dir='ltr'><strong>de</strong></span> <span class='ocrx_word' id='word_1_550' title='bbox 1294 829 1421 863; x_wconf 87' lang='lat' dir='ltr'><strong>paradiso</strong></span> <span class='ocrx_word' id='word_1_551' title='bbox 1443 830 1517 856; x_wconf 80' lang='lat' dir='ltr'><strong>dicta</strong></span> <span class='ocrx_word' id='word_1_552' title='bbox 1539 835 1614 862; x_wconf 87' lang='lat' dir='ltr'><strong>sunt,</strong></span> <span class='ocrx_word' id='word_1_553' title='bbox 1630 837 1658 858; x_wconf 86' lang='lat' dir='ltr'><strong>et</strong></span> <span class='ocrx_word' id='word_1_554' title='bbox 1674 832 1792 866; x_wconf 81' lang='lat' dir='ltr'><strong>plantas,</strong></span> <span class='ocrx_word' id='word_1_555' title='bbox 1811 838 1839 860; x_wconf 87' lang='lat' dir='ltr'><strong>et</strong></span> <span class='ocrx_word' id='word_1_556' title='bbox 1854 834 1956 861; x_wconf 84' lang='lat' dir='ltr'><strong>anima—</strong></span> 
     </span>
    </p>
   </div>
   <div class='ocr_carea' id='block_1_73' title="bbox 1170 874 1954 914">
    <p class='ocr_par' dir='ltr' id='par_1_73' title="bbox 1170 874 1954 914">
     <span class='ocr_line' id='line_1_73' title="bbox 1170 874 1954 914; baseline 0.009 -14"><span class='ocrx_word' id='word_1_557' title='bbox 1170 874 1216 906; x_wconf 89' lang='lat' dir='ltr'><strong>lia,</strong></span> <span class='ocrx_word' id='word_1_558' title='bbox 1232 876 1369 904; x_wconf 80' lang='lat' dir='ltr'><strong>volucres.</strong></span> <span class='ocrx_word' id='word_1_559' title='bbox 1386 876 1497 907; x_wconf 88' lang='lat' dir='ltr'><strong>bestias,</strong></span> <span class='ocrx_word' id='word_1_560' title='bbox 1516 881 1544 903; x_wconf 89' lang='lat' dir='ltr'><strong>et</strong></span> <span class='ocrx_word' id='word_1_561' title='bbox 1567 885 1626 911; x_wconf 64' lang='lat' dir='ltr'><strong>qute</strong></span> <span class='ocrx_word' id='word_1_562' title='bbox 1643 878 1774 913; x_wconf 83' lang='lat' dir='ltr'><strong>deinceps</strong></span> <span class='ocrx_word' id='word_1_563' title='bbox 1793 886 1954 914; x_wconf 86' lang='lat' dir='ltr'><strong>sequuntur.</strong></span> 
     </span>
    </p>
   </div>
   <div class='ocr_carea' id='block_1_74' title="bbox 1171 919 1953 960">
    <p class='ocr_par' dir='ltr' id='par_1_74' title="bbox 1171 919 1953 960">
     <span class='ocr_line' id='line_1_74' title="bbox 1171 919 1953 960; baseline 0.009 -14"><span class='ocrx_word' id='word_1_564' title='bbox 1171 919 1217 947; x_wconf 88' lang='lat' dir='ltr'><strong>Sin</strong></span> <span class='ocrx_word' id='word_1_565' title='bbox 1233 925 1323 947; x_wconf 87' lang='lat' dir='ltr'><strong>autem</strong></span> <span class='ocrx_word' id='word_1_566' title='bbox 1341 921 1512 948; x_wconf 88' lang='lat' dir='ltr'><strong>contendunt</strong></span> <span class='ocrx_word' id='word_1_567' title='bbox 1525 922 1598 956; x_wconf 87' lang='lat' dir='ltr'><strong>quod</strong></span> <span class='ocrx_word' id='word_1_568' title='bbox 1617 923 1658 950; x_wconf 75' lang='lat' dir='ltr'><strong>lia:</strong></span> <span class='ocrx_word' id='word_1_569' title='bbox 1675 924 1791 951; x_wconf 80' lang='lat' dir='ltr'><strong>arbores</strong></span> <span class='ocrx_word' id='word_1_570' title='bbox 1805 931 1832 952; x_wconf 89' lang='lat' dir='ltr'><strong>et</strong></span> <span class='ocrx_word' id='word_1_571' title='bbox 1849 926 1953 960; x_wconf 69' lang='lat' dir='ltr'><strong>plantae,</strong></span> 
     </span>
    </p>
   </div>
   <div class='ocr_carea' id='block_1_75' title="bbox 1169 965 1952 1001">
    <p class='ocr_par' dir='ltr' id='par_1_75' title="bbox 1169 965 1952 1001">
     <span class='ocr_line' id='line_1_75' title="bbox 1169 965 1952 1001; baseline 0.01 -10"><span class='ocrx_word' id='word_1_572' title='bbox 1169 969 1196 991; x_wconf 90' lang='lat' dir='ltr'><strong>et</strong></span> <span class='ocrx_word' id='word_1_573' title='bbox 1208 965 1314 992; x_wconf 89' lang='lat' dir='ltr'><strong>fructus</strong></span> <span class='ocrx_word' id='word_1_574' title='bbox 1328 974 1342 992; x_wconf 90' lang='lat' dir='ltr'><strong>e</strong></span> <span class='ocrx_word' id='word_1_575' title='bbox 1357 970 1428 993; x_wconf 86' lang='lat' dir='ltr'><strong>terra</strong></span> <span class='ocrx_word' id='word_1_576' title='bbox 1439 967 1565 1001; x_wconf 91' lang='lat' dir='ltr'><strong>producti</strong></span> <span class='ocrx_word' id='word_1_577' title='bbox 1578 972 1641 994; x_wconf 89' lang='lat' dir='ltr'><strong>sunt</strong></span> <span class='ocrx_word' id='word_1_578' title='bbox 1653 968 1697 995; x_wconf 85' lang='lat' dir='ltr'><strong>die</strong></span> <span class='ocrx_word' id='word_1_579' title='bbox 1710 970 1801 1001; x_wconf 87' lang='lat' dir='ltr'><strong>tertio,</strong></span> <span class='ocrx_word' id='word_1_580' title='bbox 1814 975 1841 997; x_wconf 85' lang='lat' dir='ltr'><strong>et</strong></span> <span class='ocrx_word' id='word_1_581' title='bbox 1852 973 1952 999; x_wconf 80' lang='lat' dir='ltr'><strong>semina</strong></span> 
     </span>
    </p>
   </div>
   <div class='ocr_carea' id='block_1_76' title="bbox 1168 1011 1953 1049">
    <p class='ocr_par' dir='ltr' id='par_1_76' title="bbox 1168 1011 1953 1049">
     <span class='ocr_line' id='line_1_76' title="bbox 1168 1011 1953 1049; baseline 0.01 -13"><span class='ocrx_word' id='word_1_582' title='bbox 1168 1018 1228 1044; x_wconf 63' lang='lat' dir='ltr'><strong>qua:</strong></span> <span class='ocrx_word' id='word_1_583' title='bbox 1249 1011 1441 1045; x_wconf 85' lang='lat' dir='ltr'><strong>gertninarunt</strong></span> <span class='ocrx_word' id='word_1_584' title='bbox 1464 1021 1470 1038; x_wconf 87' lang='lat'><strong>:</strong></span> <span class='ocrx_word' id='word_1_585' title='bbox 1488 1013 1645 1039; x_wconf 80' lang='lat' dir='ltr'><strong>necessario</strong></span> <span class='ocrx_word' id='word_1_586' title='bbox 1667 1013 1761 1041; x_wconf 79' lang='lat' dir='ltr'><strong>dicent</strong></span> <span class='ocrx_word' id='word_1_587' title='bbox 1783 1016 1856 1049; x_wconf 92' lang='lat' dir='ltr'><strong>quod</strong></span> <span class='ocrx_word' id='word_1_588' title='bbox 1883 1024 1953 1044; x_wconf 82' lang='lat' dir='ltr'><strong>com-</strong></span> 
     </span>
    </p>
   </div>
   <div class='ocr_carea' id='block_1_77' title="bbox 1168 1056 1951 1094">
    <p class='ocr_par' dir='ltr' id='par_1_77' title="bbox 1168 1056 1951 1094">
     <span class='ocr_line' id='line_1_77' title="bbox 1168 1056 1951 1094; baseline 0.01 -13"><span class='ocrx_word' id='word_1_589' title='bbox 1168 1056 1260 1082; x_wconf 85' lang='lat' dir='ltr'><strong>muttis</strong></span> <span class='ocrx_word' id='word_1_590' title='bbox 1282 1057 1360 1083; x_wconf 85' lang='lat' dir='ltr'><strong>cibus</strong></span> <span class='ocrx_word' id='word_1_591' title='bbox 1384 1057 1514 1087; x_wconf 87' lang='lat' dir='ltr'><strong>hominis.</strong></span> <span class='ocrx_word' id='word_1_592' title='bbox 1533 1063 1558 1084; x_wconf 91' lang='lat' dir='ltr'><strong>et</strong></span> <span class='ocrx_word' id='word_1_593' title='bbox 1581 1058 1738 1090; x_wconf 81' lang='lat' dir='ltr'><strong>brutorum,</strong></span> <span class='ocrx_word' id='word_1_594' title='bbox 1755 1065 1783 1087; x_wconf 83' lang='lat' dir='ltr'><strong>et</strong></span> <span class='ocrx_word' id='word_1_595' title='bbox 1799 1062 1951 1094; x_wconf 81' lang='lat' dir='ltr'><strong>volucrum,</strong></span> 
     </span>
    </p>
   </div>
   <div class='ocr_carea' id='block_1_78' title="bbox 1167 1102 1953 1139">
    <p class='ocr_par' dir='ltr' id='par_1_78' title="bbox 1167 1102 1953 1139">
     <span class='ocr_line' id='line_1_78' title="bbox 1167 1102 1953 1139; baseline 0.01 -12"><span class='ocrx_word' id='word_1_596' title='bbox 1167 1105 1195 1128; x_wconf 88' lang='lat' dir='ltr'><strong>et</strong></span> <span class='ocrx_word' id='word_1_597' title='bbox 1218 1102 1375 1135; x_wconf 82' lang='lat' dir='ltr'><strong>reptilium,</strong></span> <span class='ocrx_word' id='word_1_598' title='bbox 1400 1107 1458 1129; x_wconf 85' lang='lat' dir='ltr'><strong>erat</strong></span> <span class='ocrx_word' id='word_1_599' title='bbox 1483 1103 1590 1130; x_wconf 87' lang='lat' dir='ltr'><strong>fructus</strong></span> <span class='ocrx_word' id='word_1_600' title='bbox 1614 1104 1680 1139; x_wconf 81' lang='lat' dir='ltr'><strong>ligni</strong></span> <span class='ocrx_word' id='word_1_601' title='bbox 1699 1105 1777 1136; x_wconf 67' lang='lat' dir='ltr'><strong>vitae.</strong></span> <span class='ocrx_word' id='word_1_602' title='bbox 1797 1112 1826 1133; x_wconf 88' lang='lat' dir='ltr'><strong>et</strong></span> <span class='ocrx_word' id='word_1_603' title='bbox 1849 1108 1953 1135; x_wconf 84' lang='lat' dir='ltr'><strong>fructus</strong></span> 
     </span>
    </p>
   </div>
   <div class='ocr_carea' id='block_1_79' title="bbox 1167 1146 1954 1182">
    <p class='ocr_par' dir='ltr' id='par_1_79' title="bbox 1167 1146 1954 1182">
     <span class='ocr_line' id='line_1_79' title="bbox 1167 1146 1954 1182; baseline 0.011 -10"><span class='ocrx_word' id='word_1_604' title='bbox 1167 1146 1232 1181; x_wconf 77' lang='lat' dir='ltr'><strong>ligni</strong></span> <span class='ocrx_word' id='word_1_605' title='bbox 1249 1148 1430 1182; x_wconf 77' lang='lat' dir='ltr'><strong>cognoscendi</strong></span> <span class='ocrx_word' id='word_1_606' title='bbox 1448 1149 1549 1176; x_wconf 89' lang='lat' dir='ltr'><strong>bottunt</strong></span> <span class='ocrx_word' id='word_1_607' title='bbox 1563 1155 1590 1176; x_wconf 82' lang='lat' dir='ltr'><strong>et</strong></span> <span class='ocrx_word' id='word_1_608' title='bbox 1611 1151 1723 1178; x_wconf 86' lang='lat' dir='ltr'><strong>malum.</strong></span> <span class='ocrx_word' id='word_1_609' title='bbox 1738 1152 1784 1179; x_wconf 87' lang='lat' dir='ltr'><strong>Sic</strong></span> <span class='ocrx_word' id='word_1_610' title='bbox 1798 1154 1875 1179; x_wconf 84' lang='lat' dir='ltr'><strong>enim</strong></span> <span class='ocrx_word' id='word_1_611' title='bbox 1889 1154 1954 1181; x_wconf 70' lang='lat' dir='ltr'><strong>dixit</strong></span> 
     </span>
    </p>
   </div>
   <div class='ocr_carea' id='block_1_80' title="bbox 1167 1193 1955 1232">
    <p class='ocr_par' dir='ltr' id='par_1_80' title="bbox 1167 1193 1955 1232">
     <span class='ocr_line' id='line_1_80' title="bbox 1167 1193 1955 1232; baseline 0.01 -13"><span class='ocrx_word' id='word_1_612' title='bbox 1167 1193 1238 1220; x_wconf 85' lang='lat' dir='ltr'><strong>Deus</strong></span> <span class='ocrx_word' id='word_1_613' title='bbox 1260 1199 1337 1220; x_wconf 73' lang='lat' dir='ltr'><strong>sexto</strong></span> <span class='ocrx_word' id='word_1_614' title='bbox 1358 1195 1401 1221; x_wconf 87' lang='lat' dir='ltr'><strong>die</strong></span> <span class='ocrx_word' id='word_1_615' title='bbox 1421 1196 1523 1222; x_wconf 87' lang='lat' dir='ltr'><strong>homini</strong></span> <span class='ocrx_word' id='word_1_616' title='bbox 1541 1205 1548 1223; x_wconf 89' lang='lat'><strong>:</strong></span> <span class='ocrx_word' id='word_1_617' title='bbox 1564 1197 1629 1223; x_wconf 78' lang='lat' dir='ltr'><strong>Ecce</strong></span> <span class='ocrx_word' id='word_1_618' title='bbox 1646 1206 1693 1232; x_wconf 83' lang='lat' dir='ltr'><strong>ego</strong></span> <span class='ocrx_word' id='word_1_619' title='bbox 1708 1199 1768 1225; x_wconf 82' lang='lat' dir='ltr'><strong>dedi</strong></span> <span class='ocrx_word' id='word_1_620' title='bbox 1795 1200 1866 1226; x_wconf 81' lang='lat' dir='ltr'><strong>vobis</strong></span> <span class='ocrx_word' id='word_1_621' title='bbox 1882 1209 1955 1228; x_wconf 85' lang='lat' dir='ltr'><strong>omne</strong></span> 
     </span>
    </p>
   </div>
   <div class='ocr_carea' id='block_1_81' title="bbox 1167 1238 1954 1276">
    <p class='ocr_par' dir='ltr' id='par_1_81' title="bbox 1167 1238 1954 1276">
     <span class='ocr_line' id='line_1_81' title="bbox 1167 1238 1954 1276; baseline 0.01 -12"><span class='ocrx_word' id='word_1_622' title='bbox 1167 1238 1268 1273; x_wconf 83' lang='lat' dir='ltr'><strong>lignum</strong></span> <span class='ocrx_word' id='word_1_623' title='bbox 1282 1240 1350 1273; x_wconf 83' lang='lat' dir='ltr'><strong>quod</strong></span> <span class='ocrx_word' id='word_1_624' title='bbox 1362 1240 1436 1266; x_wconf 79' lang='lat' dir='ltr'><strong>liabet</strong></span> <span class='ocrx_word' id='word_1_625' title='bbox 1453 1242 1478 1266; x_wconf 88' lang='lat' dir='ltr'><strong>in</strong></span> <span class='ocrx_word' id='word_1_626' title='bbox 1494 1249 1521 1267; x_wconf 80' lang='lat' dir='ltr'><strong>sc</strong></span> <span class='ocrx_word' id='word_1_627' title='bbox 1536 1241 1651 1276; x_wconf 77' lang='lat' dir='ltr'><strong>fructum</strong></span> <span class='ocrx_word' id='word_1_628' title='bbox 1663 1244 1769 1270; x_wconf 75' lang='lat' dir='ltr'><strong>sentinis</strong></span> <span class='ocrx_word' id='word_1_629' title='bbox 1782 1246 1954 1276; x_wconf 72' lang='lat' dir='ltr'><strong>sentinabilis,</strong></span> 
     </span>
    </p>
   </div>
   <div class='ocr_carea' id='block_1_82' title="bbox 1167 1285 1955 1320">
    <p class='ocr_par' dir='ltr' id='par_1_82' title="bbox 1167 1285 1955 1320">
     <span class='ocr_line' id='line_1_82' title="bbox 1167 1285 1955 1320; baseline 0.011 -9"><span class='ocrx_word' id='word_1_630' title='bbox 1167 1285 1235 1312; x_wconf 81' lang='lat' dir='ltr'><strong>vobis</strong></span> <span class='ocrx_word' id='word_1_631' title='bbox 1251 1287 1299 1312; x_wconf 77' lang='lat' dir='ltr'><strong>erit</strong></span> <span class='ocrx_word' id='word_1_632' title='bbox 1323 1287 1350 1312; x_wconf 83' lang='lat' dir='ltr'><strong>in</strong></span> <span class='ocrx_word' id='word_1_633' title='bbox 1374 1286 1457 1313; x_wconf 85' lang='lat' dir='ltr'><strong>cibum</strong></span> <span class='ocrx_word' id='word_1_634' title='bbox 1475 1292 1506 1313; x_wconf 69' lang='lat' dir='ltr'><strong>et</strong></span> <span class='ocrx_word' id='word_1_635' title='bbox 1524 1289 1643 1316; x_wconf 76' lang='lat' dir='ltr'><strong>omnibus</strong></span> <span class='ocrx_word' id='word_1_636' title='bbox 1666 1290 1811 1317; x_wconf 80' lang='lat' dir='ltr'><strong>volucribus</strong></span> <span class='ocrx_word' id='word_1_637' title='bbox 1834 1292 1904 1319; x_wconf 62' lang='lat' dir='ltr'><strong>caeli.</strong></span> <span class='ocrx_word' id='word_1_638' title='bbox 1929 1293 1955 1320; x_wconf 89' lang='lat' dir='ltr'><strong>Si</strong></span> 
     </span>
    </p>
   </div>
   <div class='ocr_carea' id='block_1_83' title="bbox 1166 1331 1956 1368">
    <p class='ocr_par' dir='ltr' id='par_1_83' title="bbox 1166 1331 1956 1368">
     <span class='ocr_line' id='line_1_83' title="bbox 1166 1331 1956 1368; baseline 0.011 -12"><span class='ocrx_word' id='word_1_639' title='bbox 1166 1338 1231 1364; x_wconf 81' lang='lat' dir='ltr'><strong>ergo</strong></span> <span class='ocrx_word' id='word_1_640' title='bbox 1247 1331 1362 1357; x_wconf 83' lang='lat' dir='ltr'><strong>Verbum</strong></span> <span class='ocrx_word' id='word_1_641' title='bbox 1380 1336 1407 1358; x_wconf 90' lang='lat' dir='ltr'><strong>et</strong></span> <span class='ocrx_word' id='word_1_642' title='bbox 1420 1340 1511 1358; x_wconf 87' lang='lat' dir='ltr'><strong>sermo</strong></span> <span class='ocrx_word' id='word_1_643' title='bbox 1524 1333 1631 1360; x_wconf 89' lang='lat' dir='ltr'><strong>Domini</strong></span> <span class='ocrx_word' id='word_1_644' title='bbox 1645 1340 1687 1361; x_wconf 88' lang='lat' dir='ltr'><strong>est</strong></span> <span class='ocrx_word' id='word_1_645' title='bbox 1702 1335 1729 1361; x_wconf 92' lang='lat' dir='ltr'><strong>in</strong></span> <span class='ocrx_word' id='word_1_646' title='bbox 1740 1342 1886 1368; x_wconf 59' lang='lat' dir='ltr'><strong>mternnm,</strong></span> <span class='ocrx_word' id='word_1_647' title='bbox 1899 1345 1956 1364; x_wconf 87' lang='lat' dir='ltr'><strong>ont-</strong></span> 
     </span>
    </p>
   </div>
   <div class='ocr_carea' id='block_1_84' title="bbox 1166 1377 1955 1416">
    <p class='ocr_par' dir='ltr' id='par_1_84' title="bbox 1166 1377 1955 1416">
     <span class='ocr_line' id='line_1_84' title="bbox 1166 1377 1955 1416; baseline 0.011 -14"><span class='ocrx_word' id='word_1_648' title='bbox 1166 1377 1231 1402; x_wconf 85' lang='lat' dir='ltr'><strong>nino</strong></span> <span class='ocrx_word' id='word_1_649' title='bbox 1248 1377 1269 1402; x_wconf 91' lang='lat' dir='ltr'><strong>si</strong></span> <span class='ocrx_word' id='word_1_650' title='bbox 1288 1377 1369 1403; x_wconf 88' lang='lat' dir='ltr'><strong>ltotno</strong></span> <span class='ocrx_word' id='word_1_651' title='bbox 1384 1386 1432 1411; x_wconf 86' lang='lat' dir='ltr'><strong>per</strong></span> <span class='ocrx_word' id='word_1_652' title='bbox 1446 1378 1659 1406; x_wconf 87' lang='lat' dir='ltr'><strong>inoltedientiam</strong></span> <span class='ocrx_word' id='word_1_653' title='bbox 1673 1386 1715 1407; x_wconf 86' lang='lat' dir='ltr'><strong>est</strong></span> <span class='ocrx_word' id='word_1_654' title='bbox 1728 1382 1850 1416; x_wconf 89' lang='lat' dir='ltr'><strong>privatus</strong></span> <span class='ocrx_word' id='word_1_655' title='bbox 1867 1384 1955 1411; x_wconf 88' lang='lat' dir='ltr'><strong>fructu</strong></span> 
     </span>
    </p>
   </div>
   <div class='ocr_carea' id='block_1_85' title="bbox 1165 1420 1954 1458">
    <p class='ocr_par' dir='ltr' id='par_1_85' title="bbox 1165 1420 1954 1458">
     <span class='ocr_line' id='line_1_85' title="bbox 1165 1420 1954 1458; baseline 0.014 -13"><span class='ocrx_word' id='word_1_656' title='bbox 1165 1420 1230 1453; x_wconf 76' lang='lat' dir='ltr'><strong>ligni</strong></span> <span class='ocrx_word' id='word_1_657' title='bbox 1246 1421 1318 1449; x_wconf 70' lang='lat' dir='ltr'><strong>vita).</strong></span> <span class='ocrx_word' id='word_1_658' title='bbox 1333 1421 1425 1448; x_wconf 74' lang='lat' dir='ltr'><strong>bestize</strong></span> <span class='ocrx_word' id='word_1_659' title='bbox 1440 1427 1467 1449; x_wconf 87' lang='lat' dir='ltr'><strong>et</strong></span> <span class='ocrx_word' id='word_1_660' title='bbox 1484 1424 1589 1458; x_wconf 87' lang='lat' dir='ltr'><strong>reptilia</strong></span> <span class='ocrx_word' id='word_1_661' title='bbox 1614 1433 1646 1451; x_wconf 83' lang='lat' dir='ltr'><strong>ex</strong></span> <span class='ocrx_word' id='word_1_662' title='bbox 1671 1434 1704 1453; x_wconf 88' lang='lat' dir='ltr'><strong>eo</strong></span> <span class='ocrx_word' id='word_1_663' title='bbox 1718 1427 1913 1455; x_wconf 80' lang='lat' dir='ltr'><strong>comederunt.</strong></span> <span class='ocrx_word' id='word_1_664' title='bbox 1930 1430 1954 1456; x_wconf 87' lang='lat' dir='ltr'><strong>Si</strong></span> 
     </span>
    </p>
   </div>
   <div class='ocr_carea' id='block_1_86' title="bbox 1166 1467 1956 1503">
    <p class='ocr_par' dir='ltr' id='par_1_86' title="bbox 1166 1467 1956 1503">
     <span class='ocr_line' id='line_1_86' title="bbox 1166 1467 1956 1503; baseline 0.014 -12"><span class='ocrx_word' id='word_1_665' title='bbox 1166 1470 1256 1492; x_wconf 82' lang='lat' dir='ltr'><strong>autent</strong></span> <span class='ocrx_word' id='word_1_666' title='bbox 1273 1467 1464 1499; x_wconf 84' lang='lat' dir='ltr'><strong>comederunt,</strong></span> <span class='ocrx_word' id='word_1_667' title='bbox 1479 1470 1616 1503; x_wconf 89' lang='lat' dir='ltr'><strong>quontodo</strong></span> <span class='ocrx_word' id='word_1_668' title='bbox 1638 1479 1692 1498; x_wconf 87' lang='lat' dir='ltr'><strong>non</strong></span> <span class='ocrx_word' id='word_1_669' title='bbox 1709 1473 1804 1499; x_wconf 83' lang='lat' dir='ltr'><strong>vivunt</strong></span> <span class='ocrx_word' id='word_1_670' title='bbox 1826 1474 1853 1500; x_wconf 91' lang='lat' dir='ltr'><strong>iIt</strong></span> <span class='ocrx_word' id='word_1_671' title='bbox 1880 1481 1956 1502; x_wconf 64' lang='grc' dir='ltr'><strong>αξιοι·-</strong></span> 
     </span>
    </p>
   </div>
   <div class='ocr_carea' id='block_1_87' title="bbox 1166 1512 1955 1553">
    <p class='ocr_par' dir='ltr' id='par_1_87' title="bbox 1166 1512 1955 1553">
     <span class='ocr_line' id='line_1_87' title="bbox 1166 1512 1955 1553; baseline 0.016 -16"><span class='ocrx_word' id='word_1_672' title='bbox 1166 1519 1242 1539; x_wconf 87' lang='lat' dir='ltr'><strong>nutn.</strong></span> <span class='ocrx_word' id='word_1_673' title='bbox 1259 1512 1305 1538; x_wconf 90' lang='lat' dir='ltr'><strong>sed</strong></span> <span class='ocrx_word' id='word_1_674' title='bbox 1323 1513 1384 1547; x_wconf 87' lang='lat' dir='ltr'><strong>plus</strong></span> <span class='ocrx_word' id='word_1_675' title='bbox 1401 1522 1480 1548; x_wconf 85' lang='lat' dir='ltr'><strong>quam</strong></span> <span class='ocrx_word' id='word_1_676' title='bbox 1504 1515 1586 1543; x_wconf 90' lang='lat' dir='ltr'><strong>homo</strong></span> <span class='ocrx_word' id='word_1_677' title='bbox 1601 1518 1742 1552; x_wconf 85' lang='lat' dir='ltr'><strong>accipiunt</strong></span> <span class='ocrx_word' id='word_1_678' title='bbox 1758 1520 1913 1553; x_wconf 85' lang='lat' dir='ltr'><strong>perfectum</strong></span> <span class='ocrx_word' id='word_1_679' title='bbox 1929 1528 1955 1549; x_wconf 88' lang='lat' dir='ltr'><strong>et</strong></span> 
     </span>
    </p>
   </div>
   <div class='ocr_carea' id='block_1_88' title="bbox 1166 1558 1952 1596">
    <p class='ocr_par' dir='ltr' id='par_1_88' title="bbox 1166 1558 1952 1596">
     <span class='ocr_line' id='line_1_88' title="bbox 1166 1558 1952 1596; baseline 0.014 -13"><span class='ocrx_word' id='word_1_680' title='bbox 1166 1558 1239 1584; x_wconf 88' lang='lat' dir='ltr'><strong>ontni</strong></span> <span class='ocrx_word' id='word_1_681' title='bbox 1263 1566 1295 1584; x_wconf 78' lang='lat' dir='ltr'><strong>ex</strong></span> <span class='ocrx_word' id='word_1_682' title='bbox 1322 1565 1399 1592; x_wconf 84' lang='lat' dir='ltr'><strong>parte</strong></span> <span class='ocrx_word' id='word_1_683' title='bbox 1423 1560 1579 1588; x_wconf 84' lang='lat' dir='ltr'><strong>absolutum</strong></span> <span class='ocrx_word' id='word_1_684' title='bbox 1607 1563 1761 1596; x_wconf 81' lang='lat' dir='ltr'><strong>interitum,</strong></span> <span class='ocrx_word' id='word_1_685' title='bbox 1785 1570 1813 1592; x_wconf 88' lang='lat' dir='ltr'><strong>et</strong></span> <span class='ocrx_word' id='word_1_686' title='bbox 1837 1573 1952 1594; x_wconf 88' lang='lat' dir='ltr'><strong>mortem</strong></span> 
     </span>
    </p>
   </div>
   <div class='ocr_carea' id='block_1_89' title="bbox 1167 1603 1953 1641">
    <p class='ocr_par' dir='ltr' id='par_1_89' title="bbox 1167 1603 1953 1641">
     <span class='ocr_line' id='line_1_89' title="bbox 1167 1603 1953 1641; baseline 0.014 -13"><span class='ocrx_word' id='word_1_687' title='bbox 1167 1603 1373 1630; x_wconf 76' lang='lat' dir='ltr'><strong>inevitabilem?</strong></span> <span class='ocrx_word' id='word_1_688' title='bbox 1389 1605 1441 1632; x_wconf 83' lang='lat' dir='ltr'><strong>Sed</strong></span> <span class='ocrx_word' id='word_1_689' title='bbox 1464 1611 1491 1633; x_wconf 89' lang='lat' dir='ltr'><strong>et</strong></span> <span class='ocrx_word' id='word_1_690' title='bbox 1510 1607 1531 1634; x_wconf 91' lang='lat' dir='ltr'><strong>si</strong></span> <span class='ocrx_word' id='word_1_691' title='bbox 1550 1609 1723 1641; x_wconf 87' lang='lat' dir='ltr'><strong>posueritnns</strong></span> <span class='ocrx_word' id='word_1_692' title='bbox 1738 1618 1784 1637; x_wconf 88' lang='lat' dir='ltr'><strong>eas</strong></span> <span class='ocrx_word' id='word_1_693' title='bbox 1798 1620 1851 1638; x_wconf 90' lang='lat' dir='ltr'><strong>non</strong></span> <span class='ocrx_word' id='word_1_694' title='bbox 1873 1613 1953 1639; x_wconf 74' lang='lat' dir='ltr'><strong>fuisse</strong></span> 
     </span>
    </p>
   </div>
   <div class='ocr_carea' id='block_1_90' title="bbox 1167 1650 1951 1690">
    <p class='ocr_par' dir='ltr' id='par_1_90' title="bbox 1167 1650 1951 1690">
     <span class='ocr_line' id='line_1_90' title="bbox 1167 1650 1951 1690; baseline 0.014 -15"><span class='ocrx_word' id='word_1_695' title='bbox 1167 1650 1315 1684; x_wconf 87' lang='lat' dir='ltr'><strong>participes</strong></span> <span class='ocrx_word' id='word_1_696' title='bbox 1331 1651 1394 1685; x_wconf 84' lang='lat' dir='ltr'><strong>ligni</strong></span> <span class='ocrx_word' id='word_1_697' title='bbox 1418 1651 1479 1680; x_wconf 65' lang='lat' dir='ltr'><strong>vita:</strong></span> <span class='ocrx_word' id='word_1_698' title='bbox 1493 1673 1500 1682; x_wconf 81' lang='lat'><strong>,</strong></span> <span class='ocrx_word' id='word_1_699' title='bbox 1515 1658 1604 1680; x_wconf 86' lang='lat' dir='ltr'><strong>tamen</strong></span> <span class='ocrx_word' id='word_1_700' title='bbox 1620 1659 1648 1680; x_wconf 93' lang='lat' dir='ltr'><strong>ut</strong></span> <span class='ocrx_word' id='word_1_701' title='bbox 1661 1663 1721 1689; x_wconf 73' lang='lat' dir='ltr'><strong>qua:</strong></span> <span class='ocrx_word' id='word_1_702' title='bbox 1733 1657 1817 1690; x_wconf 69' lang='lat' dir='ltr'><strong>jussm</strong></span> <span class='ocrx_word' id='word_1_703' title='bbox 1832 1658 1890 1685; x_wconf 87' lang='lat' dir='ltr'><strong>sint</strong></span> <span class='ocrx_word' id='word_1_704' title='bbox 1905 1660 1951 1686; x_wconf 68' lang='lat' dir='ltr'><strong>silui</strong></span> 
     </span>
    </p>
   </div>
   <div class='ocr_carea' id='block_1_91' title="bbox 1166 1697 1952 1740">
    <p class='ocr_par' dir='ltr' id='par_1_91' title="bbox 1166 1697 1952 1740">
     <span class='ocr_line' id='line_1_91' title="bbox 1166 1697 1952 1740; baseline 0.015 -18"><span class='ocrx_word' id='word_1_705' title='bbox 1166 1705 1228 1723; x_wconf 88' lang='lat' dir='ltr'><strong>cum</strong></span> <span class='ocrx_word' id='word_1_706' title='bbox 1258 1697 1418 1724; x_wconf 87' lang='lat' dir='ltr'><strong>ltontinibus</strong></span> <span class='ocrx_word' id='word_1_707' title='bbox 1441 1699 1543 1726; x_wconf 85' lang='lat' dir='ltr'><strong>habere</strong></span> <span class='ocrx_word' id='word_1_708' title='bbox 1570 1701 1869 1733; x_wconf 82' lang='lat' dir='ltr'><strong>societatetn,ontnin0</strong></span> <span class='ocrx_word' id='word_1_709' title='bbox 1894 1707 1952 1740; x_wconf 78' lang='lat' dir='ltr'><strong>ipsa:</strong></span> 
     </span>
    </p>
   </div>
   <div class='ocr_carea' id='block_1_92' title="bbox 1166 1746 1951 1784">
    <p class='ocr_par' dir='ltr' id='par_1_92' title="bbox 1166 1746 1951 1784">
     <span class='ocr_line' id='line_1_92' title="bbox 1166 1746 1951 1784; baseline 0.013 -14"><span class='ocrx_word' id='word_1_710' title='bbox 1166 1753 1274 1779; x_wconf 83' lang='lat' dir='ltr'><strong>quoque</strong></span> <span class='ocrx_word' id='word_1_711' title='bbox 1288 1746 1388 1773; x_wconf 84' lang='lat' dir='ltr'><strong>fuerint</strong></span> <span class='ocrx_word' id='word_1_712' title='bbox 1405 1747 1553 1781; x_wconf 86' lang='lat' dir='ltr'><strong>participes</strong></span> <span class='ocrx_word' id='word_1_713' title='bbox 1569 1748 1633 1783; x_wconf 83' lang='lat' dir='ltr'><strong>ligni</strong></span> <span class='ocrx_word' id='word_1_714' title='bbox 1654 1751 1836 1784; x_wconf 70' lang='lat' dir='ltr'><strong>cognoscendi</strong></span> <span class='ocrx_word' id='word_1_715' title='bbox 1851 1753 1951 1780; x_wconf 81' lang='lat' dir='ltr'><strong>bonum</strong></span> 
     </span>
    </p>
   </div>
   <div class='ocr_carea' id='block_1_93' title="bbox 1166 1792 1953 1833">
    <p class='ocr_par' dir='ltr' id='par_1_93' title="bbox 1166 1792 1953 1833">
     <span class='ocr_line' id='line_1_93' title="bbox 1166 1792 1953 1833; baseline 0.011 -16"><span class='ocrx_word' id='word_1_716' title='bbox 1166 1796 1194 1818; x_wconf 91' lang='lat' dir='ltr'><strong>et</strong></span> <span class='ocrx_word' id='word_1_717' title='bbox 1214 1792 1313 1818; x_wconf 85' lang='lat' dir='ltr'><strong>malum</strong></span> <span class='ocrx_word' id='word_1_718' title='bbox 1338 1801 1343 1818; x_wconf 89' lang='lat'><strong>:</strong></span> <span class='ocrx_word' id='word_1_719' title='bbox 1370 1796 1397 1819; x_wconf 86' lang='lat' dir='ltr'><strong>et</strong></span> <span class='ocrx_word' id='word_1_720' title='bbox 1421 1794 1560 1827; x_wconf 90' lang='lat' dir='ltr'><strong>quomodo</strong></span> <span class='ocrx_word' id='word_1_721' title='bbox 1583 1795 1640 1829; x_wconf 86' lang='lat' dir='ltr'><strong>jam</strong></span> <span class='ocrx_word' id='word_1_722' title='bbox 1666 1797 1793 1823; x_wconf 83' lang='lat' dir='ltr'><strong>nesciunt</strong></span> <span class='ocrx_word' id='word_1_723' title='bbox 1819 1806 1900 1833; x_wconf 69' lang='lat' dir='ltr'><strong>:eque</strong></span> <span class='ocrx_word' id='word_1_724' title='bbox 1927 1805 1953 1826; x_wconf 86' lang='lat' dir='ltr'><strong>ut</strong></span> 
     </span>
    </p>
   </div>
   <div class='ocr_carea' id='block_1_94' title="bbox 1166 1837 1952 1875">
    <p class='ocr_par' dir='ltr' id='par_1_94' title="bbox 1166 1837 1952 1875">
     <span class='ocr_line' id='line_1_94' title="bbox 1166 1837 1952 1875; baseline 0.011 -11"><span class='ocrx_word' id='word_1_725' title='bbox 1166 1837 1248 1864; x_wconf 88' lang='lat' dir='ltr'><strong>homo</strong></span> <span class='ocrx_word' id='word_1_726' title='bbox 1263 1838 1363 1864; x_wconf 90' lang='lat' dir='ltr'><strong>bonum</strong></span> <span class='ocrx_word' id='word_1_727' title='bbox 1381 1843 1408 1865; x_wconf 86' lang='lat' dir='ltr'><strong>et</strong></span> <span class='ocrx_word' id='word_1_728' title='bbox 1428 1840 1542 1871; x_wconf 84' lang='lat' dir='ltr'><strong>malum,</strong></span> <span class='ocrx_word' id='word_1_729' title='bbox 1560 1841 1668 1875; x_wconf 89' lang='lat' dir='ltr'><strong>reptilia</strong></span> <span class='ocrx_word' id='word_1_730' title='bbox 1683 1846 1710 1868; x_wconf 88' lang='lat' dir='ltr'><strong>et</strong></span> <span class='ocrx_word' id='word_1_731' title='bbox 1725 1843 1820 1870; x_wconf 74' lang='lat' dir='ltr'><strong>bestize</strong></span> <span class='ocrx_word' id='word_1_732' title='bbox 1834 1849 1865 1871; x_wconf 85' lang='lat' dir='ltr'><strong>et.</strong></span> <span class='ocrx_word' id='word_1_733' title='bbox 1880 1846 1952 1872; x_wconf 83' lang='lat' dir='ltr'><strong>volu-</strong></span> 
     </span>
    </p>
   </div>
   <div class='ocr_carea' id='block_1_95' title="bbox 1167 1883 1953 1923">
    <p class='ocr_par' dir='ltr' id='par_1_95' title="bbox 1167 1883 1953 1923">
     <span class='ocr_line' id='line_1_95' title="bbox 1167 1883 1953 1923; baseline 0.011 -14"><span class='ocrx_word' id='word_1_734' title='bbox 1167 1884 1247 1910; x_wconf 86' lang='lat' dir='ltr'><strong>ercs?</strong></span> <span class='ocrx_word' id='word_1_735' title='bbox 1265 1883 1305 1910; x_wconf 81' lang='lat' dir='ltr'><strong>Ab</strong></span> <span class='ocrx_word' id='word_1_736' title='bbox 1322 1884 1373 1910; x_wconf 89' lang='lat' dir='ltr'><strong>ltoc</strong></span> <span class='ocrx_word' id='word_1_737' title='bbox 1390 1892 1456 1918; x_wconf 76' lang='lat' dir='ltr'><strong>ergo</strong></span> <span class='ocrx_word' id='word_1_738' title='bbox 1473 1893 1553 1912; x_wconf 84' lang='lat' dir='ltr'><strong>sensu</strong></span> <span class='ocrx_word' id='word_1_739' title='bbox 1580 1893 1754 1915; x_wconf 76' lang='lat' dir='ltr'><strong>recesserunt</strong></span> <span class='ocrx_word' id='word_1_740' title='bbox 1779 1890 1892 1923; x_wconf 85' lang='lat' dir='ltr'><strong>plurimi</strong></span> <span class='ocrx_word' id='word_1_741' title='bbox 1915 1891 1953 1918; x_wconf 88' lang='lat' dir='ltr'><strong>in—</strong></span> 
     </span>
    </p>
   </div>
   <div class='ocr_carea' id='block_1_96' title="bbox 1170 1930 1952 1964">
    <p class='ocr_par' dir='ltr' id='par_1_96' title="bbox 1170 1930 1952 1964">
     <span class='ocr_line' id='line_1_96' title="bbox 1170 1930 1952 1964; baseline 0.01 -9"><span class='ocrx_word' id='word_1_742' title='bbox 1170 1934 1312 1964; x_wconf 82' lang='lat' dir='ltr'><strong>terpretes,</strong></span> <span class='ocrx_word' id='word_1_743' title='bbox 1329 1935 1356 1956; x_wconf 82' lang='lat' dir='ltr'><strong>et</strong></span> <span class='ocrx_word' id='word_1_744' title='bbox 1366 1930 1483 1956; x_wconf 85' lang='lat' dir='ltr'><strong>maxime</strong></span> <span class='ocrx_word' id='word_1_745' title='bbox 1497 1936 1613 1962; x_wconf 80' lang='lat' dir='ltr'><strong>veteres,</strong></span> <span class='ocrx_word' id='word_1_746' title='bbox 1626 1932 1743 1959; x_wconf 85' lang='lat' dir='ltr'><strong>dicendo</strong></span> <span class='ocrx_word' id='word_1_747' title='bbox 1754 1941 1807 1960; x_wconf 91' lang='lat' dir='ltr'><strong>non</strong></span> <span class='ocrx_word' id='word_1_748' title='bbox 1825 1936 1952 1963; x_wconf 87' lang='lat' dir='ltr'><strong>sensilent</strong></span> 
     </span>
    </p>
   </div>
   <div class='ocr_carea' id='block_1_97' title="bbox 1166 1976 1953 2013">
    <p class='ocr_par' dir='ltr' id='par_1_97' title="bbox 1166 1976 1953 2013">
     <span class='ocr_line' id='line_1_97' title="bbox 1166 1976 1953 2013; baseline 0.009 -12"><span class='ocrx_word' id='word_1_749' title='bbox 1166 1983 1225 2002; x_wconf 84' lang='lat' dir='ltr'><strong>esse</strong></span> <span class='ocrx_word' id='word_1_750' title='bbox 1243 1976 1409 2010; x_wconf 69' lang='lat' dir='ltr'><strong>paradisum,</strong></span> <span class='ocrx_word' id='word_1_751' title='bbox 1425 1982 1452 2002; x_wconf 89' lang='lat' dir='ltr'><strong>et</strong></span> <span class='ocrx_word' id='word_1_752' title='bbox 1474 1984 1534 2010; x_wconf 52' lang='lat' dir='ltr'><strong>quae</strong></span> <span class='ocrx_word' id='word_1_753' title='bbox 1560 1982 1625 2004; x_wconf 91' lang='lat' dir='ltr'><strong>sunt</strong></span> <span class='ocrx_word' id='word_1_754' title='bbox 1649 1977 1675 2004; x_wconf 89' lang='lat' dir='ltr'><strong>in</strong></span> <span class='ocrx_word' id='word_1_755' title='bbox 1701 1978 1760 2013; x_wconf 84' lang='lat' dir='ltr'><strong>ejus</strong></span> <span class='ocrx_word' id='word_1_756' title='bbox 1784 1981 1878 2007; x_wconf 81' lang='lat' dir='ltr'><strong>medio</strong></span> <span class='ocrx_word' id='word_1_757' title='bbox 1902 1981 1953 2008; x_wconf 88' lang='lat' dir='ltr'><strong>duo</strong></span> 
     </span>
    </p>
   </div>
   <div class='ocr_carea' id='block_1_98' title="bbox 1165 2021 1954 2056">
    <p class='ocr_par' dir='ltr' id='par_1_98' title="bbox 1165 2021 1954 2056">
     <span class='ocr_line' id='line_1_98' title="bbox 1165 2021 1954 2056; baseline 0.011 -9"><span class='ocrx_word' id='word_1_758' title='bbox 1165 2021 1237 2056; x_wconf 86' lang='lat' dir='ltr'><strong>ligna</strong></span> <span class='ocrx_word' id='word_1_759' title='bbox 1253 2022 1314 2048; x_wconf 67' lang='lat' dir='ltr'><strong>vitae</strong></span> <span class='ocrx_word' id='word_1_760' title='bbox 1326 2022 1508 2056; x_wconf 83' lang='lat' dir='ltr'><strong>cognitionis;</strong></span> <span class='ocrx_word' id='word_1_761' title='bbox 1523 2031 1555 2050; x_wconf 87' lang='lat' dir='ltr'><strong>ne</strong></span> <span class='ocrx_word' id='word_1_762' title='bbox 1568 2026 1725 2052; x_wconf 83' lang='lat' dir='ltr'><strong>necessario</strong></span> <span class='ocrx_word' id='word_1_763' title='bbox 1737 2025 1839 2053; x_wconf 84' lang='lat' dir='ltr'><strong>faciant</strong></span> <span class='ocrx_word' id='word_1_764' title='bbox 1853 2028 1954 2056; x_wconf 65' lang='lat' dir='ltr'><strong>bestias</strong></span> 
     </span>
    </p>
   </div>
   <div class='ocr_carea' id='block_1_99' title="bbox 1164 2068 1954 2107">
    <p class='ocr_par' dir='ltr' id='par_1_99' title="bbox 1164 2068 1954 2107">
     <span class='ocr_line' id='line_1_99' title="bbox 1164 2068 1954 2107; baseline 0.01 -14"><span class='ocrx_word' id='word_1_765' title='bbox 1164 2072 1192 2094; x_wconf 86' lang='lat' dir='ltr'><strong>et</strong></span> <span class='ocrx_word' id='word_1_766' title='bbox 1214 2068 1335 2102; x_wconf 88' lang='lat' dir='ltr'><strong>juutenta</strong></span> <span class='ocrx_word' id='word_1_767' title='bbox 1362 2069 1520 2095; x_wconf 84' lang='lat' dir='ltr'><strong>societatem</strong></span> <span class='ocrx_word' id='word_1_768' title='bbox 1543 2069 1646 2097; x_wconf 87' lang='lat' dir='ltr'><strong>habere</strong></span> <span class='ocrx_word' id='word_1_769' title='bbox 1670 2076 1698 2098; x_wconf 88' lang='lat' dir='ltr'><strong>et</strong></span> <span class='ocrx_word' id='word_1_770' title='bbox 1715 2073 1954 2107; x_wconf 84' lang='lat' dir='ltr'><strong>participationem</strong></span> 
     </span>
    </p>
   </div>
   <div class='ocr_carea' id='block_1_100' title="bbox 1164 2113 1955 2149">
    <p class='ocr_par' dir='ltr' id='par_1_100' title="bbox 1164 2113 1955 2149">
     <span class='ocr_line' id='line_1_100' title="bbox 1164 2113 1955 2149; baseline 0.011 -11"><span class='ocrx_word' id='word_1_771' title='bbox 1164 2113 1229 2147; x_wconf 76' lang='lat' dir='ltr'><strong>ligni</strong></span> <span class='ocrx_word' id='word_1_772' title='bbox 1249 2113 1310 2139; x_wconf 76' lang='lat' dir='ltr'><strong>vitze</strong></span> <span class='ocrx_word' id='word_1_773' title='bbox 1332 2118 1359 2140; x_wconf 90' lang='lat' dir='ltr'><strong>et</strong></span> <span class='ocrx_word' id='word_1_774' title='bbox 1382 2114 1446 2148; x_wconf 83' lang='lat' dir='ltr'><strong>ligni</strong></span> <span class='ocrx_word' id='word_1_775' title='bbox 1464 2115 1638 2149; x_wconf 79' lang='lat' dir='ltr'><strong>cognitionis.</strong></span> <span class='ocrx_word' id='word_1_776' title='bbox 1655 2117 1714 2143; x_wconf 81' lang='lat' dir='ltr'><strong>Non</strong></span> <span class='ocrx_word' id='word_1_777' title='bbox 1737 2118 1810 2144; x_wconf 87' lang='lat' dir='ltr'><strong>ettitn</strong></span> <span class='ocrx_word' id='word_1_778' title='bbox 1830 2119 1955 2148; x_wconf 77' lang='lat' dir='ltr'><strong>distinxit</strong></span> 
     </span>
    </p>
   </div>
   <div class='ocr_carea' id='block_1_101' title="bbox 1164 2157 1952 2197">
    <p class='ocr_par' dir='ltr' id='par_1_101' title="bbox 1164 2157 1952 2197">
     <span class='ocr_line' id='line_1_101' title="bbox 1164 2157 1952 2197; baseline 0.011 -15"><span class='ocrx_word' id='word_1_779' title='bbox 1164 2157 1235 2184; x_wconf 78' lang='lat' dir='ltr'><strong>Deus</strong></span> <span class='ocrx_word' id='word_1_780' title='bbox 1251 2158 1323 2184; x_wconf 83' lang='lat' dir='ltr'><strong>inter</strong></span> <span class='ocrx_word' id='word_1_781' title='bbox 1338 2158 1428 2185; x_wconf 84' lang='lat' dir='ltr'><strong>cibum</strong></span> <span class='ocrx_word' id='word_1_782' title='bbox 1452 2159 1547 2186; x_wconf 83' lang='lat' dir='ltr'><strong>Adami</strong></span> <span class='ocrx_word' id='word_1_783' title='bbox 1565 2165 1593 2187; x_wconf 86' lang='lat' dir='ltr'><strong>et</strong></span> <span class='ocrx_word' id='word_1_784' title='bbox 1610 2161 1700 2188; x_wconf 88' lang='lat' dir='ltr'><strong>cibum</strong></span> <span class='ocrx_word' id='word_1_785' title='bbox 1722 2162 1887 2197; x_wconf 87' lang='lat' dir='ltr'><strong>brutorum;</strong></span> <span class='ocrx_word' id='word_1_786' title='bbox 1908 2165 1952 2191; x_wconf 82' lang='lat' dir='ltr'><strong>sed</strong></span> 
     </span>
    </p>
   </div>
   <div class='ocr_carea' id='block_1_102' title="bbox 1163 2203 1953 2243">
    <p class='ocr_par' dir='ltr' id='par_1_102' title="bbox 1163 2203 1953 2243">
     <span class='ocr_line' id='line_1_102' title="bbox 1163 2203 1953 2243; baseline 0.01 -14"><span class='ocrx_word' id='word_1_787' title='bbox 1163 2203 1239 2230; x_wconf 88' lang='lat' dir='ltr'><strong>dedit</strong></span> <span class='ocrx_word' id='word_1_788' title='bbox 1252 2204 1292 2230; x_wconf 88' lang='lat' dir='ltr'><strong>eis</strong></span> <span class='ocrx_word' id='word_1_789' title='bbox 1309 2205 1492 2232; x_wconf 88' lang='lat' dir='ltr'><strong>eomnmttiter</strong></span> <span class='ocrx_word' id='word_1_790' title='bbox 1515 2213 1596 2232; x_wconf 87' lang='lat' dir='ltr'><strong>omne</strong></span> <span class='ocrx_word' id='word_1_791' title='bbox 1618 2206 1722 2241; x_wconf 88' lang='lat' dir='ltr'><strong>lignum</strong></span> <span class='ocrx_word' id='word_1_792' title='bbox 1745 2208 1911 2243; x_wconf 73' lang='lat' dir='ltr'><strong>frugiferum</strong></span> <span class='ocrx_word' id='word_1_793' title='bbox 1927 2216 1953 2237; x_wconf 80' lang='lat' dir='ltr'><strong>et</strong></span> 
     </span>
    </p>
   </div>
   <div class='ocr_carea' id='block_1_103' title="bbox 1163 2249 1952 2291">
    <p class='ocr_par' dir='ltr' id='par_1_103' title="bbox 1163 2249 1952 2291">
     <span class='ocr_line' id='line_1_103' title="bbox 1163 2249 1952 2291; baseline 0.011 -17"><span class='ocrx_word' id='word_1_794' title='bbox 1163 2250 1280 2275; x_wconf 80' lang='lat' dir='ltr'><strong>sativum</strong></span> <span class='ocrx_word' id='word_1_795' title='bbox 1307 2249 1333 2275; x_wconf 93' lang='lat' dir='ltr'><strong>in</strong></span> <span class='ocrx_word' id='word_1_796' title='bbox 1359 2249 1460 2275; x_wconf 26' lang='lat' dir='ltr'><strong>cibum,</strong></span> <span class='ocrx_word' id='word_1_797' title='bbox 1483 2250 1510 2277; x_wconf 90' lang='lat' dir='ltr'><strong>Si</strong></span> <span class='ocrx_word' id='word_1_798' title='bbox 1531 2258 1596 2285; x_wconf 88' lang='lat' dir='ltr'><strong>ergo</strong></span> <span class='ocrx_word' id='word_1_799' title='bbox 1621 2257 1713 2279; x_wconf 86' lang='lat' dir='ltr'><strong>essent</strong></span> <span class='ocrx_word' id='word_1_800' title='bbox 1733 2255 1847 2282; x_wconf 82' lang='lat' dir='ltr'><strong>sensilia</strong></span> <span class='ocrx_word' id='word_1_801' title='bbox 1879 2256 1952 2291; x_wconf 83' lang='lat' dir='ltr'><strong>(dicit</strong></span> 
     </span>
    </p>
   </div>
   <div class='ocr_carea' id='block_1_104' title="bbox 1128 2292 1952 2336">
    <p class='ocr_par' dir='ltr' id='par_1_104' title="bbox 1128 2292 1952 2336">
     <span class='ocr_line' id='line_1_104' title="bbox 1128 2292 1952 2336; baseline 0.011 -17"><span class='ocrx_word' id='word_1_802' title='bbox 1128 2298 1148 2324; x_wconf 79' lang='lat'><strong>1)</strong></span> <span class='ocrx_word' id='word_1_803' title='bbox 1162 2292 1299 2324; x_wconf 88' lang='lat' dir='ltr'><strong>Clemens,</strong></span> <span class='ocrx_word' id='word_1_804' title='bbox 1315 2299 1344 2320; x_wconf 91' lang='lat' dir='ltr'><strong>et</strong></span> <span class='ocrx_word' id='word_1_805' title='bbox 1360 2299 1467 2322; x_wconf 88' lang='lat' dir='ltr'><strong>veteres</strong></span> <span class='ocrx_word' id='word_1_806' title='bbox 1480 2296 1526 2330; x_wconf 89' lang='lat' dir='ltr'><strong>qni</strong></span> <span class='ocrx_word' id='word_1_807' title='bbox 1549 2304 1611 2323; x_wconf 88' lang='lat' dir='ltr'><strong>eum</strong></span> <span class='ocrx_word' id='word_1_808' title='bbox 1628 2298 1714 2324; x_wconf 88' lang='lat' dir='ltr'><strong>secuti</strong></span> <span class='ocrx_word' id='word_1_809' title='bbox 1733 2304 1797 2325; x_wconf 91' lang='lat' dir='ltr'><strong>sunt</strong></span> <span class='ocrx_word' id='word_1_810' title='bbox 1815 2300 1952 2336; x_wconf 87' lang='lat' dir='ltr'><strong>interpre-</strong></span> 
     </span>
    </p>
   </div>
   <div class='ocr_carea' id='block_1_105' title="bbox 1162 2340 1952 2375">
    <p class='ocr_par' dir='ltr' id='par_1_105' title="bbox 1162 2340 1952 2375">
     <span class='ocr_line' id='line_1_105' title="bbox 1162 2340 1952 2375; baseline 0.011 -10"><span class='ocrx_word' id='word_1_811' title='bbox 1162 2341 1213 2373; x_wconf 87' lang='lat' dir='ltr'><strong>tes)</strong></span> <span class='ocrx_word' id='word_1_812' title='bbox 1232 2340 1362 2374; x_wconf 88' lang='lat' dir='ltr'><strong>paradisi,</strong></span> <span class='ocrx_word' id='word_1_813' title='bbox 1385 2346 1413 2368; x_wconf 86' lang='lat' dir='ltr'><strong>et</strong></span> <span class='ocrx_word' id='word_1_814' title='bbox 1435 2350 1496 2375; x_wconf 70' lang='lat' dir='ltr'><strong>qute</strong></span> <span class='ocrx_word' id='word_1_815' title='bbox 1513 2347 1578 2369; x_wconf 85' lang='lat' dir='ltr'><strong>sunt</strong></span> <span class='ocrx_word' id='word_1_816' title='bbox 1601 2351 1698 2370; x_wconf 84' lang='lat' dir='ltr'><strong>eorum</strong></span> <span class='ocrx_word' id='word_1_817' title='bbox 1717 2345 1885 2374; x_wconf 82' lang='lat' dir='ltr'><strong>interntedia</strong></span> <span class='ocrx_word' id='word_1_818' title='bbox 1902 2348 1952 2374; x_wconf 85' lang='lat' dir='ltr'><strong>duo</strong></span> 
     </span>
    </p>
   </div>
   <div class='ocr_carea' id='block_1_106' title="bbox 1161 2385 1951 2425">
    <p class='ocr_par' dir='ltr' id='par_1_106' title="bbox 1161 2385 1951 2425">
     <span class='ocr_line' id='line_1_106' title="bbox 1161 2385 1951 2425; baseline 0.009 -13"><span class='ocrx_word' id='word_1_819' title='bbox 1161 2385 1243 2420; x_wconf 81' lang='lat' dir='ltr'><strong>ligna,</strong></span> <span class='ocrx_word' id='word_1_820' title='bbox 1257 2387 1443 2419; x_wconf 84' lang='lat' dir='ltr'><strong>invenientur,</strong></span> <span class='ocrx_word' id='word_1_821' title='bbox 1458 2388 1544 2419; x_wconf 79' lang='lat' dir='ltr'><strong>aiunt,</strong></span> <span class='ocrx_word' id='word_1_822' title='bbox 1562 2389 1657 2416; x_wconf 67' lang='lat' dir='ltr'><strong>bestiae</strong></span> <span class='ocrx_word' id='word_1_823' title='bbox 1670 2396 1698 2416; x_wconf 83' lang='lat' dir='ltr'><strong>et</strong></span> <span class='ocrx_word' id='word_1_824' title='bbox 1716 2391 1823 2425; x_wconf 80' lang='lat' dir='ltr'><strong>reptilia</strong></span> <span class='ocrx_word' id='word_1_825' title='bbox 1842 2393 1951 2419; x_wconf 89' lang='lat' dir='ltr'><strong>homine</strong></span> 
     </span>
    </p>
   </div>
   <div class='ocr_carea' id='block_1_107' title="bbox 1162 2432 1949 2470">
    <p class='ocr_par' dir='ltr' id='par_1_107' title="bbox 1162 2432 1949 2470">
     <span class='ocr_line' id='line_1_107' title="bbox 1162 2432 1949 2470; baseline 0.009 -13"><span class='ocrx_word' id='word_1_826' title='bbox 1162 2432 1368 2466; x_wconf 55' lang='lat' dir='ltr'><strong>prastantiora,</strong></span> <span class='ocrx_word' id='word_1_827' title='bbox 1392 2437 1422 2459; x_wconf 90' lang='lat' dir='ltr'><strong>ut</strong></span> <span class='ocrx_word' id='word_1_828' title='bbox 1449 2441 1509 2467; x_wconf 78' lang='lat' dir='ltr'><strong>qua:</strong></span> <span class='ocrx_word' id='word_1_829' title='bbox 1531 2441 1585 2460; x_wconf 90' lang='lat' dir='ltr'><strong>non</strong></span> <span class='ocrx_word' id='word_1_830' title='bbox 1607 2435 1663 2461; x_wconf 88' lang='lat' dir='ltr'><strong>sint</strong></span> <span class='ocrx_word' id='word_1_831' title='bbox 1690 2437 1830 2470; x_wconf 85' lang='lat' dir='ltr'><strong>prohibita</strong></span> <span class='ocrx_word' id='word_1_832' title='bbox 1854 2439 1890 2465; x_wconf 86' lang='lat' dir='ltr'><strong>ab</strong></span> <span class='ocrx_word' id='word_1_833' title='bbox 1907 2447 1949 2464; x_wconf 81' lang='lat' dir='ltr'><strong>esu</strong></span> 
     </span>
    </p>
   </div>
   <div class='ocr_carea' id='block_1_108' title="bbox 1163 2477 1951 2516">
    <p class='ocr_par' dir='ltr' id='par_1_108' title="bbox 1163 2477 1951 2516">
     <span class='ocr_line' id='line_1_108' title="bbox 1163 2477 1951 2516; baseline 0.009 -14"><span class='ocrx_word' id='word_1_834' title='bbox 1163 2477 1282 2511; x_wconf 77' lang='lat' dir='ltr'><strong>cujusvis</strong></span> <span class='ocrx_word' id='word_1_835' title='bbox 1305 2477 1370 2511; x_wconf 79' lang='lat' dir='ltr'><strong>ligni</strong></span> <span class='ocrx_word' id='word_1_836' title='bbox 1384 2482 1411 2504; x_wconf 87' lang='lat' dir='ltr'><strong>et</strong></span> <span class='ocrx_word' id='word_1_837' title='bbox 1425 2478 1542 2505; x_wconf 82' lang='lat' dir='ltr'><strong>fructus.</strong></span> <span class='ocrx_word' id='word_1_838' title='bbox 1565 2479 1747 2511; x_wconf 86' lang='lat' dir='ltr'><strong>Quamobrem</strong></span> <span class='ocrx_word' id='word_1_839' title='bbox 1771 2490 1804 2508; x_wconf 73' lang='lat' dir='ltr'><strong>ex</strong></span> <span class='ocrx_word' id='word_1_840' title='bbox 1823 2482 1885 2516; x_wconf 86' lang='lat' dir='ltr'><strong>ipso</strong></span> <span class='ocrx_word' id='word_1_841' title='bbox 1909 2484 1951 2509; x_wconf 74' lang='lat' dir='ltr'><strong>Dei</strong></span> 
     </span>
    </p>
   </div>
   <div class='ocr_carea' id='block_1_109' title="bbox 1163 2523 1953 2559">
    <p class='ocr_par' dir='ltr' id='par_1_109' title="bbox 1163 2523 1953 2559">
     <span class='ocr_line' id='line_1_109' title="bbox 1163 2523 1953 2559; baseline 0.008 -10"><span class='ocrx_word' id='word_1_842' title='bbox 1163 2523 1291 2550; x_wconf 87' lang='lat' dir='ltr'><strong>ntattdato</strong></span> <span class='ocrx_word' id='word_1_843' title='bbox 1306 2523 1339 2550; x_wconf 88' lang='lat' dir='ltr'><strong>de</strong></span> <span class='ocrx_word' id='word_1_844' title='bbox 1354 2525 1494 2550; x_wconf 88' lang='lat' dir='ltr'><strong>comtnuui</strong></span> <span class='ocrx_word' id='word_1_845' title='bbox 1518 2524 1580 2551; x_wconf 91' lang='lat' dir='ltr'><strong>cibo</strong></span> <span class='ocrx_word' id='word_1_846' title='bbox 1594 2533 1674 2559; x_wconf 88' lang='lat' dir='ltr'><strong>quem</strong></span> <span class='ocrx_word' id='word_1_847' title='bbox 1689 2524 1767 2553; x_wconf 86' lang='lat' dir='ltr'><strong>dedit</strong></span> <span class='ocrx_word' id='word_1_848' title='bbox 1784 2529 1953 2555; x_wconf 80' lang='lat' dir='ltr'><strong>unanimiter</strong></span> 
     </span>
    </p>
   </div>
   <div class='ocr_carea' id='block_1_110' title="bbox 1164 2568 1951 2609">
    <p class='ocr_par' dir='ltr' id='par_1_110' title="bbox 1164 2568 1951 2609">
     <span class='ocr_line' id='line_1_110' title="bbox 1164 2568 1951 2609; baseline 0.009 -15"><span class='ocrx_word' id='word_1_849' title='bbox 1164 2568 1268 2595; x_wconf 88' lang='lat' dir='ltr'><strong>homini</strong></span> <span class='ocrx_word' id='word_1_850' title='bbox 1290 2573 1318 2595; x_wconf 87' lang='lat' dir='ltr'><strong>et</strong></span> <span class='ocrx_word' id='word_1_851' title='bbox 1342 2569 1471 2597; x_wconf 85' lang='lat' dir='ltr'><strong>omnibus</strong></span> <span class='ocrx_word' id='word_1_852' title='bbox 1495 2570 1600 2600; x_wconf 80' lang='lat' dir='ltr'><strong>bestiis.</strong></span> <span class='ocrx_word' id='word_1_853' title='bbox 1616 2571 1681 2599; x_wconf 85' lang='lat' dir='ltr'><strong>licet</strong></span> <span class='ocrx_word' id='word_1_854' title='bbox 1697 2579 1866 2607; x_wconf 78' lang='lat' dir='ltr'><strong>cognoscere</strong></span> <span class='ocrx_word' id='word_1_855' title='bbox 1881 2575 1951 2609; x_wconf 89' lang='lat' dir='ltr'><strong>quod</strong></span> 
     </span>
    </p>
   </div>
   <div class='ocr_carea' id='block_1_111' title="bbox 1163 2614 1952 2650">
    <p class='ocr_par' dir='ltr' id='par_1_111' title="bbox 1163 2614 1952 2650">
     <span class='ocr_line' id='line_1_111' title="bbox 1163 2614 1952 2650; baseline 0.01 -11"><span class='ocrx_word' id='word_1_856' title='bbox 1163 2621 1217 2640; x_wconf 87' lang='lat' dir='ltr'><strong>non</strong></span> <span class='ocrx_word' id='word_1_857' title='bbox 1232 2619 1296 2640; x_wconf 87' lang='lat' dir='ltr'><strong>suttt</strong></span> <span class='ocrx_word' id='word_1_858' title='bbox 1311 2614 1407 2641; x_wconf 87' lang='lat' dir='ltr'><strong>eadem</strong></span> <span class='ocrx_word' id='word_1_859' title='bbox 1421 2615 1494 2649; x_wconf 85' lang='lat' dir='ltr'><strong>ligna</strong></span> <span class='ocrx_word' id='word_1_860' title='bbox 1508 2623 1569 2649; x_wconf 65' lang='lat' dir='ltr'><strong>quae</strong></span> <span class='ocrx_word' id='word_1_861' title='bbox 1584 2615 1653 2643; x_wconf 85' lang='lat' dir='ltr'><strong>facta</strong></span> <span class='ocrx_word' id='word_1_862' title='bbox 1670 2623 1733 2644; x_wconf 91' lang='lat' dir='ltr'><strong>sunt</strong></span> <span class='ocrx_word' id='word_1_863' title='bbox 1754 2619 1838 2646; x_wconf 87' lang='lat' dir='ltr'><strong>tertio</strong></span> <span class='ocrx_word' id='word_1_864' title='bbox 1856 2619 1912 2650; x_wconf 86' lang='lat' dir='ltr'><strong>die,</strong></span> <span class='ocrx_word' id='word_1_865' title='bbox 1928 2625 1952 2647; x_wconf 82' lang='lat' dir='ltr'><strong>et</strong></span> 
     </span>
    </p>
   </div>
   <div class='ocr_carea' id='block_1_112' title="bbox 1163 2659 1952 2696">
    <p class='ocr_par' dir='ltr' id='par_1_112' title="bbox 1163 2659 1952 2696">
     <span class='ocr_line' id='line_1_112' title="bbox 1163 2659 1952 2696; baseline 0.009 -11"><span class='ocrx_word' id='word_1_866' title='bbox 1163 2667 1223 2693; x_wconf 66' lang='lat' dir='ltr'><strong>quae</strong></span> <span class='ocrx_word' id='word_1_867' title='bbox 1245 2659 1270 2686; x_wconf 91' lang='lat' dir='ltr'><strong>in</strong></span> <span class='ocrx_word' id='word_1_868' title='bbox 1295 2659 1432 2693; x_wconf 89' lang='lat' dir='ltr'><strong>paradiso.</strong></span> <span class='ocrx_word' id='word_1_869' title='bbox 1448 2660 1543 2688; x_wconf 88' lang='lat' dir='ltr'><strong>Dicere</strong></span> <span class='ocrx_word' id='word_1_870' title='bbox 1558 2661 1631 2688; x_wconf 88' lang='lat' dir='ltr'><strong>enim</strong></span> <span class='ocrx_word' id='word_1_871' title='bbox 1645 2663 1718 2696; x_wconf 88' lang='lat' dir='ltr'><strong>quod</strong></span> <span class='ocrx_word' id='word_1_872' title='bbox 1732 2663 1866 2691; x_wconf 88' lang='lat' dir='ltr'><strong>Dominus</strong></span> <span class='ocrx_word' id='word_1_873' title='bbox 1883 2666 1952 2692; x_wconf 87' lang='lat' dir='ltr'><strong>Deus</strong></span> 
     </span>
    </p>
   </div>
   <div class='ocr_carea' id='block_1_113' title="bbox 1162 2705 1951 2744">
    <p class='ocr_par' dir='ltr' id='par_1_113' title="bbox 1162 2705 1951 2744">
     <span class='ocr_line' id='line_1_113' title="bbox 1162 2705 1951 2744; baseline 0.006 -13"><span class='ocrx_word' id='word_1_874' title='bbox 1162 2705 1252 2732; x_wconf 89' lang='lat' dir='ltr'><strong>adhuc</strong></span> <span class='ocrx_word' id='word_1_875' title='bbox 1269 2705 1335 2732; x_wconf 88' lang='lat' dir='ltr'><strong>oriri</strong></span> <span class='ocrx_word' id='word_1_876' title='bbox 1350 2705 1416 2732; x_wconf 82' lang='lat' dir='ltr'><strong>fecit</strong></span> <span class='ocrx_word' id='word_1_877' title='bbox 1428 2713 1443 2732; x_wconf 91' lang='lat' dir='ltr'><strong>e</strong></span> <span class='ocrx_word' id='word_1_878' title='bbox 1459 2710 1532 2733; x_wconf 86' lang='lat' dir='ltr'><strong>terra</strong></span> <span class='ocrx_word' id='word_1_879' title='bbox 1544 2715 1625 2734; x_wconf 90' lang='lat' dir='ltr'><strong>omne</strong></span> <span class='ocrx_word' id='word_1_880' title='bbox 1641 2708 1744 2742; x_wconf 82' lang='lat' dir='ltr'><strong>lignum</strong></span> <span class='ocrx_word' id='word_1_881' title='bbox 1759 2710 1908 2744; x_wconf 85' lang='lat' dir='ltr'><strong>pulchrum</strong></span> <span class='ocrx_word' id='word_1_882' title='bbox 1921 2711 1951 2737; x_wconf 89' lang='lat' dir='ltr'><strong>ad</strong></span> 
     </span>
    </p>
   </div>
   <div class='ocr_carea' id='block_1_114' title="bbox 1162 2749 1953 2789">
    <p class='ocr_par' dir='ltr' id='par_1_114' title="bbox 1162 2749 1953 2789">
     <span class='ocr_line' id='line_1_114' title="bbox 1162 2749 1953 2789; baseline 0.008 -14"><span class='ocrx_word' id='word_1_883' title='bbox 1162 2750 1322 2782; x_wconf 85' lang='lat' dir='ltr'><strong>videndum,</strong></span> <span class='ocrx_word' id='word_1_884' title='bbox 1338 2754 1365 2776; x_wconf 88' lang='lat' dir='ltr'><strong>et</strong></span> <span class='ocrx_word' id='word_1_885' title='bbox 1378 2749 1481 2777; x_wconf 86' lang='lat' dir='ltr'><strong>bonum</strong></span> <span class='ocrx_word' id='word_1_886' title='bbox 1495 2751 1529 2777; x_wconf 86' lang='lat' dir='ltr'><strong>ad</strong></span> <span class='ocrx_word' id='word_1_887' title='bbox 1545 2752 1756 2784; x_wconf 86' lang='lat' dir='ltr'><strong>comedendum,</strong></span> <span class='ocrx_word' id='word_1_888' title='bbox 1773 2762 1822 2789; x_wconf 86' lang='lat' dir='ltr'><strong>per</strong></span> <span class='ocrx_word' id='word_1_889' title='bbox 1838 2755 1893 2783; x_wconf 86' lang='lat' dir='ltr'><strong>hoc</strong></span> <span class='ocrx_word' id='word_1_890' title='bbox 1907 2756 1953 2782; x_wconf 86' lang='lat' dir='ltr'><strong>ad-</strong></span> 
     </span>
    </p>
   </div>
   <div class='ocr_carea' id='block_1_115' title="bbox 1163 2795 1949 2835">
    <p class='ocr_par' dir='ltr' id='par_1_115' title="bbox 1163 2795 1949 2835">
     <span class='ocr_line' id='line_1_115' title="bbox 1163 2795 1949 2835; baseline 0.006 -13"><span class='ocrx_word' id='word_1_891' title='bbox 1163 2795 1218 2822; x_wconf 88' lang='lat' dir='ltr'><strong>huc</strong></span> <span class='ocrx_word' id='word_1_892' title='bbox 1232 2796 1312 2823; x_wconf 90' lang='lat' dir='ltr'><strong>nobis</strong></span> <span class='ocrx_word' id='word_1_893' title='bbox 1334 2796 1455 2823; x_wconf 88' lang='lat' dir='ltr'><strong>ostendit</strong></span> <span class='ocrx_word' id='word_1_894' title='bbox 1473 2796 1613 2832; x_wconf 89' lang='lat' dir='ltr'><strong>Scriptura</strong></span> <span class='ocrx_word' id='word_1_895' title='bbox 1634 2800 1783 2826; x_wconf 86' lang='lat' dir='ltr'><strong>secundam</strong></span> <span class='ocrx_word' id='word_1_896' title='bbox 1803 2802 1949 2835; x_wconf 83' lang='lat' dir='ltr'><strong>quamdam</strong></span> 
     </span>
    </p>
   </div>
   <div class='ocr_carea' id='block_1_116' title="bbox 1164 2843 1949 2880">
    <p class='ocr_par' dir='ltr' id='par_1_116' title="bbox 1164 2843 1949 2880">
     <span class='ocr_line' id='line_1_116' title="bbox 1164 2843 1949 2880; baseline 0.004 -10"><span class='ocrx_word' id='word_1_897' title='bbox 1164 2843 1330 2870; x_wconf 86' lang='lat' dir='ltr'><strong>creationem</strong></span> <span class='ocrx_word' id='word_1_898' title='bbox 1345 2843 1566 2877; x_wconf 68' lang='lat' dir='ltr'><strong>praestandorum</strong></span> <span class='ocrx_word' id='word_1_899' title='bbox 1583 2844 1731 2880; x_wconf 79' lang='lat' dir='ltr'><strong>lignorum,</strong></span> <span class='ocrx_word' id='word_1_900' title='bbox 1748 2850 1796 2873; x_wconf 85' lang='lat' dir='ltr'><strong>aut.</strong></span> <span class='ocrx_word' id='word_1_901' title='bbox 1818 2855 1852 2874; x_wconf 80' lang='lat' dir='ltr'><strong>ea</strong></span> <span class='ocrx_word' id='word_1_902' title='bbox 1869 2847 1949 2874; x_wconf 67' lang='lat' dir='ltr'><strong>verba</strong></span> 
     </span>
    </p>
   </div>
  </div>
