1980 3256
33 229 78 262 961

32 293 87 312 esse
103 282 280 318 prophetiam
296 281 330 308 de
342 280 448 307 ratione
465 279 589 315 prazditis
600 279 683 314 lignis
699 285 760 313 quae
775 286 822 304 ex-

33 329 124 356 tremis
140 328 316 363 temporibus
331 331 390 354 orta
412 330 477 353 sunt
495 326 522 352 in
539 325 667 360 paradiso
683 325 821 352 Ecclesiae.

32 376 61 403 Et
83 374 218 410 quoniam
242 378 284 400 cst
305 373 434 407 frequens
448 376 476 399 et
499 371 680 406 interpretatu
708 371 826 398 diﬂicilis

31 420 158 447 tractatio
172 419 208 446 de
224 418 360 453 paradiso,
375 422 403 445 ct
418 425 528 452 semper
552 418 636 445 dubia
651 417 723 452 apud
737 417 823 444 inter-

31 470 137 500 pretes,
162 464 308 491 videamus
340 471 437 490 rursus
460 462 692 498 quemadmodum
722 462 824 489 factum

32 512 64 537 sit
82 510 129 537 Dt‘i
147 509 308 536 mandatum
331 509 364 536 de
381 510 520 536 commuiti
534 517 598 542 esu;
616 509 716 536 deinde
734 509 825 536 disce-

34 557 171 591 ptabimtis
188 556 223 583 de
238 555 374 590 paradiso.

65 602 135 630 Dicit
151 609 220 636 ergo
235 601 307 628 Deus
323 601 426 628 Adamo
447 600 558 636 quando
572 609 636 628 eum
658 600 724 628 fecit
738 610 744 627 τ
759 601 826 628 Ecce

33 647 149 673 dedimus
164 647 236 673 vobis
253 655 356 673 omnem
372 646 479 673 herbam
496 646 677 673 seminabilem
691 647 827 673 seminan—

35 698 82 719 tem
97 701 199 724 semen,
221 700 280 727 qua:
304 696 340 718 est
360 700 442 727 supra
456 700 559 718 onmem
575 696 685 723 terram.
705 696 730 718 et
751 700 828 718 omne

36 738 131 772 lignum
152 738 224 773 quod
235 739 309 765 habet
327 739 354 764 in
365 739 449 772 scipao
464 738 579 772 fructum
591 739 698 765 seminis
712 739 828 765 semina-

34 785 88 810 bilis
111 785 182 811 vobis
208 785 258 810 erit
279 786 307 811 in
326 785 420 815 cibum,
438 789 463 810 ct
478 785 598 811 omnibus
611 783 758 811 volucribus
770 784 828 810 (celi

35 836 56 856 rt
71 832 193 857 omnibus
214 831 301 858 bestiis
320 835 397 857 terra:
413 838 471 866 qua:
493 831 589 858 habent
610 832 638 857 in
658 839 685 858 se
704 832 827 867 spiritum

35 878 101 907 τίιιε,
114 882 139 903 et
157 885 262 903 omnem
275 877 382 904 herbam
402 877 509 903 viridem
528 877 553 903 in
573 877 668 909 cibum,
687 882 711 904 et
728 878 828 912 factum

35 926 71 948 est
92 923 141 948 ita.
160 921 189 948 Si
203 929 270 956 ergo
282 921 310 947 in
326 921 370 948 liis
382 921 464 956 lignis
480 925 545 948 sunt
559 921 640 948 etiam
659 922 732 957 ligna
747 930 828 957 para-

35 966 85 993 disi
105 967 218 1002 (nempe
233 971 261 994 et
282 966 385 1001 lignum
403 966 617 994 immortalitatis
630 971 658 994 et
674 967 736 994 vitae
747 972 829 994 aeter-

36 1019 74 1038 me
85 1010 278 1046 cognitionis),
293 1011 457 1039 miserabilis
471 1017 499 1039 et
511 1013 596 1040 miser
606 1013 680 1040 solus
693 1017 734 1040 est
749 1013 831 1040 homo

35 1058 77 1091 qui
99 1061 143 1084 est
158 1057 192 1084 ad
212 1057 258 1084 Dei
281 1057 427 1092 imaginem
451 1062 478 1085 et
495 1059 715 1091 similitudinem,
738 1063 768 1086 ut
783 1060 831 1094 qui

36 1106 108 1132 solus
126 1107 162 1132 sit
187 1106 309 1140 privatus
326 1106 464 1140 paradiso,
481 1110 508 1132 et
526 1106 693 1141 cognitione,
718 1111 745 1133 et
768 1107 830 1134 cibo

34 1151 95 1178 vita:
119 1155 242 1178 aeternae.
268 1151 385 1185 Serpens
408 1151 482 1178 enim
507 1152 579 1186 aspis
602 1156 629 1178 et
653 1153 779 1187 scorpius
802 1157 829 1179 et

36 1198 109 1224 ranis
134 1197 162 1224 in
197 1196 361 1223 hodiernum
388 1205 474 1232 usque
502 1198 574 1224 diem
601 1198 731 1224 fruuntur
754 1198 827 1225 omni

37 1241 123 1267 fructu
148 1245 178 1268 et
202 1242 277 1268 otiiiii
297 1241 368 1275 liguo
387 1249 470 1276 super
496 1243 651 1270 universam
675 1247 777 1270 terram
802 1247 829 1270 et

38 1287 218 1320 paradisum:
236 1294 290 1314 non
316 1287 388 1314 enim
412 1288 539 1315 exierunt
563 1296 596 1315 ex
621 1297 676 1323 quo
700 1289 829 1323 ingrcssze

36 1336 99 1358 sunt
110 1333 206 1359 bestia!
218 1332 251 1358 ad
264 1331 397 1359 Adamum
414 1333 439 1359 in
452 1333 589 1367 paradiso,
604 1334 649 1360 sed
668 1334 740 1360 intus
753 1342 830 1360 nian-

37 1381 133 1403 serunt
157 1377 205 1403 illo
228 1384 353 1411 egresso,
378 1382 408 1404 ut
426 1385 487 1411 qiize
509 1385 563 1404 non
587 1378 689 1405 fuerint
710 1379 830 1412 expulste

40 1427 151 1457 propter
165 1423 310 1450 delictum.
326 1422 447 1458 lntellige
459 1431 524 1458 ergo
536 1424 622 1458 lcgcni
641 1424 686 1450 Dei
703 1423 831 1458 spiritua-

37 1468 109 1499 lizer,
128 1469 261 1503 quoniam
285 1468 328 1495 lex
351 1473 392 1495 est
413 1469 573 1502 spiritualis,
595 1474 625 1496 ut
646 1469 744 1496 clainat
760 1469 830 1496 Pau—

39 1514 80 1540 lus
92 1514 114 1529 "
133 1513 257 1546 ;Littera
282 1515 351 1540 enim
374 1514 464 1540 occidit
483 1514 518 1540 ".
539 1515 634 1542 Restat
647 1523 712 1550 ergo
737 1519 767 1542 ut
786 1515 830 1550 (ne

38 1565 126 1587 morte
147 1560 302 1587 aﬁiciamur
323 1568 339 1586 a
364 1560 465 1595 littera)
491 1560 629 1588 discamus
653 1561 699 1588 ubi
724 1565 832 1596 oportet

39 1607 234 1640 spiritualibus
253 1606 406 1641 spiritualia
424 1614 595 1641 comparare,
612 1615 711 1641 nempe
726 1608 832 1635 litteras

38 1660 86 1686 per
102 1660 172 1687 quas
193 1652 318 1687 loquitur
340 1652 459 1686 Spiritus
480 1657 600 1684 sanctus,
622 1661 656 1680 ex
677 1653 777 1687 quibus
791 1658 832 1680 est

38 1705 167 1737 magnum
190 1703 222 1724 et
253 1697 419 1732 praecipuum
447 1702 475 1724 et
500 1698 616 1725 maxime
645 1706 775 1725 arcanum
797 1699 832 1726 de

37 1744 166 1777 paradiso
180 1744 353 1778 mysterium.
366 1743 417 1777 Qui
430 1748 522 1770 autem
536 1744 682 1771 carnaliter
695 1749 723 1772 et
735 1753 834 1772 secun-

37 1791 102 1817 dum
117 1797 233 1817 carnem
258 1790 388 1825 intelligis
405 1797 566 1826 praesentem
583 1791 672 1818 locum
698 1792 731 1819 de
753 1792 834 1828 lignis

37 1841 63 1862 et
85 1836 236 1866 fructibus,
258 1835 302 1862 dic
317 1836 383 1863 mihi
401 1845 497 1864 rursus
513 1838 661 1872 quomodo,
677 1845 740 1864 cum
761 1839 834 1865 Deus

40 1890 122 1908 unum
146 1887 175 1909 et
200 1890 294 1916 parem
312 1882 440 1909 omiiibtis
458 1883 616 1910 bontinibus
641 1886 669 1909 et
694 1883 790 1911 bestiis
806 1888 834 1911 ct

38 1927 202 1954 volucribus
215 1927 307 1953 cibum
321 1928 433 1962 jusserit
449 1927 533 1962 (eum,
549 1929 672 1962 inquam,
687 1929 733 1963 qui
746 1933 833 1955 estex

40 1973 143 2005 herbis,
164 1973 302 2007 virgultis,
321 1977 348 1999 et
362 1973 530 2007 arboribus),
546 1973 592 2007 qui
612 1973 642 1999 iit
654 1973 726 2007 quod
749 1974 834 2000 multa

39 2018 189 2044 animantia
217 2025 271 2043 non
289 2022 439 2044 vescuntur
460 2018 555 2044 herbis
575 2018 623 2045 sed
644 2019 784 2050 cantibus,
803 2023 834 2046 ut

39 2070 98 2096 qtae
117 2063 174 2089 sint
191 2063 278 2097 magis
293 2063 456 2090 earuivora?
476 2062 620 2096 Quomodo
636 2071 743 2090 rursum
762 2064 834 2090 Deus

40 2109 83 2142 qui
97 2109 192 2135 omnis
210 2108 304 2135 herbae
326 2113 354 2136 et
369 2109 476 2136 arboris
490 2117 550 2144 qutc
563 2113 605 2136 est
623 2117 706 2143 supra
722 2113 833 2141 terram,

40 2155 118 2181 nobis
129 2155 252 2181 fructum
266 2155 426 2188 permittens
437 2154 592 2185 comedere,
604 2154 686 2181 eﬂicit
698 2159 727 2181 ut
743 2154 834 2181 multm

39 2201 131 2228 herba:
147 2205 176 2228 et
194 2200 309 2227 arbores
331 2200 455 2234 plurima:
477 2208 531 2227 non
554 2200 609 2228 sint
626 2200 785 2227 hominibus
805 2204 834 2227 et

41 2246 132 2272 brutis
146 2245 309 2278 esculentus,
331 2246 440 2279 sintque
464 2253 607 2272 venenosae
623 2250 651 2271 et.
668 2244 834 2271 mortiferae?

36 2292 113 2323 Quas
126 2298 184 2317 non
202 2290 293 2317 solum
305 2298 366 2320 nos,
380 2290 426 2317 sed
441 2290 499 2325 ipsa
513 2290 595 2317 etiam
609 2289 724 2317 rationis
737 2297 835 2324 expers

38 2341 139 2362 natura
157 2336 249 2370 rejicit
262 2343 294 2362 ac
311 2340 429 2367 recusat,
447 2340 474 2362 et
488 2336 540 2362 alia
560 2336 693 2370 ejusmodi
711 2335 836 2363 innume-

39 2382 139 2409 rabilia
153 2386 220 2409 sunt
237 2386 265 2408 et
279 2381 357 2408 nobis
374 2387 401 2409 et
424 2374 524 2414 brutis,
542 2386 639 2408 natura
659 2381 770 2408 minime
790 2389 836 2408 es-

38 2428 150 2455 culenta
173 2433 203 2454 et
220 2427 358 2454 letbit‘era.

581 225 621 255 1N
642 221 919 254 HEXAEMERON.
931 234 966 238 —
979 223 1052 252 LIB.
1074 222 1140 254 VII.

837 276 1078 310 ᾹΛουγδουνεὺς,
1110 276 1157 303 καὶ
1188 276 1253 303 Ἰου-

876 324 966 354 nive;
983 325 996 350 6
1018 324 1124 359 μάρτυς
1140 324 1187 350 καὶ
1208 333 1252 358 φι-

876 368 999 403 λόσοφος,
1011 369 1191 401 Πανταίνετός
1203 370 1252 404 (le-

875 422 907 449 ge
921 414 1084 449 Πάνταινος)
1102 423 1131 440 τε
1146 415 1160 441 6
1181 414 1254 440 Ἀλε-

878 460 1016 495 ξαιδρεὺς,
1045 460 1091 486 καὶ
1107 460 1223 494 Κλήμης
1240 460 1254 485 6

879 506 1073 541 Στρωματείις,
1089 506 1137 531 καὶ
1149 505 1173 531 οἱ
1184 506 1252 540 ἀμφ’

877 551 988 584 αὐτοὺς,
1004 551 1198 584 πνευματικῶς
1221 550 1255 576 τὰ

878 598 942 633 περὶ
953 597 1120 632 παραδείσου
1135 596 1254 630 sempr;-

878 644 964 679 ϐησαν
979 645 1068 680 (forte
1086 643 1254 679 ἐθεώρησαν)

878 695 917 726 εἰς
931 693 980 729 τὴν
999 693 1118 727 Χριστοῦ
1141 692 1255 728 Ἐκκλη-

879 741 941 768 σίαν
970 741 1173 775 ἀναφερόμενα.

876 785 915 814 ὧν
927 789 997 814 εἰσιν
1005 787 1052 813 καῖ
1059 788 1084 813 οἱ
1094 787 1158 822 περὶ
1168 787 1256 813 πάντα

879 835 1012 869 πάνσοφοι
1033 833 1079 860 δύο
1104 832 1255 860 Καππαδό-

879 889 925 907 και
943 880 1101 915 Γρηγόριοι.
1120 880 1257 911 ’Ἅπαντες

880 924 954 954 οὗτοι
980 927 1010 958 ἐξ
1030 926 1125 953 αἰτιῶν
1147 926 1256 952 τοιῶνδε

881 949 953 954 η.-.
981 949 1010 958 -,
1031 949 1121 953 νη.-.
1153 949 1255 952 .-._.--

845 949 866 975 Β
881 974 1031 1008 φάσκοντες
1039 971 1108 999 εἶναι
1118 973 1166 1000 καὶ
1175 981 1256 999 πνευ-

1211 739 1256 771 Ὲε
1288 740 1291 743 μ

1611 220 1662 250 9E2

1290 280 1317 302 ct
1347 276 1471 304 Justinus
1500 282 1602 312 martyr
1636 283 1664 304 ct

1289 323 1484 358 philosophus,
1505 329 1533 350 et
1556 317 1663 351 Piintte-

1290 376 1341 396 nus
1379 369 1599 401 Alexandrinus,
1637 375 1665 396 ct

1289 413 1416 441 Clemens
1435 414 1621 447 Strotiiatcus,
1639 420 1666 442 et

1289 468 1386 487 eorum
1404 463 1515 488 assecla:
1535 463 1666 496 spiritua-

1289 505 1353 532 liter
1364 511 1427 532 sunt
1438 509 1615 542 contemplati
1633 509 1666 535 de

1290 551 1392 578 Christi
1411 553 1532 580 Ecclesia
1554 562 1584 580 ea
1607 562 1667 588 qua:

1291 599 1392 633 scripta
1406 604 1469 626 sunt
1479 599 1512 626 dc
1529 600 1666 634 paradiso.

1291 647 1330 674 Ex
1354 648 1455 682 quibus
1477 653 1541 675 sunt
1563 648 1617 675 duo
1640 649 1667 674 in

1293 693 1376 721 rebus
1393 694 1521 721 omnibus
1541 694 1669 721 doctissi-

1293 741 1329 767 mi
1360 741 1536 776 Cappadoces
1560 741 1667 776 Grego-

1293 787 1337 814 rii.
1356 787 1376 813 li
1393 795 1488 814 omnes
1503 787 1668 822 quibusdam

1293 833 1327 860 de
1343 833 1434 860 causis
1455 833 1585 860 dicebant
1607 841 1669 859 esse

1293 881 1374 907 etiam
1385 881 1502 915 aliquem
1511 880 1669 915 paradisum

1293 926 1470 961 spiritualem.

77 2486 108 2512 Οἱ
127 2485 179 2519 μὲν
190 2482 238 2511 οὖν
251 2484 423 2518 ἀρχαιότεροι

37 2531 95 2556 τῶν
130 2529 306 2564 Ἐκκλησιῶν
323 2537 330 2545 ο
353 2530 426 2563 λέγω

37 2578 75 2611 ιῗὴ
88 2577 176 2603 Φᾶων
191 2577 205 2602 6
221 2576 366 2610 φιλόσοφος
377 2576 425 2602 καὶ.

35 2623 95 2648 τῶν
121 2622 285 2650 ἀποστόλων
309 2621 425 2656 ὁμόχρο-

38 2677 98 2699 -λπις,
111 2668 159 2694 καὶ
170 2667 286 2697 Παπίας
302 2667 316 2692 6
331 2667 424 2698 πολὺς,

36 2716 53 2740 ὁ
81 2715 209 2741 Ἰωάννῡυ
235 2712 285 2739 τοῦ
311 2714 427 2746 εὐαγγε-

38 2762 135 2788 λιστοῦ
152 2761 289 2795 φοιτητὴς
306 2761 319 2786 6
341 2760 426 2794 Ἱερα-

38 2809 176 2843 πολίτης,
197 2807 344 2842 Εἰρηναῖὸς
364 2816 394 2833 τε
414 2810 428 2834 ὀ

82 2878 104 2892 ’⁷
119 2878 201 2904 Rom.
221 2884 270 2907 Vit,
288 2876 330 2902 ll.

368 2875 390 2890 "
407 2875 429 2901 ll
448 2875 512 2902 Cor.
528 2882 567 2906 ιιι,
581 2873 608 2900 ϐ.

497 2484 609 2511 Veteres
623 2491 689 2519 ergo
703 2484 838 2511 Ecclesia-

463 2538 523 2557 rum
535 2531 706 2564 interpretes
716 2551 723 2562 ,
741 2530 819 2557 Philo
829 2551 836 2563 ,

463 2577 574 2612 inquam
583 2596 590 2605 .
615 2576 796 2611 philosophus
812 2579 840 2603 et

464 2627 587 2657 tempore
601 2623 714 2657 aequalis
730 2627 841 2656 aposto-

464 2671 514 2702 lis,
542 2675 570 2698 et
599 2670 718 2697 celebris
743 2670 841 2704 Papias

464 2716 702 2751 llicrapolitanus.
728 2716 842 2743 Joannis

464 2763 638 2797 evangelista:
668 2762 841 2796 discipulus,

465 2812 493 2835 et.
506 2807 624 2834 [renatus
639 2807 841 2842 Lugdunensis,

647 2874 668 2890 '9
687 2874 781 2901 Matth.
801 2882 844 2905 xv,

880 1022 997 1056 ματικὸν
1025 1029 1087 1048 τινα
1120 1021 1235 1056 παράδει
1242 1035 1255 1042 -

881 1077 926 1095 σον
942 1068 993 1102 (ο).

914 1114 1047 1145 Primum,
1073 1114 1147 1149 quod
1166 1114 1188 1141 si
1205 1114 1289 1141 Adam
1316 1121 1370 1140 non
1387 1117 1446 1140 erat
1470 1113 1591 1140 iiitcritui
1617 1113 1670 1140 ob—

881 1160 980 1186 noxius
997 1159 1107 1194 quando
1131 1159 1218 1186 factus
1245 1163 1297 1191 est,
1325 1159 1499 1194 perspicuum
1524 1159 1597 1194 quod
1615 1167 1670 1186 non

882 1205 934 1232 fuit
950 1205 1088 1240 particeps
1110 1205 1232 1231 alimenti
1258 1205 1398 1231 terrestris
1421 1210 1448 1232 et
1471 1205 1497 1231 iii
1522 1205 1595 1239 quod
1624 1212 1671 1231 ca-

882 1251 922 1279 dit
938 1251 1076 1278 interitus.
1092 1250 1171 1282 Quod
1193 1250 1216 1277 si
1229 1254 1336 1285 poterat
1362 1258 1423 1277 esse
1446 1250 1583 1285 particeps
1597 1250 1672 1277 cibo-

883 1305 943 1324 rum
962 1297 1115 1328 seiisilium,
1130 1301 1172 1323 est
1190 1296 1272 1323 etiam
1288 1297 1462 1330 perspicuum
1476 1297 1548 1330 quod
1568 1297 1594 1323 iii
1609 1304 1671 1323 eum

884 1343 962 1369 cadat
978 1342 1269 1378 iiiteritus.(QuithuitI
1293 1342 1365 1369 eiiiiii
1382 1343 1463 1368 intrat
1479 1351 1525 1377 per
1542 1351 1569 1368 os
1584 1351 1673 1369 rursus

883 1389 1032 1415 excernitur
1045 1388 1089 1423 δ’.)
1104 1388 1134 1415 Si
1150 1393 1242 1414 autem
1267 1388 1293 1414 in
1311 1395 1374 1414 cuin
1398 1387 1512 1414 cadebat
1535 1388 1672 1418 interitus,

884 1434 997 1461 omnino
1021 1438 1080 1460 erat
1102 1434 1185 1460 etiam
1203 1433 1344 1465 mortalis;
1361 1433 1383 1459 si
1402 1438 1494 1460 autem
1511 1438 1619 1460 creatus
1633 1438 1673 1460 est

884 1479 1018 1510 mortalis,
1038 1487 1092 1506 non
1112 1479 1207 1513 utique
1223 1478 1294 1505 facta
1311 1483 1353 1505 est
1367 1487 1441 1505 mors
1453 1487 1501 1513 per
1515 1479 1676 1506 iiiobcdieii—

886 1526 950 1552 liain
966 1534 972 1551 :
987 1529 1071 1559 atque
1093 1524 1151 1550 haec
1164 1523 1274 1558 quidem
1290 1527 1331 1550 est
1344 1523 1431 1558 prima
1445 1531 1526 1550 causa
1543 1524 1676 1558 interpre-

846 1574 867 1602 C
886 1576 953 1598 tuiit.
969 1570 1097 1598 Secunda
1109 1575 1200 1597 autent
1215 1574 1257 1596 cst
1273 1569 1396 1596 mulieris
1411 1569 1513 1603 absque
1526 1570 1600 1596 exitu
1615 1577 1676 1603 pcr-

885 1617 1001 1645 mausio.
1016 1617 1108 1644 Tertia
1122 1624 1198 1648 vero,
1213 1615 1394 1642 animantium
1409 1623 1469 1649 qua:
1481 1622 1542 1641 cuin
1556 1623 1587 1642 ea
1601 1623 1676 1642 maii-

885 1667 978 1690 serant
1001 1663 1028 1689 in
1052 1662 1191 1697 paradiso.
1211 1661 1323 1694 Quarta,
1344 1661 1419 1696 prior
1435 1661 1590 1688 communis
1613 1669 1677 1687 estis

885 1709 1010 1737 ciborum
1024 1708 1167 1735 hominum
1183 1711 1211 1735 et
1226 1707 1381 1734 brutorum.
1400 1707 1511 1739 Quinta,
1529 1706 1601 1741 quod
1617 1706 1675 1733 ﬁeri

884 1762 939 1782 non
953 1758 1061 1789 poterat
1076 1758 1106 1780 ut
1125 1761 1198 1782 unus
1222 1753 1304 1779 ltomo
1320 1753 1423 1780 coleret
1445 1757 1499 1779 tam
1516 1752 1676 1779 immensam

885 1799 1005 1834 paradisi
1028 1798 1257 1833 magnitudinem,
1282 1797 1329 1824 tibi
1354 1797 1466 1832 quidem
1492 1802 1565 1824 certe
1589 1797 1678 1823 abun-

887 1845 980 1872 dantia
996 1845 1055 1879 ejus
1074 1843 1242 1878 irrigatiouis
1257 1842 1391 1870 dividitur
1414 1843 1441 1869 in
1456 1847 1575 1877 quatuor
1590 1842 1677 1869 initia.

886 1891 957 1924 Quid
974 1895 1064 1918 autent
1077 1898 1147 1924 opus
1158 1893 1218 1916 erat
1230 1889 1354 1924 operari,
1372 1896 1434 1915 cum
1449 1896 1520 1923 saepe
1533 1896 1586 1915 una
1598 1888 1679 1915 arbor

887 1942 916 1965 et
932 1938 1018 1965 altera
1041 1937 1066 1964 ei
1091 1936 1227 1963 sufﬁceret
1244 1935 1277 1962 ad
1294 1935 1473 1962 alimentum?
1487 1935 1558 1967 Quid
1581 1940 1674 1961 autem

888 1991 957 2019 opus
972 1987 1032 2010 erat
1047 1983 1128 2009 etiam
1140 1981 1290 2010 custodire,
1302 1987 1365 2006 cum
1378 1987 1432 2006 non
1446 1980 1541 2013 plures
1552 1980 1680 2006 adessent

887 2029 1014 2056 homines
1030 2027 1151 2054 nondum
1169 2026 1260 2058 fures;
1277 2029 1304 2052 et
1327 2032 1422 2052 omnes
1442 2025 1535 2052 bestiae
1557 2030 1585 2052 et
1600 2025 1679 2052 volu-

888 2084 948 2103 cres
970 2075 996 2102 ei
1022 2077 1114 2101 essent
1139 2073 1279 2107 subjectae,
1298 2075 1326 2098 et
1343 2072 1402 2106 ejus
1425 2071 1510 2097 verbo
1534 2072 1682 2106 parerent?

888 2121 944 2149 Nec
956 2121 1010 2147 hoc
1025 2120 1125 2150 solum,
1145 2117 1191 2144 sed
1207 2117 1290 2144 etiam
1304 2125 1365 2151 qua:
1378 2125 1393 2143 a
1408 2116 1463 2143 Deo
1478 2116 1551 2144 dicta
1565 2121 1592 2143 et
1611 2117 1680 2144 facta

849 2171 871 2201 ο
886 2167 986 2197 suntin
998 2164 1142 2201 paradiso?
1159 2163 1181 2190 si
1205 2163 1238 2190 ad
1266 2162 1394 2193 litteram,
1410 2163 1557 2196 inquiunt,
1581 2161 1682 2188 intelli-

884 2221 998 2249 gamus,
1032 2210 1185 2238 incidemus
1215 2209 1242 2235 iit
1276 2208 1490 2235 innumerabiles
1525 2207 1630 2243 Scyllas
1654 2212 1682 2234 ct

884 2257 1044 2293 Charybdes
1055 2253 1313 2289 etlabyrintliorum
1339 2251 1501 2286 prtecipitia.
1517 2251 1585 2278 Cuiu
1610 2252 1683 2278 Deus

885 2305 986 2332 cmluni
999 2307 1026 2330 et
1039 2306 1139 2329 terrain
1151 2299 1264 2334 impleat
1275 2299 1341 2325 citra
1356 2298 1437 2324 ullam
1450 2297 1684 2332 circumscriptio-

886 2347 1072 2381 nem,etadsit
1081 2346 1228 2380 ubique,et
1239 2344 1273 2371 sit
1282 2351 1364 2378 supra
1377 2343 1594 2374 universitatem,
1603 2347 1629 2370 et
1638 2351 1685 2371 nc.

887 2403 941 2431 que
951 2397 1105 2424 moveatur,
1118 2398 1208 2426 neque
1221 2390 1407 2421 contineatur,
1421 2397 1510 2424 neque
1524 2394 1682 2422 transmeet,

889 2449 979 2475 neque
1008 2437 1157 2466 descendat
1181 2445 1234 2464 nec
1265 2436 1410 2469 ascendat;
1435 2436 1574 2471 quomodo
1598 2437 1686 2464 audiit

889 2487 976 2514 Adam
1003 2486 1065 2520 ejus
1088 2491 1183 2511 vocem
1208 2483 1338 2518 ingressi,
1361 2481 1444 2517 89E.
1467 2485 1495 2508 et
1519 2482 1686 2509 ambulantis

890 2540 1005 2568 vespere
1020 2532 1047 2558 in
1061 2530 1208 2565 paradiso?
1219 2528 1362 2561 Quomodo
1376 2529 1446 2555 vidit
1459 2528 1548 2563 ipsum
1570 2528 1638 2555 facie
1652 2528 1686 2555 ad

892 2580 1000 2610 faciem,
1029 2577 1122 2612 idque,
1151 2575 1289 2610 inquiunt,
1320 2582 1382 2602 cum
1411 2573 1485 2601 dicat
1511 2573 1654 2608 Scriptura
1679 2582 1687 2601 :

892 2625 975 2652 Nemo
991 2623 1075 2650 Deum
1092 2622 1157 2649 vidit
1174 2620 1325 2654 unquam‘,
1351 2626 1441 2654 neque
1461 2618 1509 2645 Dei
1525 2626 1620 2645 vocem
1636 2625 1687 2644 ati-

893 2671 954 2698 diit.
968 2670 1055 2696 Porro
1072 2671 1163 2695 autem
1183 2666 1240 2700 ipse
1262 2673 1373 2699 quoque
1389 2665 1478 2692 Moses
1491 2665 1538 2696 qui
1554 2672 1586 2690 ea
1607 2664 1689 2690 nobis

893 2719 986 2742 narrat
1001 2714 1034 2741 de
1049 2712 1185 2748 paradiso,
1198 2715 1316 2738 testatur
1328 2711 1413 2737 Deum
1428 2709 1480 2744 ipsi
1494 2709 1596 2735 dixisse
1610 2718 1616 2735 :
1629 2708 1687 2734 Non

893 2760 987 2788 videbit
1001 2760 1077 2786 homo
1091 2759 1184 2797 faciant
1201 2766 1287 2784 meam
1309 2761 1334 2783 et
1348 2757 1414 2783 vim
1430 2758 1450 2782 ‘.
1465 2757 1524 2784 Jant
1539 2762 1604 2782 vero
1620 2754 1690 2780 divi-

895 2814 946 2834 nus
963 2813 1074 2840 quoque
1086 2804 1187 2831 Paulus
1210 2808 1301 2838 raptus
1320 2804 1346 2829 in
1362 2803 1469 2829 tertium
1492 2801 1583 2828 uelum
1599 2804 1626 2827 et
1642 2807 1690 2834 pa-

864 2874 906 2900 17.
947 2874 953 2888 ¹
972 2873 1050 2900 Joan.
1067 2881 1085 2902 t,
1113 2872 1152 2898 l8.
1192 2872 1201 2887 ¹
1217 2871 1303 2897 Exod.
1321 2877 1413 2901 xxxni,
1430 2868 1474 2895 '20.

80 2936 117 2971 tl)
133 2935 162 2962 S.
178 2935 280 2962 Joanti.
296 2933 420 2959 Damasr.
442 2931 613 2966 Lequiitianw
628 2931 689 2958 edit.
709 2936 728 2958 t.
753 2932 773 2963 1,
788 2939 814 2965 p.
840 2931 898 2961 lii.
914 2931 940 2956 in
957 2929 1040 2957 Natis.
