1990 3183
316 193 368 223 ρεπ

970 185 1168 214 ΑΝΑΞΤᾹΞΙΙ
1189 185 1316 214 SINAIT
1331 185 1351 212 li

1900 186 1951 217 θα

316 246 447 276 τίιεὶίδιιιη,
468 249 496 270 ut
519 249 591 270 recte
608 242 756 276 inspici-ret
774 239 890 275 paradisi
907 239 988 266 verba
1011 239 1102 273 itu/fli-
1118 243 1138 268 Λ
1154 237 1424 264 EtdintDras-J'iut
1440 247 1520 271 aqua.
1533 239 1636 270 Alii,“
1651 239 1754 273 quibus
1767 244 1834 266 sunt
1848 239 1949 269 Perse,

315 289 415 321 bilia",
437 297 499 316 cum
523 289 577 315 illic
599 289 683 315 Deum
706 287 859 321 quzesiissct
875 285 979 315 videre,
998 289 1024 311 et
1048 293 1101 310 non

315 342 386 363 esset
410 336 619 369 contemplatus,
645 341 771 360 rewrsns
795 336 837 359 est
855 332 950 358 dicens
971 331 1005 357 de
1024 331 1099 357 Deo:

316 385 397 415 Quam
422 382 510 408 nullus
534 383 667 408 hominum
686 382 757 410 rin’il,
780 389 863 414 neque
884 383 965 414 pol-“xl
982 379 1066 405 ridere
1083 379 1100 404 ⁸.

316 429 349 454 ΕΙ.
361 429 382 454 si
396 429 452 454 lucc
465 428 500 454 ita
515 436 542 453 Sl.‘
556 428 667 458 habent,
683 432 710 453 ut
724 431 799 452 certe
820 426 932 456 habent,
947 424 1011 459 quid
1027 424 1104 450 dein-

316 481 380 507 ceps
395 481 466 506 ages.
483 481 498 499 ο
515 473 648 502 Israelita,
665 471 710 505 qui
725 471 861 505 corporali
876 478 957 496 sensu
975 469 1104 502 intelligis

315 526 348 545 ea
372 527 431 552 qua:
453 519 583 544 dicuntur
606 517 639 543 de
663 517 801 551 paradiso,
817 524 878 542 cum
901 515 1016 542 audies:
1033 515 1104 541 Deus

317 563 509 598 incorporeus,
527 573 532 586 ι
545 568 554 589 1.
571 563 661 589 cal-riis
674 570 772 596 expers
787 562 906 588 materia:
918 566 945 588 et
961 561 1063 595 ligone,
1077 564 1104 586 et

317 610 435 636 sonitum
463 609 561 643 pedum
586 608 650 635 fecit
676 609 701 634 in
727 608 870 642 paradiso?
893 607 1035 640 Quomodo
1055 606 1103 640 qui

318 661 394 682 caret
419 655 543 681 manilms
567 655 669 682 dicitur
697 654 814 689 propriis
839 654 965 680 manibus
991 654 1103 680 humum

319 702 498 736 prehendisse
513 706 540 728 ct
563 702 670 728 tinxisse
686 701 841 727 hominem?
854 699 997 732 Quomodo
1012 699 1105 726 lateris

320 747 415 773 Adalni
439 747 503 773 fecit
519 747 696 777 excisioncm,
715 751 742 773 et
767 745 888 772 mulieris
903 745 1049 771 aedilicium
1064 744 1105 770 fa-

320 792 440 819 bricatus
453 797 494 819 cst
508 793 705 827 incorporeus?
718 792 773 819 Nec
784 792 835 818 hoc
848 791 947 821 solum,
963 790 1009 817 sed
1021 790 1105 816 etiam

319 835 370 862 fuit
386 836 559 865 hortulanus.
574 841 601 863 et
615 845 670 863 sua:
685 840 815 862 creaturm
830 835 1006 866 administer;
1022 835 1106 861 boves

317 887 346 910 ct
360 891 433 912 oves.
454 883 555 909 bestias
571 888 598 909 et
613 883 735 917 jninenta
749 881 782 908 ad
798 881 931 908 Adamum
949 881 1102 913 adducens;

319 932 349 955 ut
370 936 401 955 ea
428 928 566 962 sigillatim
590 931 710 958 vocaret,
735 927 782 961 qui
807 927 898 953 omnia
924 926 1106 961 cognoscebat

318 978 381 1000 ante
396 981 492 1000 eorum
511 978 612 1000 ortum.
634 972 757 1004 Quonam
780 976 871 998 autem
896 979 944 998 ore
962 976 990 998 ct
1011 971 1104 1002 labris,

319 1019 364 1052 qui
375 1027 406 1045 ea
420 1026 474 1045 non
487 1019 601 1049 ferebat,
614 1022 641 1044 ut
651 1018 696 1052 qui
710 1018 744 1044 sit
758 1019 948 1052 incorporeus,
958 1017 1106 1044 insuiﬂavit

319 1064 345 1091 in
362 1065 458 1091 faciem
478 1064 597 1090 hominis
612 1064 736 1098 spiritum
760 1063 842 1090 vitm?
856 1063 921 1089 Nam
939 1063 961 1089 si
980 1068 1045 1090 tunc
1063 1063 1106 1089 in-

317 1115 479 1144 eorporatus
498 1114 525 1137 et
541 1110 658 1136 humana
675 1109 759 1136 forma
775 1109 905 1143 prmditus
926 1110 1022 1136 fuisset
1035 1109 1107 1136 Deus

320 1155 448 1187 Verbum,
463 1163 633 1189 nequaquam
661 1155 686 1180 in
717 1154 848 1181 extremis
881 1154 1050 1188 temporibus
1072 1162 1105 1180 ex

319 1205 412 1228 sancta
427 1201 535 1235 Virgine
550 1208 660 1227 carnem
677 1199 845 1233 suscepisset
856 1199 939 1226 homo
953 1199 1050 1226 factus.

355 1247 435 1273 Ὅθεν
454 1246 498 1272 διὰ
520 1245 621 1276 ταύτας
647 1245 694 1275 τὰς

318 1291 526 1326 ἀκατα).ήτττους
606 1291 694 1321 αἰτίας

318 1339 511 1374 πνευματικῶς
548 1339 694 1373 νοήσαντες

319 1385 407 1411 πάντα
443 1384 476 1410 τὰ
513 1384 577 1419 περὶ
607 1392 694 1417 παρα-

318 1431 407 1457 δείσου
423 1431 446 1457 οἱ
464 1429 694 1465 μνημονευθέντες

318 1476 469 1512 ἐξηγηταὶ,
503 1476 623 1510 ἔφασαν,
653 1476 692 1501 ὅτι

318 1520 440 1555 διάφοροι
453 1520 570 1555 αἱρέσεις
585 1519 694 1553 ἐτέχῦη-

321 1575 370 1592 σιν
383 1567 434 1593 ὑπό
450 1575 529 1592 τινων
542 1566 692 1600 ἀνθράκων

319 1613 457 1647 σιρκικῶς
472 1611 644 1638 ἀκουσάντων
659 1611 692 1636 τὰ

320 1661 384 1695 περὶ
412 1659 478 1686 Θεοῦ
500 1660 546 1686 καὶ
565 1658 694 1693 παραδεί-

319 1713 365 1731 σου
382 1706 410 1731 ἐν
427 1706 459 1740 τῇ
482 1704 590 1730 Γενὲσει
616 1703 694 1737 λεγό-

320 1759 402 1786 μενασ
413 1752 437 1778 οἱ
454 1752 503 1786 μὲν
515 1751 694 1785 σωματὸμορ-

319 1806 369 1833 φον
380 1798 426 1824 τὸν
436 1797 513 1828 Θεὸν,
526 1797 586 1823 κατ’
602 1797 694 1823 εἰκόνα

319 1845 366 1872 καὶ
389 1844 518 1879 ὁμοίωσιν
536 1844 631 1878 ὑλικὴν
646 1842 692 1869 τοῦ

319 1890 366 1916 ὰνο
372 1889 462 1924 ρώπου
470 1888 691 1923 Smper-risura;-

319 1937 342 1962 οἱ
369 1937 397 1963 δὲ
425 1936 554 1971 μεγίστας
584 1936 694 1970 εὐχαρι-

319 1982 394 2012 στίας
407 1982 443 2016 τῷ
463 1982 522 2016 ὄφει
543 1981 693 2016 προετάξαν-

317 2036 378 2059 τες,
407 2027 444 2059 ὡς
472 2027 515 2053 διὰ
541 2028 591 2061 τῆς
611 2026 693 2052 αὑτοῦ

319 2072 473 2107 συμϐουλῆς
496 2072 542 2098 καὶ
569 2073 616 2106 τῆς
642 2080 693 2097 πα-

319 2119 458 2153 ραϐάσεως
473 2119 523 2153 τῆς
542 2118 692 2153 γενομένης

317 2163 491 2198 γεννηθέντος
505 2163 565 2189 ὅ).ου
581 2162 628 2189 τοῦ
645 2163 691 2188 ἀν-

317 2207 433 2243 θρώπων
458 2209 563 2242 γένους,
594 2209 692 2240 οἵτινες

316 2257 363 2283 καὶ
375 2257 479 2291 Ὀφῐιαι
488 2258 598 2290 δικαίως
609 2266 691 2293 προσ-

315 2305 503 2340 αγορεύονται.
546 2307 690 2340 Μανιχαῖοι

315 2350 353 2382 δὲ,
377 2351 443 2385 ὁμοῦ
469 2359 499 2377 τε
516 2352 563 2378 καὶ
577 2352 689 2385 ἄνδρες,

315 2398 362 2423 καὶ
377 2399 517 2431 γυναῖκες,
536 2398 634 2432 γρμνοὶ
662 2399 690 2424 ὲν

315 2444 376 2474 ταῖς
388 2443 544 2477 ἐκκλησίαις
561 2444 690 2477 συνάγον-

314 2497 360 2514 ται
394 2489 462 2515 κατὰ
500 2489 615 2524 μίμησιν
643 2489 689 2516 τοῦ

321 2533 405 2568 Ἀδὰμ
421 2535 467 2560 καὶ
482 2535 530 2570 τῆς
542 2535 612 2567 Elia;
625 2536 655 2571 (l
668 2537 688 2570 ).

767 1244 843 1271 Unde
856 1249 966 1279 propter
977 1245 1024 1270 has
1039 1252 1105 1271 cau-

731 1297 774 1316 sas
796 1289 1087 1324 incomprehensibiles
1097 1310 1104 1322 ,

731 1336 820 1362 omnia
841 1344 901 1370 qua-
922 1336 955 1363 de
978 1337 1105 1363 Paradiso

731 1383 803 1409 dicta
829 1388 893 1410 sunt
926 1383 1106 1418 spiritualiter

731 1430 913 1465 intelligentes
941 1431 1105 1465 interpretes

730 1485 846 1511 quorum
901 1478 1078 1505 meminimus
1096 1498 1104 1510 ,

730 1524 858 1551 dixerunt
883 1525 955 1559 quod
987 1525 1104 1552 diversa:

730 1575 798 1596 natae
811 1575 875 1596 sunt
886 1570 1004 1597 hrerescs
1014 1578 1028 1597 a
1042 1571 1105 1605 qui-

729 1615 844 1643 busdam
864 1617 1024 1644 hominibus
1035 1637 1041 1649 ,
1057 1617 1104 1651 qui

730 1663 876 1690 carnaliter
887 1663 1034 1690 audierunt
1046 1673 1106 1699 qua:

729 1707 762 1734 de
786 1709 841 1735 Deo
863 1713 890 1736 et
911 1709 1039 1743 paradiso
1061 1710 1105 1736 di-

730 1756 831 1778 cuntur
854 1751 882 1778 in
902 1752 1023 1783 Genesi,
1045 1753 1106 1779 aliis

731 1797 840 1832 quidem
921 1798 1106 1825 statuentibus

730 1844 817 1870 Deum
853 1843 955 1871 habere
990 1844 1104 1871 formam

730 1890 874 1924 corporis,
917 1889 977 1916 aliis
1013 1895 1104 1917 autem

731 1936 852 1970 serpenti
890 1944 1000 1971 magnas
1040 1937 1106 1964 olle-

731 1986 823 2008 rentes
847 1981 995 2016 gratiarum
1019 1982 1105 2009 actio-

730 2037 788 2061 nes,
798 2033 892 2063 utpote
903 2029 975 2064 quod
987 2038 1034 2063 per
1046 2030 1105 2064 ejus

729 2076 873 2103 consilium
885 2081 912 2103 et
924 2077 1020 2103 factum
1037 2085 1105 2111 prm-

731 2122 925 2148 varicationcm
968 2130 1000 2148 ex
1041 2130 1103 2148 mu-

730 2166 794 2193 lierc
805 2167 840 2193 sit
848 2171 1005 2202 generatum
1016 2171 1102 2194 totum

728 2219 814 2247 genus
847 2213 1017 2245 humanum;
1054 2214 1101 2247 qui

1156 292 1216 310 cum
1235 283 1379 309 sororibus
1394 287 1421 309 et
1439 283 1573 321 manibus
1591 289 1788 311 contraxerunt
1803 286 1947 311 matrima-

1155 330 1244 360 nium,
1261 334 1406 364 propterea
1424 329 1498 363 quod
1523 331 1610 356 nostri
1635 331 1716 364 primi
1733 336 1867 365 parentes
1883 339 1949 358 con»

1153 375 1337 409 jungerentur
1351 382 1413 401 cum
1429 375 1487 401 suis
1505 375 1639 401 matribus
1660 380 1688 402 et
1707 375 1865 404 sororibus.
1882 375 1948 402 Suri

1155 420 1238 446 etiam
1258 419 1382 453 quaedam
1407 419 1526 445 Increses
1545 427 1605 453 qua:
1626 419 1711 446 Deum
1726 423 1861 446 accusant
1876 421 1950 453 quod

1157 473 1211 492 non
1227 465 1402 500 prohibuerit
1423 473 1456 491 ne
1480 465 1617 499 malignus
1631 465 1713 491 Evam
1736 464 1888 492 seduceret
1905 472 1952 498 per

1157 515 1324 545 serpentem.
1342 511 1400 537 Alia
1416 514 1507 537 autem
1524 518 1620 537 rursus
1635 511 1748 537 haeresis
1760 510 1889 537 decrevit
1906 511 1953 536 bc-

1156 556 1270 583 stiarum
1283 564 1393 590 quoque
1407 556 1513 582 animas
1528 563 1589 582 esse
1611 556 1718 582 ratione
1730 556 1873 590 praeditas,
1890 564 1953 590 qua:

1155 607 1270 637 possunt
1284 602 1438 630 orationem
1453 602 1551 629 audire
1565 606 1593 629 et
1607 603 1744 634 excolere,
1761 609 1823 629 cum
1839 602 1950 629 andiis-

1156 652 1197 674 sot
1213 648 1296 674 Deum
1319 648 1530 675 benedicentem
1546 647 1706 674 volucribus
1722 653 1750 675 et
1766 649 1906 683 piscibus,
1926 653 1951 674 ct

1155 699 1342 720 cxsecrantem
1357 699 1523 728 serpentem,
1535 698 1563 720 et
1572 693 1754 720 adducentem
1766 694 1798 720 ad
1811 693 1951 720 Adamum

1156 740 1258 766 bestias
1275 745 1302 766 et
1320 740 1447 766 volucres
1468 744 1495 766 et
1516 739 1652 774 iumenta,
1678 743 1708 765 ut
1726 739 1795 766 sciat
1814 739 1949 774 quidnam

1155 793 1187 811 ea
1210 785 1344 811 nominet.
1362 784 1416 811 llas
1438 785 1530 818 itaque
1546 788 1573 810 ct
1588 784 1656 811 alias
1667 784 1800 819 plurimas
1815 785 1949 813 haereses.

1156 838 1216 864 quae
1232 834 1411 864 sumpserunt
1427 830 1600 856 occasionem
1622 837 1656 856 ex
1680 830 1829 864 Scriptura!
1855 831 1949 857 verbis

1157 877 1191 904 de
1208 876 1346 911 paradiso,
1364 876 1540 903 admirabiles
1565 884 1635 910 quos
1660 876 1738 910 prius
1759 876 1881 903 diximus
1906 876 1948 903 in—

1122 915 1142 942 Β
1157 926 1293 957 terpretcs
1313 923 1438 949 volentes
1452 928 1588 954 evertere,
1606 922 1632 948 in
1651 930 1758 949 sacram
1776 922 1947 957 Scripturam

1157 967 1191 994 de
1215 974 1314 995 cetero
1339 968 1435 995 oculos
1459 967 1643 1002 spiritualiter
1665 967 1854 998 intendentes,
1877 968 1946 994 sicut

1154 1014 1234 1049 jubet
1254 1014 1366 1046 Paulus,
1380 1013 1564 1040 decreverunt
1579 1013 1651 1041 duos
1671 1014 1803 1048 quosdam
1817 1021 1880 1040 esse
1900 1021 1944 1047 pa-

1158 1060 1274 1092 radisos,
1288 1060 1360 1087 sicut
1375 1063 1402 1086 et
1412 1060 1568 1094 Dionysius,
1580 1060 1751 1094 spiritualem
1765 1065 1795 1087 et
1806 1059 1944 1091 sensilem,

1158 1109 1316 1131 terrestrem
1338 1109 1367 1131 et
1382 1105 1532 1137 caelestem,
1557 1105 1604 1140 qui
1629 1105 1752 1132 cernitur
1771 1110 1799 1132 et
1825 1105 1874 1139 qui
1905 1104 1946 1131 in-

1157 1152 1300 1186 telligitur,
1317 1152 1388 1179 sicut
1398 1152 1480 1179 etiam
1495 1157 1537 1179 est
1550 1153 1678 1180 Christus
1691 1152 1812 1179 coalestis
1823 1151 1906 1178 simul
1919 1156 1946 1178 et

1157 1200 1308 1232 terrestris,
1330 1204 1516 1235 congruenter
1534 1205 1597 1235 typo
1614 1200 1732 1227 duarum
1748 1199 1946 1240 Ecclesiarum,

1158 1250 1284 1278 terrenae,
1303 1246 1426 1280 inquam,
1443 1251 1471 1273 et
1486 1246 1607 1273 cmlestis
1621 1246 1741 1273 civitatis
1762 1245 1871 1272 Domini
1891 1245 1949 1271 vir-

1158 1296 1257 1325 tutum,
1280 1293 1326 1319 ubi
1348 1297 1390 1320 est
1410 1293 1494 1320 etiam
1511 1293 1633 1320 secunda
1645 1297 1672 1320 et
1685 1292 1776 1319 verior
1792 1296 1865 1318 terra
1881 1299 1948 1326 pro—

1157 1338 1307 1369 missionis,
1327 1339 1402 1373 regio
1418 1339 1581 1370 viventium,
1596 1344 1622 1366 et
1646 1338 1804 1365 mansiones
1816 1337 1948 1364 taberna-

1156 1386 1218 1413 cula
1230 1391 1331 1413 aeterna
1346 1391 1374 1413 et
1387 1395 1447 1421 qum
1461 1387 1563 1414 nullam
1579 1387 1680 1413 habent
1691 1386 1906 1417 successionem,
1920 1390 1948 1410 ct

1157 1437 1230 1458 terra
1249 1432 1357 1458 milium
1379 1432 1501 1459 secunda
1516 1437 1543 1459 et
1557 1432 1584 1458 in
1597 1440 1678 1466 quam
1693 1439 1747 1458 non
1763 1430 1836 1458 cadit
1852 1430 1948 1457 interi-

1157 1481 1211 1510 tus,
1228 1487 1289 1513 qum
1303 1478 1385 1505 habet
1402 1478 1514 1506 arbores
1534 1483 1562 1505 et
1577 1485 1662 1512 aquas
1675 1477 1798 1503 interitui
1817 1484 1872 1503 non
1895 1476 1947 1502 ob-

1157 1524 1262 1555 noxias,
1279 1529 1306 1550 et
1322 1524 1430 1558 plantas
1443 1531 1504 1558 quae
1525 1531 1580 1550 non
1596 1527 1782 1554 marcescunt,
1795 1526 1823 1549 et
1837 1522 1947 1548 fructus

1157 1576 1268 1604 semper
1281 1570 1477 1604 germinantes,
1493 1569 1540 1603 qui
1557 1577 1573 1595 a
1595 1569 1710 1604 perenni
1726 1568 1802 1595 fonte
1817 1568 1880 1594 vita:
1895 1575 1945 1602 pe-

1157 1615 1279 1641 renniter
1297 1615 1455 1649 irrigantur,
1468 1619 1496 1642 et
1511 1615 1538 1642 in
1555 1615 1652 1642 seecula
1669 1614 1833 1642 saeculorum
1855 1614 1947 1648 quoti-

1156 1659 1200 1687 die
1224 1659 1383 1693 ﬂorescunt,
1404 1665 1433 1688 et
1458 1669 1566 1696 semper
1584 1665 1713 1688 crescunt
1736 1660 1763 1686 in
1787 1660 1895 1690 melius,
1918 1665 1945 1685 ct

1157 1713 1297 1740 nunquam
1313 1711 1421 1733 cessant
1435 1707 1567 1742 prolicere
1584 1711 1611 1734 et
1627 1707 1722 1742 augeri
1743 1711 1771 1733 et
1791 1706 1902 1733 formari
1917 1706 1944 1732 in

1157 1751 1183 1777 id
1205 1751 1279 1785 quod
1301 1756 1345 1778 est
1361 1752 1460 1779 melius
1475 1740 1506 1779 et
1523 1740 1703 1787 superiusiet
1720 1752 1767 1786 qui
1787 1755 1851 1778 sunt
1866 1752 1945 1786 plan-

1157 1797 1204 1823 tati
1221 1802 1249 1824 et
1265 1797 1391 1824 collocati
1408 1798 1434 1824 in
1454 1798 1536 1825 domo
1551 1799 1609 1830 Dei,
1625 1803 1652 1825 et
1664 1798 1761 1825 ﬂorent
1777 1798 1803 1825 in
1817 1799 1945 1832 supernis

1156 1843 1216 1877 ejus
1233 1843 1328 1875 atriis;
1347 1843 1500 1878 cujusmodi
1524 1850 1589 1871 sunt
1610 1844 1681 1871 cedri
1706 1844 1826 1871 cmlestis
1839 1844 1945 1875 Libani,

1157 1897 1222 1924 quas
1245 1888 1378 1923 plantavit
1401 1889 1509 1924 (nempe
1533 1890 1718 1924 intelligentcs
1734 1891 1856 1924 naturas)
1876 1890 1944 1916 Uni-

1155 1935 1277 1969 gcnitus,
1296 1942 1359 1961 cum
1382 1935 1482 1968 quibus
1502 1935 1557 1961 illic
1571 1935 1714 1968 nidiﬁcavit
1737 1943 1854 1970 passeres
1879 1943 1944 1961 san-

1156 1987 1262 2009 ctarum
1279 1983 1444 2015 animarum,
1470 1988 1494 2010 et
1516 1984 1626 2015 licrodii,
1644 1991 1743 2018 nempe
1761 1983 1875 2011 Christi.
1896 1985 1945 2009 do-

1155 2036 1212 2054 mus
1225 2028 1278 2055 dux
1286 2034 1322 2055 est
1337 2037 1427 2055 eorum
1436 2029 1456 2060 ⁸,
1472 2034 1584 2063 propter
1595 2037 1664 2064 quos
1675 2029 1747 2056 solos
1754 2035 1860 2063 pratum
1875 2029 1943 2056 illud

1155 2077 1227 2110 quod
1246 2084 1299 2104 non
1323 2077 1511 2112 corrumpitur
1534 2085 1584 2105 nec
1600 2078 1728 2109 senescit,
1746 2078 1900 2112 intelligens
1915 2083 1943 2104 et

1154 2129 1252 2155 expers
1275 2123 1411 2154 materiae,
1436 2123 1570 2156 plantavit
1593 2127 1622 2149 et
1645 2123 1799 2149 constituit.
1826 2123 1862 2150 De
1887 2131 1943 2158 quo

1154 2167 1258 2195 dictum
1280 2172 1322 2194 est
1337 2177 1344 2194 ι
1360 2167 1393 2194 Et
1413 2168 1543 2202 plantavit
1560 2167 1686 2194 Dominus
1702 2168 1770 2194 Deus
1787 2169 1941 2203 paradisum

1154 2214 1180 2240 in
1198 2214 1279 2240 Edam
1293 2214 1327 2240 ad
1342 2215 1484 2246 orientem,
1504 2219 1527 2240 et
1543 2215 1629 2249 posuit
1650 2214 1705 2244 illic
1720 2215 1850 2241 hominem
1865 2223 1940 2250 quem

728 2258 839 2292 quidem
877 2258 975 2285 merito
1016 2259 1099 2285 etiam
1118 2261 1139 2288 Π
1154 2259 1224 2293 fecit.
1248 2259 1281 2286 Et
1302 2259 1500 2294 interpretatur
1524 2260 1635 2294 quidem
1665 2259 1758 2291 Edam,
1781 2261 1940 2295 ignoscentxs

727 2305 900 2339 appellantur
925 2304 1046 2339 Ophiue,
1075 2305 1101 2331 id

726 2356 778 2384 est,
835 2351 1103 2386 Serpentini.l\lani-

727 2397 795 2423 eluci
807 2401 900 2424 autem
917 2398 998 2425 simul
1010 2403 1038 2425 et
1049 2399 1102 2425 viri

727 2449 754 2471 et
764 2445 894 2472 mulieres
908 2446 975 2472 nudi
989 2454 1103 2481 congre-

727 2494 826 2525 gantur
844 2492 871 2518 in
896 2493 953 2518 suis
976 2493 1102 2520 ecclesiis

727 2537 759 2564 ad
792 2537 971 2565 imitationem
1004 2538 1099 2566 Adami

725 2589 753 2611 et
769 2585 839 2612 Evm.

351 2625 401 2653 Alii
419 2632 510 2654 autem
529 2627 678 2656 increatam
703 2630 773 2665 ignis
789 2631 940 2659 adorarunt
961 2638 1099 2666 naturam,

314 2675 459 2706 propterea
476 2674 549 2708 quod
564 2675 637 2701 nulla
652 2675 786 2704 inferatur
798 2678 870 2713 ignis
884 2679 987 2706 mentio
999 2679 1026 2706 in
1041 2679 1102 2706 uni-

314 2721 392 2743 verSa
415 2725 461 2744 scx
479 2718 586 2745 dierum
609 2721 758 2748 creatione.
773 2722 826 2749 Alii
841 2731 938 2757 aquam
955 2724 1101 2751 coluerunt

314 2766 443 2797 tanquam
468 2760 626 2797 incrcatam,
648 2767 779 2801 quoniam
803 2776 856 2794 nou
880 2769 1012 2802 scriptum
1028 2774 1069 2796 est
1091 2779 1098 2796 :

349 2832 358 2845 ³
374 2830 395 2856 ll
413 2829 526 2863 Cor.xn,
545 2832 602 2860 2-4.
642 2833 651 2848 ’⁵
670 2834 677 2860 Ι
695 2834 764 2861 Tim.
784 2843 820 2867 vl,
840 2835 880 2861 lli.

352 2887 388 2919 Il;
405 2886 432 2913 Β,
454 2887 541 2914 Joann
553 2911 557 2915 .
571 2890 626 2916 Dan
640 2891 768 2921 ar.r.,lom
786 2893 828 2918 rit.

920 2836 929 2851 ⁸
955 2836 1024 2862 Psal.
1041 2835 1154 2867 011,16,
1173 2837 1215 2863 18.

1152 2309 1200 2332 aut
1213 2306 1424 2340 sanguinolenta:
1440 2306 1550 2345 deliriw.
1575 2306 1609 2333 Ut
1630 2311 1722 2333 autem
1743 2306 1810 2333 dicit
1835 2307 1940 2341 priscos

1150 2352 1270 2383 Judams.
1281 2353 1364 2380 Ellam
1375 2354 1584 2388 interpretatur,
1596 2355 1770 2389 inﬂammatio
1781 2355 1940 2381 carbonum:

1151 2399 1224 2432 quod
1238 2399 1350 2433 quidem
1365 2400 1514 2427 admodum
1537 2405 1599 2435 apte
1615 2400 1682 2427 dicit
1697 2403 1825 2428 convenit
1840 2400 1873 2426 de
1891 2408 1938 2434 pa-

1151 2444 1242 2472 radiso
1264 2446 1411 2480 spirituali,
1429 2450 1456 2473 et
1478 2447 1600 2474 materia:
1624 2439 1749 2481 experte,
1762 2451 1790 2473 et
1806 2447 1938 2481 angelico,

1151 2493 1179 2516 et
1192 2490 1354 2524 intelligenti
1371 2499 1377 2517 :
1395 2490 1446 2523 Qui
1463 2491 1526 2526 facit
1539 2491 1624 2523 enim,
1640 2491 1740 2525 inquit.
1757 2490 1865 2525 angelos
1881 2499 1939 2517 sum

1152 2535 1271 2569 spiritus,
1288 2539 1313 2561 et
1326 2536 1458 2563 ministros
1480 2537 1536 2571 ejus
1555 2538 1693 2571 ﬂammam
1711 2537 1778 2571 ignis
1793 2537 1814 2563 ⁸.
1829 2536 1869 2563 Ad
1885 2537 1938 2570 spi»

1151 2583 1260 2610 ritualis
1274 2588 1365 2611 autem
1387 2584 1506 2619 paradisi
1522 2585 1656 2612 rationem
1669 2593 1698 2612 se
1713 2585 1831 2612 maxime
1843 2585 1926 2612 conﬁr

1153 2635 1265 2657 maruut
1278 2630 1457 2666 interpretes,
1468 2631 1638 2658 adducentes
1649 2635 1745 2658 testem
1755 2631 1937 2660 Ezechielem.

1151 2681 1178 2704 et
1195 2677 1279 2704 Deum
1293 2677 1339 2712 qui
1356 2677 1383 2704 in
1402 2677 1461 2712 ipso
1476 2678 1652 2712 loquebatur,
1671 2677 1718 2704 ubi
1741 2677 1849 2704 videtur
1870 2678 1939 2704 Deus

1151 2724 1231 2751 nobis
1243 2725 1413 2760 aenigmatiee
1426 2726 1557 2758 revelare,
1573 2725 1645 2761 apud
1659 2726 1747 2760 ipsum
1766 2725 1937 2760 prophetam.

1151 2770 1252 2797 diaboli
1268 2779 1283 2798 e
1302 2771 1372 2798 coelo
1389 2779 1494 2804 casum,
1512 2772 1552 2799 sic
1568 2772 1680 2798 dicens:
1697 2771 1730 2798 Et
1747 2775 1784 2802 tu,
1802 2770 1843 2804 ﬁli
1858 2771 1940 2797 Immi-

1254 2837 1264 2853 ο
1281 2837 1347 2864 ibid.
1367 2837 1393 2864 ἆ.
1716 2838 1731 2846 “
