1980 3237
81 216 135 246 ili-5

82 274 134 302 nis.
161 273 252 307 accipe
279 273 586 308 lmncntationemsupcr
605 275 749 308 principem
770 275 840 310 Tyri,
859 279 882 300 et
900 278 920 304 Α

82 319 124 345 dic
141 319 166 345 ei
180 327 189 345 :
203 318 265 345 llam
285 320 347 346 dicit
357 319 483 346 Dominus
497 328 505 346 :
523 320 559 346 Tu
574 320 741 355 signaculum
758 321 883 347 similitu-

81 364 151 390 diuis
173 369 199 390 et
220 371 317 390 corona
339 364 541 399 pulchritudinis
551 366 579 392 in
591 365 690 392 deliciis
706 366 825 400 paradisi
837 365 883 392 Dei

81 414 226 443 generatus
241 418 268 436 εδ
285 410 306 435 ⁷.
327 410 391 437 Erat
423 410 496 437 enim
528 410 629 445 impius
659 412 789 446 princeps
818 412 881 446 Tyri

81 458 108 480 et
131 454 278 481 idololatra
297 454 325 481 in
346 455 445 482 diebus
464 456 616 483 Ezechielis
638 457 788 491 prophetae.
813 458 882 484 Dicit

81 500 156 526 enim
173 500 266 534 ipsum
283 500 436 535 principem
455 501 582 528 indutum
600 502 746 529 duodecim
766 503 881 538 insigni-

81 546 135 572 bus
149 546 284 580 pretiosis
299 546 447 580 lapidibus,
463 552 597 582 potestate
609 548 680 575 forte
695 557 879 584 supernorum

81 593 230 620 virtutum.
257 593 290 620 Et
316 594 408 620 statim
435 599 497 628 post
519 594 712 621 indumentum
739 594 878 629 lapidum,

82 640 237 675 subjungit,
256 640 352 667 dicens
367 649 373 666 :
388 641 410 666 Α
426 648 476 675 quo
490 640 532 666 die
546 645 650 666 creatus
663 647 689 666 es
706 649 764 666 cum
781 640 879 667 Cheru—

81 685 143 716 bim,
159 685 221 711 dedi
235 689 259 711 te
272 685 297 711 in
315 690 402 712 monte
415 689 506 711 sancto
523 685 570 711 Dei
585 685 606 714 ⁸.
621 685 673 712 hoc
688 690 730 712 est
749 686 775 712 in
798 687 878 713 coelo.

82 730 128 758 Sic
141 731 218 758 cnim
236 731 304 758 dicit
319 736 522 766 consequenter
536 740 542 757 ε
558 731 640 758 Fuisti
662 732 689 758 in
708 732 792 758 medio
811 732 879 767 lapi-

81 778 143 805 dum
165 779 305 813 igncorum
326 780 346 810 ³,
365 787 464 814 nempe
480 780 679 818 flammantium
697 781 756 814 ejus
774 781 877 807 intelli-

81 824 206 858 gentium
225 824 374 854 Virtutum,
390 825 589 852 convenienter
608 826 632 852 ei
654 826 701 860 qui
720 826 809 852 dicit:
826 826 877 858 Qui

81 869 146 902 facit
171 869 279 904 angelos
301 870 424 904 spiritus.
449 876 472 897 et
497 872 629 898 ministros
655 880 714 898 suos
738 873 876 907 [luntmam

81 916 160 948 ignis.
174 915 328 942 Audiamus
342 920 369 942 et
385 924 445 950 quae
459 917 590 951 deinceps
603 922 758 952 sequuntur
772 927 778 944 :
792 919 812 945 Α
825 927 875 952 quo

81 961 122 986 die
143 965 248 988 (reatus
270 970 306 993 es,
325 971 458 997 quousque
476 964 586 990 inventa:
602 969 662 990 sunt
680 965 833 999 iniquitates
849 966 875 991 in

82 1011 106 1032 te
122 1007 154 1032 ¹¹³.
175 1007 239 1034 Haec
260 1009 371 1042 proprie
396 1007 579 1036 in‘diabolum
605 1010 676 1036 dicta
693 1016 756 1036 sunt
772 1019 786 1037 a
802 1011 873 1042 Deo;

80 1059 222 1086 nunquam
245 1054 319 1080 enim
341 1053 377 1080 ita
399 1055 466 1080 vixit
482 1055 612 1089 princeps
629 1055 692 1091 Tyri
712 1061 742 1082 ut
763 1057 789 1083 in
812 1065 874 1083 eum

81 1105 135 1123 non
157 1098 270 1125 caderet
291 1099 350 1126 vitii
376 1099 451 1126 labes
475 1104 503 1127 et
520 1101 593 1135 justa
611 1102 801 1136 reprehensio.
827 1103 874 1130 Ille

79 1142 152 1168 cnim
169 1148 230 1169 erat
246 1143 357 1178 impius,
375 1149 403 1171 et
416 1144 487 1172 filius
505 1145 652 1180 impiorqu
675 1152 717 1174 est
736 1153 872 1175 mortuus.

80 1187 131 1214 Sed
150 1196 203 1215 nec
222 1189 274 1216 fuit
289 1190 316 1216 in
330 1190 420 1217 medio
433 1192 583 1218 carbonum
597 1199 624 1219 et
637 1193 758 1228 lapidum
777 1195 873 1229 igneo-

80 1242 150 1263 rum.
167 1235 242 1262 sicut
264 1236 420 1263 audivimus
434 1237 468 1264 de
484 1238 609 1273 principe
624 1238 706 1273 hujus
720 1241 823 1267 saeculi.
840 1241 872 1267 Et

78 1277 223 1314 subiungit
236 1280 308 1307 Deus
322 1281 356 1308 de
374 1289 407 1308 eo
422 1282 518 1310 dicens
531 1293 537 1309 :
551 1283 571 1310 Α
588 1283 757 1311 multitudine
773 1293 874 1312 merm—

77 1329 143 1351 tura:
160 1326 200 1356 “:
221 1326 342 1362 intelligo
369 1327 575 1356 multitudinem
602 1329 770 1364 cognitionis
785 1336 812 1357 ct
829 1339 872 1357 sa-

78 1371 198 1405 pientite,
213 1380 296 1407 quam
311 1379 391 1401 antea
408 1380 537 1409 tanquam
555 1382 679 1401 summus
702 1376 831 1410 princeps
844 1381 871 1403 ct

77 1414 130 1442 dux
147 1417 290 1444 exercitus
309 1419 466 1453 possidebat
489 1420 627 1447 diabolus.
653 1421 704 1447 Per
719 1429 801 1455 quam
823 1431 871 1449 eo—

76 1462 228 1496 gnitionem
242 1463 335 1498 lapsus
346 1465 374 1492 in
392 1466 549 1500 superbiam
563 1466 602 1493 sic
613 1467 744 1501 cogitavit
755 1468 850 1494 dicens
862 1477 868 1494 ε

76 1507 179 1535 Panem
198 1510 321 1536 thronum
346 1519 433 1538 meum
454 1520 533 1547 super
555 1513 644 1542 nubes.
668 1517 692 1539 et
715 1521 761 1540 ero
774 1514 870 1540 similis

75 1553 211 1580 ditissima
226 1555 258 1581 ".
273 1555 456 1588 Quamobrem
472 1565 568 1584 rursus
584 1557 610 1584 in
624 1565 687 1584 cum
703 1559 870 1586 vociferatur

74 1607 122 1633 per
137 1600 223 1627 verba
238 1608 300 1635 quae
318 1608 527 1636 consequuntur
539 1603 666 1630 Ezechiel
678 1608 706 1630 et
723 1599 810 1636 'Deus,
825 1605 868 1632 di-
884 1620 903 1645 ε

73 1653 138 1672 cens
152 1654 157 1671 :
170 1645 205 1672 Et
218 1648 341 1686 peccasti,
354 1651 377 1673 et
388 1649 520 1676 sauciatus
532 1658 558 1676 es
571 1658 587 1676 α
602 1655 690 1676 monte
703 1649 751 1676 Dei
767 1651 804 1682 ‘3;
818 1651 870 1684 hoc

73 1694 115 1717 est
138 1690 264 1726 dejectus
279 1700 310 1718 cs
327 1693 361 1719 ab
383 1694 529 1720 altitudine
553 1694 599 1722 Dei
626 1695 699 1727 coeli,
726 1695 779 1722 hoc
796 1696 868 1722 enim

73 1741 166 1766 statim
189 1740 281 1767 innuit
302 1741 490 1776 subjungeus:
505 1742 539 1768 Et
554 1743 664 1769 adduxit
683 1748 707 1769 te
730 1743 869 1770 Cherubin:

71 1795 103 1813 ex
119 1787 253 1822 lapidibus
270 1789 352 1823 igneis
370 1789 402 1814 “.
416 1789 481 1815 Mihi
496 1789 605 1815 videtur
620 1789 694 1822 quod
719 1789 792 1816 Deus
808 1790 869 1824 jus-

71 1832 140 1859 serit
152 1833 236 1860 alicui
255 1834 483 1867 przestantissimo
498 1839 526 1860 et
546 1834 820 1869 magnificentissimo
835 1842 869 1861 ex

70 1879 234 1913 Cherubim,
249 1887 278 1909 ut
293 1890 369 1909 rcmn
383 1883 520 1917 accipiens
531 1883 671 1910 diabolum
683 1883 716 1910 de
727 1891 760 1910 eo
773 1891 867 1917 poenas

71 1931 196 1953 sumeret
211 1935 217 1952 :
231 1927 279 1961 qui
301 1935 364 1954 eum
390 1928 485 1954 eduxit
508 1935 523 1954 e
546 1926 637 1954 medio
654 1927 866 1962 intelligentiam

70 1971 264 2002 exercituum,
286 1975 394 1998 etcum
419 1972 519 2007 dejecit
542 1981 557 1999 e
583 1972 866 2005 coelo.’Quamobrem

69 2019 182 2046 dicebat.
195 2019 324 2046 Christus
340 2028 346 2045 :
364 2019 421 2046 Vidi
438 2019 569 2048 Satanam
587 2020 723 2046 cadentem
738 2025 865 2053 tauquam

69 2065 161 2099 fulgur
177 2073 191 2091 e
214 2064 278 2091 cado
296 2065 326 2090 “5.
345 2065 496 2091 Audiamus
509 2065 591 2095 etiam
610 2073 670 2099 qua:
686 2072 842 2098 sequuntur
857 2074 864 2092 τ

68 2110 137 2137 dicit
154 2110 230 2137 enim
245 2110 376 2145 deinceps
389 2116 416 2137 et
435 2115 637 2144 consequenter
651 2119 658 2137 ί
672 2110 811 2137 Sublatum
828 2115 866 2136 est

67 2164 112 2182 car
129 2161 207 2182 tuum
220 2161 327 2191 propter
342 2157 563 2191 pulchritudinem
580 2161 652 2191 tuoin
663 2165 671 2187 ;
683 2160 808 2191 corrupta
828 2160 865 2182 est

67 2202 178 2228 scientia
196 2206 242 2227 tua
259 2210 318 2228 cunt
333 2201 528 2236 pulchritude
547 2206 593 2228 tua
618 2202 654 2228 ¹⁶ι
675 2201 864 2228 Pnlchritudi-

66 2254 130 2274 nem
155 2246 244 2278 enim,
272 2247 365 2274 fornae
391 2247 457 2274 dicit
481 2247 684 2277 excellentiam,
709 2254 762 2280 qua
788 2246 863 2281 prius

66 2297 201 2326 unquam
231 2292 328 2326 igneus
352 2296 380 2319 et
407 2292 521 2324 lucifer,
546 2292 690 2318 fruebatur
717 2291 861 2324 diabolus,
881 2295 901 2322 ι)

63 2337 214 2364 scientiam
240 2342 332 2364 autem
354 2338 697 2373 magnam,’cognitionem
715 2337 863 2373 mysterio-

65 2391 126 2410 rum
143 2388 171 2410 et
187 2383 342 2418 sapientiae.
358 2383 407 2410 llic
431 2384 522 2428 itaque
546 2384 680 2411 discimus
710 2384 783 2419 quod
805 2384 864 2411 ele-

63 2430 166 2463 gantiae
180 2433 209 2457 et
224 2429 334 2456 decoris
346 2430 520 2464 splendorem
535 2437 615 2464 quem
632 2431 709 2464 prius
725 2430 863 2458 habebant

64 2475 208 2502 daemones
219 2479 248 2502 et
262 2482 358 2501 eorum
374 2475 511 2509 princeps,
526 2483 698 2510 nequaquam
716 2475 798 2502 hodie
815 2475 863 2502 ha-

65 2521 141 2549 bent.
159 2522 194 2549 Et
216 2529 307 2556 neque
324 2522 444 2556 priorem
467 2522 570 2550 habent
590 2523 753 2558 sapientiam
770 2527 798 2550 et
813 2531 860 2550 co-

63 2568 230 2602 gnitionem.
262 2567 333 2595 Audi
360 2569 415 2602 jam
449 2569 511 2602 ejus
551 2569 714 2602 pra-clarum
742 2569 861 2603 desuper

64 2622 159 2641 casum
182 2622 218 2641 ex
239 2614 286 2640 illo
310 2614 357 2640 Dei
382 2615 510 2648 paradiso
529 2614 702 2645 deliciarum.
722 2620 749 2642 et
768 2620 860 2643 monte

63 2659 189 2692 scelesti;
214 2659 256 2686 sic
272 2660 346 2686 enim
368 2659 435 2687 dicit
454 2661 480 2687 in
493 2661 605 2696 iisquae
627 2665 859 2694 consequuntur:

64 2704 177 2740 Propter
194 2704 393 2732 multitudinem
415 2711 580 2741 peccatorum
597 2710 705 2734 tuorum
720 2707 819 2741 profeci
838 2711 862 2733 te

62 2751 88 2777 in
109 2756 214 2778 terram
231 2752 261 2776 ¹⁷.
281 2751 352 2778 Ecce
367 2757 459 2786 aperte
476 2753 634 2780 audivimus
648 2752 723 2788 quod
739 2761 772 2779 ex
794 2760 862 2787 quo-

62 2796 123 2823 dam
146 2797 258 2824 excelso
274 2796 400 2832 paradiso
416 2798 575 2827 deliciarum
595 2803 622 2825 et
642 2801 784 2834 igncorum
801 2806 862 2825 car-

109 2866 119 2881 "
137 2865 240 2891 Ezech.
256 2872 346 2894 xxvnt,
362 2864 403 2895 l2,
420 2864 456 2890 l3.
507 2865 517 2880 ⁸
532 2865 608 2893 ibid.
628 2868 673 2894 Ut.

63 2908 154 2927 χχι-ιιι.
177 2900 222 2926 16.
263 2900 283 2914 ’⁵
305 2899 368 2925 ibid.
408 2899 502 2925 I"late.
527 2910 557 2931 χ,
581 2899 621 2927 18.

97 2947 133 2976 (I)
147 2947 175 2973 S.
189 2945 286 2972 Joann.
306 2945 421 2970 Damasc.
436 2943 487 2970 loro
500 2947 550 2972 rit.

893 948 913 976 Β

726 2867 736 2881 ³
753 2865 820 2892 ibid.
875 2865 896 2880 ¹⁰

623 219 663 248 IN
683 217 998 248 HEXAEMERON.-
1013 218 1086 248 LlB.
1108 217 1176 248 VII.

1671 221 1725 251 9(36

937 273 1039 300 bonum
1055 273 1274 301 Chcrubicorum
1291 273 1317 299 in
1336 277 1435 300 terram
1457 278 1499 300 est
1521 275 1661 309 proiectus
1677 277 1728 304 iste

935 319 982 353 qui
994 319 1097 346 dicitur
1113 319 1241 353 princeps
1254 318 1316 353 Tyri
1332 319 1435 354 :Tyrus
1447 324 1538 346 autem
1550 320 1644 348 Grzecc
1657 322 1727 349 dici-

935 369 980 391 tur
995 365 1093 399 κράτος
1110 365 1158 390 καὶ
1180 365 1252 399 ὅρος,
1274 364 1299 390 id
1325 369 1367 391 est
1382 365 1501 398 potentia
1524 370 1547 391 ιιι
1566 374 1650 392 mons.
1667 367 1726 399 Quo

934 411 964 438 lit
988 416 1017 437 ut
1033 411 1098 436 hinc
1113 418 1147 436 ex
1165 410 1198 436 iis
1214 417 1276 444 qua:
1296 409 1369 436 dicta
1387 415 1450 437 sunt
1464 410 1613 442 Ezechieli,
1631 417 1726 446 aperte

932 456 1016 483 liceat
1036 463 1202 491 cognoscere
1230 455 1302 489 quod
1317 463 1413 482 omnes
1425 456 1520 483 Patres
1533 456 1580 490 qui
1597 457 1726 484 dixerunt

932 509 995 528 cum
1013 501 1106 528 sensili
1122 508 1182 527 esse
1195 500 1314 534 aliquem
1332 501 1490 534 paradisum
1511 501 1682 535 spiritualem
1698 507 1726 529 et.

931 546 1004 581 ligna
1017 547 1181 582 spiritualia,
1200 546 1226 572 id
1242 545 1371 572 dixerunt
1389 551 1538 580 sequentes
1550 546 1644 574 divina
1665 548 1726 582 ejus

932 594 1075 628 prophetat
1095 592 1179 620 verba
1198 601 1204 618 :
1221 600 1254 618 ex
1271 591 1372 626 quibus
1388 596 1452 619 sunt
1468 593 1551 619 etiam
1575 594 1724 627 sapientis-

933 639 994 666 simi
1019 639 1156 674 Gregorii,
1180 638 1226 673 qui
1243 637 1340 664 dicunt
1360 638 1471 672 plantas
1493 646 1554 665 esse
1579 639 1722 673 quasdam,

931 686 1190 720 contemplationes,
1206 690 1236 711 ut
1253 684 1330 718 ponit
1343 692 1440 711 eorum
1459 685 1541 720 895
1555 686 1724 720 contempla-

930 731 979 758 tio.
1003 731 1133 764 Quzenam
1157 735 1249 757 autem
1265 733 1325 756 erat
1343 729 1469 765 Gregorii
1487 731 1638 765 spiritualis
1655 739 1722 758 cou-

931 778 1082 812 templatio,
1105 777 1157 804 nisi
1175 777 1220 803 illa
1243 775 1364 810 Spiritus
1385 777 1472 804 sancti
1488 777 1669 804 illuminatio?
1684 778 1722 804 De

929 831 982 858 qua
1007 823 1241 858 contemplatione
1258 821 1328 848 dicit
1348 822 1480 849 Dominus
1502 832 1508 848 :
1528 823 1603 849 Beati
1625 825 1722 850 mundo

676 2902 697 2916 “
714 2900 812 2928 Ezech.
833 2908 923 2931 xxt'lu,
948 2899 987 2924 l7.

928 869 1017 900 corde,
1030 870 1155 904 quoniam
1176 868 1225 903 ipsi
1238 867 1321 893 Deum
1336 866 1458 893 videbunt
1476 869 1507 894 ‘9.

966 913 1034 948 Ὅρα
1043 914 1097 948 γὰρ
1106 913 1146 939 ὁτι
1156 913 1204 947 οὐχ
1213 911 1306 941 ἁπλῶς

928 969 964 986 πα
970 960 1091 995 ράδεισος
1106 959 1213 993 λέγεται
1228 959 1306 989 οὗτος

927 1007 942 1032 ὁ
970 1006 1045 1041 παρὰ
1078 1006 1117 1040 τῷ
1150 1006 1278 1040 προφήτῃ
1296 1025 1303 1036 ,

926 1052 994 1078 ἀλλὰ
1006 1051 1169 1086 παράδεισος
1181 1050 1258 1076 Θεοῦ.
1277 1050 1304 1077 '0

925 1097 953 1124 δὲ
963 1097 1109 1127 Μωσαῖκὺς
1125 1095 1301 1130 παράδεισος,

925 1143 955 1169 οὺ
972 1142 1122 1176 θεώνυμος,
1135 1141 1191 1168 ἀλλ’
1209 1141 1303 1172 ἁπλῶς

925 1189 1098 1224 παράδεισος.
1119 1188 1199 1214 Ὀθεν
1220 1189 1266 1213 καὶ
1289 1187 1302 1213 ὁ

925 1234 996 1260 κατὰ
1006 1234 1093 1262 πάντα
1104 1233 1174 1264 θεῖος
1186 1233 1212 1258 ’Λ
1219 1232 1302 1267 μῦρό-

925 1290 1001 1312 σιος,
1031 1280 1078 1306 καὶ
1117 1280 1258 1310 ’1ουστῖνος
1288 1281 1302 1305 ὁ

924 1327 1072 1362 Oeam-mo;
1113 1327 1237 1361 μάρτυς,
1273 1326 1301 1352 ὲν

922 1375 978 1404 τοῖς
1003 1374 1042 1404 εἰς
1062 1373 1111 1406 τὴν
1134 1372 1301 1406 Ἑξαήμερον

922 1419 1013 1445 αὐτῶν
1053 1419 1230 1453 ὑπομνήμασι
1266 1417 1299 1443 τὰ

924 1464 989 1499 περὶ
1007 1463 1173 1498 παραδείσου
1188 1462 1299 1495 δμεξιόν-

921 1520 977 1543 τες,
995 1511 1064 1546 μετὰ
1085 1513 1115 1537 τὸ
1134 1512 1221 1536 εἰπεῖν
1235 1511 1298 1544 περὶ

920 1558 974 1583 τῶν
1011 1557 1148 1592 αἰσθητῶν
1181 1557 1298 1591 δένδρων

922 1604 969 1630 καὶ
979 1603 1093 1632 ὑδάτων,
1106 1602 1152 1628 καὶ
1167 1602 1298 1636 γηγενοῦς

923 1650 1026 1684 παραδε
1032 1649 1086 1675 ἴσου
1096 1650 1258 1684 παρήγαγον
1268 1648 1297 1674 ἐν

924 1694 998 1729 μέσῳ
1013 1695 1046 1720 τὰ
1063 1693 1234 1728 προκείμενα
1250 1692 1298 1718 τοῦ

922 1741 994 1767 θείου
1015 1740 1144 1775 Ἰεζεκιὴλ
1162 1739 1226 1774 περὶ
1245 1747 1298 1766 πα-

923 1788 1046 1823 ραδείσου
1062 1787 1190 1822 οὐρανίου
1209 1787 1242 1821 pr,
1248 1795 1299 1819 μα-

919 1843 970 1864 τα,
988 1835 1035 1861 καὶ
1056 1829 1155 1868 πολλὴν
1178 1833 1299 1865 ἐξέτασιν

920 1879 967 1905 καὶ
996 1879 1112 1913 θεωρίαν
1140 1877 1242 1911 λεπτὴν
1270 1877 1298 1902 ἐν

920 1924 1012 1955 αὐτοῖς
1024 1923 1217 1955 διεξελθόντες,
1230 1922 1297 1955 ὲπή‹

918 1978 1002 2003 γαγον
1023 1970 1157 2002 λέγοντες,
1180 1967 1216 1998 ὡς
1236 1967 1295 1993 αῑσ⁴

918 2015 1009 2049 κιστόν
1030 2022 1059 2039 τε
1084 2013 1131 2039 καὶ
1149 2012 1294 2045 Οεοστυγὲς

917 2059 946 2084 τὸ
958 2059 1082 2092 φάσκειν,
1101 2058 1116 2092 ἢ
1129 2058 1159 2083 τὸ
1171 2057 1237 2087 ὅλως
1254 2057 1294 2088 εἰς

917 2105 1022 2130 ἔννοιαν
1051 2103 1144 2129 λαϐεῖν
1166 2102 1216 2136 τὴν
1243 2111 1292 2136 μω

916 2152 1016 2186 καρίαν
1029 2160 1056 2177 τε
1076 2150 1123 2176 καὶ
1138 2158 1292 2185 προσκυνη-

915 2199 963 2232 τὴν
979 2197 1025 2223 τοῦ
1042 2195 1110 2222 Θεοῦ
1125 2196 1211 2229 Λόγου
1232 2195 1290 2221 θεό-

915 2251 983 2277 τητα
995 2243 1043 2268 σὺν
1052 2241 1090 2276 τῷ
1101 2241 1196 2274 δικαίῳ
1207 2240 1291 2276 λῃστῇ

916 2290 956 2319 εἰς
973 2287 1085 2322 ρευστόν
1099 2295 1127 2312 τε
1140 2287 1185 2312 καὶ
1201 2285 1292 2311 ὑλικὸν

914 2343 949 2360 πα
955 2334 1075 2369 ράδεισον
1088 2331 1219 2359 εἰσελθεῖν
1234 2331 1259 2366 (Ι
1271 2331 1290 2365 ).

949 2474 1005 2500 Καὶ
1027 2473 1069 2504 τίς
1095 2472 1170 2505 ἄξιος
1196 2473 1291 2508 μισθὸς

913 2520 963 2554 τῆς
984 2518 1086 2552 σεπτῆς
1111 2518 1220 2553 ἐκείνης
1245 2518 1292 2544 καὶ

915 2564 1087 2600 θεοπρεποῦς
1124 2565 1271 2599 ὁμολογίας
1282 2585 1289 2598 ,

916 2611 1016 2646 ροῖκών
1027 2610 1076 2636 καὶ
1087 2610 1235 2645 ὁπωρικῶν
1246 2611 1291 2637 καὶ

915 2657 1078 2692 σταφυλῶν,
1121 2658 1168 2683 καὶ
1209 2658 1291 2684 σύκου

913 2705 1094 2740 ἐφθαρμένων
1128 2705 1230 2740 βρῶσιν
1254 2705 1291 2736 ὡς

915 2751 1010 2785 μισθὸν
1022 2750 1233 2777 ἀνταποδοῦνται
1252 2751 1291 2785 τῷ

913 2796 1018 2832 λῃστῇ;
1050 2796 1097 2827 Τίς
1126 2795 1154 2821 δὲ
1186 2795 1287 2827 πάλιν,

915 2864 982 2890 ihitl.
1008 2865 1050 2890 15.
1090 2864 1109 2879 ¹¹
1129 2863 1196 2889 ibid.
1216 2863 1256 2888 lli.

1027 2899 1047 2914 ’τ
1066 2898 1132 2925 ibid.
1154 2898 1196 2924 l8.

1299 2864 1320 2878 ”
1337 2863 1387 2889 Isa.
1406 2869 1458 2890 xn‘.
1480 2861 1519 2886 Η.

1237 2897 1257 2912 ¹⁸
1270 2897 1364 2924 Matth.
1381 2904 1406 2927 v,
1423 2896 1448 2922 8.

1379 912 1447 939 Vide
1474 913 1547 939 enim
1571 913 1643 947 quod
1665 921 1720 940 non

1342 959 1467 985 absolute
1485 959 1587 986 dicitur
1608 960 1717 994 paradi-

1342 1012 1398 1034 sus,
1418 1005 1440 1031 is
1451 1006 1497 1039 qui
1511 1011 1553 1032 est
1567 1006 1638 1040 apud
1654 1014 1718 1040 pro-

1342 1050 1469 1083 phetam;
1495 1050 1542 1077 sed
1571 1051 1718 1084 paradisus

1340 1095 1399 1122 Dei.
1414 1095 1549 1122 Musaicus
1560 1101 1652 1134 autem
1667 1104 1717 1130 pa-

1341 1141 1447 1168 radisus
1465 1149 1520 1168 non
1539 1145 1580 1168 est
1596 1141 1717 1176 scriptus

1339 1195 1372 1214 ex
1395 1188 1441 1214 Dei
1461 1189 1582 1220 nomine,
1602 1188 1650 1214 sed
1665 1187 1715 1214 ab-

1339 1235 1428 1262 solute
1455 1235 1611 1269 paradisus.
1637 1235 1715 1263 Unde

1339 1281 1422 1307 etiam
1440 1281 1551 1308 divinus
1573 1281 1600 1307 in
1618 1281 1716 1308 omni-

1340 1326 1391 1353 bus
1406 1326 1578 1357 Ambrosius,
1589 1331 1618 1352 et
1627 1325 1716 1353 Justi-

1338 1381 1391 1400 nus
1403 1379 1506 1409 martyr
1523 1382 1537 1400 a
1555 1374 1610 1400 Deo
1627 1373 1715 1408 inspi‘

1338 1423 1428 1450 ratus,
1445 1418 1471 1444 in
1486 1419 1544 1445 suis
1564 1419 1590 1444 in
1608 1417 1715 1446 llexae~

1337 1473 1433 1491 meron
1448 1464 1665 1496 commentariis,
1682 1472 1714 1491 ea

1336 1516 1536 1545 persequentes
1560 1519 1621 1544 qua:
1639 1510 1712 1537 dicta

1337 1561 1401 1584 sunt
1419 1557 1452 1583 de
1472 1556 1617 1591 paradiso,
1636 1561 1713 1590 post-

1337 1611 1418 1638 quam
1433 1604 1563 1630 dixerunt
1579 1603 1612 1630 de
1625 1603 1714 1629 sensi-

1335 1650 1408 1676 libus
1425 1649 1573 1677 arboribus
1586 1653 1614 1676 ct
1632 1648 1711 1683 aquis

1335 1700 1363 1722 et
1377 1696 1527 1727 fructibus,
1544 1699 1571 1721 ct
1584 1694 1713 1729 paradiso

1336 1749 1351 1768 e
1372 1747 1445 1768 terra
1461 1740 1565 1776 genito,
1579 1740 1605 1766 in
1622 1739 1713 1766 medio

1336 1787 1513 1814 adduxerunt
1523 1785 1663 1821 proposita
1672 1785 1713 1811 di-

1337 1833 1392 1859 vini
1412 1832 1565 1859 Ezechielis
1581 1831 1664 1858 verba
1677 1830 1712 1856 de

1335 1876 1464 1910 paradiso
1482 1876 1607 1907 caelesti;
1623 1882 1711 1909 eaque

1335 1922 1492 1956 persecuti,
1523 1928 1648 1954 magnam
1683 1923 1711 1945 et

1333 1965 1462 1991 subtilem
1475 1964 1508 1990 de
1524 1964 1557 1990 iis
1571 1963 1711 1989 examina—

1335 2009 1436 2036 tionetn
1450 2014 1478 2036 et
1498 2007 1709 2042 contemplatio-

1333 2063 1393 2081 ncm
1418 2062 1447 2081 su
1453 2055 1622 2089 bjuuxcrunt
1634 2073 1641 2085 ,
1666 2053 1692 2080 di
1703 2068 1710 2074 -

1331 2104 1425 2126 centes
1448 2099 1520 2134 quod
1543 2099 1579 2125 sit
1607 2098 1708 2133 turpis-

1330 2146 1428 2172 simum
1457 2150 1485 2172 et
1505 2145 1561 2171 Deo
1587 2145 1706 2171 invisum

1330 2191 1423 2217 dicere
1437 2195 1484 2217 aut
1504 2190 1617 2216 omnino
1631 2189 1707 2222 cogi-

1331 2244 1389 2266 tare
1414 2238 1522 2264 beatam
1543 2241 1570 2264 et
1587 2236 1707 2264 adorans

1329 2285 1390 2312 dam
1407 2284 1457 2311 Dei
1475 2283 1556 2310 Verbi
1575 2283 1706 2309 divinita-

1329 2334 1383 2356 tem
1411 2337 1473 2356 cum
1497 2329 1573 2362 justo
1600 2328 1705 2354 latrone

1328 2374 1434 2410 ingredi
1449 2374 1475 2401 in
1490 2374 1592 2400 fluxum
1609 2378 1637 2400 et
1649 2381 1706 2399 tua-

1329 2420 1451 2447 terialcm
1465 2419 1634 2454 paradisum.

1364 2468 1397 2495 Et
1414 2475 1540 2502 qumnam
1561 2470 1604 2494 est
1623 2466 1705 2500 digna

1328 2522 1436 2541 merces
1452 2513 1527 2540 illius
1541 2512 1705 2540 venerandm

1327 2566 1354 2589 et
1371 2570 1431 2596 quae
1445 2562 1531 2588 Deum
1544 2561 1624 2588 decet
1638 2568 1705 2586 con-

1327 2607 1472 2638 fessionis,
1498 2606 1633 2632 malorum
1655 2612 1704 2638 pu-

1327 2655 1466 2686 nieorum.
1484 2661 1626 2689 pyrorum,
1638 2659 1704 2678 uva-

1327 2712 1386 2730 rum
1401 2707 1429 2729 ct
1446 2702 1546 2729 ﬁcuum
1559 2703 1703 2732 corruptu-

1327 2758 1388 2776 rum
1435 2755 1534 2780 esum,
1573 2751 1701 2778 tanquam

1327 2794 1502 2824 mercedem,
1524 2791 1639 2818 reddere
1663 2790 1700 2815 la-

1561 2859 1581 2873 ¹³
1598 2856 1699 2884 Ezech.
