1980 3246
255 201 307 231 967

252 257 357 291 φασὶν,
384 256 447 283 νοῦν
474 256 542 292 ἔχων
573 257 629 283 0εᾶ-

253 312 350 340 φρονα.
360 303 441 336 λέξει.
454 305 483 330 ὲν
497 304 630 331 σικυκὶά-

253 360 309 381 τῡις
324 351 451 386 nandum
464 351 509 377 καὶ
521 351 630 378 πελέκει

253 396 463 430 χειμαζημὲνοις
484 397 523 426 ei;
533 398 630 431 πτῆσιν

253 442 298 468 τᾶν
310 442 511 477 οὖρα-ιῡδρὸμον
526 443 629 469 Παῦλον

276 487 449 522 ετενεχοῆιιαι
466 496 472 502 ”
499 488 545 514 καὶ
561 489 632 523 ἅπερ

251 533 313 560 οὗτε
334 535 361 560 ἐν
379 533 416 568 τῷ
434 534 552 569 δευτέρῳ
569 534 631 561 οὔτε

253 579 338 614 τρίτῳ
367 579 492 614 οὐρανῷ,
523 580 630 616 ἄρῤητει

255 626 365 662 ῥήματα
389 623 470 660 εὗρε,
491 626 578 653 ταῦτα
603 629 630 654 ἐν

255 670 374 705 Wex/Iw
383 670 579 707 προύρῃγεηρᾷ
588 682 632 707 μυ-

257 717 468 751 σταγωγγ,οῆναι
485 718 514 750 ἐξ
532 720 633 754 ἀκράν-

255 761 301 788 tot";
327 763 372 788 καὶ
398 763 470 789 θείου
498 765 633 799 deducito;

255 806 373 841 Χριςτοῦ
391 808 463 842 (l);

849 197 880 226 5.
905 193 1106 225 ANASTASH
1135 194 1219 224 SlNA
1227 195 1296 225 ιΤιΕ

1843 182 1896 236 968

669 257 762 283 troni?
781 256 848 289 Quis
875 261 966 283 autem
985 263 1045 282 rur—
1060 255 1083 282 Δ
1097 256 1209 290 quidem
1226 262 1288 291 apte
1303 256 1453 283 admodum
1476 258 1608 285 convenit
1624 258 1651 285 in
1667 258 1771 286 Christi
1787 261 1815 287 in
1842 268 1897 289 ca:-

667 311 714 330 sus
727 323 733 335 ,
753 302 903 337 inquiunt,
922 307 1042 330 tuentem

668 349 771 376 habetis
779 349 870 376 divina
879 349 1043 383 sapientem,

668 395 767 422 dixerit
801 395 828 422 in
860 395 1044 422 cucumcrarii

669 443 781 478 regione
801 451 833 470 ac
858 443 949 470 securi
968 443 1045 484 (qua:

669 491 839 518 conveniunt
849 491 1008 525 olitoribus)
1018 491 1045 518 in

669 537 754 563 C(BIOS
761 545 872 564 cursum
882 538 1045 573 dirigentem

668 582 702 608 ad
719 583 840 610 volatum
852 604 859 615 ,
886 584 1043 610 traductum

670 636 730 655 esse
740 630 866 661 Pauiuni,
881 634 909 656 et
925 637 986 664 qua:
997 637 1046 657 ne—

670 682 723 708 quc
733 675 759 701 in
770 676 902 706 secundo,
915 683 1004 710 neque
1016 675 1043 702 in

671 722 752 748 tertio
767 722 835 749 uelo
845 722 928 749 verba
941 723 1047 750 invenit

670 768 833 800 inell‘abilia,
846 777 878 797 ea
892 770 918 796 in
930 775 1042 797 terreno

670 822 735 849 agro
749 816 828 850 aquis
841 815 953 850 irrigato
969 825 1038 852 mys-

672 862 723 887 lire
757 869 818 888 esse
856 862 999 890 enuntiata
1030 872 1045 890 a

669 914 738 940 puro
780 911 808 933 et
851 907 946 934 divino
991 911 1042 936 ‘orc

667 951 786 985 Christi,

1098 301 1154 327 lum
1169 303 1396 336 assumptionan
1411 303 1478 330 Nam
1495 302 1522 329 in
1539 307 1677 332 terrenam
1689 313 1802 340 quoque
1816 306 1897 334 Jeru-

1096 345 1193 377 salem,
1208 352 1353 381 postquam
1369 352 1451 374 natus
1469 347 1520 374 fuit
1536 347 1563 374 in
1584 348 1736 382 Bethleem,
1753 350 1896 386 ingressus

1097 396 1139 418 cst
1153 391 1198 418 dic
1209 392 1430 427 quadragesimo.

1133 437 1219 465 Nobis
1243 443 1334 466 autem
1360 439 1418 466 hinc
1431 440 1589 468 dicentibus
1602 442 1636 468 de
1658 441 1789 478 paradiso
1813 443 1897 477 spirio

1099 484 1175 516 tuali,
1191 492 1224 511 ne
1240 485 1374 520 glorietur
1388 486 1521 514 incurvus
1537 486 1669 522 Origenes
1679 492 1809 522 tanquam
1821 496 1897 516 recte

1099 530 1230 557 sentiens.
1252 531 1310 565 Ipse
1326 531 1399 559 enim
1416 533 1556 567 anagogiis
1572 538 1598 561 et
1619 534 1811 568 spiritualibus
1827 543 1895 562 con-

1099 575 1323 609 templationibus
1341 583 1407 603 usus
1426 577 1645 611 inexplebiliter,
1671 586 1768 606 omnes
1782 587 1844 613 qum
1869 579 1895 606 in

1099 628 1147 647 sex
1162 619 1261 647 diebus
1278 620 1355 648 facta:
1369 627 1444 653 sunt,
1457 627 1599 650 creaturas
1607 623 1721 650 deduxit
1734 632 1783 658 per
1793 624 1897 659 allego-

1099 665 1166 691 riam
1186 665 1220 691 ad
1234 665 1374 693 fabulosas
1389 667 1546 702 tragoedias,
1559 676 1648 702 neque
1661 669 1761 696 coelum
1781 670 1894 700 sensile,

1098 718 1187 746 neque
1213 716 1325 745 terram.
1346 720 1436 747 neque
1461 721 1557 748 aquas,
1578 721 1669 748 neque
1698 715 1805 749 plantas
1829 722 1894 742 verc

1098 757 1215 791 plantas,
1246 765 1335 792 neque
1352 758 1456 789 stellas.
1477 767 1540 786 vere
1553 760 1647 787 stellas
1674 768 1764 796 neque
1789 761 1894 796 aliquid

1098 802 1173 829 aliud
1188 804 1386 831 convenienter
1397 805 1496 833 littera
1507 805 1673 841 intelligens,
1682 814 1738 834 non
1754 808 1893 839 tenebras.

1099 856 1153 875 non
1168 848 1268 881 lucem,
1285 858 1339 877 non
1352 850 1490 886 abyssum,
1509 859 1563 878 non
1575 852 1716 886 spiritum,
1728 861 1784 880 non
1801 853 1895 881 firma-

1099 899 1232 921 mentum.
1247 895 1308 928 Quo
1327 895 1356 922 ﬁt
1378 901 1407 922 ut
1424 896 1458 923 de
1473 901 1573 924 caetero
1594 905 1707 925 necesse
1724 899 1824 926 habeat
1843 899 1894 926 Ec-

1062 939 1083 965 B
1099 940 1193 972 clesia,
1206 940 1280 975 quod
1295 941 1394 968 attinet
1407 941 1440 968 ad
1453 950 1538 976 nugas
1552 947 1581 969 et
1593 942 1747 970 doctrinam
1756 944 1894 979 Origenis,

255 1007 283 1029 et
304 1011 379 1030 nunc
404 1011 488 1037 super
506 1010 609 1033 terram
625 1007 652 1034 in
669 1007 757 1035 hortis
781 1010 921 1037 custodire
934 1019 966 1038 ea
986 1005 1046 1046 qua:

256 1052 321 1074 sunt
344 1049 497 1076 excelsiora
521 1051 651 1078 omnibus
677 1053 804 1087 supernis
829 1055 991 1086 virtutibus.
1021 1061 1048 1083 et

257 1093 312 1119 Deo
326 1095 524 1129 propiuqniora
540 1104 622 1131 quam
637 1100 865 1132 prmstantissima
875 1100 1048 1129 Cherubim?

257 1137 310 1164 Sed
327 1139 360 1165 de
378 1139 421 1166 his
436 1141 548 1174 quidem
561 1143 639 1174 satis;
656 1143 829 1171 redeundum
849 1151 891 1172 est
905 1152 997 1174 autem
1014 1147 1048 1174 ad

256 1183 401 1210 .‘llosaicam
416 1185 571 1218 historiam,
584 1192 612 1213 et
629 1189 861 1217 considerandum
877 1197 920 1218 est
934 1191 968 1218 de
984 1200 1050 1226 pro-

256 1229 365 1262 positis.
388 1230 455 1257 Nam
471 1231 528 1258 illic
546 1240 668 1266 quoque,
683 1238 713 1260 ut
731 1235 862 1265 arbitror,
876 1237 941 1264 licet
956 1238 1049 1265 videre

258 1274 291 1301 iis
304 1275 350 1309 qui
366 1276 468 1303 habent
484 1277 572 1304 lucem
585 1278 685 1306 divinze.
697 1280 876 1315 cognitionis,
891 1291 923 1309 ea
940 1291 1000 1318 qua:
1010 1284 1050 1310 di-

257 1324 359 1346 cuntur
378 1321 412 1347 de
434 1321 559 1356 utrisque
577 1323 620 1349 his
642 1324 796 1358 paradisis:
813 1334 912 1360 nempe
929 1334 1049 1361 quanam

258 1370 339 1392 utens
367 1368 565 1401 consequentia
593 1369 713 1404 primum
739 1371 820 1398 nobis
839 1377 968 1407 tanquam
994 1375 1051 1408 pri-

258 1419 332 1438 mum
350 1418 442 1440 narrat
457 1414 640 1448 spiritualem.
651 1416 722 1443 sicut
734 1417 816 1444 etiam
827 1419 883 1452 jam
897 1419 1051 1453 priusdixi,

259 1460 289 1482 ut
303 1458 415 1490 quando
431 1458 516 1486 dicit:
537 1459 570 1486 Et
587 1460 720 1494 plantavit
743 1462 871 1489 Dominus
885 1463 953 1490 Deus
969 1473 1052 1498 pora-

258 1501 344 1528 da'sum
359 1502 387 1529 in
405 1503 488 1530 [idem
502 1506 536 1531 ad
553 1504 685 1533 Orientem
700 1516 708 1534 :
722 1515 776 1534 non
791 1508 949 1536 invenimus
960 1515 1052 1538 autem

259 1547 285 1574 in
299 1552 372 1575 terra
389 1549 480 1575 locum
495 1550 541 1584 qui
555 1552 716 1579 nominatur
731 1553 827 1586 Edent,
843 1559 935 1582 etnon
947 1556 1052 1591 signiti-

258 1597 302 1619 cet
318 1594 352 1619 ail
367 1594 503 1622 orientem
521 1604 568 1622 seu
586 1601 675 1629 terrm,
693 1607 740 1625 seu
752 1601 825 1632 mali,
840 1601 888 1628 dat
906 1602 986 1629 nobis
1005 1603 1051 1629 ali-
1067 1608 1086 1635 (ζ

258 1646 340 1672 quam
366 1640 595 1674 signiﬁcationem
611 1643 644 1670 dc
662 1651 780 1678 superna
805 1646 923 1679 oriente,
939 1648 985 1674 ubi
1010 1653 1052 1674 est

259 1684 341 1710 Pater
355 1685 490 1712 luminum
507 1692 537 1713 et
554 1688 599 1714 lux
617 1689 787 1722 viventium,
805 1696 831 1717 et
851 1693 925 1726 quod
939 1693 974 1719 sit
995 1693 1053 1721 illic

258 1729 393 1763 ejusmodi
410 1731 565 1764 paradisus,
593 1733 664 1760 adeo
680 1741 709 1761 ut
725 1735 760 1762 de
773 1736 912 1770 spirituali
934 1738 1052 1772 loquens

260 1773 399 1807 paradiso,
414 1782 504 1809 neque
525 1776 558 1803 de
575 1777 675 1812 lignis,
689 1787 779 1813 neque
797 1780 832 1807 de
846 1782 936 1815 aquis.
961 1791 1052 1817 neque.

259 1818 294 1844 de
309 1819 459 1852 lapidibus,
475 1829 565 1855 neque
577 1822 611 1849 de
632 1828 705 1850 terra
722 1846 728 1855 ,
750 1833 840 1860 neque
858 1827 892 1853 de
908 1835 987 1859 auro,
1003 1837 1052 1855 ne-

259 1872 313 1898 que
326 1864 360 1891 de
373 1865 446 1897 cibo,
458 1874 548 1901 neque
561 1868 594 1895 de
607 1870 779 1903 regionibus.
791 1879 881 1906 neque
890 1872 924 1899 de
938 1873 1050 1905 ﬁnibus,

259 1918 350 1944 neque
367 1911 401 1938 de
418 1912 471 1938 ulla
497 1921 526 1939 re
548 1914 601 1940 alia
616 1923 677 1949 qua:
698 1917 735 1942 sit
763 1917 790 1943 in
809 1924 853 1949 eo,
882 1919 1050 1947 meminerit.

262 1955 330 1982 illud
341 1961 449 1988 autent,
472 1958 504 1984 Et
534 1962 621 1994 possit
636 1961 692 1988 illic
706 1963 837 1990 hominem
859 1973 936 1996 quem
962 1965 1051 1999 finxit,

261 2010 360 2037 nempe
378 2003 404 2030 in
433 2005 564 2038 paradiso
580 2007 686 2034 cmlesti
706 2008 785 2041 dixit,
819 2011 992 2046 prophetiam
1018 2012 1052 2039 dc

261 2047 330 2074 facta
343 2048 367 2074 in
379 2050 690 2086 extremistcmporibus
701 2054 727 2080 in
741 2053 852 2082 Christo
864 2057 1053 2092 assumptione

261 2091 289 2118 in
305 2093 390 2120 caelos
414 2093 541 2122 humana:
556 2103 672 2124 nomne.
692 2098 769 2132 Quod
798 2100 820 2127 si
846 2106 976 2136 tanquam
995 2103 1051 2137 jam

261 2139 444 2172 praeteritum,
463 2141 488 2167 id
505 2142 578 2176 quod
596 2142 721 2171 futurum
737 2150 789 2178 est,
815 2146 883 2174 dicit
897 2148 1050 2182 propheta;

262 2183 357 2217 habes,
372 2185 460 2221 inquit
477 2195 591 2222 magnus
617 2189 790 2223 Ambrosius,
810 2192 845 2219 dc
859 2201 892 2220 eo
920 2193 1052 2228 plurimas

263 2229 289 2256 in
304 2230 445 2266 Scriptura
470 2234 655 2267 probationes,
678 2241 707 2263 ut
738 2238 848 2272 quando
865 2239 934 2266 dicit
955 2249 960 2266 :
980 2239 1052 2266 Puer

263 2281 342 2303 nutus
354 2283 390 2304 est
408 2279 480 2306 nobis
491 2280 522 2306 ηπ
537 2281 587 2308 Et:
605 2282 737 2310 Fodcrunt
763 2293 857 2312 manus
883 2294 954 2312 nicas
969 2291 993 2312 et
1007 2295 1052 2322 pe-
1068 2278 1090 2305 ι)

262 2324 306 2349 des
323 2326 432 2351 nicas“.
442 2326 473 2352 Et
487 2335 493 2352 :
510 2327 581 2354 Dixit
594 2328 720 2356 Dominus
736 2330 848 2358 Domino
860 2341 918 2359 meo
930 2341 938 2359 :
951 2332 1019 2360 Sede
1035 2343 1051 2360 a

263 2368 361 2396 dextris
371 2371 505 2399 meis".l£t
516 2382 522 2398 :
535 2373 664 2401 Dederunt
674 2376 699 2402 in
709 2385 796 2404 escam
805 2387 892 2405 meum
899 2379 975 2413 fel".
985 2385 1051 2412 εις..

263 2418 292 2440 et
306 2421 366 2448 quae
381 2421 446 2442 sunt
461 2417 628 2450 hujusmodi.
650 2421 734 2448 [tecte
751 2427 842 2450 autem
859 2424 964 2452 dictum
988 2431 1029 2453 est
1045 2435 1051 2453 :

265 2458 394 2493 Exposuit
414 2461 470 2487 illic
485 2463 617 2491 hominem
642 2474 719 2500 quem
742 2467 820 2500 ﬁnxit
838 2477 941 2504 :quem
960 2472 1053 2506 posuit

253 2503 392 2542 ‘lia’redem
405 2507 628 2540 universorum",
646 2510 797 2539 Christum.
809 2503 885 2540 Unde
903 2503 1008 2543 lleb'rwi
1020 2525 1053 2543 ex

264 2548 336 2575 libro
351 2550 397 2583 qui
416 2548 471 2577 non
485 2557 528 2579 est
540 2554 668 2581 redactus
681 2556 707 2582 in
720 2555 871 2588 Canoncm,
884 2559 930 2593 qui
943 2560 1054 2594 quidem

265 2593 368 2620 dicitur
384 2595 590 2625 Testamentum
607 2601 851 2635 protoplastorum,
867 2603 964 2631 dicunt
987 2614 1055 2640 qna-

265 2639 419 2675 dragesima
431 2642 476 2669 die
494 2643 648 2678 ingressum
657 2654 718 2673 esse
727 2648 813 2675 Adam
831 2649 858 2676 in
875 2639 1052 2684 paradisum;

265 2685 337 2712 sicut
353 2687 436 2713 etiam
455 2687 564 2715 videtur
588 2690 699 2718 cuidam
717 2692 851 2722 historico
882 2696 1052 2732 chronogra-

266 2732 321 2765 pho
340 2732 487 2768 Pyrrhoni,
511 2739 540 2760 et
560 2735 724 2769 quibusdam
744 2739 960 2773 expositoribus.
974 2742 1052 2775 Quod

305 2801 325 2816 ’³
341 2801 390 2828 lsa.
410 2809 446 2833 Ix,
465 2801 491 2828 6.
531 2803 552 2818 '°
570 2803 641 2830 Psal.
657 2813 710 2837 xxi,
732 2807 772 2834 l7.

304 2858 339 2892 (1)
354 2859 442 2887 (inibo
456 2859 578 2895 Spirileg.
593 2865 611 2887 t.
625 2862 656 2894 ll,
670 2863 730 2890 915.

812 2809 832 2823 “
854 2809 925 2836 Psal.
940 2819 993 2843 cxx,
1014 2813 1035 2840 l.

1096 985 1211 1012 credere
1229 985 1276 1012 Dei
1297 993 1358 1012 esse
1371 992 1513 1014 creaturas
1537 987 1672 1014 mundum
1693 989 1741 1023 qui
1756 990 1893 1017 cernitur.

1096 1029 1358 1069 Quamobrcmjurc
1373 1038 1483 1065 quoque
1500 1030 1646 1066 Origenem
1662 1033 1793 1068 synodica
1809 1034 1895 1069 depo-

1098 1082 1166 1101 nens
1181 1066 1319 1102 sententia
1334 1076 1440 1110 rejecit.
1456 1075 1607 1110 Oportebat
1619 1078 1692 1105 enim
1705 1079 1825 1113 primum
1844 1080 1895 1106 ad-

1098 1121 1208 1147 mittere
1226 1120 1371 1148 historiam
1389 1130 1449 1156 qua:
1461 1123 1590 1150 convenit
1602 1124 1700 1151 litterae
1715 1125 1835 1153 :deinde
1849 1127 1896 1154 ubi

1098 1171 1207 1200 oportet
1222 1167 1373 1201 procedere
1389 1169 1422 1195 ad
1448 1176 1592 1204 anagogas.
1608 1170 1723 1205 Propter
1740 1171 1811 1198 bane
1828 1180 1896 1199 eau-

1099 1221 1157 1240 sam
1177 1214 1250 1249 (dico
1267 1219 1359 1241 autem
1371 1220 1483 1250 propter
1499 1216 1607 1243 inanem
1628 1217 1749 1244 laborem
1765 1218 1896 1253 Origenis

1099 1260 1146 1294 qui
1160 1260 1318 1288 universam
1339 1269 1386 1288 sex
1403 1261 1509 1290 dierum
1528 1268 1679 1290 creaturam
1693 1263 1726 1290 ad
1739 1263 1895 1293 fabulosam

1100 1305 1214 1331 deduxit
1232 1306 1401 1340 allegoriam,
1419 1310 1447 1333 et
1465 1314 1566 1341 corpus
1582 1315 1667 1334 sacra!
1679 1307 1832 1343 Scriptura:
1846 1309 1898 1336 im-

1100 1350 1217 1377 molavit
1229 1354 1256 1376 et
1270 1350 1417 1386 alteravit.)

1137 1408 1168 1433 Oi
1186 1407 1313 1442 νεώτεροι
1326 1407 1378 1433 τῶν
1391 1408 1479 1434 Πατέ-

1104 1464 1167 1490 ρωψ
1181 1455 1252 1488 λέγω
1264 1456 1307 1490 δὴ,
1321 1456 1346 1481 oi.
1358 1456 1421 1490 περὶ
1432 1456 1478 1482 τὸν

1103 1502 1173 1528 Οίῐον
1193 1502 1348 1533 Βασίλειον,
1371 1502 1418 1529 καὶ
1433 1503 1478 1528 τὸν

1105 1548 1223 1583 Χριστοῦ
1245 1548 1367 1583 ποταμὸν
1387 1549 1479 1575 Ἰωάν-

1105 1603 1152 1629 νην
1186 1595 1231 1620 τὸν
1267 1595 1477 1629 Χρυσόστομον,

1104 1643 1240 1676 Θεόδωρόν
1256 1651 1285 1668 τε
1299 1643 1345 1668 τὸν
1364 1643 1481 1669 ἐλεεινὸν

1103 1688 1186 1720 ὄντως
1203 1689 1352 1722 Ἀντιηχέα,
1371 1689 1418 1715 καὶ
1433 1689 1479 1714 Σε-

1104 1735 1188 1770 ϐἧρυν
1210 1735 1256 1762 τὸν
1277 1735 1457 1770 Γαϐαλεωτὴν
1471 1755 1479 1767 ,

1104 1781 1233 1808 Εὺσέὅιόν
1250 1789 1280 1807 τε
1297 1781 1342 1807 τὸν
1363 1782 1480 1815 Ἐμεση-

1104 1827 1167 1858 νῶν,
1190 1828 1237 1853 καὶ
1257 1826 1302 1853 τὸν
1322 1828 1411 1861 λόγοις
1434 1828 1480 1854 καί

1104 1872 1195 1907 ἔργοις
1248 1875 1480 1910 τρισμακάριστον

1110 1920 1278 1954 Ἐπιφάνιθν,
1299 1921 1434 1956 Rapum
1451 1929 1480 1946 τε

1103 1968 1149 1995 τὸν
1160 1968 1344 2004 Θεοφάντορα,
1358 1969 1405 1995 καὶ
1417 1969 1479 1994 Θεό-

1104 2016 1194 2049 φιλον·
1215 2016 1315 2051 μᾶλλον
1329 2014 1401 2043 οὗτοι
1414 2016 1481 2042 πάν-

1103 2072 1148 2095 τες
1170 2063 1241 2090 κατὰ
1262 2063 1292 2090 τδ
1309 2063 1426 2098 γράμμα
1446 2063 1480 2089 τὰ

1558 1410 1737 1438 [licentiores
1778 1409 1875 1439 Patres
1887 1434 1893 1443 ,

1516 1456 1638 1487 divinus,
1665 1457 1779 1492 inquam
1788 1478 1795 1488 .
1818 1458 1891 1485 Basi-

1516 1502 1586 1533 lius,
1612 1508 1641 1530 ct
1665 1503 1768 1531 Christi
1795 1504 1897 1533 ﬂuvius

1516 1550 1637 1578 Joannes
1662 1551 1878 1587 Chrysostomus
1888 1573 1895 1585 ,

1516 1603 1544 1624 et
1559 1597 1722 1625 Theodorus
1733 1606 1799 1626 vere
1813 1599 1897 1626 mira-

1518 1643 1582 1670 bilis
1596 1644 1797 1676 Antiochenus,
1812 1650 1841 1672 et
1852 1646 1899 1673 Se-

1517 1699 1599 1718 verus
1611 1691 1786 1724 Gabaleotes,
1803 1697 1832 1720 et
1843 1693 1898 1720 Eu-

1517 1737 1610 1764 sebius
1620 1738 1778 1770 Emiscnns,
1793 1743 1823 1766 et
1834 1747 1897 1766 ver-

1519 1782 1559 1810 bis
1574 1788 1601 1810 et
1614 1783 1694 1811 factis
1719 1784 1899 1813 beatissimus

1517 1828 1708 1862 Epiphanius.
1728 1834 1756 1857 et
1782 1831 1832 1857 Dei
1855 1831 1897 1857 in-

1519 1879 1624 1910 terpres
1635 1875 1755 1911 Cyrillus
1765 1882 1794 1903 et
1804 1877 1898 1904 Theo-

1518 1922 1630 1956 philus,
1662 1923 1681 1950 ii
1716 1931 1816 1951 omnes
1847 1932 1897 1952 sua

1516 1969 1617 2003 scripta
1653 1969 1686 1996 de
1717 1978 1764 1996 sex
1795 1970 1898 1998 diebus

1516 2021 1704 2051 exposuerunt
1735 2025 1896 2052 congruen-

1518 2068 1559 2090 ter
1573 2063 1673 2090 littera:
1684 2083 1692 2094 ,
1716 2063 1811 2090 missis
1827 2064 1896 2090 alle-

1077 2814 1098 2829 "
1118 2813 1190 2840 Psal.
1206 2821 1298 2846 vaiu,

1104 2110 1307 2145 συγγράμματα
1378 2109 1481 2136 ἑαυτῶν
1518 2109 1603 2144 goriis
1619 2114 1647 2136 et
1662 2109 1803 2144 anagogis.

1104 2155 1168 2189 περὶ
1187 2156 1234 2189 τῆς
1253 2153 1428 2188 Ἕξαημέρου
1450 2153 1588 2186 ἐξέθεντο,
1604 2154 1653 2185 τὰς
1668 2153 1836 2189 ἀλληγορίας
1853 2155 1898 2182 καὶ

1102 2200 1247 2233 ἀναγωγὰς
1263 2200 1312 2234 ἀφέ
1318 2209 1396 2235 pauo:
1409 2199 1441 2234 (2
1450 2200 1470 2229 ).

1140 2245 1255 2278 Propter
1270 2245 1390 2275 inanem,
1399 2249 1427 2270 ut
1440 2244 1515 2278 prius
1527 2243 1582 2270 dixi
1595 2265 1602 2276 ,
1622 2243 1750 2279 Origenis
1760 2245 1896 2274 laborem.

1105 2289 1155 2324 ipsi
1172 2298 1282 2324 quoque
1296 2290 1444 2316 aﬂ'erentes
1459 2289 1512 2316 ﬁde
1531 2289 1707 2324 dignissimas
1718 2291 1898 2325 probationes

1101 2340 1130 2362 ct
1144 2335 1394 2362 demonstrationes
1418 2336 1452 2362 de
1478 2335 1571 2362 sensili
1594 2335 1721 2370 paradiso
1741 2337 1789 2370 qui
1805 2338 1896 2364 statim

1102 2381 1229 2414 sequitur
1246 2385 1308 2414 post
1325 2388 1387 2407 eum
1405 2388 1487 2414 quem
1497 2381 1616 2408 diximus
1627 2382 1810 2416 spiritualem.
1830 2383 1896 2410 Nam

1102 2425 1242 2459 legislator
1258 2425 1346 2451 Moses
1370 2425 1462 2452 statim
1487 2426 1607 2460 subjecit
1619 2447 1626 2456 ,
1642 2426 1758 2454 dicens:
1777 2427 1814 2454 Et
1834 2430 1899 2455 oriri

1104 2470 1164 2505 fecit
1183 2470 1310 2497 Dominus
1326 2470 1395 2499 Deus
1408 2471 1494 2498 adhuc
1511 2480 1525 2498 ε
1537 2477 1608 2498 terra
1626 2481 1703 2499 omne
1723 2472 1826 2508 lignum
1841 2475 1899 2509 pul-

1104 2516 1196 2542 chrum
1212 2515 1245 2542 ad
1268 2515 1409 2542 videndum
1433 2520 1457 2542 et
1471 2517 1568 2543 bonum
1585 2517 1620 2543 ad
1643 2518 1851 2550 rontedendum,
1874 2523 1898 2546 et

1105 2561 1206 2596 lignum
1236 2563 1296 2589 vim:
1322 2563 1349 2589 in
1368 2563 1453 2590 medio
1470 2563 1590 2598 paradisi
1609 2563 1782 2598 :eLlignum
1799 2565 1898 2591 sciendi

1104 2608 1131 2634 id
1146 2608 1215 2643 quod
1228 2609 1348 2644 cognosci
1365 2613 1447 2643 potest
1466 2610 1526 2635 boni
1547 2614 1571 2635 et
1587 2610 1663 2636 mali.
1681 2609 1789 2636 Flavius
1809 2615 1898 2638 autem

1105 2654 1238 2687 egreditur
1260 2662 1292 2680 ex
1307 2654 1388 2681 Edam
1401 2655 1436 2681 ad
1449 2655 1617 2689 irrigandum
1639 2656 1807 2689 paradisum.
1821 2657 1900 2684 Illinc

1107 2700 1254 2726 secernitur
1273 2701 1300 2726 in
1321 2705 1435 2736 quatuor
1456 2701 1543 2727 initia.
1569 2701 1670 2728 Nomen
1694 2703 1758 2734 uni,
1778 2703 1899 2730 Phison:

1108 2745 1156 2771 ista
1175 2746 1268 2780 estqui
1282 2746 1375 2772 circuit
1391 2754 1494 2772 omnem
1509 2750 1608 2773 terram
1627 2747 1731 2775 Evilat}:
1747 2757 1756 2775 :
1768 2748 1824 2776 illic
1840 2756 1899 2784 ergo

1399 2815 1421 2830 ³³
1434 2814 1518 2842 Ilebr.
1532 2824 1550 2846 i,
1563 2816 1590 2842 2.

1145 2869 1181 2905 (ἢ)
1199 2870 1226 2896 S.
1244 2871 1341 2898 J-mnn.
1361 2872 1552 2904 Damase.,‘ara
1568 2873 1614 2899 rit.

1314 2813 1349 2833 0-)
