1990 3183
85 204 141 238 πθ

622 202 660 232 ΙΝ
684 199 960 231 ΙΙΕΧΛΕΜΕΚΟΝ.
974 213 1008 218 —
1024 202 1096 232 LIB.
1119 201 1184 232 VII.

1667 202 1731 233 97η.

85 269 124 291 est
137 270 235 290 aurum
252 269 370 289 :aurum
391 264 479 288 autem
497 258 568 286 illius
590 263 669 286 temo
689 259 793 285 bonum
804 265 812 284 .'
824 256 881 283 illic
895 259 918 287 Α
932 257 1073 292 pulchrum
1088 259 1122 285 ad
1141 258 1225 294 896
1241 258 1379 285 videndum
1391 263 1414 285 et
1428 259 1524 286 bona»:
1540 266 1572 286 aa
1587 261 1722 287 comedat.

85 314 125 338 est
145 308 320 336 carbunculus
333 312 358 334 et
372 307 440 342 lapis
452 306 586 342 prasinus.
599 305 633 332 Et
650 312 744 331 nomen
768 303 881 330 secundo

85 356 160 384 Cum
173 355 242 382 :itte
259 358 297 381 est
320 354 364 389 qui
378 353 470 380 circuit
487 353 637 379 universam
659 349 833 384 [Et/impiam.
848 348 881 375 Et

88 402 183 431 fluvius
207 401 311 431 tertius,
323 399 415 434 Tygris
431 407 439 425 :
458 399 507 425 ista
528 402 566 425 cst
578 398 624 432 qui
641 397 699 432 fluit
719 403 751 422 cz
772 395 882 422 aduerso

87 434 269 482 Assyriorum.
281 445 388 472 Flavius
398 449 486 470 autem
493 448 614 479 quartus,
624 442 783 475 Euphrates.
790 440 830 467 Ex
838 439 883 467 his

88 500 105 520 θ
119 497 193 520 terra
208 492 309 526 genitis
326 491 396 518 locis
410 495 438 517 et
453 490 584 525 gentibus
598 486 882 523 appellationibusquc

88 543 117 567 et
133 538 270 568 terminis,
287 541 315 564 et
330 541 463 571 pneterea
480 544 513 563 ex
529 543 598 562 auro
616 539 643 562 et
659 533 750 568 lapide
770 532 883 568 prasino

89 590 117 612 et
126 585 267 619 Ethiopia
282 589 309 610 et
319 583 439 618 Assyriis
452 587 480 610 et
490 582 632 616 Euphrate
648 581 741 615 plures
750 587 784 606 ex
796 577 884 606 Patri-

89 631 142 658 bus
159 630 331 658 aﬂirmarunt
348 629 406 656 haec
421 629 538 655 maxime
555 627 671 661 intelligi
694 626 729 653 de
754 624 883 660 paradiso

89 685 105 704 e
121 681 194 703 terra
216 675 320 710 genito,
336 679 365 701 et
388 674 506 701 maxime
523 681 556 700 ex
573 673 648 701 loliis
670 672 738 699 licus
754 678 815 706 quae
829 670 883 697 sibi

88 726 260 750 consuerunt
283 721 368 756 primi
394 724 523 755 parentes
546 719 580 746 ad
595 719 786 753 ‘perizomata.
806 715 884 743 Unde

89 768 174 795 etiam
194 767 392 799 convenienter
411 765 511 793 litterae
528 764 726 799 intelligentes,
745 769 831 797 aquas
842 761 884 788 di-

90 818 191 840 xerunt
208 813 334 844 ‘sensiles.
358 818 386 840 et
406 812 479 847 ligna
490 831 497 844 ,
514 812 587 846 ligna
605 818 670 837 vere
688 810 842 840 esculenta,
856 813 884 835 et

90 860 207 891 fruetus,
226 859 334 886 fructus
350 858 497 885 hortenses
512 861 541 885 et
562 857 589 884 in
604 864 675 891 quos
688 855 763 882 cadit
788 853 884 880 interi-

90 911 145 936 tus,
162 911 189 932 et
200 913 299 932 aurum
309 912 370 931 esse
397 903 550 930 materiale.
577 902 712 930 Similiter
729 900 884 927 carbuncu-

935 304 1008 330 duut.
1024 305 1091 332 Nam
1105 309 1166 332 orta
1179 305 1290 340 quidem
1299 310 1341 332 est
1352 305 1380 332 in
1391 304 1470 332 initio
1479 305 1601 333 Ecclesia
1612 306 1722 340 quando

934 349 1006 377 facta
1018 350 1070 378 fuit
1085 350 1184 378 viridis
1195 357 1224 378 et
1239 351 1309 378 bene
1325 351 1491 386 germinans,
1511 350 1666 387 densasque
1675 353 1724 380 ha-

936 395 1004 423 bens
1024 404 1088 424 suas
1111 397 1236 430 arbores,
1253 397 1389 426 exsiccata
1414 401 1505 425 autem
1525 397 1578 425 fuit
1598 398 1634 426 ab
1656 403 1722 426 testu

936 440 1048 475 maligni
1067 441 1134 469 solis
1147 442 1195 476 qui
1213 442 1425 478 transﬁguratur
1444 443 1471 470 in
1493 443 1621 478 angelum
1635 443 1723 475 lucis,

936 493 1000 513 cum
1015 486 1042 514 in
1056 495 1116 514 eam
1132 496 1183 522 per
1197 496 1228 516 os
1240 488 1379 516 sibilasset
1397 497 1510 524 serpens
1522 495 1550 517 et
1561 497 1622 517 eam
1634 491 1724 517 exsic-

936 536 1025 559 casset
1043 539 1092 566 per
1102 532 1296 560 idololatriam.
1306 533 1374 561 Cum
1388 541 1453 569 ergo
1470 534 1591 561 venisset
1606 534 1727 561 ctelestis

935 577 1038 605 ﬂuvius
1051 578 1124 606 Deus
1136 579 1266 612 Verbum,
1279 583 1307 608 et
1322 587 1382 607 eam
1397 579 1538 614 irrigasset
1562 588 1611 615 per
1626 588 1725 614 aquam

928 627 965 650 ‘et
988 623 1122 657 ﬂuvium,
1143 629 1238 652 exorta
1255 630 1297 652 est
1319 630 1348 652 et
1371 633 1482 652 rursum
1505 625 1681 660 germinavit,
1698 630 1727 653 et

937 669 1038 696 iterum
1065 670 1212 697 vivilicavit
1240 671 1346 698 ratione
1365 671 1479 706 praedita
1498 672 1559 707 ejus
1581 671 1666 707 ligna,
1691 672 1726 699 de

937 715 1039 749 quibus
1049 715 1153 743 dictum
1167 720 1209 743 est
1227 726 1233 742 ε
1252 716 1287 743 Et
1301 718 1400 744 exoriri
1418 718 1477 752 fecit
1492 718 1576 745 adhuc
1598 717 1726 745 Dominus

936 760 1006 786 Deus
1021 769 1035 787 ε
1049 766 1142 794 terra;
1167 761 1220 789 hoc
1234 767 1287 794 est,
1300 768 1444 798 postquam
1462 769 1570 790 mortua
1587 768 1615 791 et
1635 764 1726 792 exsic-

937 811 997 833 cata
1005 812 1090 841 esset,
1101 807 1192 835 adhuc
1206 809 1328 836 secundo
1344 810 1442 841 ordine
1455 818 1553 838 rursus
1562 810 1728 846 germinavit

938 852 1044 880 ratione
1059 853 1173 888 praedita
1181 853 1284 882 Christi
1297 858 1369 882 terra
1380 863 1456 883 omne
1472 855 1573 891 lignum
1588 856 1727 891 pulchrum

938 899 973 925 ad
987 899 1126 927 ridendum
1145 905 1170 927 et
1183 901 1280 927 bonum
1300 901 1335 928 ad
1357 901 1553 928 comedendum.
1579 902 1608 929 ln
1624 902 1727 937 quibus

90 952 160 982 lum,
177 955 204 978 et
217 950 358 985 prasinum
373 949 582 984 smaragdinum
595 947 730 982 lapidem;
747 950 774 973 et
790 946 882 977 ﬁcum,
901 935 924 965 Β
937 945 1020 980 lignis
1034 953 1089 973 non
1101 947 1169 974 dicit
1187 947 1331 982 Scriptura
1347 947 1452 980 fenum,
1467 956 1522 976 non
1542 935 1658 984 paleam,
1671 957 1726 976 non

90 1004 184 1024 veram
215 998 296 1024 [lcum
312 1003 373 1024 esse
396 995 528 1022 dixerunt
549 1004 555 1022 :
573 998 602 1022 et
625 993 744 1021 maxime
768 992 882 1019 divinus

90 1042 272 1078 Epiphanius,
281 1051 355 1071 exeo
369 1041 443 1077 quod
460 1041 579 1069 audierit
597 1040 769 1075 Scripturam
787 1038 882 1065 dicen-

91 1092 148 1116 lem
174 1097 234 1116 esse
262 1093 363 1116 terram
386 1087 517 1116 Iordanis
534 1095 596 1122 qua:
612 1086 690 1121 prius
715 1084 882 1120 irrigabatur

91 1137 165 1164 sicut
180 1136 334 1171 paradisus,
354 1139 382 1163 et
395 1135 467 1163 sicut
484 1139 557 1161 terra
568 1133 688 1168 Egypti.

127 1181 214 1215 Quam
229 1181 341 1216 quidem
363 1181 510 1208 Patemam
526 1179 690 1207 sententiam
705 1183 734 1205 et
747 1177 782 1205 de
799 1185 880 1213 para-

92 1228 154 1255 diso
176 1228 270 1255 sensili
286 1227 461 1255 traditionem
486 1225 645 1260 recipimus.
662 1224 841 1258 suscipimus,
855 1226 883 1249 et

91 1274 296 1308 amplectimur.
310 1273 340 1300 ln
355 1273 409 1300 hoc
423 1272 497 1299 enim
508 1279 592 1306 opere
603 1277 655 1298 nos
666 1271 882 1304 praemunientes

92 1328 164 1354 sepe
175 1320 295 1347 diximus
306 1319 380 1354 quod
389 1319 491 1346 divina:
501 1317 650 1352 Scriptum
663 1316 807 1343 historiam
821 1322 884 1350 qua:

90 1366 191 1394 littera:
205 1365 334 1393 convenit
348 1372 404 1392 non
420 1364 607 1395 dissolvimus,
620 1370 709 1396 neque
725 1365 882 1388 sanctorum

92 1411 205 1439 Patrum
220 1415 379 1438 nostrorum
398 1410 552 1438 sontentias
563 1408 724 1436 evertimus.
745 1407 779 1434 Et
792 1411 883 1434 tamen

92 1458 224 1492 quoniam
241 1457 369 1484 audimus
391 1456 484 1483 divum
505 1455 622 1482 Paulum
633 1454 726 1481 omnia
741 1461 802 1487 qua:
820 1458 886 1480 sunt

92 1503 122 1530 in
139 1504 198 1538 lege
214 1502 328 1537 mystice
351 1501 386 1530 ad
410 1501 553 1529 Christum
575 1499 742 1526 referentem
761 1507 767 1524 :
785 1505 884 1532 nempe

93 1548 313 1579 tabernaculum,
338 1554 447 1578 arcam,
471 1553 579 1577 urnam,
596 1544 746 1579 templum,
772 1551 883 1579 agnum,

933 991 1070 1026 virgulta,
1095 999 1150 1019 non
1171 993 1286 1019 herbam
1300 1013 1308 1025 ,
1326 1001 1380 1020 non
1401 993 1506 1028 lignum
1529 994 1675 1029 pulchrum
1692 994 1727 1022 ad

932 1036 1083 1064 videndum
1096 1042 1124 1066 et
1136 1038 1240 1066 bonum
1251 1038 1285 1065 ad
1297 1039 1510 1066 comedendum.
1521 1040 1555 1067 Et
1568 1040 1672 1076 lignum
1688 1041 1728 1068 in-

931 1082 1034 1114 fertile,
1053 1087 1081 1110 ct
1104 1083 1211 1116 fenum,
1233 1088 1261 1111 et
1276 1085 1398 1120 stipula,
1413 1089 1440 1112 et
1458 1086 1536 1120 palea
1554 1086 1728 1116 exscinditur

931 1134 960 1155 et
978 1128 1004 1155 in
1023 1128 1113 1163 ignem
1128 1129 1261 1157 mittitur.
1283 1130 1335 1157 Sed
1352 1131 1422 1158 nihil
1434 1135 1476 1158 est
1490 1131 1625 1166 ejusmodi
1639 1133 1666 1159 in
1684 1133 1728 1161 his

932 1175 1024 1209 lignis,
1040 1176 1088 1203 sed
1100 1175 1169 1204 dicit
1182 1176 1210 1203 in
1224 1176 1259 1203 iis
1273 1177 1365 1204 omnia
1380 1177 1495 1212 pulchra
1507 1178 1541 1205 ad
1557 1178 1705 1206 videndum
1717 1199 1725 1211 ,

931 1221 1024 1248 omnia
1036 1222 1107 1249 bona
1118 1222 1152 1249 ad
1165 1222 1377 1254 comedendum,
1390 1223 1481 1250 omnia
1492 1223 1562 1251 bene
1572 1225 1728 1259 germinan-

934 1267 982 1299 tia,
996 1268 1089 1295 omnia
1103 1277 1118 1295 ει
1136 1268 1192 1296 Deo
1210 1269 1385 1304 pullulantia.
1397 1269 1456 1296 Non
1472 1270 1547 1297 enim
1571 1271 1649 1305 jussu
1667 1272 1728 1305 ejus

930 1317 1028 1341 exorta
1043 1319 1109 1341 sunt
1126 1321 1140 1340 e
1155 1318 1237 1347 terra,
1262 1314 1310 1342 sed
1328 1315 1387 1350 ipse
1403 1315 1475 1343 Deus
1492 1315 1608 1350 ipsemet
1624 1317 1726 1351 opifex,

930 1359 1136 1394 eomplantatus
1151 1364 1180 1386 et
1198 1361 1416 1395 eoncorporalis,
1431 1365 1458 1388 et
1480 1369 1578 1388 eorum
1594 1367 1728 1398 cognatus

932 1405 1032 1437 factus,
1047 1413 1062 1432 e
1080 1409 1153 1432 terra
1171 1406 1298 1440 genitus,
1317 1411 1448 1441 tanquam
1475 1407 1587 1442 propria
1604 1408 1728 1435 membra

931 1457 964 1477 ca
995 1450 1061 1478 fecit
1084 1451 1240 1486 germinare
1262 1455 1376 1483 eterra,
1403 1455 1433 1479 ut
1456 1459 1517 1487 qua:
1544 1453 1600 1480 sint
1627 1461 1728 1488 corpus

932 1496 1047 1530 Christi,
1060 1502 1088 1524 et
1101 1498 1225 1525 membra
1237 1506 1270 1525 ex
1283 1498 1427 1531 membro;
1444 1502 1500 1525 tota
1512 1498 1644 1532 formosa,
1660 1508 1728 1535 quo-

933 1543 1007 1570 niam
1025 1543 1083 1578 ipse
1100 1543 1204 1570 dicitur
1215 1544 1346 1579 speciosus
1356 1549 1453 1579 prtetcr
1465 1543 1534 1578 filios
1550 1545 1684 1572 hominum
1693 1547 1726 1574 ’⁸.

92 1594 182 1625 cibos,
197 1594 334 1628 potiones,
355 1593 440 1628 ligna,
454 1591 594 1622 animalia,
611 1590 749 1621 volucres,
774 1597 882 1620 aurum,
897 1601 920 1631 ο
935 1589 1012 1616 Unde
1026 1589 1110 1629 etiam
1125 1594 1186 1624 post
1204 1590 1350 1617 transitum
1368 1590 1424 1617 diei
1437 1591 1506 1617 sexti
1520 1595 1615 1618 narrat
1633 1591 1726 1619 divina

91 1637 262 1674 smaragdos,
281 1637 477 1669 carbunculos,
505 1643 601 1671 aquas,
616 1639 645 1662 et
662 1634 767 1668 reliqua
792 1633 885 1660 omnia

91 1693 154 1720 quas
176 1689 240 1712 tunc
252 1684 363 1719 quidem
378 1683 449 1711 facta
466 1686 531 1709 sunt.
547 1680 672 1716 mystice,
687 1679 886 1707 convenienter

92 1731 208 1762 litterae,
236 1735 309 1758 nunc
329 1734 421 1758 autem
438 1730 466 1756 in
489 1728 614 1756 Ecclesia
642 1734 708 1754 vere
732 1730 886 1753 cernuntur

91 1778 276 1813 spiritualiter
292 1777 525 1804 considerandum
544 1779 586 1802 est
612 1781 678 1801 num
700 1773 759 1800 haec
775 1779 885 1807 quoque

92 1831 156 1858 quae
169 1830 244 1850 nunc
259 1823 293 1850 de
308 1822 403 1850 sensili
429 1821 555 1856 paradiso
575 1828 590 1847 a
608 1819 681 1846 lilose
702 1817 886 1854 corporaliter

91 1869 194 1904 scripta
219 1873 293 1901 sunt,
312 1868 347 1896 ad
369 1868 512 1895 Christum
529 1871 557 1894 et
573 1866 727 1894 Ecclesiam
743 1865 829 1892 relata
845 1868 886 1899 ty-

92 1914 155 1948 pice
180 1914 260 1948 prius
284 1913 423 1947 descripta
447 1912 513 1944 sintI
537 1911 675 1946 siquidem
707 1909 820 1938 omnino
837 1917 886 1944 per

91 1959 233 1987 Christum
260 1959 332 1986 facta
347 1963 431 1991 sunt,
449 1957 692 1994 prazsignilicantia
711 1956 772 1991 ejus
793 1954 886 1982 carnis

93 2005 309 2039 susceptionem.
326 2004 479 2038 Sequentes
504 2010 570 2038 ergo
586 2002 730 2037 theologia:
746 2005 885 2028 oratorem

92 2049 259 2084 Gregorium
280 2049 327 2084 qui
349 2049 419 2076 dixit
434 2048 522 2076 Adam
539 2056 601 2076 esse
615 2047 762 2082 agricolam
776 2047 885 2082 planta-

92 2103 158 2122 rum
173 2094 371 2122 immortalium
388 2097 416 2121 et
427 2094 585 2121 divinarum
597 2093 743 2120 notionum
760 2092 786 2119 in
803 2099 886 2126 para-

92 2140 155 2168 diso
170 2150 177 2167 :
190 2140 370 2168 ascendamus
380 2148 395 2167 a
407 2140 498 2168 littera
513 2147 573 2175 qua:
587 2139 700 2171 occidit,
713 2139 747 2166 ad
758 2138 885 2173 spiritum

91 2186 140 2221 qui
172 2186 294 2213 viviﬁcat
311 2194 317 2212 ε
334 2193 443 2220 semper
472 2185 547 2212 enim
576 2192 654 2212 sacra
685 2183 777 2211 littera
804 2183 885 2211 simul

91 2231 219 2259 ascendit
233 2239 295 2258 cum
307 2231 522 2258 ascendentibus
535 2239 541 2257 ι
555 2232 590 2257 Et
605 2231 703 2257 exoriri
721 2230 780 2265 fecit
795 2229 885 2257 Domi—

937 1634 1081 1669 Scriptura
1092 1635 1192 1662 horum
1205 1635 1341 1670 lignorum
1354 1635 1582 1670 germinationem
1593 1656 1600 1669 ,
1610 1636 1662 1664 hoc
1673 1642 1725 1668 est.

935 1683 997 1713 post
1010 1678 1082 1706 dicm
1095 1679 1207 1706 Sabbati
1219 1680 1311 1707 cultus
1324 1680 1439 1715 legitimi
1451 1689 1458 1713 ;
1468 1681 1571 1708 dictum
1588 1686 1630 1709 est
1640 1681 1673 1709 de
1683 1682 1728 1710 his

934 1725 1132 1752 ecclesiasticis
1159 1726 1284 1761 pulchris
1309 1727 1413 1762 lignis:
1434 1726 1556 1755 Laudato
1572 1728 1726 1763 Dominum,

935 1770 1008 1805 ligna
1025 1771 1162 1806 fructifera
1178 1776 1203 1798 et
1227 1781 1316 1799 omnes
1334 1773 1446 1800 cedri".
1461 1774 1495 1800 Et
1522 1783 1618 1803 rursus
1632 1775 1700 1804 dicit
1719 1785 1725 1803 :

935 1814 1136 1843 Salurabuntur
1148 1816 1221 1852 ligna
1233 1818 1360 1853 campi",
1372 1819 1419 1853 qui
1438 1819 1507 1846 dicit
1522 1828 1528 1846 ε
1546 1820 1602 1855 Ego
1619 1829 1677 1848 sum
1690 1823 1728 1849 vi-

936 1861 980 1893 tis,
1008 1870 1051 1888 vos
1069 1863 1204 1897 palmites,
1228 1869 1251 1890 et
1267 1863 1349 1890 Pater
1369 1873 1442 1892 meus
1459 1871 1496 1892 est
1519 1867 1676 1901 agricola".
1697 1868 1726 1895 In

935 1905 988 1934 hoc
1004 1908 1078 1934 enim
1106 1908 1277 1943 glorilieatus
1293 1913 1336 1936 est
1356 1910 1438 1937 Pater
1461 1919 1539 1939 meus
1554 1917 1583 1939 ut
1606 1912 1726 1940 l'ruclum

935 1950 1042 1984 feratis,
1061 1957 1089 1980 et
1112 1953 1191 1981 eritis
1211 1954 1279 1981 mihi
1295 1954 1437 1989 discipuli.
1457 1957 1495 1984 De
1518 1957 1563 1984 his
1577 1958 1658 1990 lignis
1670 1959 1726 1986 clas

935 1997 1138 2027 mabatJudzeis
1152 1999 1283 2027 Servator
1295 2001 1405 2029 dicens:
1417 2001 1534 2029 Tollctur
1542 2013 1558 2030 a
1569 2004 1638 2032 vobis
1650 2006 1726 2033 rium

936 2050 960 2072 et
977 2046 1083 2073 dabitur
1098 2047 1147 2075 alii
1159 2048 1268 2082 facienti
1279 2049 1394 2084 fructum
1408 2050 1465 2085 ejus
1477 2051 1511 2077 "‘.

973 2090 1012 2118 Ex
1029 2091 1074 2119 his
1090 2092 1215 2127 pulchris
1237 2092 1320 2128 lignis
1339 2093 1381 2128 (ut
1395 2101 1456 2128 quae
1476 2099 1570 2121 essent
1594 2095 1671 2122 utilia
1691 2096 1725 2123 ad

937 2137 1149 2166 aediﬁcationem
1165 2139 1276 2173 scapha:
1287 2139 1428 2173 Ecclesize)
1440 2147 1503 2167 cum
1518 2140 1629 2174 quidam
1645 2149 1725 2170 acce-

935 2183 1021 2218 pisset
1044 2183 1155 2211 dicebat
1174 2183 1345 2212 :Sccundum
1369 2186 1484 2220 gratiam
1507 2186 1555 2213 Dei
1580 2195 1638 2222 qua:
1659 2192 1724 2215 (tatu

937 2233 974 2256 est
998 2230 1073 2262 mihi,
1100 2234 1233 2266 (aliquant
1255 2232 1363 2266 sapiens
1388 2232 1547 2259 architectus
1565 2233 1725 2267 fundamen-

91 2285 145 2303 nus
160 2276 229 2303 Deus
245 2277 330 2303 adhuc
345 2285 377 2303 ea:
392 2281 467 2303 terra
483 2285 560 2303 omne
576 2276 676 2311 lignum
694 2275 832 2310 pulchrum
852 2276 887 2302 ad
901 2271 925 2301 υ
938 2279 995 2302 ιιιηι
1008 2277 1083 2311 posui
1091 2277 1125 2303 ".
1141 2277 1181 2310 Ex
1196 2276 1240 2303 his
1256 2277 1380 2312 pulchris
1395 2277 1476 2312 lignis
1500 2278 1539 2304 illi
1565 2283 1630 2306 sunt
1647 2279 1725 2314 prius

91 2323 248 2354 uidendum,
270 2328 294 2350 ct
308 2322 404 2353 bonum
421 2323 456 2349 ad
474 2322 671 2349 comedendum.
689 2321 740 2349 Hic
756 2322 886 2349 convenit

91 2369 243 2404 diligenter
264 2376 391 2404 quaerere
407 2367 474 2403 quid
489 2367 526 2394 sit
541 2372 631 2400 ortus,
655 2367 702 2403 qui
722 2367 817 2395 Graece
843 2372 886 2395 est

90 2414 222 2449 ἀνατολὴ,
238 2419 265 2441 et
291 2414 357 2449 quid
379 2418 458 2441 ortus
471 2414 519 2448 qui
537 2417 580 2441 est
601 2413 761 2449 ὲξανατολή.
786 2414 816 2440 ln
850 2414 884 2441 iis

90 2467 154 2495 quae
170 2465 275 2487 eterra
304 2459 373 2487 ﬁunt
398 2465 426 2486 et
451 2464 620 2492 nascuntur,
646 2459 749 2487 dicitur
771 2460 883 2495 quidem

89 2505 305 2539 orienstnempe
319 2504 477 2539 ἀνατέλλον)
496 2505 571 2540 quod
584 2505 677 2532 statim
694 2505 785 2540 primo
801 2513 883 2541 appa-

90 2555 153 2582 ret;
167 2555 294 2576 exortum
307 2555 402 2580 autem
415 2541 524 2585 (nempe
537 2549 721 2584 ἐξανατέλλον)
733 2550 806 2585 quod
819 2559 882 2579 eum

89 2597 261 2624 emarcuerit
287 2601 315 2627 et
344 2597 512 2625 exsiccatum
528 2597 622 2629 fuerit,
640 2605 737 2624 rursus
759 2598 882 2624 exoritur

90 2642 215 2670 secundo
231 2643 328 2670 ordine
347 2651 397 2678 per
417 2651 517 2678 aquam
535 2647 563 2670 et
575 2643 751 2678 agricultura:
767 2644 884 2680 diligen-

90 2689 158 2716 tiam
169 2693 197 2716 et
214 2689 389 2716 industriam.
403 2689 587 2723 Quamobrem
597 2689 717 2717 dilucide
732 2690 880 2718 admodum

89 2737 120 2760 et
132 2734 257 2769 apposite
267 2734 419 2763 dictumest
433 2734 591 2769 prophetico
602 2734 637 2762 de
652 2735 774 2762 Ecclesia
790 2744 796 2762 :
810 2735 880 2762 Exo-

89 2779 140 2805 rin‘
152 2780 211 2814 fecit
227 2769 313 2806 adhuc
328 2779 456 2806 Dominus
475 2779 545 2806 Deus
562 2788 575 2805 ε
592 2784 664 2806 terra
687 2788 764 2807 omne
779 2780 880 2816 lignum

935 2321 1051 2349 radieati
1068 2326 1096 2349 et
1113 2323 1191 2357 prius
1209 2323 1322 2358 plantati
1335 2344 1342 2356 ,
1365 2324 1477 2359 speciosi
1498 2324 1575 2359 pedes
1592 2326 1712 2361 evongeli

934 2367 1053 2395 zantium
1069 2368 1202 2402 pacem“.
1221 2368 1250 2395 ln
1266 2368 1310 2396 his
1327 2369 1454 2403 pulchris
1471 2369 1553 2404 lignis
1568 2376 1633 2398 sunt
1651 2371 1725 2406 ligna

935 2414 1076 2450 iustorum
1091 2414 1279 2449 plantatorum
1293 2415 1375 2450 juxta
1388 2415 1510 2442 decursus
1524 2425 1665 2452 aquarum,
1678 2419 1724 2452 qui

936 2461 1053 2496 fructum
1077 2469 1155 2487 suum
1182 2461 1247 2488 dunt
1264 2462 1291 2488 in
1309 2465 1425 2496 tempore
1436 2471 1482 2488 suo
1491 2463 1529 2495 ";
1549 2463 1594 2490 ille
1612 2463 1725 2498 quidem

937 2506 1048 2533 dicens:
1062 2505 1118 2541 Ego
1133 2511 1222 2534 autem
1235 2511 1364 2542 tanquam
1379 2507 1449 2534 oliva
1460 2508 1597 2543 fructifera
1607 2510 1635 2536 in
1647 2510 1725 2536 domo

937 2550 1034 2583 Dei";
1051 2555 1080 2578 et
1094 2551 1166 2578 alius
1178 2551 1300 2585 psallens
1313 2560 1320 2578 :
1331 2551 1458 2579 Dominus
1473 2554 1557 2588 pascit
1569 2562 1609 2580 mc
1620 2559 1644 2580 et
1659 2554 1725 2582 nihil

936 2598 1002 2624 mihi
1018 2597 1101 2624 deerit
1112 2598 1159 2624 :in
1181 2597 1236 2624 loco
1250 2606 1354 2632 pascua:
1376 2598 1411 2625 ibi
1427 2607 1468 2625 me
1479 2599 1626 2632 collocavit,
1645 2609 1724 2636 super

934 2651 1033 2678 aquam
1046 2643 1194 2678 refectioni:
1209 2644 1330 2671 educavit
1347 2644 1426 2671 me".
1440 2645 1517 2672 Alius
1531 2654 1537 2672 :
1551 2646 1643 2674 Justus
1656 2648 1723 2674 sicut

933 2689 1025 2724 palma
1042 2689 1185 2725 ﬂorebit".
1200 2689 1232 2716 Et
1248 2690 1318 2717 alius
1337 2699 1342 2716 τ
1359 2690 1434 2718 Sicut
1444 2691 1584 2727 juniperus
1597 2693 1678 2720 densa
1688 2693 1721 2720 ".

933 2735 966 2763 Et
990 2735 1060 2762 alius
1079 2744 1085 2762 :
1101 2734 1174 2762 Sicut
1190 2735 1260 2763 salix
1278 2736 1314 2763 ad
1326 2745 1424 2772 aquam
1455 2740 1677 2773 prmerﬂuentem
1688 2739 1720 2766 ".

933 2781 967 2808 Et
981 2790 987 2808 ε
999 2780 1072 2808 Sicut
1085 2789 1178 2816 pomus
1189 2782 1217 2808 in
1231 2782 1308 2817 lignis
1317 2782 1391 2810 silva
1401 2803 1408 2815 ,
1426 2787 1451 2810 et
1461 2784 1527 2810 sicut
1538 2790 1685 2819 cyprcuus,
1698 2790 1725 2811 ct

125 2849 150 2866 “
246 2857 316 2882 ιιιν,
330 2851 358 2887 '5:
386 2850 417 2887 ξ’
432 2849 501 2876 Psal.
518 2857 630 2887 estw",
638 2849 667 2887 91
702 2850 726 2887 (⁸
741 2850 812 2887 Psal.
825 2858 880 2881 cui.
896 2850 940 2887 l6.
951 2885 957 2887 _
977 2851 1000 2866 "
1016 2850 1096 2887 Joan.
1112 2859 1156 2883 xv,
1168 2851 1194 2887 5.
1218 2864 1219 2867 η
1233 2851 1255 2867 ⁸⁸
1267 2851 1361 2878 Matth.
1379 2860 1432 2884 im,
1449 2851 1492 2887 43.
1531 2852 1554 2868 "
1568 2852 1576 2879 Ι
1592 2851 1656 2880 Cor.
1680 2860 1720 2887 In,

90 2883 136 2913 Ιθ.
173 2883 196 2900 ³⁸
208 2885 262 2912 15³.
279 2893 323 2916 ut,
340 2885 372 2917 7;
386 2885 464 2912 nom.
481 2892 508 2917 χ,
523 2884 567 2911 l5.

97 2921 121 2935 "
130 2918 200 2948 ibid.
237 2919 259 2935 "
276 2919 327 2947 lsa.
337 2921 442 2951 xuv,t.

212 2967 348 2999 PATBOL.
365 2968 422 2998 Gn.
441 2968 604 2998 LXXXIX.
799 2972 807 2976 ‘
831 2970 845 2975 '
875 3011 878 3013 Δ

621 2885 642 2900 ⁶¹
657 2885 726 2912 Psal.
741 2893 759 2918 ι,
775 2885 802 2911 5.

857 2887 878 2901 ³⁸
898 2885 969 2912 Psal.
989 2894 1028 2917 Li,
1049 2885 1089 2912 10.

1143 2886 1164 2902 ³³
1180 2886 1249 2913 Psal.
1270 2895 1333 2919 xxn,
1353 2890 1377 2918 l,
1389 2889 1418 2916 2.
1471 2886 1493 2902 δι
1509 2887 1579 2914 Psal.
1595 2895 1647 2919 scr,
1676 2887 1720 2916 15.

1523 2969 1560 3001 ³1
1693 2993 1731 3018 t3.
