1980 3246
57 236 113 268 973

597 235 637 265 ΙΝ
658 230 981 263 ΗΕΧἉΕΜΕΒΟΝί-
994 232 1066 261 LIB.
1086 231 1168 262 VIII.

1641 229 1694 261 974

60 299 116 321 vna
138 303 144 320 :
165 291 217 320 Vos
239 301 269 320 ex
284 297 360 327 putre
379 297 463 320 castra
475 292 580 319 diabolo
592 293 662 323 estis,
675 291 761 318 illeab
781 290 856 316 initio
871 290 893 317 Α
908 295 973 315 cens
1000 289 1162 316 mulieribus
1185 287 1399 315 lamentantibus
1426 292 1454 314 et
1476 287 1693 322 plangentibus:

60 343 99 366 ut
116 339 252 365 homicida
262 339 284 354 ‘9
296 347 302 370 ;
318 339 349 365 Et
361 338 408 372 qui
418 337 538 365 comedit
549 345 584 364 ex
594 337 647 364 hoc
661 336 751 363 fructu
764 339 853 362 morte

62 385 214 412 morietttr.
231 384 259 411 Si
275 383 479 418 autemquteris
493 391 546 418 qua
562 383 595 410 dc
609 390 692 409 causa
708 381 854 408 abscondit

62 430 160 457 divina
185 429 548 464 Scriptura‘appellationes
564 429 663 455 horum
679 428 796 454 duorum
819 426 854 452 li-

64 484 200 512 gnorum;
217 476 347 507 viventis,
359 475 482 509 inquam,
491 473 709 507 FiliiDei,etqui
720 472 746 498 ei
758 471 856 498 adver-

65 527 142 549 satur
158 521 278 554 inimici,
295 521 366 548 scias
381 521 454 555 quod
467 520 608 547 scelerata:
623 522 651 545 et
667 517 814 544 immunda:
829 520 856 543 et

65 567 320 603 voluptariiegenti
333 568 390 594 haec
407 566 535 593 revelatis
551 585 559 597 ,
573 565 665 592 noluit
681 564 798 591 omnino
814 570 857 589 re-

67 616 160 642 velare
171 614 275 642 Judteis
288 613 386 641 Filium
402 613 461 643 Dei,
475 619 509 638 ne
526 609 786 645 intelligerentFilii
797 608 856 635 dei-

66 660 237 691 ﬂcationcm,
253 664 281 686 et
305 659 352 686 Dei
369 658 492 692 nuptias,
510 661 538 684 et
559 657 674 684 deorum
701 654 859 681 multitudi-

67 714 149 737 nem;
164 706 216 740 qui
240 706 338 732 bovem
355 708 383 731 et
403 711 526 730 muscam
550 703 579 729 in
600 702 668 729 deos
691 701 856 728 retulerunt.

67 751 126 779 lloc
140 759 209 786 ergo
221 750 302 777 modo
318 757 352 776 nc
365 749 508 777 diabolum
517 747 629 782 quidem
646 747 687 774 eis
700 750 795 780 aperte
811 753 856 772 re-

69 797 190 829 velavit;
207 797 256 824 sed
268 796 416 831 aliquando
436 795 548 830 quidem
559 794 662 828 ipsum,
676 796 832 826 serpentem
851 800 857 817 :

70 842 224 878 aliquando
237 846 328 869 atttem
340 842 478 871 arborem.
493 839 664 875 mortiferum
680 838 800 865 fructum
820 836 861 863 te-

68 892 179 915 rentem
191 885 273 920 897
287 884 449 920 appellavit;
464 891 512 910 eos
525 883 640 910 omnino
655 882 749 908 celans
763 879 859 907 tnundi

67 940 125 960 non
138 931 317 966 aspectabilis
340 929 556 964 intelligentium
577 928 716 956 Virtutum
739 926 859 953 creatio-

70 987 146 1009 nem.
161 982 275 1013 propter
290 985 386 1004 eorum
405 976 600 1010 inexplebilem
616 974 754 1002 idolorum
770 973 861 1015 cultus

69 1024 222 1056 insaniam,
243 1031 277 1050 ne
301 1023 324 1050 si
348 1023 512 1050 didicissent
534 1028 596 1048 esse
620 1020 729 1054 aliquas
747 1023 861 1046 naturas

69 1068 197 1096 materiae
213 1072 340 1102 expertes
355 1072 384 1094 et
404 1066 600 1100 intelligentes,
619 1072 667 1092 eas
685 1064 714 1090 in
734 1063 800 1090 deos
815 1070 860 1089 re-

70 1116 190 1141 ferrent.
205 1113 236 1140 Ei
250 1118 341 1139 autcm
362 1112 437 1146 quod
453 1112 517 1138 dico
530 1110 719 1138 testimonium
736 1109 789 1136 i'ert
803 1109 861 1143 ipse

71 1161 155 1191 Deus,
175 1160 216 1187 sic
230 1160 325 1186 dicens
339 1167 388 1194 per
406 1158 476 1185 Osee
485 1157 653 1192 'prophetam
675 1155 770 1183 lsraeli
787 1164 792 1181 :
807 1154 862 1189 Ego

72 1206 201 1232 Dominus
214 1205 283 1231 Deus
293 1209 363 1236 tuus,
375 1203 486 1238 firmans
497 1203 600 1234 aetum,
612 1206 636 1229 et
646 1210 738 1229 creans
751 1208 860 1231 terram.

72 1251 148 1285 cujus
174 1257 270 1276 manus
281 1253 403 1275 crearunt
417 1256 520 1274 onmem
537 1247 660 1274 militiam
676 1246 744 1278 cali,
766 1250 790 1272 et
810 1253 862 1272 non

74 1296 188 1323 γεοειαυὶ
200 1303 233 1322 ea
250 1295 338 1321 tibine
353 1300 411 1329 post
427 1303 458 1320 ea
473 1293 636 1320 ambulares.

107 1341 181 1368 Hinc
203 1345 299 1375 aperte
320 1339 454 1366 discimus
472 1338 652 1373 quamobrem
671 1338 699 1364 in
721 1337 863 1372 Scriptura

75 1388 193 1415 Mosaica
208 1387 319 1414 silentio
332 1387 384 1414 fuit
398 1386 581 1421 prietermissa
593 1385 626 1413 de
634 1386 861 1421 angelismentio.

73 1432 219 1466 Quomodo
233 1433 315 1459 etiam
330 1432 364 1459 de
384 1431 429 1458 his
453 1431 561 1458 duobus
591 1431 673 1466 lignis
700 1431 735 1458 de
762 1431 863 1465 quibus

74 1478 142 1505 dicit
157 1487 165 1504 :
188 1476 222 1504 Et
237 1477 337 1512 lignum
354 1478 413 1504 vita:
429 1477 455 1503 in
466 1477 562 1503 'medio
578 1476 708 1511 paradisi,
725 1481 748 1502 et
763 1476 863 1511 lignum

72 1524 172 1551 sciendi
186 1523 213 1550 id
227 1523 297 1557 quod
317 1523 436 1558 cognosci
467 1527 550 1557 potest
576 1522 635 1548 boui
660 1526 684 1548 et
710 1521 775 1549 mali
784 1530 792 1549 ;
819 1521 863 1549 hic

73 1569 224 1604 diligenter
238 1575 266 1597 et
287 1573 416 1596 accurate
434 1573 587 1595 tractarunt
604 1568 736 1596 dictionis
750 1573 863 1595 contex-

75 1620 130 1642 tum
157 1615 193 1642 de
215 1615 259 1642 his
273 1615 382 1641 duobus
397 1614 487 1649 lignis.
504 1613 616 1648 quidam
631 1621 665 1640 ex
684 1613 717 1640 iis
746 1614 794 1648 qui
821 1614 864 1640 di-

73 1661 136 1688 vina
166 1660 283 1695 pulchre
311 1661 402 1687 sciunt
431 1659 558 1690 scrutari.
576 1660 719 1687 dicentes:
738 1659 793 1686 Cur
811 1667 866 1686 non

73 1707 142 1734 dicit
157 1706 301 1740 Scriptura
314 1706 342 1733 in
355 1713 420 1733 casu
435 1705 576 1740 gignendi,
606 1713 704 1740 nempe
732 1706 760 1732 iu
782 1705 866 1732 medio

75 1752 206 1787 paradisi.
223 1751 270 1778 sed
284 1751 311 1777 iu
322 1759 387 1778 casu
403 1750 550 1782 oﬂ‘erendi,
570 1750 666 1777 dicens
693 1758 726 1778 ea
751 1759 811 1778 esse
838 1752 867 1777 in

75 1798 160 1825 medio
179 1797 330 1832 paradisi?
360 1797 396 1824 Ut
417 1796 556 1824 discamus
574 1804 607 1823 ex
633 1796 765 1828 dictione,
791 1797 864 1831 quod

73 1852 112 1871 ea:
127 1851 185 1870 non
201 1842 259 1870 sint
281 1842 362 1870 simul
387 1842 516 1876 plantam:
529 1849 591 1868 eum
619 1842 680 1868 aliis
709 1842 864 1872 arboribus.

75 1897 165 1923 neque
182 1895 279 1915 eartnn
295 1888 349 1914 sint
363 1892 495 1921 cognatae,
515 1887 563 1914 sed
591 1887 786 1914 exercitatione
807 1887 864 1914 vir—

76 1935 142 1962 tutis
153 1939 183 1961 et
199 1933 323 1960 vitiisint
338 1936 489 1967 procreata
503 1932 537 1959 ad
551 1933 722 1967 probandum
741 1937 866 1960 nostrttm

75 1980 194 2007 liberum
224 1978 380 2006 arbitrium.
412 1977 570 2005 lnvenituus
598 1978 710 2012 quidem
737 1983 811 2005 certe
838 1979 865 2005 in

75 2026 220 2053 nonnullis
231 2032 285 2051 non
298 2024 459 2051 adulteratis
473 2024 684 2059 exemplaribus,
704 2025 776 2058 quod
793 2030 867 2059 post-

75 2079 157 2106 quam
174 2070 246 2097 dixit
263 2079 269 2096 :
286 2070 320 2096 Et
337 2070 435 2096 exoriri
458 2069 517 2104 fecit
542 2069 626 2096 adhuc
649 2069 775 2097 Dominus
797 2070 866 2101 Deus

75 2125 89 2143 ι
108 2121 182 2144 terra
199 2115 399 2150 omne‘lignum
423 2114 561 2150 pulchrum
577 2116 643 2147 visu,
669 2120 692 2142 et
712 2116 807 2143 bonum
832 2117 866 2143 ad

76 2161 286 2192 comedendum,
305 2161 421 2194 scriptor
435 2160 538 2187 faciens
557 2165 689 2195 punctum
714 2161 865 2195 perfectum

78 2212 209 2241 tanquam
230 2206 318 2240 capite
346 2206 379 2232 de
397 2205 479 2240 lignis
501 2205 648 2240 completo,
667 2209 730 2233 tunc
755 2215 864 2234 versum

77 2253 181 2286 incepit
196 2251 292 2278 dicens
310 2260 316 2277 :
332 2251 366 2278 Et
384 2251 485 2285 lignum
498 2251 559 2277 vita!
570 2251 598 2277 in
625 2251 709 2278 medio
735 2253 864 2286 paradisi,

906 334 980 361 Filia:
990 334 1149 367 Jerusalem,
1166 335 1245 362 nolite
1257 336 1320 370 ﬂere
1332 342 1411 370 super
1423 342 1474 366 me,
1488 333 1532 360 sed
1544 335 1603 368 ﬂete
1617 341 1696 368 super

907 389 950 407 vos
965 385 988 407 et
1003 380 1072 414 filios
1088 386 1186 408 vestros
1199 390 1208 414 ;
1224 382 1246 408 si
1259 381 1328 407 enim
1355 382 1382 408 in
1409 381 1516 407 humido
1544 380 1613 415 ligno
1642 381 1696 407 tunc

908 425 1020 458 faciunt,
1037 426 1063 452 in
1079 427 1144 452 sicco
1161 426 1223 461 quid
1239 425 1282 460 [iet
1296 426 1337 452 l“‘l
1354 425 1508 455 humidum.
1522 425 1573 452 hoc
1582 430 1624 452 est
1635 425 1697 451 vita:

908 468 1024 504 lignum,
1042 465 1163 504 seipsutn
1191 478 1292 497 vocans
1321 470 1473 501 Dominus;
1508 469 1580 496 sicca
1605 473 1696 496 autem

909 514 982 548 ligna
1003 519 1032 541 et
1057 514 1219 550 inl'rugitera
1243 519 1271 541 et
1301 515 1443 541 materiam
1473 514 1554 548 ignis,
1576 513 1695 540 Judzeus.

910 559 987 591 Quod
1007 560 1029 586 si
1044 559 1112 586 velis
1122 560 1206 586 etiam
1220 560 1291 586 scire
1307 567 1370 586 eum
1386 567 1446 586 esse
1464 559 1491 585 in
1511 559 1602 586 medio
1619 566 1699 593 para-

912 605 963 633 disi
978 605 1117 638 Ecclesize,
1134 606 1198 632 audi
1213 614 1275 633 cum
1292 605 1431 633 dicentem
1451 605 1596 639 discipulis
1611 614 1616 631 :
1643 605 1698 639 Ego

910 659 968 677 sum
979 652 1006 677 in
1017 652 1099 677 medio
1108 656 1222 678 uestrum
1235 656 1361 687 tauquam
1374 653 1418 687 qui
1430 652 1564 678 ministrat
1574 652 1607 677 δ’.
1621 651 1700 678 Unde

911 698 994 724 etiam
1011 696 1131 724 Joannes
1147 697 1257 724 dicebat
1268 697 1357 725 turbis
1373 707 1378 723 :
1397 697 1497 724 Medius
1515 701 1629 723 vestrum
1645 699 1700 723 stat

913 751 989 777 quem
1004 750 1048 769 vos
1063 743 1168 769 nescitis
1184 743 1217 769 “.
1233 743 1284 775 Qui
1299 743 1376 770 stetit
1390 743 1415 770 in
1437 742 1529 769 medio
1548 742 1700 775 discipulo-

914 793 974 815 rum
1001 795 1027 816 et
1115 788 1262 816 iusuﬂlavit
1282 789 1397 826 dicens:
1427 789 1543 823 Accipite
1572 787 1702 822 Spiritum

912 839 1033 860 sanctum
1049 834 1083 866 δ’,
1097 839 1282 870 congruenter
1297 835 1321 862 ei
1334 834 1407 870 quod
1426 835 1530 861 dictum
1548 838 1589 860 est
1606 842 1612 859 :
1631 833 1701 860 Deus

913 881 982 906 stetit
994 881 1019 906 in
1030 889 1164 915 synagoga
1183 881 1303 913 deorum,
1320 882 1347 907 in
1367 881 1450 907 medio
1470 885 1558 907 autem
1579 881 1639 906 deos
1661 880 1702 906 di—

909 926 1014 961 judicat
1028 926 1049 941 ⁸³
1064 934 1072 958 ;
1088 927 1136 960 qui
1149 930 1191 953 est
1206 927 1336 953 mediator
1356 926 1405 953 Dei
1422 930 1446 952 et
1463 927 1596 953 hominum
1618 926 1651 957 ⁵⁸.
1674 931 1702 954 et

876 963 896 990 Β
913 971 979 997 fecit
991 971 1107 998 salutem
1124 971 1152 998 in
1163 971 1255 998 tnedio
1267 975 1348 998 terrae
1363 979 1370 1003 ;
1385 971 1432 1005 qui
1442 975 1485 998 est
1499 971 1602 1005 lignum
1612 971 1700 998 wine:

915 1017 988 1044 unde
1005 1020 1046 1052 (ut
1060 1016 1133 1052 quod
1151 1017 1187 1044 sit
1199 1017 1320 1044 increata
1335 1017 1395 1052 ejus
1408 1016 1548 1051 divinitas)
1569 1016 1631 1042 ideo
1646 1024 1702 1042 non

915 1063 982 1090 dicit
997 1071 1061 1090 eum
1077 1071 1139 1090 cum
1152 1064 1232 1098 lignis
1257 1064 1484 1098 complantatum,
1513 1063 1562 1090 sed
1587 1070 1648 1090 esse
1674 1063 1702 1090 in

916 1108 1006 1136 tnedio
1024 1109 1155 1144 paradisi.
1179 1109 1313 1136 Similiter
1332 1113 1361 1137 et
1380 1109 1493 1136 malum.
1522 1109 1588 1136 Dico
1609 1114 1702 1136 autent

916 1155 981 1182 boni
998 1155 1118 1182 medium
1137 1155 1240 1191 lignum
1259 1156 1441 1188 mortiferum,
1460 1156 1630 1191 cognoscendi
1643 1156 1703 1183 boni

915 1205 940 1228 et
950 1201 1024 1232 ntali.
1054 1207 1200 1236 propterea
1229 1202 1302 1236 quod
1325 1201 1383 1236 ipse
1400 1202 1435 1228 sit
1451 1201 1567 1228 diversa:
1577 1202 1704 1229 essentia

916 1248 951 1275 ab
964 1247 1085 1274 humana
1097 1250 1194 1274 natura
1211 1247 1321 1274 illorum
1333 1248 1470 1281 lignorum
1490 1255 1551 1281 qua).
1571 1247 1704 1274 dicuntur

916 1294 1043 1329 pulchra.
1058 1293 1096 1320 Ea
1107 1293 1142 1321 de
1157 1301 1239 1321 causa
1257 1293 1284 1320 in
1297 1298 1374 1320 sexto
1388 1301 1452 1320 casu
1479 1301 1512 1320 ea
1536 1293 1603 1320 dicit
1628 1293 1703 1320 Scri-

916 1343 997 1374 ptura
1016 1347 1076 1366 esse
1087 1340 1114 1366 in
1128 1341 1213 1366 medio
1240 1339 1376 1375 paradisi;
1403 1339 1475 1366 unde
1496 1339 1579 1366 etiam
1606 1339 1705 1366 mulier

916 1392 979 1412 cum
995 1389 1121 1420 serpente
1148 1385 1298 1416 disserens.
1326 1386 1353 1412 in
1377 1385 1460 1412 medio
1482 1385 1610 1420 paradisi,
1636 1384 1706 1413 dixit

917 1431 1032 1465 lignum.
1047 1431 1135 1458 Media
1149 1437 1239 1458 autent
1261 1431 1393 1458 dicuntur
1413 1431 1468 1458 dtto
1487 1431 1559 1466 ligna
1576 1440 1582 1457 :
1606 1439 1705 1466 nempe

916 1477 1020 1512 lignum
1037 1477 1146 1508 diviuze,
1162 1482 1190 1504 et
1217 1477 1320 1512 lignum
1346 1477 1511 1504 adversaria:
1537 1478 1704 1515 potestatis;

917 1522 1139 1558 quandoquidem
1154 1531 1188 1550 ex
1213 1531 1292 1557 atquo
1322 1523 1411 1550 cuivis
1438 1523 1541 1550 volenti
1573 1525 1706 1559 concupi-

917 1569 1018 1596 scenda
1048 1569 1188 1596 invenitur
1202 1569 1290 1595 virtus
1308 1573 1336 1596 et
1348 1569 1444 1596 vitium
1461 1573 1571 1604 propter
1586 1569 1704 1597 liberutn

918 1621 1041 1644 nostrum
1053 1615 1209 1642 arbitrium.
1229 1615 1430 1649 Etpropterea,
1445 1620 1474 1642 ut
1498 1617 1606 1650 opinor,
1634 1617 1706 1644 Deus

917 1662 1004 1697 legem
1020 1661 1111 1688 ferens
1135 1661 1238 1692 lsraeli,
1263 1660 1329 1687 dicit
1353 1660 1387 1687 de
1411 1661 1575 1695 quibusdam
1597 1661 1707 1689 dttobus

918 1706 999 1740 lignis
1017 1715 1022 1732 :
1047 1706 1113 1733 Ecce
1128 1714 1195 1741 pono
1211 1707 1239 1732 in
1255 1706 1339 1732 medio
1358 1707 1396 1732 tui
1410 1707 1491 1733 vitam
1509 1711 1533 1733 et
1548 1711 1658 1735 mortarii
1671 1708 1704 1734 ⁵⁷.

918 1752 985 1780 Viue
1005 1751 1078 1787 enjm
1095 1756 1122 1779 et
1142 1753 1239 1779 mortis
1253 1756 1332 1779 erant
1349 1752 1403 1779 dtto
1430 1753 1502 1787 ligna
1525 1753 1706 1788 signiﬁcantia

918 1802 946 1826 et
961 1798 1128 1825 efﬁcientia:
1158 1797 1263 1825 Flavius
1284 1803 1372 1825 autem
1398 1799 1530 1834 egreditur
1554 1808 1585 1826 ea:
1612 1800 1706 1831 Edam.

918 1847 942 1870 et
961 1843 1055 1878 irrigat
1069 1843 1247 1878 paradisum;
1267 1843 1336 1870 alter
1349 1848 1442 1870 autem
1459 1848 1487 1871 et
1516 1844 1653 1872 secundus
1679 1850 1708 1872 et

918 1889 1069 1923 irrigationi
1086 1889 1170 1923 priori
1184 1888 1326 1916 dissimilis
1338 1893 1381 1916 est
1391 1889 1437 1916 hic
1451 1889 1561 1916 ﬂuvius.
1578 1890 1645 1917 Nam
1661 1891 1708 1918 ille

918 1936 1029 1971 quidem
1047 1945 1062 1963 e
1075 1940 1148 1963 terra
1160 1935 1314 1962 ascendens
1326 1935 1479 1961 inundabat
1505 1939 1588 1962 totam
1609 1936 1707 1963 faciem

918 1985 1009 2012 terrae,
1027 1981 1114 2015 ipsam
1128 1980 1233 2007 faciens
1250 1983 1388 2006 mortuam
1409 1983 1436 2006 et
1455 1979 1655 2015 infrugil'eram.
1673 1982 1708 2009 Et

919 2027 981 2053 ideo
996 2026 1030 2053 ad
1046 2027 1131 2053 Deum
1144 2031 1238 2052 votum
1255 2024 1373 2052 faciebat
1384 2025 1496 2059 quidam
1507 2033 1540 2052 ex
1552 2027 1706 2060 prophetis,

918 2072 1013 2099 dicens
1029 2081 1035 2098 ε
1053 2071 1194 2098 Dominum
1209 2071 1504 2098 diluviuminhabitabit
1525 2071 1547 2087 ⁸⁸
1561 2091 1569 2104 ,
1592 2071 1644 2099 hoc
1665 2077 1709 2100 est

916 2117 1059 2145 exorietur
1071 2122 1098 2144 et
1112 2116 1221 2144 sedebit
1234 2125 1280 2143 rex
1290 2116 1317 2143 in
1330 2120 1475 2143 aeternum.
1489 2117 1538 2144 Hic
1553 2123 1643 2145 autem
1658 2118 1707 2145 Dei

920 2164 1020 2191 ﬂuvius
1049 2163 1190 2199 egreditur
1207 2170 1241 2189 ex
1267 2162 1363 2194 Edem,
1393 2162 1562 2196 paradisum,
1579 2167 1707 2198 tanquam

919 2217 1014 2244 agrum
1031 2208 1172 2244 proprium
1186 2212 1214 2235 et
1233 2207 1280 2235 Dei
1301 2207 1501 2242 possessionem
1536 2215 1586 2235 sua
1606 2209 1708 2236 virtute

921 2255 1049 2290 irrigans.
1073 2254 1189 2289 Oportet
1208 2254 1281 2281 enim
1310 2253 1442 2281 adnotare
1464 2254 1548 2288 quod,
1564 2262 1626 2282 cum
1651 2255 1708 2290 jam

76 2302 100 2324 et
113 2297 219 2332 lignum
231 2297 329 2323 sciendi
343 2296 369 2323 id
383 2295 450 2331 quod
462 2297 582 2330 cognosci
591 2297 746 2331 potestbont
756 2302 781 2323 et
793 2297 868 2330 mali,
882 2300 908 2330 D
921 2305 1056 2329 cessasset
1072 2301 1148 2335 prior
1164 2300 1210 2327 illa
1233 2299 1366 2334 irrigatio,
1387 2307 1447 2326 eam
1472 2301 1640 2334 prmteritam
1660 2309 1709 2328 ηο-

77 2347 110 2369 ut'
119 2343 231 2370 diceret
247 2342 414 2370 transeundo
428 2346 456 2369 et
477 2342 633 2371 inducenda
648 2351 698 2370 cur
714 2343 758 2370 isti
775 2344 866 2371 venis-

76 2392 137 2415 sent
158 2388 186 2414 in
202 2387 370 2422 paradisum.
387 2387 465 2421 Quod
485 2392 577 2415 autern
595 2389 682 2424 major
699 2389 734 2416 sit
749 2393 777 2416 et
796 2389 865 2416 vivi-

77 2434 146 2461 ﬂcus
157 2433 297 2463 Christus,
310 2433 391 2467 paulo
402 2438 465 2460 ante
478 2441 492 2460 a
508 2433 588 2460 nobis
601 2433 704 2460 dictum
719 2438 770 2461 est.
789 2433 865 2467 Quod

76 2483 169 2506 autem
188 2477 309 2512 seipsutn
328 2478 577 2513 nominatlignunr.
602 2479 665 2506 audi
685 2487 748 2506 ettm
777 2480 865 2514 ipsum

75 2524 219 2552 dicentem
247 2523 370 2550 Judais:
401 2525 454 2550 Aut
482 2524 560 2558 facite
579 2525 700 2552 arborem
720 2525 816 2552 bonam
841 2529 866 2551 et

76 2572 194 2605 fructum
209 2569 265 2604 ejus
279 2569 386 2601 bonum,
406 2573 453 2596 aut
470 2569 548 2604 facile
571 2569 692 2597 arborem
719 2570 866 2597 marcidum

75 2620 99 2642 et
111 2616 231 2649 fructum
246 2615 302 2649 ejus
321 2615 467 2641 marcidum
481 2623 490 2646 ;
506 2623 523 2641 a
539 2614 623 2648 fructu
642 2615 710 2642 enim
728 2615 808 2642 arbor
822 2624 867 2642 eo-

74 2661 215 2695 gnom'tur
235 2659 268 2685 ⁸ο.
287 2659 349 2700 llam
363 2664 455 2686 autem
472 2659 513 2686 eis
531 2660 651 2691 dicebat,
675 2661 805 2695 quoniam
826 2660 870 2687 tli-

74 2707 178 2734 eebant
204 2705 277 2739 qttod
303 2705 328 2731 in
352 2705 506 2732 Beelzebub
527 2705 651 2740 principe
670 2706 867 2734 daemoniorum

73 2752 151 2787 ejicit
176 2751 320 2778 daemonia.
347 2751 480 2778 Similiter
506 2751 589 2778 etiam
611 2751 644 2778 ad
670 2752 824 2786 passionem
842 2753 868 2779 itt

74 2799 189 2826 hortum
207 2797 340 2832 Golgotha
355 2797 389 2824 ad
404 2797 538 2824 Adamum
556 2798 702 2832 egrediens
717 2802 746 2825 et
765 2799 868 2834 lignum

73 2846 170 2874 crucis
182 2849 307 2880 portans,
333 2845 438 2880 lignum
461 2845 524 2872 vita:
545 2845 668 2879 selpsum
692 2845 810 2877 vocavit,
829 2846 870 2873 di-

108 2903 132 2919 "
147 2903 230 2929 Joan.
248 2910 304 2932 \‘lll,
322 2902 366 2929 ιιι.

71 2947 119 2972 xx,
138 2938 186 2965 2'2.
229 2937 252 2952 ”
267 2937 335 2964 Psal.
354 2945 442 2969 Lxxxt,
461 2937 483 2963 ι.
523 2937 568 2964 "l
587 2937 658 2964 Titii.
677 2945 705 2970 ιι,
721 2937 745 2964 5.

435 2901 457 2917 ¹⁰
471 2901 564 2929 Matth.
582 2910 629 2933 xu,
643 2902 688 2930 55.
727 2903 747 2918 ¹¹¹
767 2902 833 2930 Luc.
846 2912 922 2936 χχιιι,
934 2903 979 2934 28,
996 2903 1040 2929 3|.

436 2957 442 2966 .
461 2937 483 2963 Ι.
523 2937 568 2964 "l
587 2937 658 2964 Titn.
677 2945 705 2966 ll.
721 2937 745 2964 5.
785 2939 805 2954 ⁵⁷
822 2938 901 2966 Deut.
932 2947 993 2966 xxx.
1023 2938 1054 2964 i5

845 2946 901 2966 eut.
932 2947 993 2972 xxx,
1023 2946 1065 2964 ta.

919 2345 1036 2373 minavit
1054 2345 1195 2379 Scriptura
1207 2344 1304 2372 dicens
1320 2353 1326 2371 :
1344 2344 1412 2371 Fons
1433 2350 1521 2371 autent
1538 2346 1707 2378 ascendebat,

920 2395 944 2417 et
961 2390 1090 2425 irrigabat
1110 2397 1119 2416 :
1136 2389 1209 2416 hunc
1221 2393 1313 2415 autem
1327 2393 1358 2415 ut
1374 2389 1422 2423 qui
1437 2389 1598 2423 perenniter
1611 2389 1638 2416 in
1658 2397 1709 2417 sa:-

920 2437 981 2464 eula
1008 2436 1103 2470 irriget
1127 2435 1290 2466 Eeclesiam.
1314 2435 1381 2462 dicit
1396 2440 1559 2470 prtesentem
1577 2445 1583 2462 :
1602 2435 1709 2463 Fluvius

920 2483 1006 2513 enim.
1021 2481 1122 2516 inquit.
1137 2481 1269 2516 egreditur
1286 2489 1318 2508 ea:
1337 2481 1419 2507 Edent
1433 2501 1440 2514 ,
1462 2481 1514 2508 hoc
1538 2487 1580 2508 est
1603 2490 1636 2509 ex
1658 2481 1710 2509 dc—

919 2528 1002 2561 liciis,
1019 2528 1053 2555 ad
1084 2527 1254 2563 irrigandum
1280 2527 1448 2562 paradisutn.
1475 2527 1542 2554 Cum
1566 2535 1632 2563 ergo
1657 2536 1710 2556 nos

920 2574 1161 2610 prtemunierimus
1179 2574 1213 2601 nd
1232 2581 1288 2601 non
1305 2573 1513 2601 dissolvendum
1536 2575 1707 2609 corporalem

920 2628 1014 2648 rerum
1027 2619 1170 2648 historiam
1183 2627 1244 2654 qua:
1255 2623 1297 2647 est
1311 2619 1511 2647 convenienter
1523 2619 1635 2653 litterte,
1651 2620 1708 2648 ala-

921 2665 1007 2692 criter
1018 2665 1102 2692 etiam
1113 2663 1322 2691 consideremus
1331 2671 1391 2691 earn
1401 2672 1464 2699 qua
1475 2668 1518 2692 est
1529 2664 1564 2692 de
1582 2665 1625 2694 his
1643 2673 1708 2700 pro-

920 2710 1018 2744 positis
1033 2710 1126 2737 ﬂuviis
1139 2713 1167 2736 et
1180 2709 1248 2737 locis
1258 2709 1414 2741 historiam,
1428 2710 1661 2745 quemadmodum
1675 2718 1708 2738 ea

921 2764 1032 2791 quoque
1044 2760 1110 2784 sunt
1126 2755 1301 2791 pra-ﬁgurata
1328 2756 1362 2783 de
1387 2756 1498 2784 Christo
1521 2761 1549 2784 et
1572 2755 1707 2784 Ecclesia.

921 2801 1055 2828 Audimus
1064 2801 1137 2828 enim
1153 2801 1311 2835 quempiam
1324 2801 1468 2828 dicentem
1494 2801 1528 2828 de
1548 2800 1708 2835 egrediente

922 2845 1006 2873 ﬂuvio
1031 2851 1059 2873 et
1075 2845 1218 2873 Ecclesia:
1244 2845 1374 2873 Fluminis
1399 2847 1509 2880 impetus
1534 2844 1652 2879 ltetiﬁoat
1673 2845 1707 2871 ti-

1081 2903 1103 2918 “
1117 2902 1251 2929 Luc.xxn.
1265 2902 1310 2929 27.
1349 2902 1371 2917 ⁸³
1381 2901 1460 2929 Joan.
1476 2908 1496 2932 ι,
1507 2900 1550 2926 96.
1590 2900 1613 2915 "
1626 2898 1694 2927 Joan

1105 2938 1127 2952 ⁵⁵³
1145 2937 1215 2965 l'sal.
1234 2944 1326 2969 xxvnt,
1345 2936 1387 2962 l0.
