1980 3256
275 229 330 261 975

882 233 912 263 S.
933 233 1134 264 ANASTASII
1155 235 1318 267 SlNAlT/E

1864 237 1918 270 975

274 292 383 319 vitalem
395 290 445 318 Dei
459 291 659 326 ".proptcrea
675 291 749 326 quod
766 291 868 319 ﬂuvius
878 292 926 319 Dei
943 300 1070 327 egressus
1084 295 1106 322 Α
1123 293 1150 319 iu
1167 298 1241 321 terra
1257 295 1390 322 Ecclesia
1411 294 1581 329 resplendet,
1598 299 1626 322 et
1641 294 1787 322 aduratur.
1807 295 1917 323 Aurum

275 345 310 365 ex
326 341 444 372 paterno
458 337 544 368 fonte,
558 337 683 372 repletus
697 343 740 364 est
758 337 838 371 aquis
856 337 981 372 gentium
1001 345 1069 372 quas

275 383 388 418 quidem
408 383 618 418 cvangelizabat
637 383 775 418 propheta
792 383 889 410 dicens
906 393 912 410 :
930 383 966 410 Et
992 391 1069 418 egre-

274 431 362 456 dietur
377 429 505 456 Dominus
524 430 559 456 ad
587 437 628 456 eos
654 434 781 464 tanquam
810 430 904 461 ﬂuuius
931 430 1003 464 paris
1031 429 1067 461 ⁸⁰;

273 476 320 511 qui
333 476 422 503 dicit:
441 476 482 502 Ea:
495 476 576 502 Patre
593 483 650 502 meo
669 483 728 501 sum
754 483 887 509 egressus,
907 479 932 502 et
958 475 1017 501 ueni
1041 475 1069 501 in

273 522 403 548 mundum
417 522 437 537 ⁶¹
457 531 462 547 :
480 529 608 556 egressus
619 529 681 548 sum
698 521 732 547 ad
751 521 868 548 salutem
894 520 988 555 populi
1003 521 1067 552 mei,

275 569 309 594 ad
330 567 482 594 servandos
514 567 635 593 chr-istos
664 575 750 593 meos.
778 567 866 602 Hujus
890 574 958 601 ergo
982 565 1069 592 divini

274 613 351 640 ﬂuvii
386 613 511 639 divinum
542 620 556 638 ο
583 612 653 639 (ξωιο
670 620 812 648 egressum
834 612 913 647 prius
935 611 1069 639 describit

274 658 373 689 Muses,
401 657 519 684 dicens:
546 656 654 683 Fluvius
680 658 814 692 egreditur
839 665 870 683 ex
892 655 988 689 Edam,
1017 657 1069 683 hoc

273 708 326 735 est,
341 711 373 730 ex
387 703 597 730 abundantibus
606 703 726 735 deliciis,
744 703 777 729 ad
799 702 968 738 irrigandum
991 710 1069 737 pura-

272 749 365 775 tlisum
398 755 448 783 per
476 748 549 774 illam
574 755 674 782 aquam
700 755 761 782 qua:
789 747 943 782 egreditur,
967 754 1068 782 nempe

273 803 323 829 per
337 794 472 829 Spiritum
490 794 538 828 qui
550 794 681 828 procedit
694 802 709 820 a
727 794 818 820 Patre.
836 793 888 826 Qui
907 793 982 820 enim
1003 800 1067 820 eum

273 841 390 875 suscipit
406 840 534 871 ﬂuvium,
547 839 650 866 divorsi
665 839 742 866 ﬂuvii
757 847 789 866 ex
808 843 898 866 ventre
913 839 969 874 ejus
985 840 1069 873 fluent

273 894 351 922 aqua:
367 887 431 913 uiua!
445 887 479 912 θ’.
496 886 554 912 lloc
564 885 640 912 enim
657 889 750 920 aperte
774 892 826 911 nos
850 884 932 911 docet
952 884 1069 911 historia

273 933 371 960 dicens
399 932 513 958 ﬂuvium
534 931 581 965 qui
608 930 750 965 egreditur
769 938 802 957 ex
827 930 915 957 Edcm
936 930 1070 964 multipli-

273 978 331 1005 cari
343 981 372 1005 et
385 977 474 1004 scindi
492 977 518 1003 in
535 964 656 1010 quatuor
667 975 778 1008 ﬂuvios,
789 981 818 1003 et
833 975 998 1003 cllicientem
1012 975 1066 1003 Ec-
1085 964 1105 991 Β

272 1024 366 1051 desim
389 1023 550 1058 spiritualcs
568 1022 690 1049 divitias.
722 1022 760 1049 De
784 1030 838 1057 qua
863 1022 931 1049 dicit
956 1021 1065 1049 David:

271 1069 478 1096 lnebriabuntttr
499 1077 515 1095 a
536 1068 695 1103 pinguedine
712 1067 804 1094 domu:
817 1071 878 1099 tim,
896 1071 921 1094 et
951 1071 1066 1094 torrente

271 1115 414 1150 uoluptatis
438 1114 605 1149 tuaepotubis
631 1122 698 1145 eos;
723 1115 850 1149 quoniam
876 1114 948 1149 apud
974 1119 999 1140 te
1027 1117 1065 1140 est

272 1163 330 1196 forte
342 1161 449 1188 vim“.

309 1207 416 1234 Fluvius
433 1211 522 1233 autem
536 1206 670 1240 egreditur
682 1215 715 1234 ea;
731 1207 814 1234 Edam
839 1207 874 1232 ad
899 1205 1065 1240 irrigatultttn

271 1252 427 1287 paradisum
439 1260 448 1278 :
463 1251 537 1278 illim:
550 1252 710 1287 dispergitur
724 1253 751 1278 in
765 1256 881 1287 quatitur
895 1252 983 1278 initia.
993 1251 1066 1278 Sub-

273 1305 431 1325 trrraneam
464 1298 576 1333 quidem
597 1299 710 1334 maligni
737 1299 938 1334 irrigationem,
960 1299 1065 1326 fontem

271 1345 421 1380 appellavit
450 1345 586 1379 propheta
619 1345 720 1377 Moses,
752 1345 903 1373 ostendens
923 1345 1065 1372 diabolum

271 1399 332 1418 esse
349 1395 491 1418 auctorem
504 1394 532 1417 et
546 1391 701 1426 genitorem
717 1391 788 1423 vitii,
806 1395 834 1418 et
849 1398 903 1418 non
921 1391 956 1418 ab
970 1391 1065 1425 aliquo

271 1438 325 1465 alio
341 1437 482 1472 accepisse
497 1437 610 1468 malum,
628 1437 676 1464 sed
704 1437 794 1472 ipsum
819 1444 880 1464 esse
907 1437 1011 1464 fontem
1037 1441 1065 1465 et

271 1483 382 1510 initium
408 1483 539 1518 peccati;
567 1483 654 1510 sancti
682 1487 776 1510 autem
800 1483 922 1518 Spiritus
947 1483 1063 1518 gratiam

272 1535 403 1563 tanquam
417 1537 450 1556 ex
464 1529 544 1556 Patre
560 1529 674 1556 fontano
693 1529 893 1564 procedentem
909 1529 1065 1556 nominavit

263 1575 388 1602 ‘ﬂuvium
405 1580 561 1609 separatum
576 1575 611 1601 ab
626 1574 786 1602 inﬁdelibus
802 1583 810 1601 :
826 1575 986 1610 irrigantcm
1012 1583 1064 1602 au-

1121 340 1195 367 enlm
1209 345 1346 368 terrarum
1358 341 1508 372 multarum
1527 341 1663 376 (gentium
1679 341 1717 368 dii
1728 346 1758 369 et
1772 341 1859 375 idola)
1875 347 1917 369 est

1121 387 1234 418 malum,
1254 387 1405 414 obscurum
1420 391 1448 414 et
1465 387 1664 414 adulterinum.
1676 387 1705 414 In
1716 388 1813 415 multis
1824 391 1916 414 autem

1121 433 1190 460 locis
1205 432 1305 460 divina:
1319 432 1481 467 Scriptura,
1507 433 1565 467 ipsc
1591 440 1701 468 quoque
1724 437 1917 468 perscrutatus

1121 478 1248 505 invenies
1263 485 1361 505 aurum
1376 477 1448 504 sumi
1465 485 1518 512 pro
1532 477 1618 512 [igura
1638 478 1794 505 divinitatis
1819 478 1914 507 Verbi.

1120 523 1191 549 Area
1201 522 1276 549 enim
1291 523 1394 557 lignea,
1408 529 1470 557 qua:
1483 526 1545 550 erat.
1568 527 1689 554 terrena,
1717 523 1839 550 obducta
1856 526 1916 550 erat

1121 568 1290 596 intrinsecus
1305 572 1334 595 et
1346 568 1521 595 extrinsecus
1533 575 1603 595 auro
1613 575 1685 603 puro
1700 568 1728 595 in
1744 573 1842 604 typum
1869 569 1917 595 Di-

1120 615 1257 653 vinitatis.
1271 614 1405 641 Similiter
1417 619 1445 642 et
1462 615 1596 649 templum
1612 614 1768 642 Salomonis
1783 619 1916 642 ornatum

1119 665 1180 688 erat
1202 669 1271 688 auro
1287 661 1449 695 purissimo.
1478 661 1567 688 Porro
1590 665 1683 688 autem
1708 668 1772 688 arca
1803 669 1918 696 quoque

1119 715 1203 735 aurea
1220 707 1361 735 Christum
1385 707 1506 734 Verbum
1528 707 1609 734 nobis
1635 707 1714 741 prius
1737 707 1918 734 describebat

1118 756 1148 780 et
1160 753 1363 788 pmﬂgurabat.
1382 753 1417 780 Et
1435 753 1553 780 fortasse
1566 760 1599 780 ea
1617 752 1652 779 de
1667 760 1750 779 causa
1763 753 1834 787 Magi
1846 760 1917 788 quo-

1119 805 1173 834 que
1189 798 1300 826 Christo
1315 800 1387 833 (vice
1405 799 1542 832 omnium)
1563 799 1686 832 gentium
1703 806 1802 825 aurum
1815 799 1918 825 olfece-

1119 845 1195 876 bant,
1208 844 1327 872 contrita
1339 844 1460 879 imagine
1476 844 1641 871 idololatriae
1663 851 1726 878 qua:
1742 849 1803 871 erat
1826 844 1915 879 Baby-

1119 891 1195 922 lone,
1211 896 1239 917 et
1253 898 1285 918 ea
1302 890 1354 925 ipsi
1367 890 1469 921 oblata,
1484 894 1513 917 ut
1530 897 1593 917 cum
1611 890 1788 917 obscuratum
1805 895 1835 917 et
1851 898 1915 917 cva-

1119 941 1279 964 nescentem
1293 936 1388 963 Adami
1402 935 1550 970 imaginem
1563 936 1636 970 (quae
1651 935 1742 962 fuerat
1759 935 1846 970 898
1867 935 1915 962 Dei

1120 982 1211 1017 imago
1230 986 1259 1009 et
1274 981 1439 1013 similitudo,
1456 985 1483 1008 et
1498 981 1579 1016 cujus
1596 981 1744 1008 character
1761 982 1842 1008 valde
1856 987 1915 1009 erat

1119 1024 1284 1052 immutatus
1302 1033 1335 1052 ac
1346 1025 1466 1056 deletus,
1479 1025 1674 1060 contritusque
1691 1026 1776 1052 animi
1794 1026 1914 1053 motibus

1117 1077 1149 1097 ac
1164 1069 1447 1105 perturbationibus),
1464 1074 1494 1097 et
1506 1070 1639 1105 reliquias
1658 1070 1818 1097 divinorum
1839 1079 1914 1098 nutu-

1117 1115 1245 1142 datorum
1259 1123 1292 1142 ex
1317 1123 1426 1143 veneno
1448 1117 1598 1150 serpentis,
1624 1117 1754 1145 Christus
1781 1122 1914 1152 inquam

1117 1161 1229 1189 divinus
1243 1161 1390 1189 character
1404 1166 1527 1196 paterna:
1547 1163 1712 1198 hypostasis,
1733 1163 1916 1190 reformasset

1117 1207 1145 1234 in
1158 1207 1250 1242 seipse
1263 1208 1336 1235 servi
1355 1207 1471 1234 tbrmam
1496 1209 1663 1243 suscipiens,
1688 1209 1834 1243 signaculo
1864 1209 1917 1236 ba—

1116 1254 1254 1289 ptismatis
1269 1261 1319 1289 per
1330 1261 1431 1289 aquam
1451 1258 1478 1280 et
1495 1254 1586 1289 ignem
1607 1262 1668 1281 eam
1685 1259 1868 1289 eapurgarct,
1887 1255 1916 1282 in

1115 1308 1148 1327 ea
1164 1300 1299 1334 impressa
1318 1300 1430 1335 propria
1443 1305 1472 1327 et
1492 1301 1675 1328 conveniente
1692 1301 1808 1327 ratione
1834 1300 1913 1327 ﬁdei.

1116 1344 1151 1371 Et
1163 1351 1261 1371 rursus
1278 1344 1323 1371 [lat
1338 1353 1434 1371 aurum
1450 1343 1524 1371 illius
1537 1349 1617 1371 terra
1633 1344 1740 1375 bonum.
1754 1353 1918 1380 congruen-

1117 1393 1160 1417 ter
1184 1390 1211 1417 ei
1228 1389 1303 1424 quod
1327 1390 1463 1424 scriptum
1486 1394 1530 1417 est
1549 1390 1591 1417 -de
1622 1390 1762 1425 spirituali
1789 1391 1917 1420 Ecclesia

1115 1436 1233 1463 Evilatlt.
1247 1436 1276 1463 lu
1289 1444 1322 1463 ea
1337 1437 1412 1463 enim
1431 1436 1488 1463 sola
1511 1440 1556 1464 est
1569 1437 1688 1471 probum
1701 1441 1729 1464 et
1753 1444 1816 1463 nou
1834 1437 1916 1464 adul-

1116 1483 1237 1509 terinum
1253 1490 1353 1509 aurum
1371 1482 1542 1517 dogmatum.
1558 1483 1660 1509 Arcam
1669 1486 1763 1509 autem
1774 1490 1838 1517 quae
1851 1487 1915 1510 ante

1115 1528 1253 1562 signiﬁcat
1265 1528 1389 1563 gentium
1413 1528 1575 1560 Ecclesium,
1593 1529 1663 1555 dicit
1691 1529 1864 1556 intrinsecus
1886 1531 1915 1556 et

1116 1575 1291 1601 extrinsecus
1306 1582 1375 1601 auro
1399 1581 1469 1608 puro
1489 1582 1550 1601 esse
1568 1574 1718 1601 obductam
1741 1574 1915 1606 Divinitatis,

270 1626 326 1648 tem
346 1626 466 1655 quatuor
479 1621 566 1648 initiis
578 1623 602 1653 ta
616 1621 727 1653 linibus,
737 1621 860 1656 inquam,
870 1621 946 1648 orbis
961 1622 1064 1657 terrae),
1079 1630 1098 1658 ο
1115 1621 1246 1654 quoniam
1260 1625 1288 1647 et
1301 1628 1362 1655 quae
1373 1624 1438 1647 sunt
1452 1621 1627 1648 extrinsecus
1650 1620 1722 1655 (qua
1749 1621 1809 1647 sola
1837 1621 1914 1648 videt

269 1667 427 1702 paradisum
443 1667 572 1694 Ecclesia;
597 1675 693 1694 eorum
713 1667 761 1702 qui
783 1667 903 1695 credunt
932 1668 960 1695 in
981 1668 1062 1696 Chri-

269 1718 354 1739 stum.
380 1712 481 1739 Nomen
497 1716 585 1739 autem
604 1714 650 1739 uni
674 1713 781 1740 Phison.
810 1713 862 1740 Iste
888 1718 924 1740 est
944 1715 989 1748 qui
1011 1715 1062 1740 cir-

269 1758 321 1784 ιίιίι
337 1765 444 1784 omnem
458 1761 558 1783 terram
572 1756 690 1783 Evilatlt.
713 1756 742 1783 In
761 1757 891 1784 omnibus
915 1757 983 1785 locis
1004 1762 1062 1785 ter-

270 1803 347 1830 renis
361 1810 423 1837 qua:
436 1806 501 1829 sunt
518 1802 673 1835 manifesta,
691 1810 748 1829 non
760 1807 802 1830 est
814 1803 893 1830 locus
910 1804 957 1838 qui
979 1812 1061 1831 voca-

270 1855 317 1874 tur
331 1847 450 1875 Evilath.
479 1847 665 1880 Quamobrem
696 1847 762 1875 hinc
787 1855 897 1883 quoque
922 1850 1064 1884 arguimus

270 1893 400 1920 infideles
428 1893 503 1928 quod
531 1893 662 1929 mysteria
686 1893 840 1928 spiritualia
864 1894 946 1922 nobis
970 1900 1065 1923 narrat

270 1939 426 1974 Scriptura.
438 1939 540 1966 Phison
556 1939 631 1966 enim
650 1939 848 1975 interpretatur
882 1949 909 1968 os
927 1941 1065 1968 alteratio-

271 1986 321 2012 nis.
349 1985 408 2020 Ipsa
428 1989 519 2012 autem
535 1985 660 2012 alteratio
674 1993 723 2013 seu
742 1987 858 2014 mutatio
869 1988 990 2015 dextere:
1009 1988 1064 2015 Ex-

269 2031 336 2058 celsi
360 2031 433 2058 facta
458 2036 501 2058 est
512 2039 576 2059 cum
588 2031 712 2059 divinum
728 2032 849 2060 Verbum
863 2034 1010 2061 alterasset
1033 2042 1065 2061 ac

271 2081 409 2104 mutasset
423 2086 429 2104 :
445 2085 478 2105 os
489 2082 518 2104 et
536 2078 665 2112 spiritum
683 2079 825 2111 Ecclesiae,
841 2087 874 2107 cx
895 2079 1065 2115 blasphemia

272 2124 300 2150 in
313 2124 407 2156 ﬁdem,
418 2128 446 2151 ct
459 2131 493 2151 ex
511 2124 706 2151 maledicentia
723 2125 750 2151 in
767 2125 1002 2160 theologiam'scu
1017 2126 1065 2153 Dei

272 2170 383 2197 laudem
401 2178 432 2197 ac
449 2170 687 2206 praedicationem.
702 2170 810 2197 Evilnth
836 2175 939 2202 autem,
969 2178 1066 2197 rursus

271 2217 475 2251 interpretatur
490 2216 642 2250 parturiens
655 2219 684 2242 et
705 2215 823 2249 pariens.
838 2215 981 2250 Signiﬁcat
992 2214 1065 2242 enim

272 2262 385 2297 proprie
397 2262 520 2297 gentium
534 2261 687 2289 Ecclesium
705 2268 769 2296 quae
779 2261 929 2296 aliquando
939 2265 1000 2288 erat
1010 2265 1067 2288 ste-

1116 1666 1237 1701 .ludtcus)
1254 1667 1327 1693 Deus
1342 1665 1427 1693 cllicit
1442 1670 1472 1692 ut
1489 1666 1613 1701 fulgeant
1632 1675 1638 1692 :
1654 1671 1682 1694 et
1695 1674 1757 1701 qua:
1784 1671 1851 1693 sunt
1874 1667 1916 1692 in-

1112 1713 1263 1744 trinsecus,
1277 1719 1339 1747 quae
1355 1720 1417 1739 cum
1437 1712 1471 1739 iis
1482 1720 1544 1747 qua:
1555 1717 1622 1740 sunt
1637 1713 1816 1740 extrinsecus
1839 1713 1912 1747 aspi-

1112 1758 1152 1786 cis
1163 1758 1292 1792 (populus
1304 1758 1436 1793 gentilis),
1451 1757 1524 1784 idem
1539 1758 1688 1788 illuminat.
1704 1765 1766 1784 eam
1783 1758 1909 1793 undique

1113 1804 1268 1834 illustrans,
1286 1803 1396 1830 etiamsi
1407 1803 1519 1831 Iudaeus
1531 1808 1645 1838 propter
1658 1803 1847 1838 ignorantiam
1859 1811 1914 1830 non

1112 1851 1187 1878 videt
1196 1850 1360 1885 probitatem
1370 1851 1430 1885 ejus
1440 1845 1514 1884 quod
1526 1854 1567 1877 est
1577 1850 1914 1885 extrinsecus.Templum

1115 1900 1206 1922 autem
1227 1895 1382 1922 Salomonis
1396 1894 1534 1929 ﬁgurabat
1549 1895 1684 1929 templum
1702 1894 1871 1927 humanum,
1888 1896 1915 1922 in

1114 1949 1169 1975 quo
1195 1940 1301 1967 habitat
1323 1940 1473 1968 Trinitas:
1492 1940 1567 1975 quod
1601 1941 1777 1968 intrinsecus
1799 1941 1915 1975 quidem

1114 1986 1201 2021 fulget
1228 1994 1307 2018 auro,
1330 1991 1478 2022 propterea
1495 1986 1570 2021 quod
1583 1987 1713 2021 templum
1726 1987 1774 2014 Dei
1787 1988 1864 2022 quod
1875 1992 1917 2014 est

1115 2033 1143 2059 in
1160 2032 1273 2060 homine
1293 2032 1464 2060 intrinsecus
1483 2033 1573 2060 solum
1586 2032 1688 2059 habere
1702 2032 1805 2060 debeat
1818 2033 1916 2068 splen-

1115 2078 1212 2105 dorem
1228 2085 1355 2112 operum,
1369 2081 1399 2104 et
1409 2085 1464 2104 non
1483 2078 1568 2105 etiam
1579 2078 1753 2105 extrinsecus
1765 2078 1801 2104 ad
1817 2083 1916 2106 osten-

1116 2123 1249 2150 tationem
1264 2131 1270 2148 :
1285 2122 1417 2156 quoniam
1436 2121 1531 2156 fulgur
1545 2129 1658 2156 quoque
1673 2122 1836 2148 Divinitatis
1846 2123 1911 2149 illu-

1116 2168 1204 2195 minat
1215 2167 1346 2198 animant,
1358 2171 1388 2194 et
1403 2175 1463 2194 eam
1479 2167 1572 2194 reddit
1583 2161 1652 2194 auro
1669 2166 1758 2194 forma
1776 2167 1915 2199 similem;

1118 2221 1220 2248 corpus
1231 2218 1324 2240 autem
1341 2217 1434 2240 manet
1455 2213 1611 2248 neglectum
1637 2217 1667 2240 et
1697 2216 1893 2247 contemptum
1908 2223 1915 2239 :

1118 2260 1221 2287 nullam
1237 2259 1311 2287 enim
1329 2260 1389 2293 ejus
1401 2259 1485 2286 habet
1505 2258 1640 2285 rationem
1662 2258 1686 2285 is
1699 2257 1744 2284 cui
1758 2265 1836 2285 cura:
1851 2263 1918 2285 sunt

271 2309 343 2341 rilis,
358 2308 391 2335 ad
406 2315 489 2342 quam
508 2308 580 2334 Deus
596 2308 696 2334 clamat
709 2314 760 2341 per
783 2314 879 2333 vocem
903 2307 1064 2341 prophetat:
1081 2297 1104 2328 D
1118 2307 1237 2334 interna.
1263 2307 1348 2334 Porro
1364 2311 1456 2333 autem
1481 2314 1549 2333 urna
1569 2313 1678 2340 quoque
1700 2305 1855 2339 (siquidem
1870 2313 1917 2332 ac-

270 2354 384 2385 Laztnre,
396 2354 494 2380 sterilis
506 2362 565 2387 qua:
579 2361 630 2380 mm
647 2353 737 2387 paris;
748 2360 855 2387 eratnpe
863 2356 887 2378 et
899 2352 997 2383 clama,
1012 2360 1070 2387 qtae
1118 2352 1239 2387 cipiatur
1259 2359 1309 2387 pro
1324 2353 1428 2387 anima)
1442 2352 1496 2379 fert
1512 2352 1620 2383 Manna,
1635 2358 1735 2385 nempe
1747 2350 1892 2377 Christum
1906 2359 1914 2382 ;

271 2408 323 2426 non
336 2400 453 2434 parturis
471 2408 478 2414 ο
494 2400 621 2434 quoniam
634 2398 723 2433 plures
739 2402 800 2424 sunt
811 2397 862 2432 ﬁlii
883 2398 994 2424 deserta:
1011 2406 1071 2424 ma-
1118 2398 1159 2424 sin
1181 2402 1273 2424 autem
1297 2405 1348 2432 pro
1374 2398 1508 2429 Ecclesia,
1536 2398 1590 2424 fert
1616 2404 1716 2431 panem
1741 2389 1914 2431 “mysticum:

272 2445 310 2478 gis
322 2452 402 2478 quam
416 2444 474 2478 ejus
497 2451 555 2478 qmr
568 2443 644 2470 habet
660 2443 780 2469 virum“
804 2450 836 2469 ex
864 2442 976 2470 Judaeis.
997 2442 1071 2475 Quo-
1119 2451 1201 2477 quem
1215 2443 1327 2478 quidem
1343 2451 1398 2469 non
1411 2443 1549 2473 redolent,
1571 2442 1706 2468 hodierno
1733 2441 1780 2468 die
1804 2446 1834 2469 et
1856 2449 1916 2469 cra-

269 2490 347 2517 niam
363 2489 467 2516 sterilis
483 2484 593 2523 peperit
610 2492 716 2522 septem
732 2495 740 2520 ;
760 2492 788 2514 et
809 2495 870 2522 quae
884 2488 1006 2522 parturit
1026 2491 1071 2514 est
1121 2489 1195 2516 stino
1211 2494 1239 2516 et
1255 2490 1397 2523 deinceps,
1409 2496 1510 2516 manna
1527 2492 1733 2515 conservantes.

270 2535 428 2570 propinqua
445 2534 548 2569 partui,
565 2539 594 2561 et
609 2533 638 2559 in
666 2536 746 2567 partu
777 2539 828 2559 suo
853 2533 894 2559 sic
915 2531 1044 2559 clamavit
1059 2541 1065 2559 :

271 2580 364 2607 (leniti
382 2587 479 2608 sumus
490 2579 593 2607 dilecto
604 2578 675 2605 Filio
691 2578 738 2606 Dei
762 2578 811 2613 qui
835 2577 938 2605 dicitur
954 2578 1067 2610 Phison,

271 2627 320 2662 qui
332 2631 375 2653 est
387 2633 419 2653 os
436 2626 536 2657 Patris,
555 2631 584 2653 et
602 2625 720 2652 mutavit
734 2631 824 2659 genus
839 2628 964 2651 nostrum
978 2631 993 2650 a
1004 2631 1067 2651 cor-

271 2672 402 2706 raptione
415 2671 442 2698 in
455 2670 708 2705 incorruptionem,
723 2673 751 2696 et
777 2669 871 2695 circuit
894 2672 922 2696 ct
947 2669 1068 2696 custodit

269 2726 377 2746 nionem
388 2722 491 2744 terram
507 2716 613 2744 Eeilatlt
623 2723 685 2751 quae
699 2715 817 2750 parturit
832 2719 859 2742 et
885 2715 955 2750 parit
975 2716 1065 2750 ipsum

273 2765 426 2792 Christum.
451 2762 638 2797 Quamobrem
662 2762 807 2796 subiunxit
829 2761 924 2788 dicens
951 2762 985 2788 de
1016 2762 1065 2789 hac

274 2811 416 2846 spirituali
431 2809 549 2841 Evilath,
562 2807 636 2844 quod
652 2807 708 2835 illic
722 2813 761 2835 ert
777 2815 883 2837 aurum,
900 2816 998 2834 aurum
1016 2817 1067 2834 au-

275 2862 327 2885 tem
342 2857 415 2884 illius
431 2861 509 2884 terra
521 2859 559 2882 est
574 2855 670 2881 bonum
693 2863 702 2881 :
719 2854 771 2882 hoc
790 2858 830 2881 est
849 2853 983 2881 Divinitas
1005 2862 1067 2889 qum.

273 2951 294 2966 μ
310 2930 331 2945 ³ο
352 2929 423 2955 Paul.
440 2936 499 2957 XLV,
561 2927 582 2966 ‘_°
595 2927 645 2966 lsa.
662 2925 792 2966 vat.“l§.

299 2964 380 2991 Deut.
396 2972 432 2997 tv,
444 2963 489 2990 2-5..
532 2963 554 2978 *⁵⁸
569 2962 641 2989 Psal.
661 2969 725 2995 xui,
737 2961 763 2988 9.

833 2926 854 2941 θ’
867 2925 936 2952 Joan
959 2933 1012 2957 XVI,
1027 2924 1072 2951 ‘28.

1155 2535 1204 2562 Est
1219 2535 1304 2562 etiam
1317 2535 1389 2562 alius
1398 2534 1510 2569 quidam
1524 2534 1606 2569 lapis.
1618 2534 1665 2568 qui
1678 2532 1767 2568 gratia
1785 2540 1838 2567 per
1850 2540 1918 2560 oon-

1119 2581 1354 2616 temperationem
1380 2580 1505 2615 suscepit
1529 2579 1706 2606 auriformem
1735 2579 1918 2613 splendorem

1119 2627 1299 2659 Divinilatis;
1315 2626 1387 2653 alius
1399 2630 1493 2653 autem
1506 2626 1554 2660 qui
1573 2624 1695 2659 suscepit
1715 2632 1785 2658 pura
1801 2629 1831 2651 et
1859 2633 1917 2651 non

1119 2671 1274 2699 adulterina
1293 2671 1440 2706 theologia:
1453 2670 1591 2706 dogmata,
1603 2675 1632 2697 et
1643 2669 1849 2699 iisilhtstrawr
1868 2678 1875 2696 :
1891 2675 1919 2696 et

1119 2718 1175 2745 illic
1185 2722 1228 2744 est
1239 2716 1427 2744 carbunculus
1439 2721 1467 2744 et
1478 2716 1549 2751 lapis
1558 2716 1702 2751 prasinus;
1715 2707 1930 2746 carbunculus,’

1122 2763 1168 2791 Sol
1185 2763 1317 2793 cmlestis.
1331 2763 1406 2789 Deus
1422 2763 1554 2790 Verbum.
1574 2761 1642 2788 Deus
1664 2761 1738 2787 enim
1766 2765 1858 2786 noster
1880 2764 1919 2787 at

1119 2809 1188 2843 ignis
1205 2815 1363 2835 consumens
1381 2808 1404 2823 ⁸⁸
1423 2817 1429 2834 :
1446 2812 1475 2835 et
1499 2808 1561 2834 ideo
1590 2807 1725 2834 carbones
1747 2806 1835 2832 etiam
1863 2814 1920 2833 ut-

1121 2854 1191 2881 censi
1203 2859 1265 2880 sunt
1281 2854 1313 2880 ab
1326 2862 1356 2880 eo
1372 2854 1406 2881 “.
1421 2853 1510 2888 Hujus
1522 2853 1569 2888 qui
1589 2852 1693 2880 dicitur
1715 2851 1918 2883 carbunculus,

1112 2924 1134 2940 "
1145 2923 1224 2951 Joan.
1237 2931 1284 2957 vn,
1295 2923 1343 2957 58,
1382 2923 1404 2940 ⁸³
1420 2923 1492 2951 Psal.
1509 2930 1588 2957 xnv,
1603 2922 1630 2955 9,
1647 2921 1690 2949 l0.
1730 2921 1752 2936 “
1761 2920 1815 2947 lsa.
1831 2920 1920 2954 m,l.
