1980 3253
65 254 119 286 9'17

66 313 135 338 sunt
150 317 249 337 omnes
263 310 322 346 ejus
335 309 463 345 imaginis
482 309 647 341 conformes,
666 309 759 336 eﬂccti
777 309 860 336 lumi-
879 310 902 338 Α

67 354 270 390 naria'quibus
288 355 398 382 dicebat
413 364 419 381 :
435 355 558 390 Egosum
573 355 618 382 lux
630 355 722 382 mundi
734 356 766 382 ⁸⁷.
785 350 864 382 iiuhc

67 402 221 430 carbonem
238 401 287 429 Dei
304 401 387 429 Verbi
403 401 480 436 prius
506 401 654 437 descripsit
677 409 709 428 ac
737 400 866 436 ﬁguravit

69 447 116 475 ille
131 455 245 482 quoque
260 447 345 474 carbo
364 455 445 482 quem
464 446 533 476 vidit
557 447 645 475 Isaias
667 447 691 463 ⁸⁸
718 447 748 474 in
773 447 866 474 medio

69 501 131 520 esse
144 493 262 528 forcipe,
276 497 304 520 et
323 501 441 528 purgare
457 493 518 528 ejus
537 499 660 528 peccata.
678 493 799 527 Forceps
818 501 867 519 au-

69 543 124 564 tem
136 536 241 564 Christi
259 545 307 571 per
321 537 390 564 duas
404 537 534 572 pinnulas
550 545 615 564 eum
639 541 737 564 tenens
761 541 803 564 est
822 537 866 563 in-

70 585 206 609 temerata
218 583 281 617 ejus
300 582 394 614 Mater,
411 586 439 609 et
454 582 663 609 sanctissimum
677 582 738 617 ejus
753 590 865 616 corpus.

68 623 129 655 Illic
144 632 193 657 est.
210 628 236 654 in
252 628 344 654 medio
355 627 462 655 scilicet
474 636 583 660 eorum,
600 629 800 660 carbunculus,
820 627 868 655 de—
883 644 886 648 ι

70 674 134 700 inde
150 681 251 700 rursus
263 675 291 700 in
309 674 406 701 codetn
418 673 502 701 ﬂuvio
515 674 706 709 lapis‘quoque
723 674 864 708 prasinus.

69 720 181 746 Primus
199 719 311 754 quidem
326 720 490 747 carbunculi
506 721 583 747 color
599 722 646 747 est’
673 720 805 751 caelestis,
825 727 868 746 se-

69 766 180 792 cundus
192 769 287 792 autent
304 765 447 792 terrestris
461 774 467 791 :
484 770 631 800 propterea
645 765 720 792 enim
744 772 796 791 nec
817 772 867 799 ap-

69 811 154 846 pellat
165 807 351 845 lapidemqui
367 811 491 838 nascitur
501 804 617 843 eterra,
630 814 658 838 et
672 811 720 845 qui
733 815 775 838 est
789 814 870 845 typus

70 863 192 885 terrenae
207 858 301 884 carnis
314 858 408 884 Verbi.
424 858 573 892 Propterea
586 861 678 884 autem
694 856 768 891 quod
784 856 869 882 omnis

69 910 134 928 caro
146 898 296 936 est’fenum
313 903 345 934 ⁸⁸,
359 910 442 930 omne
459 907 551 930 autem
574 902 667 929 fenum
681 903 822 929 vireseens
841 901 869 928 in

70 949 166 975 coiere
184 949 308 975 cernitur
333 948 415 975 viridi
434 953 482 976 aut
496 953 626 983 tanquam
641 955 785 983 porraceo,
802 955 864 982 pro-

70 999 168 1030 pterea
180 994 207 1022 id
221 1003 330 1029 quoqtte
343 995 418 1030 quod
433 995 537 1023 Christi
552 979 595 1022 est
606 979 728 1027 carnale,
745 999 776 1022 ut
790 979 864 1030 quod
884 979 904 1007 Β

70 1048 86 1067 e
110 1044 185 1067 terra
201 1040 406 1075 germinaverit,
437 1041 618 1068 assimilatum
639 1046 683 1068 est
711 1041 737 1069 ei
769 1041 865 1068 colori.

72 1085 150 1113 Unde
170 1085 254 1113 etiam
284 1086 395 1113 divinus
419 1087 515 1114 Daniel
533 1086 624 1114 carnis
648 1092 782 1121 susceptae
812 1087 867 1113 dis-

73 1132 264 1166 pensationem
291 1132 410 1166 lapidem
450 1132 610 1166 appellavit,
641 1132 758 1160 dicens:
783 1133 865 1167 Lapis

73 1183 109 1205 cst
121 1179 225 1204 excisus
236 1186 268 1204 ea:
283 1183 371 1204 monte
387 1177 512 1213 virginali
530 1178 626 1213 absque
647 1179 768 1205 manibus
782 1179 804 1194 7°
823 1186 866 1205 sc-

74 1224 273 1251 minationis'et
290 1224 499 1259 corruptionis:
521 1223 646 1258 Lapidem
672 1232 750 1258 quem
773 1233 866 1259 repro-

73 1270 171 1297 bertmt
193 1270 358 1297 exsecrandi
385 1269 560 1304 (edi/icalores
590 1270 611 1286 "
640 1271 687 1304 qui
705 1270 738 1297 ad
756 1278 867 1298 carnem

74 1315 255 1343 oﬂ'e'nderunt
264 1323 324 1350 quae
331 1316 462 1350 populum
474 1323 503 1343 se
514 1315 650 1343 aedificare
662 1316 866 1348 existimabant,

73 1361 177 1389 Scriba
190 1366 219 1389 et
233 1362 375 1389 Pharisaai.
388 1363 426 1389 De
439 1370 493 1397 quo
507 1363 598 1397 lapide
609 1362 677 1389 dicit
698 1363 779 1389 etiam
795 1363 868 1390 Deus

73 1415 122 1441 per
134 1414 232 1434 vocem
247 1406 363 1435 alterius
381 1408 542 1443 prophetae:
569 1408 633 1435 Ecce
655 1417 723 1443 pono
746 1409 774 1435 in
803 1409 868 1436 Sion

73 1452 200 1487 lapidem,
214 1457 242 1479 ut
255 1454 339 1480 omnis
357 1455 401 1489 qui
416 1455 498 1480 credit
515 1455 542 1481 in
558 1463 618 1481 eum
631 1454 729 1489 pudore
743 1463 794 1481 non
807 1453 868 1489 afﬁ—

73 1499 161 1525 ciatur
174 1499 207 1525 ⁷³.
225 1499 299 1530 iizec,
317 1504 347 1527 ut
360 1507 411 1534 ego
423 1501 535 1534 quidem
559 1500 690 1533 arbitror,
719 1509 770 1527 nos
797 1501 867 1528 ami-

73 1544 193 1578 gmatice
209 1543 291 1571 docet
305 1545 442 1580 dogmata,
464 1545 558 1573 divina
571 1546 722 1581 Scriptura,
747 1554 797 1581 per
817 1547 869 1573 hos

73 1589 172 1617 ﬂuvios
188 1595 216 1616 et
229 1598 336 1624 aurum,
354 1591 554 1618 carbunculum
566 1597 594 1619 et
605 1593 780 1627 smaragdum
795 1601 866 1620 :tton

73 1636 149 1662 enim
166 1643 219 1662 nos
246 1636 374 1664 auriﬂces
396 1641 424 1664 et
440 1637 619 1671 getnmarios.
637 1646 866 1674 gemmarumque
879 1647 901 1676 ο

71 1689 140 1708 auro
154 1682 406 1716 conglutinatarutn
417 1682 525 1710 fusores
537 1683 648 1711 eﬂicere
666 1684 764 1712 volens
776 1689 804 1712 et
815 1685 867 1712 do-

71 1734 136 1754 cons
149 1727 212 1754 haec
229 1727 298 1754 dicit
318 1727 472 1763 Scriptura.

107 1770 260 1799 Videamus
277 1776 369 1800 autem
381 1774 465 1800 etiam
476 1782 508 1801 ea
517 1782 578 1809 quae
586 1780 741 1810 sequuntur
754 1775 782 1811 in
794 1776 867 1804 Seri-

72 1821 162 1850 ptura.
197 1817 265 1844 Nam
283 1825 346 1845 eum
358 1818 473 1846 dixisset
485 1819 607 1854 priorem
620 1820 734 1848 fluvium
750 1822 866 1855 Phison,

71 1863 217 1898 subjuusit
233 1863 329 1890 dicens
344 1872 351 1890 :
370 1864 405 1891 Et
421 1873 515 1892 nomen
535 1866 649 1893 secundo
663 1867 743 1902 ﬂuvio
769 1868 840 1896 Geon
855 1876 864 1899 ;

71 1908 119 1935 iste
135 1914 175 1936 est
190 1910 236 1944 qui
249 1911 341 1936 circuit
356 1918 459 1937 omnem
481 1918 581 1939 terram
604 1912 755 1948 xEt/tiopiw.
773 1914 868 1941 Traxit

72 1963 122 1983 nos
155 1956 312 1990 procedens
336 1957 426 1984 oratio
455 1958 508 1985 Nili
523 1958 691 1987 ﬂuentorum
709 1959 737 1986 in
751 1959 868 1996 (Egypto

72 2001 259 2034 latitudinem,
291 2000 321 2030 dt
340 2002 407 2038 ‘qute
439 2011 489 2031 nos
516 2004 662 2032 deduxerit
676 2005 710 2032 ad
733 2005 815 2039 Geon,
831 2006 863 2033 ad

72 2055 153 2082 quent
173 2048 292 2075 maxime
306 2048 464 2077 derivamus
479 2050 592 2078 ﬂuvium
612 2051 694 2087 hujus
723 2053 867 2084 orationis.

71 2096 99 2118 et
122 2100 174 2119 nos
186 2096 297 2126 oportet
307 2093 421 2121 omnino
433 2095 461 2121 in
475 2094 621 2130 [Egyptum
636 2097 790 2124 orationem
814 2097 869 2125 ele-

72 2137 184 2170 gantius
206 2143 378 2166 convertere.
397 2140 466 2166 Nam
489 2147 574 2175 super
591 2148 689 2169 omnes
705 2142 804 2170 ﬂuvios
821 2143 868 2178 qui

72 2183 195 2210 vioiento
215 2183 318 2218 impetu
333 2183 422 2212 ﬂuunt
433 2193 517 2221 super
530 2191 641 2219 terram,
652 2187 778 2219 videmus
794 2189 869 2217 hunc

72 2229 187 2256 ﬂuvium
205 2230 252 2263 qui
269 2230 371 2258 dicitur
387 2231 458 2259 Geon
473 2232 575 2260 habere
590 2241 654 2260 cum
672 2234 785 2262 Christo
807 2243 866 2263 ma-

72 2283 152 2309 gnam
166 2276 365 2310 proprietatem
386 2283 414 2304 et
434 2279 665 2308 convenientiam.
680 2280 759 2313 Nam,
779 2285 810 2308 ut
826 2282 869 2309 di-

71 2326 139 2348 cunt
158 2322 206 2356 qui
220 2323 334 2356 pulchre
351 2329 379 2350 et
409 2328 537 2353 accurate
559 2325 679 2360 linguam
705 2327 868 2356 liebraicam
885 2325 907 2352 ι)

72 2365 276 2395 transtulerunt
290 2369 316 2396 in
330 2369 464 2401 Graecam,
479 2371 550 2399 Geon
578 2372 777 2407 interpretatur
803 2376 868 2410 effu-

69 2421 114 2439 sor
124 2417 170 2438 aut
185 2415 346 2446 esinanitor,
362 2417 434 2450 quod
447 2418 558 2451 quidem
570 2426 666 2446 revera
673 2425 716 2446 est
726 2420 865 2449 Christus.

71 2457 217 2493 Tanquam
234 2459 339 2487 eﬂusor
350 2461 463 2495 quidem
488 2463 608 2498 seipsum
632 2465 767 2492 exinauiit
790 2467 864 2494 servi

71 2503 189 2532 fortnam
205 2506 346 2540 accipiens,
363 2506 495 2534 renovato
523 2509 610 2536 veteri
632 2510 753 2542 homine,
777 2517 805 2539 et
825 2519 868 2539 re-

70 2554 172 2576 novata
197 2550 268 2577 facie
296 2555 387 2584 terrae,
413 2557 441 2579 et
465 2553 563 2588 spiritu
585 2559 661 2582 recto
680 2556 812 2584 innovate
839 2557 867 2585 in

70 2594 230 2623 visceribus
243 2597 356 2624 nostris.
384 2597 463 2625 Unde
490 2599 574 2627 etiam
600 2601 723 2628 Paradisi
743 2604 867 2631 secundo

70 2641 183 2679 genitus
198 2641 292 2668 statim
315 2647 377 2676 post
393 2643 492 2671 Phison
512 2646 625 2680 pottitur
656 2647 738 2679 Geon,
766 2649 869 2684 signifi-

70 2693 138 2712 cans
151 2685 295 2713 Christum
309 2689 432 2716 secundo
449 2691 572 2725 genitum
594 2700 680 2727 super
694 2699 796 2722 terram
819 2704 865 2723 se-

70 2731 163 2759 cunda
188 2740 238 2767 per
254 2740 365 2760 carnem
386 2737 575 2769 generatione.
600 2744 663 2772 post
686 2740 810 2774 ejusdem
828 2742 867 2769 si-

69 2777 128 2803 mul
141 2778 272 2805 essentia:
286 2781 494 2813 generationem
507 2790 540 2809 ex
559 2783 649 2815 Patre,
664 2793 726 2819 qua:
743 2791 785 2813 est
799 2792 866 2814 ante

69 2823 182 2850 secula.
198 2824 233 2851 Et
249 2824 368 2852 fortasse
385 2834 417 2854 ea
440 2827 473 2854 de
487 2836 568 2856 causa
584 2830 631 2859 Dei
656 2830 756 2858 ﬂuvius
786 2832 867 2861 Jesus

69 2869 163 2896 statim
179 2877 194 2896 e
211 2874 283 2897 terra
297 2876 444 2905 generatus
454 2881 537 2908 super
551 2879 651 2902 terram
665 2884 698 2903 ex
715 2877 824 2913 Virgine
838 2884 867 2906 et

106 2926 129 2939 ⁴“
139 2927 221 2954 Joau.
235 2936 293 2960 vttt,
313 2929 354 2956 12.

70 2962 91 2978 ⁷³
110 2962 183 2990 Ρδςιι.
198 2971 309 2997 Lxxxvt,
325 2964 352 2998 5,
371 2965 394 2993 4.

408 2932 494 2969 “Alsa.
510 2941 546 2963 vt,
559 2934 585 2964 ii.
638 2935 659 2950 ’ν
675 2936 724 2962 lsa.
745 2945 785 2969 vt,
800 2939 825 2964 6.
877 2939 899 2955 ⁷⁸

432 2967 453 2982 ⁷³
468 2968 540 2995 l‘sai.
559 2977 641 3002 L\vtt,
655 2970 703 2997 5‘3.

610 254 648 283 ΙΝ
669 251 943 285 ΠΕΧᾹΕΝΙΕἎΟΝ.
958 265 992 269 -
1007 253 1077 283 LIB.
1099 251 1182 283 Vili.

1659 249 1713 278 ςιτει

916 308 1125 336 Bcthleetnitico
1156 307 1227 334 antri
1257 306 1333 333 fonte
1351 327 1358 336 ,
1388 305 1420 332 ad
1447 306 1516 333 (icon
1540 305 1654 332 [luvium
1683 307 1711 332 iu

915 354 1031 390 {Egypto
1050 354 1245 390 proﬁciscitur,
1261 353 1391 387 quoniam
1407 352 1547 378 secundus
1569 360 1600 378 ea;
1627 361 1709 386 ναι-ειη

916 401 973 427 dita
988 400 1069 433 Geon,
1083 404 1111 427 et
1129 400 1269 427 secundus
1288 398 1429 434 hypostasi
1446 406 1479 425 cx
1507 398 1586 424 Patre
1614 398 1710 424 Filius.

917 445 996 473 Unde
1019 446 1102 472 etiam
1128 453 1162 472 ex
1189 449 1391 472 cataractarum
1410 443 1558 470 altitudine
1571 444 1711 478 egreditur

918 495 946 518 et
973 491 1118 518 descendit
1134 491 1222 524 Geon,
1244 490 1375 526 quoniam
1391 490 1519 517 Christus
1547 498 1659 531 quoque
1680 497 1713 517 ex

919 537 1073 565 caelestium
1086 542 1288 568 cataractarum
1300 534 1448 564 altitudine
1467 537 1613 564 descendit
1629 544 1715 571 Super

920 587 1032 610 terram.
1051 583 1228 617 Superiorem
1241 581 1388 616 Ethiopia:
1400 586 1428 608 ct
1449 581 1608 609 inferiorem
1633 581 1715 616 [Egy-

919 629 959 664 pti
977 628 1116 664 regionem
1132 629 1227 663 irrigat
1242 632 1270 655 et
1287 628 1357 654 ditat
1374 628 1462 658 Geon,
1483 628 1624 662 quomodo
1636 627 1717 654 Chri-

920 679 979 701 stus
992 681 1102 709 quoque
1115 674 1237 701 coelestia
1247 678 1274 700 ct
1288 674 1429 701 terrestria
1440 674 1510 700 ditat
1524 679 1550 700 ct
1566 675 1712 701 illuminat.

919 722 960 749 Ex
976 721 1077 755 ignotis
1093 725 1122 747 et
1139 720 1382 755 inaspectabilibus
1404 720 1606 755 inaccessisque
1622 725 1650 747 ct
1675 721 1718 747 iu-

920 762 1120 794 scrutabilibus
1144 766 1214 793 locis
1234 766 1315 793 ambo
1341 765 1525 800 procedentes
1544 765 1718 793 descendunt

920 812 948 839 in
974 812 1033 838 loca
1059 811 1182 838 habitata
1205 819 1211 838 :
1233 817 1315 846 atque
1339 811 1408 838 adeo
1430 811 1457 838 in
1482 811 1564 838 rebus
1589 811 1718 838 omnibus

921 857 1016 892 liguris
1043 862 1071 884 et
1093 857 1228 892 exemplis
1245 857 1320 884 Geon
1337 857 1479 892 praedicat,
1495 862 1523 884 et
1542 857 1718 892 apertissime

921 904 1021 931 clamat
1044 903 1147 930 Christi
1176 903 1318 939 mysteria.
1344 903 1529 936 Quamobrem
1556 903 1644 935 Nilus,
1671 903 1718 938 qui

921 949 1072 984 aliquando
1089 950 1123 977 ab
1145 949 1226 976 initio
1243 949 1371 977 scaturiit
1386 950 1520 984 sanguine
1533 955 1561 977 ct
1574 957 1656 984 aqua,
1670 958 1717 984 per

916 997 1072 1031 exemplum
1102 995 1183 1023 nobis
1211 999 1276 1023 ante
1312 996 1472 1030 prmdicavit
1499 996 1660 1030 sanguinem
1691 1001 1718 1021 rt

917 1051 1016 1078 aquam
1037 1047 1228 1070 emanaturam
1245 1051 1280 1070 ex
1300 1043 1386 1070 latere
1414 1042 1491 1069 ﬂuvii
1518 1042 1567 1069 Dei
1594 1042 1660 1070 Jesu
1690 1042 1718 1068 in

917 1089 1061 1124 Colgotha.
1077 1089 1111 1116 Et
1123 1093 1208 1116 totam
1221 1093 1324 1116 terram
1341 1088 1387 1115 hic
1402 1088 1478 1115 Geon
1493 1088 1576 1115 simul
1588 1087 1718 1121 irrigans,

917 1139 945 1161 et
962 1142 1060 1160 rursus
1078 1134 1112 1160 ad
1124 1134 1267 1168 proprium
1283 1141 1367 1161 stium
1379 1133 1500 1168 priorem
1513 1133 1607 1160 locum
1622 1140 1717 1159 rever—

918 1182 990 1209 iens,
1007 1178 1132 1205 cernitur
1144 1177 1285 1205 Christum
1300 1177 1487 1212 prmﬁgurare,
1511 1178 1558 1212 qui
1583 1177 1718 1204 tnuudum

919 1223 1042 1257 irrigavit
1059 1227 1086 1249 et
1099 1223 1266 1250 illuminavit
1282 1223 1367 1250 simul
1385 1223 1482 1250 dicens
1499 1232 1504 1249 :
1523 1223 1580 1258 Ego
1593 1231 1609 1249 τι
1637 1222 1718 1250 Patre

918 1273 976 1299 meo
988 1266 1065 1298 exivi,
1079 1271 1103 1292 et
1115 1275 1205 1294 rursm
1219 1266 1254 1293 ad
1265 1266 1380 1294 .Patrem
1398 1275 1484 1294 meum
1499 1267 1577 1300 vado;
1590 1274 1719 1294 reversus

913 1319 978 1340 eum
993 1311 1020 1338 in
1032 1312 1134 1345 priora,
1150 1320 1267 1347 meaque
1276 1320 1331 1340 non
1343 1313 1555 1348 circumscripta
1566 1317 1631 1340 sunt
1646 1313 1717 1340 ioca.

918 1357 972 1385 iste
988 1357 1193 1385 amoenissimus
1219 1362 1247 1386 et
1276 1358 1393 1394 frugifer
1421 1359 1500 1386 Nilus
1524 1359 1627 1386 occidit
1653 1359 1718 1386 olim

918 1405 1069 1431 sceleratos
1088 1404 1162 1433 fetus
1176 1404 1360 1439 primogenita
1384 1405 1580 1433 Pharaonitica
1604 1404 1719 1440 legisla-

912 1450 986 1477 toris
1000 1451 1078 1484 jussu
1095 1454 1185 1477 morte
1207 1450 1316 1483 aﬂ‘ecta,
1338 1451 1415 1485 prius
1436 1451 1564 1478 indicans
1581 1455 1610 1478 et
1633 1451 1719 1487 signi-

904 1495 1002 1523 ficans
1017 1495 1159 1523 Christum
1174 1496 1221 1530 qui
1237 1496 1340 1523 occidit
1363 1497 1548 1532 primogenita
1564 1498 1720 1524 Pharaonis

917 1541 1020 1570 diaboli
1048 1542 1240 1577 (impietatem,
1268 1542 1400 1577 inquam,
1418 1547 1448 1570 et
1473 1543 1670 1577 idololatriam)
1689 1545 1717 1570 in

918 1589 1056 1624 profundo
1067 1597 1145 1624 aqua:
1160 1588 1347 1624 baptismatis.
1360 1590 1413 1617 iste
1429 1590 1504 1617 Geon
1519 1591 1625 1625 primus
1637 1590 1719 1617 nobis

918 1636 1067 1671 descripsit
1089 1636 1251 1671 gravissima
1279 1636 1470 1671 [Egyptiorum
1486 1636 1623 1670 supplicia
1654 1644 1716 1671 quae

921 1682 1055 1710 Dominus
1068 1682 1149 1709 Jesus
1163 1690 1212 1716 pro
1227 1682 1308 1709 nobis
1325 1682 1418 1710 intulit
1434 1683 1535 1717 popttlo
1549 1682 1717 1709 daemonum.

922 1729 1003 1757 Solus
1016 1728 1090 1757 Geon
1105 1728 1183 1757 nobis
1194 1729 1337 1756 coronavit
1348 1729 1449 1763 .loseph
1470 1736 1573 1763 regem,
1598 1728 1645 1762 qui
1668 1736 1719 1754 no-

922 1773 965 1801 bis
978 1773 1012 1801 de
1026 1773 1135 1801 Christo
1148 1774 1240 1801 omnia
1263 1773 1469 1808 prtefigurabat,
1486 1777 1515 1801 et
1538 1773 1717 1808 loquebatur.

922 1820 1013 1847 Prima
1027 1820 1151 1847 omnium
1164 1821 1307 1856 regionum
1318 1820 1476 1856 gentilium,
1489 1823 1562 1847 terra
1573 1819 1627 1846 Nili
1648 1819 1716 1846 vidit

922 1865 1008 1893 Deum
1038 1864 1066 1894 in
1094 1875 1176 1894 carne
1192 1867 1264 1901 apud
1281 1874 1310 1893 se
1331 1870 1498 1897 versantem,
1511 1866 1626 1892 etrnulla
1641 1866 1719 1899 regio

922 1912 1103 1940 Barbarorum
1117 1913 1333 1948 alienigenarum
1347 1913 1376 1939 iu
1389 1912 1492 1939 tnundo
1502 1911 1604 1938 Christi
1616 1912 1715 1938 faciem

921 1956 991 1984 vidit
1007 1957 1034 1984 in
1049 1965 1133 1984 carne
1151 1957 1202 1984 nisi
1221 1957 1278 1984 sola
1302 1956 1446 1991 IEgyths.
1478 1955 1507 1982 in
1533 1962 1577 1987 ea,
1608 1956 1712 1982 Pascha

921 2002 974 2029 fuit
986 2006 1065 2037 typus
1076 2002 1179 2028 Christi
1196 2001 1332 2036 passionis
1347 2005 1375 2028 et
1387 2009 1474 2035 agnus
1489 2000 1596 2035 primus
1609 2003 1652 2026 cst
1666 2007 1718 2026 ocr-

922 2049 1006 2076 eisus.
1019 2048 1048 2076 In
1065 2056 1108 2079 ea,
1128 2048 1282 2082 redemptio
1299 2048 1422 2082 gentium
1440 2047 1518 2082 prius
1532 2046 1586 2072 fuit
1604 2046 1716 2073 deseri-

922 2099 968 2130 pta
982 2102 1016 2122 ex
1029 2102 1111 2122 tnanu
1126 2094 1233 2129 tyranni
1253 2093 1359 2120 mundi.
1379 2088 1513 2128 [Egyptus
1534 2092 1623 2127 prima
1645 2093 1716 2119 vidit

922 2141 984 2176 agni
999 2141 1159 2176 sanguinem
1176 2141 1210 2167 ad
1224 2148 1367 2175 vesperam
1383 2140 1410 2167 in
1430 2139 1559 2166 dentibus
1575 2139 1715 2174 signatum

922 2187 955 2214 ad
969 2188 1095 2219 salutem,
1121 2192 1150 2214 et
1179 2186 1300 2214 ostendit
1328 2186 1392 2221 agni
1421 2185 1525 2213 Christi
1552 2186 1716 2220 sanguinem

923 2236 1015 2263 fusum
1032 2234 1065 2261 ad
1081 2241 1223 2268 vesperam
1240 2237 1406 2267 temporum,
1422 2233 1511 2260 donec
1529 2232 1642 2260 domum
1664 2233 1716 2259 Ec-

923 2280 1014 2308 clesia:
1037 2280 1180 2307 coloravit.
1208 2279 1273 2306 Post
1297 2279 1396 2306 hiemis
1429 2283 1634 2313 tempestatem,
1652 2287 1715 2305 cum

921 2334 1001 2354 suum
1018 2334 1162 2354 ascensum
1173 2326 1201 2352 in
1216 2333 1265 2352 aer
1278 2325 1461 2353 convertisset
1483 2325 1627 2356 Dominus,
1641 2324 1716 2351 illim:

918 2381 952 2400 ex
968 2372 1063 2403 latere,
1079 2370 1140 2399 vitae
1154 2371 1234 2399 nobis
1249 2378 1348 2406 aquam
1367 2375 1472 2398 scatere
1494 2371 1560 2398 fecit
1579 2371 1716 2397 Domith

918 2419 946 2445 in
963 2419 1044 2446 horto
1055 2418 1199 2453 Golgotha.
1214 2419 1364 2452 Propterea
1382 2417 1462 2445 Geon
1472 2425 1583 2452 quoque
1596 2417 1714 2443 salutem

917 2464 1012 2500 populi
1045 2464 1148 2492 faciens
1177 2471 1343 2495 ascensum,
1373 2467 1436 2490 ante
1465 2471 1582 2495 omnes,
1617 2462 1717 2497 irrigat

916 2510 1072 2545 Ethiopes,
1087 2510 1165 2537 nobis
1190 2510 1343 2545 praedicans
1364 2510 1438 2545 quod
1454 2510 1562 2544 primos
1588 2510 1714 2544 gentium

918 2556 1042 2584 tenebris
1052 2556 1157 2583 oﬂ‘usos
1172 2557 1289 2591 populos
1306 2560 1438 2583 servatet
1454 2556 1593 2583 illuminat
1604 2560 1632 2583 et
1648 2555 1715 2582 irri-

918 2608 963 2639 gat
977 2603 1114 2631 Christus.
1149 2604 1188 2631 De
1211 2604 1314 2638 quibus
1344 2603 1429 2630 David
1461 2603 1529 2630 dicit
1552 2603 1684 2630 Ecclesia:
1704 2613 1710 2629 z

918 2649 1134 2683 Gloriﬁeatisunt
1143 2649 1218 2680 dele,
1228 2649 1320 2675 civitas
1334 2649 1396 2681 Dei;
1405 2657 1461 2675 ecce
1473 2649 1547 2675 ettim
1557 2649 1715 2683 alienigena:
1756 2681 1758 2683 _

918 2699 943 2721 et
960 2695 1043 2730 Tyrus
1068 2699 1092 2721 et
1106 2694 1218 2730 populus
1245 2694 1412 2728 .Et/tiopum,
1430 2694 1457 2721 Ιιὶ
1469 2694 1579 2729 fuerunt
1597 2694 1686 2721 illic”
1705 2703 1712 2725 ;

920 2740 1056 2775 ,ίΕιΙιίορίίι
1080 2741 1154 2767 cuitu
1176 2741 1302 2774 prwvenit
1323 2748 1418 2767 manus
1444 2749 1507 2767 snas
1530 2740 1586 2767 Deo
1603 2740 1713 2770 "hante

921 2794 1016 2814 omnes
1028 2794 1090 2813 cutn
1106 2786 1220 2814 Christo
1236 2791 1313 2820 pacta
1327 2791 1462 2813 couveuta
1485 2786 1554 2812 dans
1569 2790 1596 2812 et
1609 2785 1712 2812 faciens

921 2840 970 2867 per
997 2832 1074 2859 illum
1100 2831 1261 2859 eunuchum
1285 2831 1332 2866 qui
1356 2835 1416 2859 erat
1434 2830 1576 2858 Candaces
1608 2829 1712 2864 regina:

921 2878 1092 2913 Aithiopum,
1121 2878 1260 2908 Ecclesizn,
1290 2885 1351 2911 qua:
1377 2877 1488 2911 quidem
1503 2876 1614 2903 Cltristo
1633 2877 1710 2904 unita

915 2939 981 2965 han.
997 2946 1025 2970 tt,
1038 2938 1081 2965 5i.
1134 2938 1154 2952 τ’
1173 2937 1243 2964 i‘sal.
1260 2944 1339 2968 cxvii,
1355 2936 1398 2962 ‘22.
1453 2935 1475 2949 ⁷⁷
1491 2934 1540 2961 Isa.
1557 2942 1647 2966 xxvm,
1666 2935 1708 2961 ιϐ.
