1990 3183
283 206 335 237 9ἷ9

880 210 910 240 S.
931 210 1128 240 ANASTASII
1149 212 1311 242 SINAlT/E

1860 213 1917 244 988

282 263 398 290 clamat:
416 263 499 299 Nigra
516 272 574 290 sum
595 270 618 291 el
638 265 764 300 formosa,
781 265 846 299 ﬁlia:
861 266 1010 293 Jerusalem
1028 267 1050 282 "
1063 287 1070 299 ,
1087 267 1109 296 Α
1123 267 1174 294 tius
1191 268 1292 303 Tygris,
1309 269 1364 303 ipse
1376 268 1445 294 vadit
1461 271 1553 294 contra
1580 266 1711 302 Assyrios.
1734 265 1790 293 Cur
1816 270 1917 294 autem

281 307 359 343 nigra
377 309 454 342 prius
468 309 671 342 incredulitate,
687 319 748 346 quzc
763 319 838 339 nunc
865 319 926 339 sum
952 312 1070 339 obscura

282 353 448 387 humilitate,
458 355 576 383 formosa
587 361 678 383 autem
688 365 763 384 nunc
775 364 836 384 sum
844 357 892 384 Dei
901 357 1068 392 cognitione.

282 399 339 434 Ego
353 400 426 427 enim
441 409 502 428 sum
524 403 614 437 regina
634 403 726 429 Austri
744 411 805 437 qute
823 411 904 438 surgo
920 411 954 429 ex
969 402 1070 430 ﬁnibus

283 449 362 472 terrae
377 448 510 481 gentium,
526 453 554 475 et
579 449 693 476 veniens
721 448 777 475 vidi
800 449 963 483 sapientiam
990 447 1069 475 Salo-

281 494 372 520 monis
389 495 436 528 qui
466 503 530 522 vere
551 495 585 522 ad
613 503 656 522 me
686 495 834 523 clamavit:
863 496 935 528 Veni,
952 496 1068 530 formosa

280 541 428 582 propinqua
443 549 511 572 utea,
530 541 565 568 ad
578 550 617 568 me
635 543 657 557 τδ
669 561 676 568 .
694 543 750 578 Ego
768 543 843 570 enim
868 551 927 569 sum
953 551 1069 569 resurre-

280 586 331 612 ctio
347 586 380 618 ⁷⁷,
393 590 421 613 ct
430 594 480 622 ego
495 595 554 614 sum
569 587 669 614 ﬂuvius
685 588 743 619 Dei,
758 588 803 623 qui
819 593 930 623 propter
946 593 971 616 te
982 589 1069 615 iactus

280 639 339 657 sum
357 637 430 659 terra
456 634 565 667 genitus
587 634 674 666 Geon,
688 640 715 662 et
730 635 775 669 qui
796 635 935 661 circumeo
951 639 978 661 et
994 642 1068 661 com-

279 677 422 711 prehendo
454 687 562 706 otnuem
592 684 693 708 terram
718 681 840 716 gentium
869 680 1015 715 (Ethiopian
1042 685 1069 707 et

278 723 388 759 Aigypti
408 726 485 760 prius
502 726 661 759 incredula},
682 736 756 754 nunc
783 733 875 755 autem
902 727 963 754 ﬁdei
993 728 1068 754 incc—

278 770 626 809 ptrix,quoniamx‘lilgyptii
639 775 758 808 primum
770 774 900 801 viderunt
911 773 1067 804 Dominum,

279 821 308 844 et
319 818 447 852 cognitus
457 818 508 845 fuit
522 820 657 847 Dominus
669 820 814 855 Egyptiis,
832 825 859 847 et
879 825 1003 846 erectum
1026 824 1069 845 est

280 863 367 890 altare
385 864 502 891 Domino
517 865 543 892 in
555 865 672 901 [Egypto
685 866 767 892 ﬁxum
788 866 814 892 in
840 870 916 900 petra
929 865 1015 897 Petri,
1041 869 1069 891 et

279 909 407 940 columna
421 910 493 937 sedit
506 911 621 938 Domino
631 911 714 946 899
725 911 757 938 ad
770 911 837 938 ﬁnes
849 911 957 947 zligypli
977 911 1068 938 Domi-

280 963 333 981 nus
360 956 388 982 in
404 956 542 983 Bethleem
569 965 653 991 super
679 958 780 984 nubem
811 958 909 989 levent,
938 961 1068 991 tanquam

280 1002 370 1036 pinvia
385 1003 506 1029 crrlestis
522 1003 548 1029 in
571 1004 675 1038 gremio
698 1004 804 1030 nebula:
824 1004 913 1030 Mariae
938 1011 994 1030 sum
1010 1011 1068 1030 ma-

279 1049 331 1075 tris
351 1053 379 1076 et
392 1057 474 1076 cursu
489 1051 565 1077 venit
582 1051 609 1077 in
624 1050 771 1086 .digyptum
790 1051 897 1084 fugiens
915 1049 1068 1076 voluntarie

279 1095 426 1122 sceleratas
454 1104 552 1123 manus
581 1096 750 1131 iniquorum,
783 1101 810 1123 et
822 1096 960 1123 concussit
973 1104 1069 1122 manu—

277 1140 348 1168 facta
362 1141 482 1177 (Egypti,
499 1147 526 1169 et
540 1142 674 1177 confregit
686 1142 821 1177 sculptilia
832 1142 950 1177 Egypti,
967 1146 995 1168 et
1008 1149 1067 1167 eam

277 1187 408 1215 excitavit
422 1189 569 1223 jacentem.
589 1189 725 1221 Quoniam
742 1189 874 1224 Egyptus
896 1188 954 1215 suis
981 1188 1067 1214 mani-

279 1233 331 1259 bus
343 1234 450 1268 excepit
467 1234 552 1261 Deum
574 1234 609 1260 ad
627 1235 713 1269 ipsam
743 1235 901 1261 venientem
927 1238 955 1260 ct
983 1241 1066 1260 cursu

278 1277 515 1309 contendentem;
542 1283 570 1305 et
599 1278 749 1305 occultavit
776 1286 790 1304 a
822 1277 888 1304 feris
910 1277 1067 1312 agrestibus

277 1322 437 1350 Judmorum
462 1332 525 1350 cum
541 1324 587 1358 qui
607 1324 696 1358 ipsum
709 1324 811 1358 eripuit
827 1331 841 1350 ιι
862 1323 988 1350 manibus
1010 1323 1066 1350 dae-

278 1376 391 1395 monum
409 1378 416 1395 :
434 1373 461 1396 et
476 1369 595 1396 servavit
614 1369 686 1396 ulnis
699 1370 823 1403 amplexa
840 1376 902 1396 cum
915 1369 961 1403 qui
978 1369 1066 1403 ipsum

277 1419 304 1440 et
319 1415 450 1442 mundum
465 1416 594 1447 servavit,
619 1421 646 1442 et
670 1416 736 1442 texit
758 1423 821 1442 eum
847 1415 893 1449 qui
925 1415 1010 1449 ipsam
1039 1419 1067 1441 et

277 1461 368 1487 omnia
391 1469 473 1488 manu
494 1462 564 1495 regit
580 1470 586 1488 :
605 1466 633 1488 et
657 1461 777 1496 hospitio
801 1461 909 1495 excepit
934 1460 1067 1496 [Egyptus

269 1514 340 1537 ,enm
353 1507 399 1541 qui
418 1514 500 1534 carne
516 1506 673 1534 voluntarie
689 1507 715 1533 in
732 1514 762 1533 ea
779 1506 831 1534 fuit
846 1507 954 1541 hospes,
973 1511 1000 1533 ct
1017 1514 1067 1533 nos

276 1553 324 1586 qui
343 1552 370 1579 in
387 1553 444 1586 ipsa
458 1560 570 1580 eramus
588 1553 714 1587 hospites
730 1553 756 1580 in
781 1553 866 1580 cutlos
889 1553 1010 1580 sustulit.
1033 1553 1067 1579 Et

277 1599 378 1626 nutriit
391 1599 524 1635 Egyptus
538 1607 635 1634 panem
653 1601 794 1627 emicstem
811 1600 857 1634 qui
875 1608 970 1626 omnes
987 1600 1064 1630 aluit,

276 1648 305 1671 et
322 1645 425 1678 potavit
444 1645 519 1672 Geon
539 1653 609 1679 aqua
629 1645 735 1680 {Egypti
752 1646 854 1672 fontem
869 1645 942 1676 vitae,
959 1649 987 1671 et
1001 1652 1066 1679 ape-

277 1689 335 1716 ruit
345 1688 478 1724 IEgyptus
490 1690 592 1716 ostium
603 1690 640 1716 illi
653 1690 700 1724 qui
710 1689 790 1716 dicit:
800 1690 854 1724 Ego
863 1698 918 1715 sum
927 1690 1021 1716 ostium
1032 1689 1065 1721 ⁷⁸,

277 1738 305 1761 et
329 1734 406 1762 dedit
432 1735 542 1762 initium
572 1735 712 1770 ingressus
734 1736 791 1762 Deo
815 1735 916 1767 Verbo,
938 1735 1011 1769 quod
1033 1743 1066 1762 ex

278 1781 415 1815 principio
432 1785 543 1808 eareutc
564 1781 700 1815 principio
716 1778 796 1807 simul
812 1785 871 1807 erat
889 1780 948 1807 sine
964 1780 1066 1814 prim-i-

277 1827 324 1862 pio
335 1832 363 1854 ct
377 1827 403 1854 in
420 1827 554 1862 principio
567 1832 611 1860 ;ct
631 1827 737 1854 invenit
752 1826 880 1853 Christus
900 1827 926 1853 in
952 1826 1067 1861 Aigypto

277 1874 322 1900 ubi
347 1879 427 1907 caput
455 1874 562 1901 inclinet
590 1874 643 1901 ﬁde
660 1883 666 1899 :
686 1873 817 1908 quoniam
840 1873 867 1900 in
883 1874 994 1908 propria
1010 1881 1065 1899 non

277 1925 338 1948 erat
359 1921 382 1947 ei
398 1921 475 1947 locus
493 1920 554 1947 ﬁdei
571 1921 598 1946 in
609 1920 752 1947 diversorio
768 1920 906 1947 derelicta:
920 1919 1067 1955 Synagoga‘.

276 1967 433 1995 Jndznorum
445 1974 451 1996 ;
464 1971 491 1993 et
504 1966 576 1993 Deus
591 1966 706 1992 deorum
719 1965 852 1992 Dominus
864 1965 974 1992 locutus
985 1970 1065 1992 estex

276 2013 392 2048 [Egypto
402 2033 409 2045 ,
424 2013 523 2040 Filium
538 2020 617 2039 suum
633 2012 665 2038 ad
678 2019 727 2038 nos
736 2011 849 2038 mittens
857 2016 918 2038 ante
928 2011 1067 2045 apostolos

277 2059 464 2094 apostolorum
479 2059 565 2086 Deum
579 2067 586 2091 ;
600 2064 627 2085 et
640 2058 691 2085 fuit
707 2058 783 2085 Geon
801 2062 912 2084 sanctus
926 2065 974 2091 per
1000 2057 1067 2084 San-

277 2110 351 2132 ctum
365 2110 523 2132 sanctorum
537 2104 734 2136 sanctiﬁcatus,
747 2108 775 2130 et
790 2103 824 2130 ad
838 2103 1065 2130 illuminationem

277 2156 304 2178 et
321 2151 565 2178 sanctiﬁcationem
583 2150 715 2186 praevenit
741 2149 875 2176 auriﬂuus
896 2150 985 2176 anteis
1007 2149 1066 2176 Jor-

276 2204 376 2225 canem
401 2198 447 2232 qui
471 2197 729 2231 excepitChristum
760 2195 786 2222 in
816 2195 874 2222 suis
887 2194 1019 2226 ﬂuentis;
1039 2198 1067 2221 et

277 2243 386 2278 excepit
398 2251 492 2270 rursus
504 2243 625 2270 secundo
641 2242 723 2270 etiam
737 2241 840 2269 sanctis
853 2240 973 2268 sanctior
984 2239 1065 2275 Egy-

277 2276 353 2325 ptus,
368 2298 416 2325 pro
432 2290 514 2317 Maria
527 2289 643 2316 Mosaica
659 2287 770 2314 Mariam
786 2287 941 2318 dominam;
959 2285 1066 2312 etditat
1081 2276 1103 2303 Ῑ)

277 2336 397 2363 secundo
409 2335 483 2362 Geon
501 2335 613 2368 Ioseph,
628 2334 674 2368 qui
703 2334 744 2360 vir
765 2333 878 2367 quidem
907 2331 1064 2363 dicebatur,

277 2381 324 2408 sed
339 2388 393 2407 non
413 2384 473 2407 erat
488 2380 530 2406 vir
542 2378 634 2406 Matris
656 2387 717 2412 qua:
741 2382 800 2405 erat
824 2377 898 2404 omni
923 2385 957 2404 cx
988 2382 1066 2412 parte

278 2427 448 2461 incorrupta,
469 2425 691 2460 quandoquidem
707 2425 764 2459 ipsc
781 2424 833 2451 fuit
849 2429 940 2458 gratus
951 2427 978 2450 et
990 2430 1066 2450 accc-

277 2477 342 2508 ptus
364 2481 456 2500 coram
481 2480 514 2499 eo
533 2472 580 2506 qui
611 2472 730 2506 seipsum
760 2470 904 2498 cxinaniit.
931 2469 984 2496 Sed
1010 2469 1067 2496 hrec

277 2520 389 2554 quidem
405 2523 469 2546 sunt
483 2518 607 2546 encmnia
632 2517 750 2552 Egypti,
777 2524 838 2551 quae
863 2515 890 2542 in
914 2516 967 2542 alio
994 2515 1065 2542 libro

277 2566 388 2601 proprio
406 2565 495 2592 iusius
505 2564 677 2592 celebrantes
690 2563 907 2598 composuimus.

312 2622 391 2650 Nunc
403 2626 493 2648 autem
517 2621 550 2648 de
568 2625 667 2648 caztcro
680 2629 730 2648 nos
749 2625 856 2655 tempus
868 2624 947 2646 vocat
958 2623 988 2645 ut
998 2620 1066 2646 alios

278 2674 388 2702 quoque
403 2666 501 2693 ﬂuvios
512 2666 607 2700 paucis
621 2665 870 2698 transnavigemus,
885 2663 1065 2690 consideran-

278 2718 320 2742 tes
328 2713 562 2749 quemadmodum
576 2713 614 2740 illi
627 2719 738 2747 quoque
749 2711 780 2738 ad
793 2710 934 2738 Christum
947 2709 1067 2736 habeant

278 2760 441 2787 relationem
458 2759 528 2786 etad
545 2758 703 2793 paradisum
719 2756 848 2784 Ecclesia:
858 2755 981 2790 gentium
1000 2763 1005 2780 :
1026 2754 1066 2781 sic

277 2807 352 2835 enim
367 2807 437 2834 dicit
453 2805 602 2840 Scriptura:
615 2802 815 2838 consequentia
835 2811 840 2828 :
860 2802 891 2828 Et
907 2802 1001 2837 fluvius
1014 2805 1066 2826 ter-

803 2903 823 2917 "
841 2902 918 2929 Joau.
934 2910 969 2931 xv,
982 2901 1026 2927 25.

822 2939 844 2954 ⁸³
861 2938 939 2965 ltum.
961 2945 1006 2969 vn,
1025 2936 1065 2963 Η.

557 2895 579 2919 l“
592 2905 671 2932 Cant.
685 2904 750 2933 v.1.

546 2941 568 2956 ⁵¹
585 2940 604 2967 ll
621 2939 684 2967 Cor.
705 2947 742 2972 Ill,
757 2941 783 2966 t5.

313 2906 335 2922 τ’
349 2906 427 2933 Cant.
447 2914 464 2937 ι,
477 2907 502 2933 4.

278 2941 297 2957 ⁸⁸
313 2941 449 2974 Joaunir,
467 2942 506 2968 18.

1083 2900 1104 2915 ⁷⁸
1114 2899 1191 2926 .loan.
1212 2906 1238 2930 x,
1256 2897 1281 2924 9.

1121 312 1192 339 deos
1209 313 1322 348 quidem
1346 312 1446 340 ﬂuvios
1467 313 1597 348 (Phison,
1622 312 1748 346 inquam,
1771 316 1800 338 et
1820 311 1917 345 Geon)

1121 359 1246 385 nominat
1260 359 1477 391 circumeuntes,
1492 362 1521 385 et
1536 362 1665 392 tanquam
1677 357 1869 384 custodientes
1877 364 1915 384 ac

1121 405 1387 432 circummunicntcs
1402 404 1561 439 paradisum
1579 403 1684 430 Christi
1699 412 1706 429 τ
1725 403 1838 430 tertium
1857 411 1915 430 au-

1120 455 1174 477 tem
1190 451 1313 482 ﬂuvium,
1330 458 1385 477 non
1401 451 1632 482 circumeuntem,
1646 449 1694 476 sed
1706 454 1834 484 tanquam
1845 457 1916 476 cum

1119 504 1210 531 pugna
1228 500 1256 524 et
1280 497 1353 523 bello
1371 501 1574 527 occurrentem,
1588 503 1622 522 ex
1642 495 1759 522 adverso
1777 495 1915 530 Assyrio-

1120 551 1180 569 rum
1190 543 1202 569 ?
1212 542 1316 577 Assyrii
1328 542 1666 577 quideminterpretantur
1689 549 1741 567 non
1753 541 1915 575 dirigentes;

1120 589 1217 624 Tygris
1230 593 1333 621 autem,
1345 596 1413 616 voce
1426 588 1520 615 Grzcca
1531 587 1645 619 dicitur,
1660 586 1729 613 latus
1738 591 1766 614 et
1774 590 1915 613 austeras.

1119 635 1191 670 Ergo
1203 635 1322 670 Assyriis
1337 635 1448 670 quidem
1472 634 1658 669 dirigentihus
1670 641 1749 660 suam
1767 633 1853 659 vitam
1881 633 1913 659 in

1119 683 1193 709 viam
1208 683 1283 716 pacis
1297 702 1304 714 ,
1334 681 1439 709 resistit
1459 681 1593 708 adversus
1607 688 1655 707 eos
1679 680 1783 707 bellum
1807 686 1914 714 gerens

1119 729 1278 763 evangelica
1294 728 1465 764 prazdicatio.
1484 728 1593 755 Scimus
1606 727 1679 754 enim
1697 726 1824 761 Assyrios
1844 733 1913 753 esse

1119 775 1212 801 hostes
1230 779 1270 801 ‘et
1298 773 1426 801 inimicos
1451 772 1499 800 Dei
1521 772 1643 799 civitatis
1662 771 1830 802 Jerusalem,
1858 771 1910 804 qui

1119 825 1147 848 et
1160 829 1220 848 eam
1237 829 1297 855 quae
1317 824 1359 847 est
1385 820 1485 851 domus
1509 819 1556 846 Dei
1583 819 1659 846 varie
1676 817 1855 852 diripuerunt
1879 821 1913 843 et

1119 872 1294 896 exusserant.
1304 868 1444 895 Adversus
1457 875 1526 902 quos
1537 867 1636 894 tertius
1649 865 1831 899 plenitudinis
1845 865 1912 892 Tri—

1119 915 1214 942 uitatis
1227 915 1368 951 (Spiritus.
1381 915 1503 948 inquam,
1515 912 1639 946 sanctus)
1649 912 1758 939 vaditei
1774 911 1863 938 hostis
1880 915 1911 937 ct

1121 961 1254 988 infestus:
1268 959 1375 986 Flavius
1391 963 1479 986 autent
1495 962 1606 993 quartus
1627 958 1675 984 iste
1692 961 1730 983 est
1746 956 1907 991 Euphrates.

1120 1006 1149 1033 ln
1174 1006 1269 1033 multis
1289 1010 1381 1032 autem
1405 1009 1432 1031 et
1447 1003 1565 1031 diversis
1576 1002 1662 1035 locis,
1694 1000 1767 1028 sacri
1786 999 1907 1034 theologi

1119 1052 1352 1079 documentorum
1369 1050 1553 1078 Mosaicorum
1577 1049 1668 1075 solent
1690 1047 1829 1082 appellare
1845 1054 1907 1072 ma-

1119 1106 1203 1132 gnum
1220 1106 1254 1125 ex
1270 1098 1313 1124 his
1329 1102 1448 1132 quatuor
1466 1096 1557 1122 ﬂuviis
1575 1096 1664 1122 solum
1680 1094 1860 1127 Euphratem,
1876 1098 1908 1119 ut

1119 1143 1231 1178 quando
1249 1144 1321 1169 Deus
1335 1143 1401 1169 dicit
1414 1141 1508 1168 lsracli
1525 1141 1563 1167 79:
1574 1138 1869 1167 Ponamterminostuos
1889 1147 1907 1164 α

1118 1190 1197 1224 ﬂuvio
1207 1188 1313 1223 .Egypti
1330 1196 1411 1222 usque
1424 1187 1458 1214 ad
1472 1187 1581 1222 fluuium
1592 1193 1718 1220 magnum
1733 1183 1905 1218 Euphratem.

1117 1235 1206 1270 Atque
1215 1235 1371 1269 Euphrates
1378 1233 1490 1268 quidem
1502 1233 1596 1260 Graeca
1605 1232 1698 1266 lingua
1709 1230 1908 1264 interpretatur

1118 1280 1296 1315 καρποφοριὰ
1321 1279 1425 1306 αὐτῶνθ
1454 1279 1508 1305 hoc
1534 1282 1577 1305 est
1611 1285 1702 1303 eorum
1724 1275 1905 1310 fructiﬁcatio.

1117 1326 1276 1361 Euphrata-i
1299 1329 1391 1352 autem
1428 1332 1526 1351 rursus
1552 1323 1683 1350 dicuntur
1707 1321 1906 1356 fructificantes.

1117 1371 1250 1399 Nonnulli
1279 1375 1373 1396 autem
1398 1377 1431 1395 ex
1462 1367 1662 1402 interpretibus
1686 1365 1908 1399 interpretantur

1117 1417 1285 1451 Euphratem
1303 1416 1359 1442 vitii
1372 1414 1568 1449 dispersionem.
1586 1412 1729 1446 Euphrata
1739 1415 1830 1437 autem
1849 1413 1906 1434 ter-

1118 1472 1176 1490 ram
1186 1464 1298 1497 fructum
1305 1462 1442 1495 ferentem.
1453 1460 1602 1494 Propterea
1608 1465 1674 1492 ergo
1681 1463 1797 1491 magnus
1804 1455 1907 1482 ﬂuvius

1117 1509 1165 1536 Dei
1176 1508 1344 1542 Euphrates,
1358 1513 1457 1540 nempe
1467 1505 1605 1536 Christus,
1616 1503 1662 1535 qui
1675 1506 1716 1529 est
1729 1499 1907 1529 fructiﬁcatio

1117 1555 1368 1589 Euphratteorum,
1394 1552 1419 1579 id
1453 1555 1496 1578 est
1519 1550 1643 1585 gentium
1667 1547 1816 1576 ferentium
1844 1546 1907 1572 l'ru-

1080 1603 1103 1634 C
1119 1606 1194 1629 ctum
1211 1621 1218 1631 ,
1233 1603 1362 1627 natnscst
1381 1599 1407 1625 in
1427 1598 1567 1632 Euphrate
1581 1595 1620 1629 (id
1636 1599 1688 1625 est,
1701 1593 1853 1625 Bethleem)
1875 1595 1908 1618 ut

1117 1644 1361 1680 dispergatvitium
1373 1642 1540 1678 gentium,et
1555 1640 1654 1667 reddat
1664 1643 1765 1666 terram
1781 1637 1902 1664 fructum

1118 1692 1252 1719 ferentem
1266 1689 1417 1718 Ecclesium
1431 1695 1493 1722 quae
1505 1687 1583 1722 prius
1594 1689 1655 1712 erat
1671 1683 1833 1717 infrugiiera
1853 1690 1860 1708 :
1877 1686 1908 1707 ut

1119 1742 1191 1765 terra
1208 1737 1254 1764 det
1270 1736 1351 1763 nobis
1364 1735 1484 1769 fructum
1501 1740 1593 1762 suum,
1608 1739 1670 1758 cum
1685 1730 1711 1756 in
1726 1737 1757 1756 ea
1780 1729 1815 1755 sit
1830 1728 1907 1754 inse-

1118 1783 1251 1820 parabilis
1270 1783 1409 1809 lructuum
1419 1778 1673 1812 datorEuphratcs.
1685 1775 1823 1803 Convenit
1831 1773 1906 1800 enim

1117 1830 1205 1865 magis
1241 1828 1394 1863 prudenter
1418 1824 1638 1853 animadvertere
1672 1819 1907 1856 quemadmodum

1117 1877 1220 1904 Phison
1239 1874 1348 1909 quidem
1369 1872 1471 1900 dicitur
1479 1871 1598 1899 circuire
1612 1873 1694 1895 totam
1708 1869 1793 1902 ipsum
1806 1871 1907 1892 terram

1117 1922 1224 1949 Evilath
1232 1942 1238 1953 ,
1246 1928 1294 1948 seu
1303 1918 1500 1954 parturientem
1511 1915 1600 1943 :Geon
1608 1918 1699 1940 autem
1707 1912 1833 1939 similiter
1840 1916 1911 1936 con-

1119 1968 1188 1995 tinet
1203 1965 1363 1994 custodicns
1375 1964 1422 1999 qui
1441 1964 1467 1990 in
1483 1970 1516 1990 eo
1529 1966 1594 1989 sunt
1610 1959 1726 1996 populos
1742 1965 1837 1986 eorum
1858 1956 1906 1991 qui

1117 2014 1195 2050 prius
1210 2017 1289 2040 erant
1303 2011 1464 2045 Aithiopum
1479 2017 1484 2034 :
1503 2008 1600 2043 Tygris
1609 2011 1700 2034 autem
1715 2012 1775 2032 eam
1788 2002 1909 2038 protegit

1117 2048 1145 2088 et
1162 2059 1285 2087 defendit
1301 2058 1436 2085 adversus
1453 2055 1594 2090 improbos
1610 2053 1747 2088 Assyrios.
1762 2050 1821 2077 Non
1833 2048 1907 2076 scri-

1117 2112 1194 2143 ptum
1207 2110 1250 2133 est
1267 2109 1358 2132 autem
1374 2109 1503 2137 magnum
1521 2100 1702 2135 Euphratem,
1714 2104 1803 2142 neque
1816 2100 1908 2122 trans-

1118 2153 1169 2184 ire,
1201 2158 1291 2186 neque
1305 2149 1407 2176 vadere.
1418 2169 1425 2180 ,
1444 2155 1534 2182 neque
1556 2146 1685 2177 circuire,
1709 2143 1755 2171 sed
1768 2151 1829 2170 esse
1846 2148 1907 2168 sta-

1117 2199 1204 2226 bilem‘
1220 2202 1248 2224 et
1265 2195 1448 2226 immobilem,
1471 2198 1502 2222 ut
1526 2193 1573 2228 qui
1588 2199 1700 2226 semper
1724 2190 1797 2218 dicat
1812 2198 1818 2215 :
1838 2188 1908 2216 Ecce

1118 2246 1249 2273 vobiscum
1263 2252 1321 2271 sum
1334 2242 1454 2270 omnibus
1472 2241 1561 2267 diebus
1580 2246 1663 2273 usque
1678 2241 1713 2264 ad
1737 2244 1908 2263 consumma-

1119 2294 1214 2320 tionem
1228 2290 1316 2318 surculi
1332 2290 1364 2316 3".
1373 2288 1407 2316 Et
1423 2298 1429 2315 :
1450 2288 1508 2315 Non
1519 2286 1669 2321 relinquam
1680 2292 1723 2311 vos
1732 2283 1863 2317 orplmnos
1872 2282 1906 2309 ει,

1118 2339 1268 2372 Propterea
1281 2343 1346 2371 ergo
1366 2342 1455 2369 neque
1476 2334 1559 2360 ullam
1576 2332 1718 2367 regionem
1735 2329 1837 2356 dicitur
1860 2328 1907 2354 hie

1119 2391 1235 2419 magnus
1257 2382 1358 2410 ﬂuvius
1377 2380 1490 2415 irrigare
1516 2386 1606 2413 neque
1623 2378 1726 2405 locum.
1751 2376 1811 2403 Non
1832 2374 1906 2401 enim

1119 2431 1210 2458 locum
1229 2428 1278 2456 sed
1294 2427 1427 2454 mundum
1445 2430 1532 2452 totum
1551 2429 1668 2459 quartus
1687 2422 1733 2449 hic
1745 2421 1840 2455 irrigat
1854 2419 1907 2446 ﬂu-

1120 2475 1331 2509 vius.Quartum
1344 2477 1435 2500 autem
1449 2471 1563 2498 ﬂuvium
1573 2469 1693 2504 intelligc
1709 2466 1907 2501 evangelieam.

1119 2528 1147 2551 et
1167 2522 1252 2549 totius
1272 2520 1348 2547 orbis
1374 2517 1609 2553 przedieationcm,
1631 2519 1693 2549 post
1707 2512 1862 2541 naturalem
1881 2515 1908 2538 et

1120 2568 1264 2597 Mosaicam
1277 2567 1364 2600 legem
1376 2563 1576 2604 propheticum.
1588 2560 1723 2593 Quoniam
1735 2562 1827 2585 autem
1837 2556 1908 2582 dura

1119 2620 1147 2642 et
1170 2618 1265 2642 coacta
1287 2611 1418 2638 videntur
1431 2616 1463 2635 ea
1478 2615 1539 2642 qum
1561 2613 1636 2633 nuuc
1660 2605 1793 2632 dicuntur
1811 2603 1845 2629 de
1864 2602 1909 2628 his

1118 2661 1229 2692 ﬂuviis,
1256 2667 1311 2686 non
1328 2657 1416 2684 solum
1437 2654 1541 2683 Judteis
1562 2652 1611 2680 sed
1638 2652 1722 2679 etiam
1753 2648 1848 2677 multis
1874 2655 1907 2674 ex

1115 2707 1238 2734 Ecclesia
1264 2703 1311 2740 qui
1333 2707 1398 2730 sunt
1417 2700 1552 2732 carnales,
1580 2703 1608 2726 et
1634 2706 1689 2725 non
1708 2701 1774 2724 sunt.
1790 2703 1908 2730 capaces

1116 2757 1218 2780 utcum
1231 2751 1294 2778 divo
1305 2749 1390 2776 Paulo
1402 2746 1555 2780 intelligant
1568 2748 1596 2770 et
1610 2744 1703 2770 dicant
1721 2741 1795 2776 quod
1806 2741 1908 2767 Littera

1117 2798 1208 2825 occidit
1226 2795 1248 2812 ³²
1272 2795 1324 2830 (ch
1341 2794 1414 2821 enim
1437 2795 1473 2819 est
1501 2789 1649 2826 spirituulis
1668 2788 1714 2823 ⁸³),
1745 2795 1794 2823 age
1816 2791 1908 2814 osten-

1337 2897 1358 2913 "°
1372 2896 1440 2923 Gen.
1457 2904 1500 2923 xv.
1518 2895 1562 2922 18.
1611 2892 1634 2908 ⁵⁸⁸
1645 2891 1741 2919 Matth.
1754 2896 1846 2919 xxvm,
1864 2886 1900 2914 ιιο
