1980 3239
100 216 150 250 98.1

655 219 696 250 IN
711 220 988 252 HEXAEMERON.
1003 236 1038 240 —
1050 224 1123 253 LIB.
1134 223 1216 253 Vill.

1696 204 1748 254 es?

103 274 203 302 damus
231 280 268 301 cx
284 273 342 309 ipsa
368 273 462 301 divina
487 273 632 309 Scriptura
649 275 824 309 spiritualem
846 275 901 302 Eu-
914 277 938 305 Α
952 281 1008 312 post
1024 277 1113 304 diebus
1133 277 1172 303 ad
1189 276 1330 304 videndum
1350 276 1436 311 ipsum
1461 282 1483 302 et
1503 276 1697 308 ltdt’lttt‘t’ttdttnt,
1723 287 1745 304 ci

103 320 244 355 phratem,
263 320 310 354 qui
322 319 400 354 prius
415 313 588 353 nominatur,
604 320 759 348 Christum.
770 321 903 348 Cernitur

102 373 171 400 ergo
186 365 261 393 Deus
276 366 305 392 in
317 365 377 400 lege
398 366 498 401 jubere
516 366 611 394 lsracli
646 372 676 394 ut
691 367 782 395 tribus
797 372 904 403 tempo-

104 413 184 440 ribus
200 413 294 440 veniat
307 412 426 447 singulis
441 413 533 445 annis,
549 417 577 440 et
588 413 687 440 adoret
702 413 904 449 Hierosolymis

103 458 196 486 omnis
212 459 255 485 vir
274 459 416 487 iuasculus
430 467 463 486 ex
488 459 619 486 universa
643 464 716 487 terra
743 461 903 496 ubicunque

103 503 222 535 habitet,
238 503 412 530 horrendum
431 503 746 538 imponensvinculum,
761 508 790 531 et
803 504 902 531 decre-

103 554 167 577 tum
190 549 402 584 pronuntians:
425 549 614 577 Exsecrabilis
641 555 685 578 est
707 551 798 578 omnis
819 551 902 578 homo

104 596 319 632 llierosrnlymis,
333 596 378 630 qui
392 604 445 622 non
458 596 523 630 facit
535 597 625 623 omnia
640 605 699 631 qua:
718 598 818 632 scripta
841 602 902 624 sunt

105 642 134 668 in
148 642 204 676 lege
220 642 301 676 hujus
317 641 377 668 libri
393 641 426 667 ⁸⁵.
442 640 473 668 Si
490 649 557 675 ergo
575 642 669 675 posuit
691 642 826 670 terminos
840 646 903 670 tuos

104 695 121 714 a
137 687 221 713 ﬂuvio
238 685 349 722 {Egypti
380 693 468 720 usque
488 685 521 712 ad
538 685 652 713 ﬂuvium
672 694 800 721 magnum
820 694 903 721 quem

107 739 136 760 tu
166 733 311 760 existimas
337 733 508 767 Euphratem
537 732 742 767 Babylonium,
763 732 904 767 quomodo

107 779 166 806 ﬁeri
183 783 276 813 potest
298 783 328 806 ut
342 783 383 805 ter
397 778 425 805 in
436 785 510 806 anno
526 778 622 806 venias
640 786 674 805 ex
685 778 904 813 Mesopotamia?

107 824 141 852 Et
160 824 311 851 dicendum
329 827 391 856 est,
407 824 451 850 vel
479 824 554 858 quod
571 829 646 852 totus
668 825 717 853 Dei
740 833 840 860 scopus
861 826 906 852 hic

107 875 150 898 est
174 880 181 896 :
205 871 267 905 lege
286 870 372 904 ligare
390 874 424 897 .et
443 870 592 898 ostendere
616 879 678 899 esse
702 872 905 900 exsecrandum

107 916 237 943 lsraelem
252 916 302 950 qui
315 923 370 942 non
384 916 469 947 valet,
486 924 538 943 nec
549 921 640 950 potest
657 917 749 946 facere
767 923 906 953 praecepta

107 962 262 998 quacjussit
278 962 369 995 Deus;
391 962 435 989 vel
447 963 521 997 quod
546 963 690 991 Christum
719 964 905 999 spiritualiter

108 1009 235 1036 nominat
250 1008 423 1042 Euphratem
437 1008 598 1043 Scriptura,
611 1009 708 1036 dicens
720 1009 816 1037 lsracli
831 1018 837 1036 :
857 1009 906 1036 Pa-

109 1063 173 1082 uam
200 1054 327 1081 terminos
357 1058 427 1085 tuos,
455 1054 507 1081 hoc
530 1059 573 1082 est
598 1055 747 1082 terminum
772 1055 906 1090 temporis

109 1101 204 1128 cultus
219 1099 334 1135 legitimi
347 1120 354 1132 ,
368 1108 449 1135 usque
461 1101 495 1126 ad
507 1101 617 1136 ﬂuvium
629 1100 749 1136 {Egyptt}
767 1109 855 1136 usque
871 1101 905 1128 ad

108 1148 261 1176 adventum
271 1146 377 1174 Christi
394 1147 441 1181 qui
458 1151 501 1174 est
513 1155 630 1182 magnus
645 1147 762 1182 frugifer
780 1148 907 1183 Euphra-

112 1198 172 1225 tes;
194 1198 219 1220 et
240 1194 331 1220 statim
348 1193 485 1228 auferetur
504 1193 666 1227 sacri/icium
684 1199 708 1220 et
721 1194 848 1226 libamen,
878 1199 908 1221 ut

109 1241 179 1268 dicit
197 1241 294 1267 Daniel
310 1240 344 1272 ⁸³,
371 1243 396 1266 et
425 1240 556 1267 delebitur
576 1241 664 1267 unctio
690 1241 762 1267 ducis
789 1245 814 1267 et
831 1241 909 1276 judi-

109 1288 180 1314 cium
198 1295 207 1313 :
224 1285 296 1312 Finis
318 1286 393 1313 cnim
407 1285 471 1320 legis
487 1290 524 1312 est
536 1286 657 1313 Christus
677 1286 710 1313 ⁸⁸.
727 1286 780 1314 Lex
795 1287 870 1314 enim
884 1292 908 1314 et

111 1332 252 1367 Progr/telae
272 1340 354 1366 usque
367 1332 402 1358 ad
417 1331 550 1358 Joannem
565 1331 716 1365 Baptistam
733 1333 765 1359 '".
791 1333 911 1360 Exaccr-

111 1378 195 1405 batur
224 1378 307 1412 (scio)
331 1381 360 1405 et
381 1382 528 1405 succenset
552 1377 611 1404 hmo
633 1377 751 1405 audiens
774 1378 887 1406 Judzeus
902 1399 908 1410 ι

112 1424 196 1451 falsas
222 1432 312 1458 nugas
345 1424 489 1458 appellans
519 1431 551 1450 ea
580 1431 642 1458 quae
673 1424 746 1452 dicta
775 1429 849 1452 sunt.
880 1425 911 1452 Ei

113 1477 180 1505 ergo
215 1478 398 1497 occurramus
420 1479 471 1505 per
494 1470 570 1498 aliud
599 1471 783 1506 principium,
811 1479 911 1506 nempe

114 1514 202 1542 Geon.
458 1528 462 1529 ν

151 1560 278 1591 Ponant,
304 1560 416 1595 inquit,
444 1562 572 1588 terminos
595 1565 653 1587 tuos
674 1570 690 1587 a
717 1561 797 1596 ﬂuvio
818 1569 913 1595 magno

119 1606 268 1642 Euphrate.
286 1606 344 1634 lloc
359 1611 402 1634 est
420 1607 469 1634 Dei
490 1607 580 1634 oratio
605 1607 706 1641 (quoad
720 1606 863 1641 terminos)
879 1607 913 1634 ad

118 1653 260 1690 lsraelem.
287 1653 347 1680 Non
364 1657 405 1680 est
434 1659 527 1680 autem
553 1653 627 1680 Deus
649 1661 733 1680 verus
751 1653 913 1685 mentiens;

119 1697 169 1725 Dei
178 1698 254 1726 enim
275 1699 387 1725 Verbum
404 1703 494 1725 manet
517 1699 545 1725 in
567 1702 696 1725 wternum
709 1719 716 1731 ,
737 1699 809 1726 sicut
828 1699 915 1726 David

118 1752 231 1779 quoque
254 1744 339 1772 dicit:
361 1744 394 1771 In
415 1749 555 1776 wternum,
569 1745 690 1776 Domine,
712 1744 823 1771 Verbum
842 1751 915 1772 tuum

119 1796 257 1825 permanet
274 1791 302 1817 in
320 1790 403 1822 atto;
417 1791 444 1817 in
464 1791 661 1825 generationem
677 1796 701 1817 et
717 1791 915 1826 generationem

117 1838 218 1865 ueritas
231 1843 278 1865 tua
291 1838 324 1864 ³⁸.
341 1837 410 1865 Cum
429 1846 498 1873 ergo
522 1838 595 1864 Deus
620 1838 782 1872 promiserit
807 1843 835 1865 et
860 1846 916 1865 non

119 1884 285 1916 mentiatur,
301 1888 328 1911 et
343 1883 448 1911 dixerit
460 1892 489 1910 se
501 1891 606 1918 ponere
621 1884 688 1911 lines
704 1883 813 1919 Egypti
828 1892 916 1918 usque

117 1929 154 1956 ad
177 1930 361 1964 Euphratem,
388 1930 530 1964 quomodo
552 1937 643 1964 neque
664 1930 742 1956 ﬂuvii
765 1929 852 1961 Geon.
865 1938 917 1957 nec

117 1983 216 2003 eorum
233 1976 283 2011 qui
297 1980 361 2003 sunt
374 1983 462 2010 prope
473 1975 561 2007 Ceon,
571 1983 662 2010 neque
677 1983 775 2003 rursus
789 1976 916 2010 Euphra-

120 2023 166 2054 tis,
181 2030 235 2049 nec
246 2022 330 2049 ullius
351 2022 463 2049 consilii
482 2022 557 2057 quod
575 2022 611 2048 sit
628 2029 715 2056 prope
731 2021 914 2056 Euphratem.

117 2067 297 2094 dominatum
320 2067 443 2095 obtinuit
469 2068 577 2094 Israel.
604 2067 744 2094 Reversus
767 2072 860 2094 autem
887 2068 915 2094 in

115 2113 340 2141 Chananzeorum
357 2114 544 2146 Palaestinam,
566 2113 749 2148 quamobrem
773 2121 828 2141 non
850 2122 915 2149 pos-

117 2160 191 2188 sedit
201 2167 293 2194 tisque
311 2160 345 2186 ad
358 2160 553 2195 Euphratem?
567 2161 624 2195 Ego
638 2167 704 2187 vero
713 2160 739 2187 ei
751 2160 842 2187 dicant
859 2169 865 2186 :
881 2160 915 2187 Et

116 2206 262 2240 quomodo
278 2206 305 2232 in
321 2205 432 2233 deserto
448 2206 567 2233 irritasti
583 2207 714 2239 Deum,et
728 2207 875 2241 possedisti
888 2212 916 2234 et

118 2253 234 2280 tenuisti
254 2260 269 2280 τι
291 2253 348 2279 Dan
366 2261 454 2288 usque
474 2253 508 2280 ad
535 2253 673 2280 Bersabee
689 2254 867 2281 Amorrhaeos
887 2259 916 2280 et

954 323 1084 358 profectus
1109 323 1208 350 invenit
1233 323 1319 358 ipsum
1345 327 1509 357 corruptum.
1538 321 1570 348 Et
1590 323 1689 357 factum
1709 327 1747 349 cst

953 371 1059 398 verbum
1069 370 1174 397 Domini
1190 369 1380 396 udJcremiam
1396 369 1482 395 (licens
1494 377 1502 395 .'
1513 368 1555 395 Sic
1566 373 1750 402 corrumpetur

954 418 995 444 hic
1010 416 1123 451 populus
1140 416 1269 450 quomodo
1287 414 1483 450 subligaculum
1497 414 1571 441 lintei
1586 415 1608 430 ’°
1623 423 1630 447 ;
1659 415 1749 441 subli—

954 463 1080 497 gaculum
1108 462 1212 493 lintei,
1245 461 1408 488 nominante
1437 461 1494 487 Deo
1508 460 1640 488 Israelem
1665 468 1748 495 quem

954 507 1076 540 corrupit
1110 514 1142 534 ac
1157 506 1278 541 perdidit
1294 514 1410 540 magnus
1426 505 1527 533 ﬂuvius
1545 506 1703 540 Euphrates
1721 507 1750 533 in

952 553 1107 582 Jerusalem
1124 561 1130 579 ε
1145 561 1209 580 eum
1219 553 1293 580 enim
1305 552 1432 579 funditus
1444 552 1532 579 diruit
1546 560 1596 586 per
1610 553 1751 579 Romanos

953 600 1048 627 Titum
1060 603 1089 626 et
1101 599 1312 633 Vespasianum.
1328 599 1377 625 Est
1387 599 1462 625 enim
1478 598 1682 633 subligaculum
1695 607 1749 625 non

953 647 1043 673 solum
1060 652 1178 678 naturae,
1193 645 1277 672 situm
1291 645 1319 672 in
1337 645 1440 672 lumbis
1461 644 1568 672 ventris
1583 650 1611 672 et
1624 645 1752 680 partibut

953 692 1304 727 genitalibuszpropterea
1325 688 1454 719 Christus
1481 699 1545 718 cum
1569 691 1692 718 venisset
1719 691 1751 718 ad

955 745 1064 766 cmnam
1081 738 1151 765 Novi
1165 737 1336 765 Testamenti
1352 737 1384 764 ad
1396 742 1494 772 gentes
1514 737 1566 764 sibi
1580 737 1751 772 conjungeu-

956 783 1005 810 das
1021 783 1198 817 cognatione,
1214 786 1328 816 accepto
1342 781 1430 808 linteo
1446 789 1474 808 sc
1491 781 1641 808 succinxit.
1656 781 1753 808 Restat

956 835 1023 863 ergo
1039 827 1121 854 nobis
1137 831 1167 854 ut
1186 827 1367 854 ostendamus
1380 827 1431 862 ipsi
1448 827 1554 859 Judzeo,
1565 831 1592 853 et
1607 826 1750 855 Ecclesim.

957 881 1018 901 esse
1033 873 1110 901 Geon
1135 873 1320 908 spiritualcm,
1341 878 1371 900 ut
1391 873 1518 908 utrisque
1537 873 1755 908 persuadeamus

960 925 990 947 ut
1007 919 1164 954 intelligant
1183 919 1342 953 Scripturas
1362 927 1417 945 non
1443 920 1533 946 solum
1554 919 1755 946 convenienter

959 966 1042 1001 900
1057 966 1158 993 littera:
1169 966 1271 1001 (littera
1285 966 1358 992 enim
1369 965 1495 998 occidit).
1510 965 1578 992 Vide
1593 965 1666 992 cnim
1680 965 1753 999 quod

956 1012 978 1038 si
992 1012 1181 1046 intelligamus
1195 1011 1381 1046 corporaliter
1393 1015 1557 1045 praiseutem
1571 1011 1672 1038 littera:
1688 1018 1754 1037 con~

956 1057 1178 1092 templationem,
1194 1064 1256 1091 qua:
1266 1056 1335 1083 dicit
1355 1065 1360 1082 :
1380 1058 1483 1082 Ponant
1498 1056 1625 1082 terminos
1643 1054 1755 1081 lsraelis

958 1112 973 1130 a
984 1102 1080 1135 ﬁnibus
1098 1102 1208 1138 Egypti
1222 1110 1304 1137 usque
1316 1101 1351 1128 ad
1363 1101 1472 1136 ﬂuvium
1487 1109 1615 1136 magnum
1628 1100 1756 1135 Euphra—

958 1154 1021 1181 tem,
1045 1149 1220 1176 inveniamus
1232 1148 1316 1174 Deum
1326 1155 1387 1174 esse
1397 1147 1556 1177 mentitum.
1569 1147 1695 1173 utvisum
1714 1152 1756 1173 est

958 1195 1103 1223 sceleratis
1116 1195 1275 1222 Manichreis
1283 1194 1444 1222 mendacem
1454 1201 1515 1220 esse
1528 1194 1613 1220 Deum
1621 1193 1667 1227 qui
1678 1193 1738 1220 locu
1748 1209 1755 1211 ς

961 1248 1005 1270 tus
1019 1247 1060 1270 est
1070 1242 1157 1269 Vetus
1166 1242 1388 1268 Testamentum.
1403 1241 1484 1275 Ergo,
1494 1249 1528 1268 ne
1540 1248 1590 1267 nos
1608 1248 1717 1275 quoque
1729 1240 1756 1266 in

958 1295 1008 1315 eos
1024 1287 1180 1315 incidamus
1197 1288 1311 1322 laqueos
1323 1307 1329 1319 ,
1345 1286 1493 1314 credamus
1506 1286 1617 1313 Christo
1628 1287 1676 1321 qui
1688 1286 1759 1313 dixit

960 1334 1035 1369 quod
1051 1334 1137 1362 Unum
1156 1335 1210 1360 iota
1228 1338 1274 1360 aut
1286 1341 1356 1359 unus
1369 1340 1436 1367 apex
1450 1341 1502 1359 non
1519 1333 1680 1359 trausibitex
1692 1332 1757 1367 lege,

961 1381 1042 1407 donec
1051 1381 1141 1407 omnia
1151 1379 1219 1414 [iant
1227 1380 1247 1395 ⁰¹
1259 1387 1266 1406 :
1279 1379 1313 1407 de
1323 1380 1383 1414 ipso
1390 1380 1464 1407 enim
1475 1380 1567 1406 omnia
1580 1380 1683 1414 scripta
1695 1383 1760 1406 sunt

963 1427 991 1453 in
1000 1426 1104 1454 Veteri.
1114 1426 1274 1453 Invenimus
1282 1425 1355 1452 enim
1366 1426 1393 1452 in
1404 1425 1544 1460 principio
1555 1425 1629 1452 tertii
1641 1426 1749 1460 Regum

963 1473 1048 1500 David
1063 1473 1229 1499 moriturum
1246 1477 1392 1507 postquam
1406 1475 1551 1506 regnasset
1571 1471 1683 1506 triginta
1700 1475 1761 1497 tm.

964 1527 1053 1546 annos
1068 1519 1096 1546 in
1111 1519 1189 1550 Sion,
1214 1519 1242 1546 in
1261 1524 1355 1554 typum
1370 1518 1460 1545 aetatis
1478 1517 1582 1545 Christi
1607 1516 1761 1544 secundum

965 1573 1077 1592 carnem
1090 1565 1229 1593 dicentem
1247 1574 1253 1591 :
1274 1564 1367 1592 Vocate
1387 1565 1450 1591 mihi
1474 1563 1578 1591 Sadoch
1597 1563 1760 1590 sacerdotem

937 1621 950 1646 ξ
965 1616 990 1638 et
1007 1611 1124 1638 Nat/mm
1144 1612 1312 1646 prophetam,
1334 1614 1359 1636 et
1385 1610 1519 1637 Banaiam
1538 1609 1761 1643 ﬁlinmloiada’:

959 1662 990 1684 ‘et
1002 1658 1113 1692 ingressi
1134 1662 1195 1684 sunt
1211 1665 1301 1684 coram
1322 1665 1392 1692 rege,
1410 1661 1434 1683 et
1458 1656 1524 1683 dixit
1549 1664 1595 1682 rex
1616 1664 1624 1683 :
1646 1655 1761 1691 Accipite.

966 1712 1053 1730 servos
1072 1703 1173 1730 domini
1186 1704 1266 1730 vestri
1280 1703 1423 1735 vobiscum,
1437 1703 1565 1737 imponite
1574 1702 1661 1736 ﬁlium
1673 1710 1761 1728 meum

967 1749 1136 1777 Salomonem
1153 1758 1232 1784 super
1244 1749 1345 1776 mulam
1364 1757 1461 1780 meam,
1481 1752 1505 1775 et
1521 1748 1643 1775 adducite
1655 1755 1713 1774 eum
1729 1755 1762 1773 aa

968 1794 1049 1827 Geon,
1065 1798 1090 1820 et
1107 1795 1197 1829 ungite
1211 1802 1271 1820 eum
1283 1801 1369 1828 regem
1381 1794 1407 1820 in
1423 1793 1574 1820 Jerusalem
1587 1794 1621 1819 9‘.
1642 1793 1676 1819 Et
1689 1792 1763 1819 lece-

967 1838 1115 1866 runtsicut
1127 1839 1168 1866 eis
1181 1838 1265 1874 jussit
1282 1846 1339 1870 rex,
1358 1842 1388 1865 et
1404 1838 1487 1866 rediit
1500 1838 1630 1865 Salomon
1643 1845 1676 1864 ex
1688 1836 1764 1864 Geon

967 1883 1001 1910 ad
1018 1888 1124 1918 patrem
1141 1891 1222 1910 suum
1234 1883 1319 1910 David
1334 1891 1462 1918 regnans.
1489 1883 1677 1916 Quamobrem
1694 1882 1763 1909 nihil

968 1934 1036 1957 tunc
1046 1929 1135 1956 defuit
1147 1930 1242 1956 Davidi
1255 1929 1406 1964 quominus
1421 1930 1528 1956 diceret
1539 1929 1651 1964 quando
1664 1936 1763 1956 ascen-

968 1976 1008 2002 dit
1026 1976 1100 2002 tllius
1116 1977 1176 2010 ejus
1189 1983 1222 2002 ex
1232 1975 1309 2002 Geon
1322 1975 1356 2002 ad
1373 1975 1475 2010 ipsum,
1489 1975 1530 2002 Ex
1545 1975 1661 2010 :Egypto
1672 1976 1764 2001 vocari

966 2021 1054 2056 ﬁlium
1075 2029 1171 2048 meum.
1191 2021 1268 2048 Geon
1292 2021 1367 2054 enim
1382 2021 1519 2055 signiﬁcat
1540 2021 1684 2056 ngyptttm
1702 2027 1765 2048 :est

967 2068 1042 2104 enim
1058 2068 1110 2095 iste
1129 2075 1240 2102 quoque
1252 2068 1355 2094 ﬂuvius
1370 2064 1578 2102 Hierosolymis,
1598 2068 1645 2102 qui
1660 2067 1764 2094 dicitur

968 2115 1052 2142 Siloe.
1067 2115 1119 2147 Qui
1131 2122 1196 2148 ergo
1209 2114 1342 2141 adversus
1351 2122 1382 2141 ea
1395 2122 1456 2148 qua-
1464 2113 1596 2140 dicuntur
1610 2113 1765 2141 reluctatur

968 2159 1112 2192 Hebraeus,
1129 2160 1267 2187 refellitur
1284 2160 1317 2186 ad
1338 2168 1431 2187 rerum
1447 2160 1686 2194 consequentiam.
1704 2159 1763 2186 Non

968 2207 1127 2235 invenimus
1150 2207 1224 2234 cnim
1243 2206 1361 2233 alterum
1381 2213 1472 2241 regem
1488 2210 1603 2233 unctum
1631 2206 1658 2232 in
1675 2205 1763 2236 Geon,

966 2253 1023 2280 nisi
1047 2253 1136 2280 solum
1158 2253 1335 2279 Salomoncm
1368 2251 1456 2278 lilium
1485 2251 1582 2279 David.
1613 2252 1763 2286 Propterea

117 2299 280 2326 Chetthaeos
295 2319 302 2330 ,
334 2304 362 2326 et
393 2299 515 2334 reliquas
540 2304 637 2334 gentes
662 2304 743 2326 terrae
760 2299 891 2326 Chanaan
904 2299 916 2325 ?
932 2292 954 2320 ι)
968 2299 1017 2326 Dei
1029 2307 1141 2334 quoque
1154 2299 1288 2333 templum
1302 2297 1357 2324 non
1371 2297 1490 2325 aediﬁcat
1507 2298 1605 2331 David,
1618 2298 1692 2332 quod
1705 2298 1766 2332 qui-

119 2345 214 2371 Diseat
237 2352 304 2378 ergo
329 2345 465 2376 Ecclesia,
484 2349 512 2372 et
533 2344 656 2375 Judaeus,
686 2345 760 2379 quod
782 2345 818 2372 ab
841 2345 918 2372 exitu

118 2390 228 2425 Egypti
259 2397 347 2424 usque
369 2389 403 2416 ad
426 2389 542 2416 ﬂuvium
566 2397 695 2425 magnum
724 2390 917 2424 Euphratem,

120 2443 221 2470 nempe
234 2435 389 2467 Christum,
406 2436 479 2463 Deus
488 2436 636 2463 constituit
652 2441 683 2463 ut
707 2440 838 2463 tenerent
860 2440 918 2463 ter-

120 2481 214 2509 minos
235 2481 329 2508 cultus
351 2481 480 2516 legitimi.
513 2481 566 2508 Iste
582 2482 656 2508 enim
684 2481 838 2516 spiritualis
866 2481 920 2508 Eu-

121 2527 236 2560 phrates
258 2526 308 2560 qui
325 2527 443 2561 peremit
464 2534 528 2554 eum
554 2527 602 2561 qui
624 2535 674 2562 per
700 2527 863 2562 sanguinem
888 2527 918 2553 tit

121 2572 239 2605 cultum,
255 2576 285 2599 et
297 2572 458 2600 libationem
479 2582 484 2599 :
502 2573 588 2605 hunc,
605 2573 729 2608 inquam.
746 2573 916 2608 Euphratem

122 2619 196 2645 Deus
208 2618 442 2653 pnesigniﬂcans,
468 2618 537 2646 dicit
557 2619 686 2646 Jcremia'.
714 2619 762 2653 qui
780 2623 844 2646 ante
873 2628 917 2651 ta-

122 2665 278 2698 ptivitatem
289 2664 373 2692 Israel
381 2669 443 2692 erat
450 2666 477 2691 in
486 2665 654 2692 Jerusalem:
666 2665 849 2699 Vade,projice
857 2667 919 2691 sult-

132 2709 279 2745 ligaculum
295 2712 368 2734 tuum
378 2710 405 2735 in
420 2709 583 2742 Euphratem
595 2708 628 2734 ".
643 2707 813 2742 Euphratem
826 2710 918 2732 autem

131 2756 198 2782 dicit
207 2754 253 2781 Dex
265 2762 279 2780 ιι
288 2754 376 2780 locum
385 2761 454 2788 aqua
463 2753 652 2780 circumtluutn
663 2760 744 2787 prope
755 2750 919 2782 Jerusalem,

133 2800 342 2836 quiappellstur
356 2799 442 2826 Phara
459 2807 505 2826 seu
521 2799 632 2833 frugifer
643 2806 653 2825 :
666 2797 784 2832 Cumque
797 2797 855 2824 illic
871 2805 918 2829 po-

132 2848 227 2874 suisset
239 2847 365 2880 propheta
376 2845 487 2871 linteam
499 2844 581 2870 lumbi
596 2845 646 2876 sui,
661 2844 732 2870 misit
746 2851 805 2870 eum
818 2843 919 2877 aliquot

157 2903 181 2919 "
198 2904 282 2930 Deut.
303 2911 384 2933 xxv".
396 2903 442 2932 26.
492 2905 514 2921 ⁸⁵
529 2905 596 2932 Dan.
615 2913 650 2937 Ix,
667 2906 712 2932 27.

125 2946 180 2974 ιιιι,
194 2940 219 2966 4.
260 2939 283 2955 ’θ
298 2939 364 2966 ibid.
379 2939 456 2967 6-10.
495 2940 515 2956 "
530 2940 625 2967 Matth.
644 2949 670 2974 ι’,
688 2942 729 2967 is.

762 2907 786 2921 ‘"
799 2907 877 2933 Rom.
897 2915 922 2938 κ,
941 2908 966 2934 ἢ.

768 2943 790 2957 ν·
805 2942 837 2968 ιιι
854 2943 919 2977 ιιυς.
939 2943 1061 2972 ..ξιξ-δι.
1086 2944 1152 2970 “lli
1168 2944 1234 2977 uog.
1253 2951 1276 2976 ι,
1298 2943 1322 2970 ι.

969 2345 1032 2372 dem
1055 2345 1171 2372 decebat
1194 2352 1200 2369 :
1226 2347 1287 2370 erat
1305 2344 1379 2371 enim
1407 2343 1589 2378 justissimus.
1615 2343 1669 2370 Sed
1693 2342 1766 2369 filius

969 2391 1067 2422 David,
1084 2390 1190 2417 scilicet
1220 2390 1266 2425 qui
1280 2390 1486 2417 administravit
1498 2389 1605 2417 ratione
1620 2389 1765 2424 praeditum

967 2431 1101 2472 templum
1117 2436 1241 2463 hominis
1258 2436 1427 2463 dissolutum
1446 2444 1452 2461 :
1469 2443 1518 2470 per
1534 2442 1598 2462 eum
1615 2435 1662 2470 qui
1681 2435 1765 2462 etiam

969 2484 1098 2512 Salomon
1135 2483 1292 2518 paciﬁcavit
1324 2482 1505 2509 circumcirca
1534 2489 1632 2509 omnes
1658 2486 1764 2516 gentes.

972 2531 1123 2565 Propterea
1144 2530 1236 2565 regina
1256 2537 1367 2564 quoque
1389 2529 1490 2560 Austri,
1507 2535 1606 2563 nempe
1629 2527 1765 2558 Ecclesia,

973 2578 1158 2611 posteriorum
1188 2583 1325 2602 annorum
1346 2575 1451 2605 saeculi,
1466 2582 1564 2602 eorum
1589 2574 1694 2601 scilicet
1718 2573 1766 2607 qui

973 2623 1050 2657 prius
1064 2627 1145 2649 erant
1165 2621 1321 2656 lEthiopes,
1343 2622 1458 2647 surrexit
1474 2629 1505 2647 ea:
1521 2620 1628 2654 ﬁnibus,
1645 2619 1693 2646 sed
1710 2625 1765 2645 non

972 2675 1005 2694 ex
1020 2667 1082 2695 loco
1098 2667 1192 2701 aliquo
1210 2675 1215 2692 :
1239 2671 1263 2693 ct
1281 2667 1350 2693 venit
1367 2671 1395 2693 ut
1417 2666 1516 2693 videret
1538 2666 1698 2700 sapientiora
1717 2663 1764 2690 lilii

973 2714 1068 2745 David,
1082 2721 1181 2748 nempe
1194 2713 1270 2744 Jesu,
1297 2713 1451 2747 spiritualis
1465 2711 1616 2739 Salomonis
1633 2711 1666 2741 ⁸³,
1693 2716 1764 2742 quo-

972 2758 1046 2785 niam
1059 2765 1075 2784 a
1095 2757 1196 2792 templo
1214 2757 1371 2784 Salomonis
1389 2755 1464 2783 uncti
1483 2755 1510 2781 in
1525 2755 1612 2785 Geon,
1627 2760 1714 2787 usque
1731 2752 1766 2779 ad

973 2803 1088 2830 ﬂuvium
1101 2811 1230 2838 magnum
1247 2802 1416 2837 Euphratem
1430 2800 1564 2828 dominati
1577 2802 1641 2826 sunt
1653 2798 1765 2825 termini

973 2849 1089 2884 legitimi
1113 2850 1205 2876 cultus
1225 2849 1319 2883 templi
1344 2849 1391 2875 Dei
1416 2847 1473 2883 (qui
1488 2845 1614 2873 dissolvit
1632 2844 1764 2878 [emptum

1028 2907 1050 2921 ⁸⁷
1066 2916 1075 2934 ι
1089 2916 1131 2936 uc.
1147 2917 1202 2938 vn.
1223 2908 1262 2934 lli.
1301 2908 1323 2923 "
1337 2908 1408 2934 Psal.
1422 2913 1514 2938 cxvul,
1535 2905 1577 2933 89.
1624 2903 1647 2919 δ’
1659 2903 1766 2931 ,Ιπϊιπιιιι
