1990 3183
249 183 302 214 983

246 287 378 314 exstinxit
392 288 568 324 sacriﬁcium,
595 300 645 326 per
667 293 867 330 Christnmqui
884 300 928 323 est
952 298 1037 324 carbo

245 332 293 366 qui
311 333 397 367 sopiri
411 341 466 360 non
489 340 578 369 potest
592 342 617 364 et
631 339 779 373 exstingui.
802 340 871 367 Nam
886 346 914 368 et
938 341 1037 369 Isaiam

245 378 372 406 accendit
386 400 393 412 ,
425 385 452 407 et
468 381 501 408 ad
524 390 553 409 se
581 383 769 418 inﬂammavit,
785 387 926 422 proposito
953 389 1037 423 regali

245 424 383 452 sacriﬁcio
400 426 549 461 symbolice
563 433 628 456 tunc
644 438 755 465 quoque
771 432 796 458 ei
815 440 962 467 apparens.
991 434 1037 462 Sic

245 470 382 498 comedite
403 480 501 500 carnes
515 475 641 509 corporis
656 484 741 504 sacrae
767 477 928 514 Scriptura},
951 481 1036 508 ofra-

245 520 313 548 tres,
331 524 378 543 eas
392 518 548 546 esurientes
562 528 568 545 :
583 526 610 547 et
623 522 788 550 absconsum
814 525 843 551 in
865 533 948 552 carne
964 525 1037 553 Scri-

245 564 334 594 ptura:
351 562 486 597 spirituali
500 567 693 601 mysteriorum
706 570 868 604 sanguinan
879 571 919 598 sic
933 571 1034 604 bibite;

245 606 292 641 qui
304 612 346 634 est
358 609 432 636 enim
450 610 490 637 sic
507 612 569 646 ejus
582 614 730 649 particeps,
753 616 838 644 habet
850 617 935 644 vitam
953 622 1035 645 aeter-

245 660 321 680 nam.
347 653 482 687 Quoniam
507 663 599 685 autem
618 661 815 694 procedentem
838 663 1035 698 proprietatem

245 699 273 726 in
287 704 383 727 sancto
399 701 503 736 Spiritu
524 704 672 734 didicimus
685 715 719 734 ex
729 708 898 744 evangelicis
908 717 969 737 esse
983 715 1037 738 tra-

245 745 408 779 ditionibus,
420 748 529 777 dicente
542 751 657 780 Domino
673 762 678 779 :
693 753 808 788 Spiritus
823 759 930 782 sanctus
946 757 991 790 qui
1005 765 1037 784 ex

244 790 327 818 Patre
343 794 459 828 procedit
473 796 507 829 ’⁸,
523 796 639 826 fortasse
656 799 790 834 Spiritum
812 801 950 836 signiﬁcat
964 803 1034 830 scri-

243 841 308 885 ptor
323 839 419 868 dicens
435 850 440 868 :
457 842 564 870 Flavius
577 846 710 880 egreditur
723 854 754 873 ea:
769 847 852 874 Edem
869 849 904 875 ad
919 849 1037 885 irrigan-

244 884 307 911 dum
319 887 474 920 paradisum
491 889 629 918 Ecclesia}.
647 891 714 918 Nam
730 892 808 925 illud,
831 893 986 928 Egreditur,
1000 895 1037 923 si-

243 929 355 963 gniﬁcat
375 934 600 967 perennitatem,
625 940 653 962 et
676 937 780 965 nullam
808 945 868 966 esse
899 939 1031 974 quietem.
1050 933 1072 961 Β

243 974 322 1007 Quod
335 977 446 1011 quidem
461 980 541 1007 nobis
557 989 655 1009 rursus
677 982 736 1017 ipse
756 984 890 1012 Dominus
905 985 1033 1014 Christus

241 1022 369 1055 promisit
381 1024 476 1052 dicens
490 1034 496 1051 :
510 1025 539 1053 Si
551 1027 639 1054 abiero
655 1029 690 1056 ad
710 1029 830 1063 Patrem,
850 1032 948 1066 rogabo
960 1041 1032 1066 eunt,

242 1072 268 1094 et
284 1068 544 1100 aliumParacletum
556 1075 662 1101 mittam
680 1076 750 1102 nobis
766 1075 899 1111 Spiritum
912 1079 1031 1106 veritatis

241 1117 270 1139 ut
287 1121 394 1143 maneat
417 1118 548 1146 vobiscum
563 1121 590 1146 in
605 1125 735 1148 internum
755 1122 788 1149 ³⁵.
812 1123 890 1156 Quod
908 1125 932 1151 si
948 1125 1031 1152 etiam

241 1160 343 1193 quaeris
360 1166 480 1196 quatuor
507 1164 586 1192 initia
613 1165 825 1195 illuminationis
840 1170 927 1196 sancti
944 1170 1032 1205 Spiri-

241 1210 296 1236 tus,
315 1207 385 1235 scias
398 1215 461 1235 eum
485 1217 547 1237 esse
574 1212 622 1246 qui
647 1217 690 1239 est
706 1213 818 1241 locutus
838 1214 867 1241 in
885 1215 967 1250 justis
984 1217 1032 1251 qui

240 1251 355 1281 fuerunt
372 1258 437 1282 ante
454 1256 556 1293 legem,
571 1265 604 1284 ex
621 1258 723 1292 quibus
735 1265 795 1287 erat
809 1261 855 1288 ille
868 1269 978 1297 quoque
986 1264 1033 1298 qui

240 1299 352 1327 dicebat
366 1311 371 1328 :
387 1301 502 1337 Spiritus
516 1304 619 1332 divinus
633 1307 678 1340 qui
700 1306 821 1334 abundat
844 1308 967 1339 nobisin
985 1318 1034 1337 na-

242 1343 328 1377 ribus,
358 1346 437 1375 ﬂatus
459 1354 552 1377 autem
574 1350 779 1386 Omnipotentis
804 1354 852 1388 qui
876 1362 920 1382 me
940 1355 1032 1383 docet.

241 1392 376 1420 Similiter
385 1395 539 1422 secundum
550 1404 661 1432 quoque
675 1398 703 1425 in
714 1398 774 1434 lege
787 1408 794 1425 :
817 1401 929 1428 tertium
939 1407 1032 1430 autem

240 1437 270 1464 in
284 1439 428 1473 prophetis
445 1450 450 1468 :
473 1441 574 1470 deinde
595 1443 678 1470 etiam
692 1449 792 1479 quarto
805 1446 904 1474 ordine
919 1447 947 1475 in
964 1456 1035 1483 qua-

240 1487 305 1512 tuor
317 1484 409 1513 ﬂuviis
423 1487 666 1522 cvangelistarum.
682 1490 752 1517 Nam
767 1490 912 1520 Mattheus
920 1493 1032 1528 quidem

847 193 877 223 S.
899 195 1097 226 ANASTASII
1119 198 1154 227 SI
1159 199 1282 229 NAI’I‘IE

247 240 536 288 Israelis)etsacr’iﬁcii
552 245 658 273 ratione
669 247 789 281 przetliti,
803 249 877 283 quod
891 250 1038 278 brutorum
1054 253 1075 281 A
1089 253 1288 288 interpretatur
1318 254 1473 281 mandatum
1495 255 1625 283 Aitisst'mi

1831 203 1882 235 985

1645 265 1654 283 :
1676 257 1751 291 quod
1768 259 1883 294 quidem

1089 298 1144 326 dici
1168 300 1297 327 convenit
1316 300 1350 327 de
1365 301 1522 336 evangelica
1539 302 1747 336 praedicatione.
1775 305 1885 333 Marcus

1088 350 1181 372 autem
1194 345 1284 373 dictus
1299 350 1341 373 est
1366 347 1464 374 donum
1476 349 1546 379 vim,
1557 348 1745 376 Lucasautcm
1760 351 1884 378 obedienc

1087 390 1212 418 Domino.
1228 392 1315 419 Porro
1326 395 1418 420 autem
1443 393 1500 428 ipsa
1524 402 1635 429 quoque
1649 399 1769 430 quatuor
1784 396 1885 424 ﬂuvio-

1088 445 1149 465 rum
1175 444 1379 472 consequenter
1405 441 1550 474 positura,
1574 447 1694 475 quatuor
1720 447 1884 470 sanctorum

1087 485 1320 519 evangelistarum
1339 486 1539 515 immutabilem
1560 489 1695 523 signiﬁcat
1712 490 1838 517 ordinem
1855 494 1886 518 et

1087 530 1252 564 posituram.
1269 531 1381 559 Primus
1394 540 1461 568 ergo
1474 533 1617 560 Matthmus
1631 535 1678 567 qui
1692 535 1795 562 dicitur
1818 535 1885 562 ΡΙιὶ-

1086 585 1134 603 son
1152 585 1160 603 :
1174 577 1248 611 quod
1259 577 1371 612 quidem
1386 579 1586 613 interpretatur
1596 581 1649 606 oris
1665 580 1800 608 alteratio.
1813 582 1882 608 Nam

1087 631 1150 650 cum
1167 624 1312 651 Matthazus
1327 624 1472 659 scripserit
1483 623 1662 659 Evangelinm
1683 633 1810 653 sermone
1825 626 1882 654 He-

1087 670 1192 701 braico,
1205 670 1256 697 fuit
1268 670 1403 697 alteratns
1413 675 1440 697 et
1456 671 1664 705 interpretando
1681 675 1883 700 transmutatus

1087 723 1179 743 sermo
1193 715 1252 742 oris
1262 716 1323 750 ejus
1337 723 1352 742 a
1368 715 1441 742 Luca
1455 721 1483 742 et
1494 715 1578 742 Paulo
1592 715 1618 743 in
1636 724 1731 743 vocem
1745 717 1881 744 Gracam.

1087 761 1232 790 Secundus
1247 761 1433 793 conducibilis
1450 761 1558 789 Marcus
1584 761 1686 790 ﬂuvius
1708 763 1755 798 qui
1777 763 1884 790 dicitur

1087 808 1162 836 Geon
1181 818 1186 836 :
1204 808 1432 843 quandoquidem
1448 809 1556 836 Marcus
1574 817 1686 844 quoque
1713 817 1775 836 cum
1792 809 1883 836 Evan—

1087 854 1190 890 gelium
1205 855 1399 883 annuntiasset
1421 854 1567 890 Egyptiis,
1592 855 1652 882 illic
1680 861 1729 890 per
1745 855 1881 890 Spiritum

1087 900 1203 928 ﬂuviqu
1226 908 1260 928 ex
1283 905 1381 928 ventre
1400 901 1460 935 ejus
1488 904 1595 928 scatere
1623 899 1690 927 fecit
1711 908 1788 935 aqua:
1810 900 1881 927 viva:

1085 946 1303 980 praedicationis.
1319 945 1429 973 Tertius
1445 946 1545 978 Lucas,
1562 945 1609 980 qui
1628 950 1745 973 vocatur
1766 945 1880 981 'I’ygris,

1085 991 1133 1026 qui
1143 992 1255 1026 quidem
1266 992 1467 1026 interpretatur
1474 991 1566 1018 Latus.
1577 991 1648 1024 Quid
1662 991 1737 1018 enim
1749 992 1779 1018 in"
1788 991 1880 1018 Evan-

1085 1039 1166 1073 geliis
1178 1039 1260 1067 latius
1271 1038 1413 1066 autditius
1429 1038 1581 1073 Evangelia
1596 1038 1748 1065 secundum
1760 1036 1879 1065 Lucam?

1084 1085 1152 1112 Nam
1167 1093 1230 1112 cum
1243 1084 1321 1112 Pauli
1336 1085 1496 1120 dogmatum
1506 1084 1590 1111 fontis
1600 1085 1699 1112 fuisset
1709 1084 1878 1119 discipulus,

1084 1131 1298 1166 superﬂuvialia
1314 1131 1417 1162 ﬂuenta
1431 1139 1463 1158 ex
1472 1131 1549 1158 Pauli
1560 1131 1628 1158 rivis
1643 1131 1779 1158 scaturiit.
1792 1130 1882 1163 Quar-

1086 1181 1131 1203 tus
1145 1177 1266 1204 Joannes
1280 1176 1411 1208 dilectus,
1427 1185 1509 1208 supra
1533 1181 1622 1211 pectus
1640 1176 1807 1204 recumbens
1843 1176 1880 1208 ",

1085 1223 1133 1257 qui
1151 1229 1214 1250 cum
1231 1230 1314 1257 supra
1330 1222 1413 1250 Lucis
1433 1227 1530 1257 pectus
1544 1223 1715 1255 recubuerit,
1733 1222 1815 1250 nobis
1828 1230 1881 1250 an-

1086 1269 1228 1296 nuntiavit
1244 1277 1260 1296 a
1276 1269 1385 1304 superis
1404 1269 1505 1296 factam
1519 1269 1555 1296 ab
1570 1268 1631 1303 ipso
1650 1269 1731 1296 Patre
1743 1269 1880 1296 luminum

1082 1314 1302 1350 generationem,
1315 1315 1415 1349 quiest
1428 1315 1486 1350 ipse
1501 1315 1549 1342 lux
1565 1323 1629 1342 vera
1645 1305 1806 1343 illdminans
1820 1323 1882 1343 orn-

1084 1369 1147 1388 nem
1163 1360 1314 1393 hominem,
1330 1364 1358 1388 et
1372 1361 1418 1388 lux
1433 1361 1459 1387 in
1473 1361 1596 1388 tenebris
1607 1362 1703 1389 lucens
1721 1362 1755 1393 ",
1781 1366 1811 1388 et
1831 1361 1881 1388 lux

1084 1406 1192 1438 mundi,
1208 1407 1282 1433 sicut
1298 1406 1369 1434 dixit
1386 1406 1420 1433 ³⁸.
1437 1407 1492 1442 Ipsi
1508 1408 1544 1434 sit
1558 1407 1645 1443 gloria
1660 1411 1689 1435 et
1709 1407 1834 1442 potentia
1849 1407 1881 1434 in

1087 1452 1187 1479 szecula
1208 1453 1385 1480 saeculorum.
1401 1453 1500 1481 Amen.

847 1665 1023 1709 LIBER
1064 1665 1284 1712 NONUS.

507 1761 547 1781 DE
569 1761 757 1784 POSTERIORI
780 1762 893 1784 [UERUM
909 1763 1102 1791 CREATIONE,
1121 1764 1161 1785 ET
1176 1763 1318 1786 MULIERE
1335 1764 1405 1786 VIBI
1420 1764 1609 1787 ADJUTRICB.

277 1900 310 1928 Et
324 1902 425 1936 accepit
436 1901 509 1929 Dea:
517 1902 649 1929 hominem
661 1911 738 1938 quem
754 1904 825 1938 fecit,
838 1908 863 1930 et
875 1905 963 1939 posuit
975 1913 1034 1931 eum
1048 1906 1069 1935 c
1087 1905 1159 1932 imus
1183 1904 1330 1933 audientes
1340 1905 1415 1940 quod
1430 1906 1504 1933 Deus
1518 1905 1638 1941 sumpsit
1649 1906 1803 1940 hominem,
1819 1911 1849 1935 et
1862 1916 1881 1935 ο

239 1949 267 1975 in
285 1948 420 1983 paradiso.
442 1948 511 1976 Ante
531 1955 640 1976 omnem
653 1949 887 1977 examinationem
902 1950 1032 1978 conside-

241 1994 358 2021 randum
370 1999 413 2022 est
425 1995 453 2022 in
466 1995 528 2022 loco
541 1995 679 2030 opposito,
696 2002 748 2022 cur
765 2004 823 2023 non
837 1995 994 2031 indigenam
1016 2004 1032 2024 e

241 2041 370 2075 paradiso
382 2041 507 2076 genitum
526 2046 555 2069 et
580 2049 596 2069 e
616 2041 745 2077 paradiso
771 2041 892 2069 eﬂictum
910 2042 986 2070 intus
1004 2042 1032 2069 in

240 2086 367 2121 paradiso
376 2086 520 2114 Deusl‘ccit
533 2087 742 2118 hominem.sed
753 2079 843 2122 ipsum
855 2081 1032 2115 extrinsecus

238 2133 344 2160 nudum
357 2137 385 2160 et
402 2134 616 2169 incompositum
636 2133 750 2160 aliunde
764 2133 906 2160 inducitin
922 2133 1031 2168 paradi-

238 2187 315 2212 sum;
326 2179 399 2206 intus
405 2184 497 2207 autem
508 2188 523 2207 e
534 2179 663 2214 paradiso
677 2179 830 2206 fabricatur
841 2178 988 2206 mulierem
997 2187 1030 2206 ex

239 2226 343 2254 Adamo
356 2235 364 2259 ;
378 2234 476 2254 rursus
484 2231 577 2254 autem
590 2234 653 2253 cum
664 2225 768 2253 bestias
779 2225 846 2253 foris
856 2226 1031 2253 construxis-
1039 2259 1053 2266 ο

238 2277 289 2303 set,
306 2277 402 2308 postea
415 2272 569 2300 introducit
579 2272 614 2299 ad
627 2272 769 2299 hominem
797 2271 827 2299 in
858 2271 1029 2307 paradisum.

238 2319 388 2353 Oportebat
407 2319 482 2346 enim
499 2319 541 2345 vel
565 2318 711 2345 mulierem
736 2326 800 2345 cum
824 2317 938 2344 homine
962 2317 1031 2344 foris

238 2366 353 2401 ﬁngere,
365 2365 407 2392 vel
420 2365 503 2392 etiam
516 2366 592 2392 intus
607 2369 773 2392 construere
784 2365 888 2396 virum,
904 2364 952 2390 ubi
970 2372 1030 2391 mu-

238 2411 290 2438 lier
305 2411 357 2438 fuit
378 2415 548 2438 constructa.
562 2410 708 2444 Quomodo
723 2414 816 2438 autem
833 2411 907 2438 Deus
918 2418 1029 2445 quoque

238 2456 330 2484 ferens
341 2456 446 2484 bestias
456 2461 484 2484 et
492 2457 633 2488 animalia,
649 2463 705 2482 n0n
714 2464 746 2483 ea
758 2455 873 2483 adduxit
891 2456 924 2483 ad
936 2460 1028 2483 utros-

238 2509 292 2535 que
316 2509 379 2528 cum
394 2506 487 2529 essent
505 2501 598 2534 simul,
625 2501 671 2529 sed
690 2501 724 2529 ad
751 2501 841 2529 solum
863 2502 1029 2529 hominem?

238 2549 301 2575 llaec
311 2548 423 2575 Indicus
436 2548 531 2583 legens
544 2548 660 2584 singulis
672 2549 783 2580 diebus.
800 2557 855 2576 non
870 2548 1026 2584 cognoscit;

1085 1952 1146 1980 loco
1158 1953 1187 1980 in
1202 1953 1296 1981 locum
1308 1960 1373 1980 eum
1389 1954 1512 1981 traduxit
1523 1954 1606 1985 Deus,
1630 1958 1659 1981 et
1676 1961 1741 1981 eum
1754 1955 1851 1989 posuit
1864 1955 1879 1980 ?

1085 1998 1113 2026 Si
1128 2003 1220 2026 autem
1235 1998 1307 2026 dicis
1327 1999 1403 2033 quod
1420 2003 1497 2028 extra
1512 1999 1671 2034 paradisum
1688 1999 1790 2026 mulier
1804 2000 1878 2026 facta

1082 2048 1170 2071 estex
1183 2044 1281 2076 latere,
1294 2044 1436 2080 quomodo
1458 2052 1519 2072 eam
1544 2045 1628 2072 simul
1642 2045 1729 2072 infert
1744 2052 1806 2072 cum
1826 2045 1878 2072 ho-

1083 2091 1157 2117 mine
1174 2090 1202 2117 in
1214 2090 1363 2125 paradiso?
1374 2091 1429 2118 Sed
1443 2089 1478 2118 rie
1491 2091 1697 2121 dubitationem
1715 2091 1878 2126 operiamus

1083 2137 1266 2169 dubitatione.
1279 2137 1327 2172 qui
1342 2137 1472 2165 volumus
1482 2137 1605 2165 dilucide
1619 2141 1648 2164 et
1666 2137 1736 2164 citra
1748 2144 1877 2164 errorem

1082 2182 1191 2210 discere
1199 2183 1435 2217 quemadmodum
1445 2182 1553 2217 accepit
1563 2183 1637 2210 Deus
1643 2183 1785 2210 hominem
1792 2190 1878 2217 quem

1082 2227 1181 2261 ﬁnxit;
1211 2229 1358 2256 audiamus
1390 2229 1508 2261 Paulum
1525 2229 1665 2256 dicentem
1694 2229 1730 2256 de.
1751 2229 1876 2260 Christo.

1081 2275 1154 2310 quod
1168 2283 1229 2304 cum
1240 2276 1267 2302 in
1281 2276 1366 2310 forma
1382 2275 1429 2302 Dei
1438 2280 1502 2302 esset
1517 2276 1551 2308 ",
1560 2275 1702 2302 hominem
1712 2283 1795 2310 quem
1810 2275 1879 2303 fecit

1081 2321 1174 2355 posuit
1194 2321 1221 2348 in
1236 2321 1365 2355 paradiso
1375 2321 1523 2352 Ecclesiae,
1544 2321 1577 2348 ad
1598 2319 1772 2356 operauduni
1784 2321 1878 2355 ipsum

1082 2368 1147 2402 (hoc
1162 2371 1205 2394 est
1221 2367 1373 2399 hominem)
1386 2371 1414 2394 et
1427 2367 1655 2399 custodiendum.
1670 2366 1771 2401 Siquis
1783 2371 1878 2394 autem

1081 2412 1135 2440 hoc
1148 2412 1234 2440 verbo
1251 2413 1438 2441 conturbatur
1455 2432 1462 2442 .
1480 2413 1555 2440 dicat
1571 2412 1652 2445 mihi,
1668 2420 1732 2440 cum
1755 2412 1879 2439 latitudo

1079 2459 1201 2494 paradisi
1215 2460 1252 2487 sit
1268 2459 1471 2495 magnitudinis
1484 2458 1790 2494 incomprehensibilis,
1806 2459 1878 2486 adeo

1080 2509 1110 2532 ut
1137 2505 1308 2532 abundantia
1333 2505 1394 2540 ejus
1425 2505 1598 2540 irrigationis
1624 2503 1728 2532 eﬂiciat
1754 2509 1880 2538 quatuor

1080 2550 1179 2578 ﬂuvios
1190 2551 1347 2578 universam
1358 2558 1445 2585 prope
1453 2554 1554 2577 terram
1567 2549 1725 2584 irrigantes,
1734 2549 1880 2583 quomodo

237 2592 368 2627 quoniam
383 2592 475 2620 adhuc
500 2593 585 2622 habet
609 2594 770 2629 impositum
792 2595 885 2622 velum
898 2593 1028 2621 animalis
1045 2585 1066 2613 D
1081 2597 1137 2626 ille.
1155 2605 1218 2624 cum
1236 2597 1273 2624 sit
1289 2596 1374 2629 solus,
1396 2596 1499 2632 ligone,
1513 2601 1604 2623 rastro
1622 2595 1664 2622 vel
1685 2599 1778 2622 aratro
1797 2602 1881 2622 exer-

237 2639 429 2671 ignorationis.
453 2639 482 2666 Si
504 2639 563 2667 haec
577 2640 652 2668 enim
672 2640 864 2676 intelligantur
875 2640 1028 2668 secundum

237 2685 369 2717 litteram,
380 2693 413 2713 ea
427 2685 562 2714 inducunt
573 2694 685 2714 omnem
697 2686 900 2714 absurditatem
912 2689 940 2713 et
955 2686 1029 2714 blas-

237 2731 387 2765 phemiam.
406 2732 474 2759 Nam
488 2732 512 2760 si
535 2733 607 2760 Deus
634 2733 731 2767 implet
746 2733 849 2760 cmlum
872 2738 902 2760 et
926 2737 1028 2760 terram

243 2777 284 2807 (ut
299 2775 345 2810 qui
359 2782 410 2802 nec
425 2775 512 2810 possit
525 2775 725 2805 circumscribi,
744 2783 793 2802 nec
807 2776 878 2810 capi.
895 2783 946 2803 nec
961 2783 1022 2802 mu-

244 2821 306 2853 tari,
324 2828 376 2848 nec
390 2821 504 2854 moveri,
519 2828 571 2848 nec
588 2821 876 2858 migrare),‘quomodo
890 2829 943 2849 non
960 2829 1023 2856 per-

232 2946 248 2955 _,
279 2918 300 2932 "
315 2916 392 2945 Joan.
412 2924 456 2948 υ,
471 2916 516 2944 26.
555 2917 576 2931 ⁸⁵
593 2915 669 2943 Joan.
682 2923 736 2949 ιη’,
759 2916 799 2942 lC.

841 2917 861 2929 ⁹⁷
881 2915 958 2944 .iuuu.
976 2917 1034 2950 Litt,
1047 2917 1092 2945 “23.

1080 2643 1172 2670 enerit
1186 2643 1268 2670 terra
1281 2642 1493 2677 operationem-l
1510 2640 1652 2676 quomodo
1668 2645 1761 2667 autem
1781 2644 1880 2667 custos

1081 2687 1187 2718 diebat,
1206 2694 1269 2714 cum
1285 2694 1377 2721 neque
1391 2690 1486 2714 essent
1501 2686 1589 2717 fures,
1604 2693 1697 2720 neque
1710 2685 1777 2717 viri,
1791 2685 1879 2712 etbe-
1893 2679 1897 2685 ’

1079 2734 1140 2760 stite
1151 2741 1248 2761 omnes
1262 2738 1290 2761 et
1316 2733 1427 2768 reptilia
1443 2733 1522 2768 jussu
1537 2737 1633 2760 essent
1652 2732 1735 2759 simul
1762 2739 1827 2759 cum
1842 2738 1881 2758 eo

1081 2780 1156 2807 vesci
1169 2779 1299 2807 omnibus
1313 2771 1520 2814 fructibus-qui
1537 2784 1693 2806 nascuntur
1706 2786 1722 2805 a
1739 2782 1828 2809 terra,
1845 2782 1880 2804 ut

1081 2826 1241 2860 quaaDeo
1264 2825 1344 2853 factae
1372 2825 1429 2853 sint
1445 2833 1510 2854 cum
1535 2825 1650 2853 homine
1673 2824 1825 2860 participes
1848 2827 1880 2850 et

1616 2920 1637 2937 ⁹²
1658 2919 1773 2955 Philipp.
1790 2928 1821 2954 ιι,
1841 2919 1870 2948 6.

1131 2919 1152 2934 “’
1166 2919 1243 2947 Jcan.
1263 2927 1279 2953 ι,
1366 2921 1386 2935 θ’·
1403 2919 1480 2947 Juan.
1500 2927 1535 2952 ix.
1550 2920 1576 2948 ὕ.
