1980 3243
216 211 237 231 (ν
253 203 305 234 987

847 203 878 231 S.
898 199 1098 232 ANASTASII
1119 199 1284 230 SINAITIE

1841 197 1894 230 938

254 259 293 286 vit
305 257 442 286 Christus.
459 258 511 286 Alii
524 263 615 286 autem
626 257 913 294 pronuntiaruntesse
930 256 1044 291 quidem
1058 257 1080 285 Α
1096 255 1183 290 ticeps
1196 255 1264 290 ligni
1274 256 1359 288 vitae;
1373 255 1432 290 ipse
1444 254 1518 283 enim
1533 259 1586 283 est.
1614 254 1648 283 Et
1663 259 1814 291 propterea
1832 264 1896 284 ser-

253 305 387 340 ejusmodi
415 309 445 332 ut
461 305 630 340 percipiatur
658 305 850 339 intelligentia,
875 303 923 330 sed
951 308 1044 330 tamen

254 351 374 386 plantam
400 351 576 386 cognitionis.
613 351 666 377 Alii
690 354 782 377 autem
812 349 943 376 dixerunt
972 348 1046 376 hanc

254 397 373 431 plantam
393 404 454 424 esse
470 397 616 424 informem
629 395 903 430 contemplationem.
915 394 968 421 Alii
981 402 1046 422 rur-

253 447 301 467 sus
316 440 487 475 lignrativam
501 447 549 467 seu
579 440 697 475 typicam
715 439 901 466 narrationem
916 446 978 474 qua:
990 446 1046 466 non

255 489 347 520 potest
360 485 524 513 consistere.
539 485 728 517 Netandorum
741 489 833 512 autem
847 484 964 512 etIector
974 485 1048 512 sicut

255 529 439 556 obscenorum
462 533 636 564 perpetrator
652 528 797 564 Origenes,
811 529 1047 556 existimaviteam

254 583 315 603 esse
344 576 499 602 mulierem.
532 575 585 602 Sed
612 575 647 603 de
677 575 752 611 ligno
786 575 898 610 quidem
924 575 1049 602 dicemus

255 628 358 658 postea.

289 669 506 697 Considerandae
521 674 586 697 sunt
602 673 694 697 autem
724 677 785 705 quat
806 670 887 697 nobis
905 674 1050 706 emergunt

255 716 422 749 quaestiones
438 716 465 742 in
489 715 524 742 iis
541 723 602 750 qua:
621 720 687 742 sunt
704 715 857 750 proposita.
884 715 924 742 Ex
948 716 1050 750 quibus

255 769 310 787 una
336 765 379 788 est
403 766 430 788 et
455 761 554 795 prima,
580 761 720 796 quomodo
733 761 838 788 Adamo
853 766 881 788 et
898 762 976 788 uxori
995 769 1050 789 non

257 807 386 833 datDeus
398 807 450 834 hoc
464 811 644 842 praeceptum,
668 807 716 834 sed
733 807 784 834 soli
802 807 907 834 Adamo
929 817 935 834 :
950 808 1051 835 deinde

257 851 379 879 Adamus
395 859 428 878 eo
444 852 568 887 impertit
581 861 705 880 uxorem.
727 853 832 880 Deinde
848 860 898 880 cur
913 861 969 880 non
994 861 1054 880 mai

257 896 298 931 gis
311 905 342 923 ex
360 898 435 932 ligno
456 898 518 925 vita:
533 900 674 934 (tanquam
689 899 858 933 pretiosiori)
873 899 970 934 jnbeat
995 907 1051 926 non

258 943 414 974 comedere.
430 943 478 970 sed
496 951 529 970 ex
543 952 577 971 eo
593 944 665 979 quod
681 948 724 971 est
745 945 846 972 minus.
861 945 910 972 Est
921 946 995 972 enim
1007 946 1052 972 ille
1070 928 1090 955 Β

258 988 339 1014 cibus
359 989 439 1024 longe
455 990 631 1023 przestantior
661 998 743 1025 quam
767 991 847 1019 cibus
868 992 1053 1026 cognoscendi

260 1034 363 1060 bonum
380 1040 409 1062 et
425 1035 538 1067 malum,
557 1041 587 1062 ut
602 1036 648 1070 qui
665 1044 728 1063 eum
746 1037 838 1064 reddit
855 1037 1052 1068 immortalem.

259 1083 287 1106 et
302 1079 336 1106 ab
349 1080 462 1107 interitu
483 1089 515 1108 ac
535 1081 620 1108 exitio
639 1082 760 1109 alienum
785 1082 870 1109 eilicit
892 1090 924 1110 ac
956 1091 1055 1117 panem

260 1125 376 1160 angelis.
390 1125 573 1162 Ostenditque
587 1127 660 1154 Deus
679 1120 848 1155 ineﬁ‘abilem
870 1129 1055 1156 dill'erentiam

261 1170 327 1205 ligni
341 1171 518 1206 cognitionis,
544 1173 696 1206 prohibens
721 1178 815 1208 postea
831 1181 866 1202 ne
885 1174 971 1201 Adam
995 1175 1056 1210 ejus

261 1220 335 1242 esset
354 1217 491 1251 particeps
509 1225 558 1252 per
574 1218 726 1245 custodiam
740 1218 975 1247 Cherubinorum.
987 1220 1057 1247 Ter-

263 1262 300 1288 tia
315 1270 374 1294 cur,
388 1271 451 1290 cum
471 1263 542 1290 Deus
564 1264 634 1290 nihil
663 1264 792 1299 jussisset
809 1265 915 1292 Adamo
935 1265 968 1293 de
982 1266 1058 1301 ligno

262 1310 342 1341 vitat,
373 1316 488 1343 serpens
502 1318 557 1337 non
581 1310 673 1344 potius
687 1312 859 1339 consuluerit
870 1317 900 1339 ut
915 1317 989 1341 esset
998 1314 1059 1348 ejus

263 1354 413 1389 particeps.
430 1355 534 1382 Deinde
552 1363 602 1382 cur
619 1363 673 1383 non
691 1361 734 1384 est
749 1365 894 1392 aggressus
907 1357 998 1385 virum
1011 1359 1058 1386 sed

263 1400 419 1431 mulierem,
439 1405 467 1428 et
480 1401 526 1427 ubi
539 1401 623 1428 etiam
641 1401 746 1429 invenit
771 1402 899 1437 privatim
920 1409 1059 1439 agentem.

264 1445 376 1480 Quinta,
393 1446 531 1474 undenam
547 1447 687 1482 cognovit,
704 1455 767 1474 eum
795 1448 937 1483 ignoraret
956 1457 1060 1484 praece-

266 1496 341 1526 ptum
357 1492 397 1519 eis
412 1492 517 1520 datum.
534 1493 615 1520 Sexta
646 1501 751 1526 rursus,
767 1501 818 1521 cur
844 1495 896 1522 soli
911 1496 994 1530 jussit
1012 1496 1063 1522 ho-

266 1538 333 1564 mini
351 1542 381 1565 ut
399 1542 473 1565 esset
493 1539 632 1575 particeps
647 1539 772 1567 omnium
790 1540 948 1575 lignorum;
964 1541 1061 1575 utique

1096 309 1166 336 pens
1183 309 1357 336 nequaquam
1371 302 1492 330 consulit
1509 302 1641 330 Ecclesiae
1663 306 1694 329 ut
1708 303 1771 336 ejus
1785 303 1822 330 sit
1832 310 1898 337 par-

1097 347 1204 383 ticeps,
1221 348 1412 386 audivitenim
1439 356 1503 375 eum
1529 348 1669 376 dicentem
1689 357 1695 375 :
1716 348 1768 380 Qui
1780 350 1897 376 comedit

1098 394 1167 420 Imm:
1181 401 1273 421 meum
1287 402 1396 429 panem,
1416 394 1484 421 vive!
1507 394 1534 420 in
1548 399 1676 421 (uentum
1696 395 1730 421 ".
1758 394 1814 421 Sed
1835 403 1899 430 quae

1098 443 1164 466 sunt
1179 439 1291 474 quidem
1307 439 1456 474 serpentis,
1476 444 1505 466 et
1533 447 1594 474 qua:
1606 439 1642 468 ad
1655 444 1826 474 serpentem,
1854 440 1901 466 di-

1099 485 1218 512 cendum
1248 489 1291 513 est
1307 485 1336 512 in
1352 485 1385 512 iis
1398 493 1460 520 quae
1470 489 1646 520 sequuntur:
1665 491 1840 513 revertamur
1849 493 1902 513 au-

1101 535 1155 558 tem
1170 531 1204 558 ad
1219 531 1344 558 divinum
1358 532 1517 562 mandatum
1532 537 1562 559 ut
1572 531 1719 566 implentes
1733 532 1900 559 mandatum

1099 578 1160 613 eius
1169 577 1217 611 qui
1230 577 1257 604 in
1270 577 1350 606 nobis
1363 577 1504 605 mandavit
1519 582 1549 605 ut
1560 578 1769 613 speeularemur
1787 586 1821 605 ea
1837 587 1902 613 qua:

1101 628 1227 658 spectant
1249 624 1283 651 ad
1298 625 1468 652 creationem
1493 633 1540 652 sex
1559 625 1680 657 dierum,
1703 625 1792 652 labori
1814 625 1900 652 tinem

1102 668 1287 703 imponamus.
1297 669 1367 696 Nam
1382 669 1496 704 pulchre
1512 669 1661 697 admodum
1681 670 1794 705 quando
1807 670 1901 698 intro-

1102 713 1181 742 duxit
1206 715 1348 743 hominem
1374 716 1588 751 primogenitum
1616 716 1646 743 in
1667 717 1828 751 paradisum
1855 725 1903 744 ra-

1103 761 1179 788 tione
1197 761 1427 796 prmditum,eum
1443 766 1471 790 et
1481 762 1546 790 fecit
1558 770 1661 797 regem,
1682 767 1710 790 et
1724 762 1819 789 omnia
1835 762 1905 789 sub—

1100 806 1168 842 jecit
1180 807 1232 834 sub
1242 807 1361 842 pedibus
1371 808 1443 842 ejus,
1459 808 1507 835 dat
1521 808 1547 835 ei
1560 808 1634 835 Deus
1660 808 1747 843 legem
1764 808 1902 839 mandati,

1104 857 1235 886 tanquam
1253 853 1311 880 haec
1328 853 1400 888 apud
1420 853 1556 880 Adamum
1570 853 1723 884 disserens.
1736 858 1765 880 et
1779 854 1879 880 dicens
1895 875 1901 880 .

1105 897 1188 930 Audi,
1208 898 1309 933 inquit,
1322 906 1338 925 0
1352 899 1471 934 primum
1493 906 1564 933 opus
1580 903 1608 926 et
1634 899 1755 933 primum
1782 899 1902 926 formata

1105 947 1234 970 creatura
1250 952 1374 972 mearum
1390 952 1522 971 manuum
1536 945 1756 979 impollutarum.
1779 949 1807 971 et
1822 944 1886 971 simi

1104 989 1193 1016 litudo
1209 997 1278 1017 mea:
1299 981 1466 1025 incorruptae
1484 990 1612 1025 imaginis
1628 991 1782 1025 unigenita,
1798 994 1828 1017 et
1843 991 1907 1025 pul-

1105 1035 1243 1062 cherrima
1259 1044 1265 1068 ;
1281 1036 1352 1063 scias
1363 1035 1436 1070 quod
1448 1043 1499 1070 ego
1511 1040 1537 1063 te
1554 1035 1645 1063 solum
1655 1043 1689 1062 ex
1701 1036 1834 1062 universa
1843 1040 1905 1070 qua-

1106 1080 1158 1107 sub
1175 1085 1316 1116 aspectum
1332 1081 1406 1108 cadit
1431 1086 1460 1108 et
1475 1089 1530 1110 non
1542 1081 1616 1108 cadit
1642 1087 1770 1108 creatura
1788 1085 1816 1108 te
1845 1083 1907 1107 for—

1107 1127 1180 1154 mavi
1197 1128 1231 1154 ad
1246 1136 1336 1155 meam
1348 1128 1508 1163 imaginem.
1522 1129 1655 1156 Dominor
1670 1127 1844 1159 caelestibus,
1856 1127 1906 1155 sed

1107 1181 1158 1208 ego
1176 1178 1202 1200 te
1217 1181 1328 1208 quoque
1340 1174 1472 1201 constitui
1490 1174 1631 1201 dominum
1643 1174 1829 1201 terrestrium.
1846 1174 1909 1208 Ego

1108 1224 1135 1246 te
1149 1219 1301 1246 fabricatus
1325 1227 1386 1246 sum
1407 1220 1549 1247 hominem
1563 1227 1597 1247 ex
1628 1224 1710 1247 terra.
1722 1219 1763 1246 Tu
1786 1227 1910 1254 quoque

1108 1265 1245 1292 fabricare
1258 1264 1398 1292 hominem
1413 1273 1447 1292 ex
1475 1265 1601 1292 matrice.
1617 1264 1710 1292 llabeo
1727 1264 1823 1291 sedem
1850 1272 1912 1292 co:-

1109 1310 1166 1337 lum
1188 1311 1261 1345 quod
1279 1316 1322 1338 est
1332 1319 1415 1346 super
1427 1319 1532 1346 aquas:
1549 1311 1598 1338 tibi
1619 1316 1712 1339 autem
1721 1311 1784 1338 dedi
1797 1311 1910 1341 sedem,

1111 1360 1212 1383 terram
1227 1365 1289 1391 quae
1309 1361 1352 1384 est
1377 1365 1460 1392 super
1482 1365 1578 1391 aquas.
1601 1357 1710 1391 lmpero
1738 1356 1859 1391 angelis,
1880 1360 1912 1382 nt

1111 1401 1231 1436 imperas
1247 1401 1419 1429 hominibus.
1437 1402 1578 1429 Assistunt
1593 1402 1662 1429 mihi
1690 1401 1783 1429 omnia
1799 1401 1911 1428 Cheru-

1111 1447 1179 1478 him,
1198 1451 1226 1475 et
1243 1447 1291 1474 tibi
1308 1447 1390 1482 902
1408 1448 1541 1475 assistunt
1552 1448 1646 1475 omnia
1661 1447 1719 1482 agri
1743 1447 1910 1474 animantia.

1112 1492 1236 1527 Subjicio
1254 1500 1286 1520 ea
1303 1500 1364 1526 qua:
1389 1499 1470 1519 senas
1486 1492 1591 1519 habent
1607 1492 1681 1523 alas;
1703 1490 1839 1525 subjicles
1860 1499 1912 1515 vo-

1113 1539 1204 1566 lucres
1215 1547 1276 1573 quae
1289 1539 1391 1565 multas
1401 1538 1503 1565 habent
1520 1546 1634 1573 pennas.
1665 1537 1776 1572 lmpero
1790 1537 1825 1563 iis
1850 1544 1914 1570 qua:

266 1589 359 1611 autem
385 1584 452 1612 dicit
477 1589 506 1612 ut
535 1585 693 1612 abstineant
710 1594 724 1612 a
743 1586 818 1621 ligno
841 1587 1017 1622 cognitionis,
1034 1594 1062 1615 et
1075 1594 1097 1622 ο
1113 1585 1216 1611 mullos
1232 1584 1456 1616 habentoculos;
1469 1583 1619 1618 imperabis
1632 1583 1806 1612 dmmnnibus
1824 1582 1912 1608 multa

266 1634 382 1657 mortem
410 1630 545 1657 ambobus
560 1631 717 1658 denuntiat.
747 1631 881 1666 Septima,
893 1633 915 1659 si
929 1632 1064 1661 formatus

266 1679 394 1702 esttotus
411 1675 536 1702 interitui
569 1683 623 1703 non
637 1676 786 1709 obnoxius,
813 1678 952 1712 quomodo
978 1679 1064 1706 sensit

267 1721 389 1748 fructum
402 1721 469 1756 ligni
482 1721 596 1749 tendere
610 1722 644 1748 ad
659 1723 878 1757 corruptionem.
890 1723 1003 1755 Octava,
1014 1732 1065 1752 cur

269 1774 323 1794 non
335 1767 418 1794 etiam
433 1775 609 1795 communem
622 1768 784 1796 hominibus
799 1774 827 1796 et
842 1769 940 1797 bestiis
969 1771 1064 1805 posuit

270 1814 345 1841 hunc
372 1821 483 1848 quoque
504 1814 597 1841 cibum
619 1815 799 1849 pulchrorum
815 1815 965 1850 lignorum,
994 1817 1066 1845 sicut

268 1859 352 1886 etiam
368 1859 487 1894 priorem
505 1859 578 1887 intus
593 1860 620 1887 in
633 1861 773 1895 paradiso,
790 1869 853 1888 cum
864 1869 911 1889 eas
930 1863 1065 1890 adduxis-

270 1909 312 1931 set
324 1905 356 1931 ad
376 1905 523 1931 Adamum.
541 1905 631 1936 Nona.
647 1905 789 1940 quomodo
802 1914 857 1933 non
871 1910 914 1934 est
939 1912 1066 1935 mortuus

271 1950 331 1985 ipso
345 1949 389 1977 die
400 1958 456 1985 quo
466 1951 597 1983 comedit,
612 1951 812 1979 convenienter
825 1953 971 1980 sententia:
981 1961 1064 1987 quam

270 1998 295 2024 ei
324 1997 512 2032 pronuntiavit
533 1997 616 2025 Deus.
646 1997 768 2029 Decima,
795 2006 914 2032 quanam
933 1999 967 2026 de
984 2007 1066 2026 causa

271 2052 334 2070 culti
349 2042 499 2072 nominavit
514 2043 610 2071 Adam.
626 2044 716 2079 Atque
728 2045 787 2072 haec
799 2044 911 2079 quidem
935 2045 1029 2072 omnia
1048 2045 1067 2071 ii

271 2088 318 2122 qui
337 2088 445 2119 volunt,
458 2092 619 2116 scrutentur
633 2093 663 2116 ut
675 2089 772 2115 volunt
789 2094 817 2117 ct
834 2093 962 2124 possunt,
979 2089 1068 2117 diser-

274 2135 364 2169 lisque
381 2135 474 2161 verbis
488 2135 622 2170 suavique
639 2135 751 2162 dicendi
770 2136 878 2163 ratione
893 2140 922 2163 et
945 2136 1066 2163 rhetori-

273 2181 314 2207 cis
324 2180 446 2215 strophis
460 2180 554 2207 dicant
568 2181 770 2215 ctintelligant.
782 2181 837 2215 Ego
851 2185 944 2208 autem
957 2181 1068 2216 quando

274 2227 358 2253 Deum
376 2227 490 2262 mystice
508 2227 604 2254 videro
619 2231 647 2253 et
667 2226 783 2253 audiero
814 2226 865 2254 soli
882 2227 988 2254 Adamo
1003 2227 1068 2254 dare

1115 1630 1285 1658 videntibus.
1300 1630 1434 1657 Dominor
1452 1629 1659 1661 subterraneis;
1678 1633 1707 1655 tu
1722 1636 1836 1663 quoque
1861 1628 1911 1654 do-

1115 1677 1221 1704 minare
1239 1676 1364 1711 piscibus
1378 1676 1425 1711 qui
1440 1680 1504 1703 sunt
1524 1675 1551 1702 in
1566 1675 1760 1702 subterraneis
1775 1675 1846 1701 locis
1861 1682 1917 1700 ma.

1115 1723 1165 1753 ris,
1181 1727 1209 1749 et
1223 1722 1305 1749 timor
1320 1726 1348 1749 et
1361 1726 1464 1749 tremor
1478 1726 1568 1748 vester
1579 1721 1615 1748 sit
1635 1728 1718 1755 super
1733 1720 1828 1746 omnia
1841 1726 1915 1748 Cele.

1115 1774 1144 1796 et
1160 1769 1281 1803 reptilia,
1299 1772 1327 1795 et
1349 1768 1453 1795 bestias
1478 1771 1569 1794 terrae.
1595 1766 1694 1794 Omnia
1714 1766 1762 1793 tibi
1781 1770 1916 1800 tanquam

1116 1815 1145 1842 in
1158 1823 1219 1842 mea
1235 1815 1354 1849 imagine
1365 1814 1481 1849 subjeci.
1497 1813 1594 1841 Omnia
1607 1813 1727 1840 tibidedi
1739 1812 1792 1839 sub
1803 1820 1917 1843 manus.

1117 1860 1249 1890 animata,
1265 1859 1401 1898 inanima,
1418 1859 1542 1889 arbores.
1555 1858 1748 1893 germinantia.
1764 1858 1918 1888 naturalia,

1117 1907 1259 1938 volucres.
1274 1910 1303 1933 et
1324 1913 1386 1940 quae
1403 1905 1587 1932 seminantur.
1603 1904 1740 1932 Omnibus
1751 1903 1919 1931 dominare:

1117 1953 1248 1980 omnibus
1258 1952 1361 1983 (ruere.
1373 1955 1401 1978 et
1413 1959 1456 1978 me
1466 1950 1595 1980 maxime.
1607 1950 1654 1985 qui
1664 1958 1725 1977 sum
1736 1949 1844 1984 lignum
1855 1950 1920 1976 vita:

1117 2000 1191 2027 Deus
1208 2004 1271 2026 tuus
1283 2007 1290 2031 ;
1304 2002 1362 2025 toto
1374 1998 1466 2025 animo
1483 2001 1668 2032 prompteque
1682 1998 1718 2023 et’
1725 1995 1861 2022 alacriter
1886 1995 1922 2021 iis

1118 2045 1247 2079 expleare
1256 2043 1374 2071 deliciis.
1386 2043 1441 2070 Nec
1450 2043 1495 2069 his
1504 2042 1633 2074 solis,sed
1642 2041 1726 2068 etiam
1737 2041 1772 2068 iis
1779 2048 1843 2075 qum
1854 2045 1922 2067 sunt

1119 2097 1152 2116 ex
1167 2088 1242 2115 omni
1257 2088 1332 2123 ligno
1345 2092 1378 2123 et
1386 2087 1476 2114 fructu
1493 2087 1540 2121 qui
1560 2090 1603 2113 est
1623 2086 1651 2113 in
1663 2085 1803 2120 paradiso.
1837 2085 1921 2111 vide-

1119 2133 1185 2160 licet
1202 2132 1332 2158 omnibus
1343 2122 1461 2163 deliciis,
1476 2139 1538 2166 qua:
1565 2131 1645 2157 vobis
1669 2135 1869 2165 proponuntur
1888 2138 1922 2156 ex

1118 2179 1222 2205 virtute
1232 2177 1506 2212 angelica.eomcde;
1525 2176 1700 2203 solummodo
1719 2175 1789 2202 illud
1812 2175 1923 2210 lignum

1121 2225 1305 2260 cognoscendi
1327 2224 1431 2251 bonum
1453 2229 1481 2250 et
1507 2223 1621 2258 malum,
1644 2226 1673 2248 et
1685 2221 1759 2256 quod
1775 2225 1819 2248 est
1836 2229 1924 2256 prope

274 2273 434 2300 mandatum
450 2277 478 2300 et
492 2278 640 2307 prmccpta,
656 2273 733 2300 nullo
749 2277 887 2307 pricscnte
903 2277 952 2301 aut
979 2273 1068 2300 inter-
1085 2263 1106 2290 υ
1122 2271 1277 2305 plmtatnm
1294 2270 1373 2305 (vitia
1387 2270 1461 2297 enim
1477 2269 1620 2296 adlnereut
1633 2267 1798 2295 virtutibusl
1808 2275 1844 2295 ne
1858 2275 1926 2294 con-

274 2320 392 2347 cedente
405 2328 412 2348 ς
431 2319 532 2346 deinde
550 2324 644 2353 postea
655 2318 791 2346 Adamum
803 2318 844 2346 eis
859 2318 1004 2346 mulierem
1018 2319 1069 2345 im-

276 2366 380 2400 pertire
400 2374 406 2391 :
423 2365 551 2400 protinus
569 2364 692 2399 intelligo
705 2369 874 2399 praeceptum
892 2364 1070 2392 illiusAdami

276 2415 464 2446 tncorruptnm
484 2418 560 2438 suam
577 2418 689 2437 uxorem
707 2410 818 2444 (nempe
830 2410 994 2445 Ecclesiam)
1022 2418 1070 2437 v0-

275 2457 364 2484 cantis
378 2462 405 2484 et
417 2457 534 2484 dicentis
557 2466 562 2483 :
581 2457 662 2483 Verba
680 2464 738 2488 qum
752 2457 846 2491 loquor
865 2465 916 2483 non
930 2466 945 2483 a
963 2457 1071 2491 meipso

257 2508 260 2512 '
277 2505 380 2540 loquor,
398 2504 443 2530 sed
461 2504 619 2530 mam/alunt
633 2503 721 2538 accepi
738 2513 754 2529 ιι
769 2503 850 2529 Putre
866 2511 923 2529 meo
939 2504 1002 2538 quid
1029 2503 1072 2530 di-
1095 2505 1097 2507 ’

276 2559 335 2577 mm
351 2554 375 2576 ct
397 2551 460 2584 quid
489 2549 583 2584 loquar
599 2550 631 2576 ²¹.
650 2549 706 2576 llac
733 2549 840 2576 ratione
855 2548 958 2576 dicitur
985 2549 1070 2576 etiam

276 2597 406 2624 Christus
419 2597 508 2631 magni
525 2596 628 2623 consilii
642 2595 753 2630 angelus
770 2596 810 2627 η,
839 2595 971 2630 quoniam
996 2595 1070 2622 anti-

278 2650 363 2677 quum
373 2650 469 2669 verum
485 2642 633 2669 consilium
649 2641 731 2668 simul
747 2649 809 2668 cum
824 2641 904 2668 Patre
916 2641 993 2675 prius
1004 2648 1072 2668 con—

279 2689 401 2720 sultavit,
422 2688 496 2723 quod
514 2688 721 2723 pnedestinavit
735 2688 807 2714 Deus
833 2692 897 2714 ante
925 2687 1027 2714 secula
1043 2691 1074 2714 ut

279 2735 314 2762 ad
330 2741 454 2762 nostrain
467 2735 575 2762 veniret
593 2734 719 2770 gloriam.
742 2738 770 2761 ct
796 2733 974 2760 annuntiaret
999 2733 1075 2768 gregi

280 2790 331 2809 suo
342 2786 476 2816 tanquam
486 2781 562 2810 uxori
578 2786 606 2808 et
618 2781 693 2808 verbi
706 2788 801 2808 semen
813 2780 848 2806 ab
865 2788 899 2807 eo
916 2780 1075 2814 accipienti.

280 2834 309 2856 et
327 2828 413 2855 lilium
423 2828 552 2864 parienli.
570 2827 648 2855 Unde
658 2835 712 2854 nou
727 2826 807 2861 jubet
819 2825 843 2853 ci
855 2830 888 2852 ἰιι
901 2833 956 2852 nun
969 2826 1004 2852 sit
1014 2833 1078 2860 par-

320 2918 340 2932 "
353 2917 432 2945 Joan.
449 2926 494 2951 xtl,
512 2917 554 2944 ις).
589 2918 614 2932 ¹²
637 2917 688 2944 Isa.
708 2925 743 2948 ix,
769 2915 795 2943 6.
836 2914 948 2942 "Joan.
965 2922 1000 2942 vi.
1016 2913 1062 2941 fit).

1124 2316 1230 2352 tigeris,
1247 2324 1281 2344 ne
1300 2315 1505 2346 attrectaveris,
1527 2322 1561 2341 ue
1587 2313 1873 2348 appropinquaveris,
1890 2321 1924 2339 ne

1125 2362 1153 2390 in
1168 2370 1266 2389 manus
1280 2362 1443 2396 sumpseris,
1464 2369 1499 2387 ne
1509 2359 1660 2395 gestaveris
1675 2368 1681 2385 τ
1698 2358 1864 2392 Quocunque
1874 2367 1925 2385 au-

1126 2413 1178 2436 tem
1190 2408 1232 2435 die
1243 2416 1276 2435 ex
1290 2416 1319 2434 co
1334 2406 1509 2438 comederitis,
1525 2410 1608 2432 morte
1625 2405 1785 2431 moriemini.
1817 2404 1846 2431 Si
1864 2409 1927 2431 ten-

1127 2454 1253 2482 taveritis
1270 2454 1327 2481 ﬁeri
1346 2454 1399 2480 mei
1419 2453 1525 2480 similes
1548 2455 1747 2486 cognoscentes
1776 2450 1884 2478 bonum
1899 2456 1927 2478 et

1128 2501 1241 2531 malutn,
1254 2503 1282 2526 et
1294 2504 1349 2526 tam
1364 2506 1396 2525 ca
1414 2506 1476 2532 qua:
1491 2502 1553 2524 sunt
1567 2496 1674 2523 occulta
1688 2503 1770 2530 quam
1785 2503 1849 2529 qua:
1868 2503 1927 2522 ma-

1126 2546 1238 2578 nifesta,
1253 2545 1347 2572 statim
1359 2549 1448 2571 morte.
1465 2542 1634 2570 moriemini.

1163 2593 1219 2619 lloc
1231 2597 1274 2619 est
1287 2591 1361 2626 quod
1377 2591 1450 2617 Deus
1469 2589 1600 2624 pnccepit
1615 2587 1721 2615 homini
1747 2595 1805 2614 non
1832 2594 1928 2613 come-

1127 2638 1193 2666 dere
1210 2647 1215 2665 :
1233 2638 1285 2665 hoc.
1311 2642 1363 2669 est,
1391 2645 1425 2663 ne
1442 2640 1535 2663 mente
1551 2634 1663 2670 quidem
1682 2633 1843 2668 concipere.
1872 2631 1930 2658 Hoc

1124 2689 1167 2712 est
1179 2684 1253 2719 quod
1270 2683 1374 2713 dicitur
1388 2682 1492 2716 lignum
1517 2679 1686 2716 cognitionis
1709 2678 1775 2706 boni
1793 2683 1821 2705 et
1837 2677 1904 2704 mali
1923 2685 1929 2702 :

1126 2731 1171 2758 hic
1195 2735 1238 2758 est
1257 2729 1304 2764 qui
1319 2729 1423 2756 dicitur
1432 2727 1540 2755 fructus
1553 2725 1662 2758 lattil‘er,
1690 2723 1818 2759 superbia
1834 2722 1930 2750 cﬂcrri

1125 2777 1324 2805 etcxistimare
1339 2775 1461 2810 seipsutn
1475 2774 1573 2805 Deum,
1594 2774 1809 2806 cognoscentem
1822 2769 1930 2796 bonum

1126 2828 1154 2851 et
1169 2823 1271 2850 malum
1289 2831 1295 2849 :
1311 2829 1374 2848 eum
1390 2828 1480 2855 neque
1495 2819 1610 2854 angelus
1631 2825 1722 2854 neque
1741 2816 1865 2847 dzemon,
1880 2817 1928 2842 sed
