  <div class='ocr_page' id='page_1' title='image "/cluster/home/n/w/nwhite01/storage/ocr_20150623/89/njp.32101064224908/504.png"; bbox 0 0 1980 3233; ppageno 0'>
   <div class='ocr_carea' id='block_1_1' title="bbox 85 227 143 260">
    <p class='ocr_par' dir='ltr' id='par_1_1' title="bbox 85 227 143 260">
     <span class='ocr_line' id='line_1_1' title="bbox 85 227 143 260; baseline 0.017 -1"><span class='ocrx_word' id='word_1_1' title='bbox 85 227 143 260; x_wconf 74' lang='grc'><strong>989</strong></span> 
     </span>
    </p>
   </div>
   <div class='ocr_carea' id='block_1_2' title="bbox 625 228 1174 261">
    <p class='ocr_par' dir='ltr' id='par_1_2' title="bbox 625 228 1174 261">
     <span class='ocr_line' id='line_1_2' title="bbox 625 228 1174 261; baseline 0.005 -3"><span class='ocrx_word' id='word_1_2' title='bbox 625 229 666 258; x_wconf 79' lang='lat' dir='ltr'><strong>IN</strong></span> <span class='ocrx_word' id='word_1_3' title='bbox 686 228 961 259; x_wconf 78' lang='lat' dir='ltr'><strong>HEXAEMERON.</strong></span> <span class='ocrx_word' id='word_1_4' title='bbox 978 241 1009 246; x_wconf 89' lang='grc'><strong><em>-</em></strong></span> <span class='ocrx_word' id='word_1_5' title='bbox 1025 230 1099 261; x_wconf 82' lang='lat' dir='ltr'><strong>LlB.</strong></span> <span class='ocrx_word' id='word_1_6' title='bbox 1121 231 1174 261; x_wconf 82' lang='lat' dir='ltr'><strong>IX.</strong></span> 
     </span>
    </p>
   </div>
   <div class='ocr_carea' id='block_1_3' title="bbox 1674 231 1728 262">
    <p class='ocr_par' dir='ltr' id='par_1_3' title="bbox 1674 231 1728 262">
     <span class='ocr_line' id='line_1_3' title="bbox 1674 231 1728 262; baseline 0.019 -1"><span class='ocrx_word' id='word_1_7' title='bbox 1674 231 1728 262; x_wconf 74' lang='lat'><strong>990</strong></span> 
     </span>
    </p>
   </div>
   <div class='ocr_carea' id='block_1_4' title="bbox 90 282 1726 318">
    <p class='ocr_par' dir='ltr' id='par_1_4' title="bbox 90 282 1726 318">
     <span class='ocr_line' id='line_1_4' title="bbox 90 282 1726 318; baseline 0.001 -7"><span class='ocrx_word' id='word_1_8' title='bbox 90 283 167 312; x_wconf 74' lang='lat' dir='ltr'><strong>solus</strong></span> <span class='ocrx_word' id='word_1_9' title='bbox 186 282 264 309; x_wconf 83' lang='lat' dir='ltr'><strong>Deus</strong></span> <span class='ocrx_word' id='word_1_10' title='bbox 288 282 358 310; x_wconf 81' lang='lat' dir='ltr'><strong>sciat</strong></span> <span class='ocrx_word' id='word_1_11' title='bbox 371 287 491 310; x_wconf 90' lang='lat' dir='ltr'><strong>mentem</strong></span> <span class='ocrx_word' id='word_1_12' title='bbox 518 283 672 316; x_wconf 83' lang='lat' dir='ltr'><strong>hominum,</strong></span> <span class='ocrx_word' id='word_1_13' title='bbox 689 288 719 310; x_wconf 92' lang='lat' dir='ltr'><strong>ut</strong></span> <span class='ocrx_word' id='word_1_14' title='bbox 733 283 800 310; x_wconf 89' lang='lat' dir='ltr'><strong>dicit</strong></span> <span class='ocrx_word' id='word_1_15' title='bbox 821 284 882 311; x_wconf 83' lang='lat' dir='ltr'><strong>Job.</strong></span> <span class='ocrx_word' id='word_1_16' title='bbox 899 286 920 313; x_wconf 80' lang='grc' dir='ltr'><strong>Α</strong></span> <span class='ocrx_word' id='word_1_17' title='bbox 935 295 1035 318; x_wconf 76' lang='lat' dir='ltr'><strong>eorum,</strong></span> <span class='ocrx_word' id='word_1_18' title='bbox 1046 292 1070 314; x_wconf 84' lang='lat' dir='ltr'><strong>et</strong></span> <span class='ocrx_word' id='word_1_19' title='bbox 1080 291 1243 314; x_wconf 80' lang='lat' dir='ltr'><strong>sarmentum</strong></span> <span class='ocrx_word' id='word_1_20' title='bbox 1254 295 1344 313; x_wconf 81' lang='lat' dir='ltr'><strong>eorum</strong></span> <span class='ocrx_word' id='word_1_21' title='bbox 1357 295 1388 313; x_wconf 70' lang='lat' dir='ltr'><strong>ex</strong></span> <span class='ocrx_word' id='word_1_22' title='bbox 1400 287 1556 317; x_wconf 81' lang='lat' dir='ltr'><strong>Gomorrlia,</strong></span> <span class='ocrx_word' id='word_1_23' title='bbox 1571 294 1621 313; x_wconf 82' lang='lat' dir='ltr'><strong>uva</strong></span> <span class='ocrx_word' id='word_1_24' title='bbox 1636 293 1726 313; x_wconf 83' lang='lat' dir='ltr'><strong>eorum</strong></span> 
     </span>
    </p>
   </div>
   <div class='ocr_carea' id='block_1_5' title="bbox 90 328 886 365">
    <p class='ocr_par' dir='ltr' id='par_1_5' title="bbox 90 328 886 365">
     <span class='ocr_line' id='line_1_5' title="bbox 90 328 886 365; baseline 0.005 -11"><span class='ocrx_word' id='word_1_25' title='bbox 90 329 151 363; x_wconf 71' lang='lat' dir='ltr'><strong>ipse</strong></span> <span class='ocrx_word' id='word_1_26' title='bbox 166 328 240 355; x_wconf 89' lang='lat' dir='ltr'><strong>enim</strong></span> <span class='ocrx_word' id='word_1_27' title='bbox 256 330 401 363; x_wconf 80' lang='lat' dir='ltr'><strong>cognoscit</strong></span> <span class='ocrx_word' id='word_1_28' title='bbox 412 331 518 357; x_wconf 81' lang='lat' dir='ltr'><strong>occulta</strong></span> <span class='ocrx_word' id='word_1_29' title='bbox 535 331 637 361; x_wconf 85' lang='lat' dir='ltr'><strong>cordis.</strong></span> <span class='ocrx_word' id='word_1_30' title='bbox 657 331 703 365; x_wconf 89' lang='lat' dir='ltr'><strong>qui</strong></span> <span class='ocrx_word' id='word_1_31' title='bbox 720 331 804 358; x_wconf 86' lang='lat' dir='ltr'><strong>corda</strong></span> <span class='ocrx_word' id='word_1_32' title='bbox 819 339 886 358; x_wconf 82' lang='lat' dir='ltr'><strong>exa-</strong></span> 
     </span>
    </p>
   </div>
   <div class='ocr_carea' id='block_1_6' title="bbox 91 375 884 411">
    <p class='ocr_par' dir='ltr' id='par_1_6' title="bbox 91 375 884 411">
     <span class='ocr_line' id='line_1_6' title="bbox 91 375 884 411; baseline 0.003 -9"><span class='ocrx_word' id='word_1_33' title='bbox 91 375 178 402; x_wconf 88' lang='lat' dir='ltr'><strong>minat</strong></span> <span class='ocrx_word' id='word_1_34' title='bbox 188 378 218 401; x_wconf 90' lang='lat' dir='ltr'><strong>et</strong></span> <span class='ocrx_word' id='word_1_35' title='bbox 229 382 314 402; x_wconf 89' lang='lat' dir='ltr'><strong>renes</strong></span> <span class='ocrx_word' id='word_1_36' title='bbox 326 375 410 402; x_wconf 84' lang='lat' dir='ltr'><strong>Deus.</strong></span> <span class='ocrx_word' id='word_1_37' title='bbox 429 376 485 403; x_wconf 81' lang='lat' dir='ltr'><strong>Hoc</strong></span> <span class='ocrx_word' id='word_1_38' title='bbox 496 385 562 411; x_wconf 84' lang='lat' dir='ltr'><strong>ergo</strong></span> <span class='ocrx_word' id='word_1_39' title='bbox 573 377 718 411; x_wconf 73' lang='lat' dir='ltr'><strong>praununit</strong></span> <span class='ocrx_word' id='word_1_40' title='bbox 732 377 884 409; x_wconf 90' lang='lat' dir='ltr'><strong>hominem,</strong></span> 
     </span>
    </p>
   </div>
   <div class='ocr_carea' id='block_1_7' title="bbox 91 420 886 455">
    <p class='ocr_par' dir='ltr' id='par_1_7' title="bbox 91 420 886 455">
     <span class='ocr_line' id='line_1_7' title="bbox 91 420 886 455; baseline 0.003 -8"><span class='ocrx_word' id='word_1_41' title='bbox 91 420 209 455; x_wconf 78' lang='lat' dir='ltr'><strong>perinde</strong></span> <span class='ocrx_word' id='word_1_42' title='bbox 235 428 267 447; x_wconf 89' lang='lat' dir='ltr'><strong>ac</strong></span> <span class='ocrx_word' id='word_1_43' title='bbox 283 420 306 447; x_wconf 91' lang='lat' dir='ltr'><strong>si</strong></span> <span class='ocrx_word' id='word_1_44' title='bbox 326 421 353 448; x_wconf 87' lang='lat' dir='ltr'><strong>ei</strong></span> <span class='ocrx_word' id='word_1_45' title='bbox 375 421 481 448; x_wconf 88' lang='lat' dir='ltr'><strong>diceret</strong></span> <span class='ocrx_word' id='word_1_46' title='bbox 505 430 511 447; x_wconf 78' lang='grc' dir='ltr'>ε</span> <span class='ocrx_word' id='word_1_47' title='bbox 530 422 650 449; x_wconf 82' lang='lat' dir='ltr'><strong>Attende</strong></span> <span class='ocrx_word' id='word_1_48' title='bbox 666 422 716 449; x_wconf 91' lang='lat' dir='ltr'><strong>tibi</strong></span> <span class='ocrx_word' id='word_1_49' title='bbox 731 426 759 449; x_wconf 91' lang='lat' dir='ltr'><strong>et</strong></span> <span class='ocrx_word' id='word_1_50' title='bbox 771 429 838 449; x_wconf 88' lang='lat' dir='ltr'><strong>cave</strong></span> <span class='ocrx_word' id='word_1_51' title='bbox 852 430 886 449; x_wconf 93' lang='lat' dir='ltr'><strong>ne</strong></span> 
     </span>
    </p>
   </div>
   <div class='ocr_carea' id='block_1_8' title="bbox 92 465 886 502">
    <p class='ocr_par' dir='ltr' id='par_1_8' title="bbox 92 465 886 502">
     <span class='ocr_line' id='line_1_8' title="bbox 92 465 886 502; baseline 0.001 -10"><span class='ocrx_word' id='word_1_52' title='bbox 92 469 217 500; x_wconf 85' lang='lat' dir='ltr'><strong>potestas</strong></span> <span class='ocrx_word' id='word_1_53' title='bbox 233 470 262 492; x_wconf 91' lang='lat' dir='ltr'><strong>et</strong></span> <span class='ocrx_word' id='word_1_54' title='bbox 290 473 387 500; x_wconf 79' lang='lat' dir='ltr'><strong>magna</strong></span> <span class='ocrx_word' id='word_1_55' title='bbox 404 465 556 493; x_wconf 87' lang='lat' dir='ltr'><strong>auctoritas</strong></span> <span class='ocrx_word' id='word_1_56' title='bbox 580 474 663 501; x_wconf 87' lang='lat' dir='ltr'><strong>quam</strong></span> <span class='ocrx_word' id='word_1_57' title='bbox 683 474 733 502; x_wconf 81' lang='lat' dir='ltr'><strong>ego</strong></span> <span class='ocrx_word' id='word_1_58' title='bbox 754 466 803 493; x_wconf 91' lang='lat' dir='ltr'><strong>tibi</strong></span> <span class='ocrx_word' id='word_1_59' title='bbox 821 466 886 493; x_wconf 83' lang='lat' dir='ltr'><strong>dedi</strong></span> 
     </span>
    </p>
   </div>
   <div class='ocr_carea' id='block_1_9' title="bbox 93 512 887 546">
    <p class='ocr_par' dir='ltr' id='par_1_9' title="bbox 93 512 887 546">
     <span class='ocr_line' id='line_1_9' title="bbox 93 512 887 546; baseline 0.001 -8"><span class='ocrx_word' id='word_1_60' title='bbox 93 519 156 539; x_wconf 88' lang='lat' dir='ltr'><strong>cum</strong></span> <span class='ocrx_word' id='word_1_61' title='bbox 175 515 201 538; x_wconf 91' lang='lat' dir='ltr'><strong>te</strong></span> <span class='ocrx_word' id='word_1_62' title='bbox 218 519 310 546; x_wconf 80' lang='lat' dir='ltr'><strong>regem</strong></span> <span class='ocrx_word' id='word_1_63' title='bbox 321 512 454 538; x_wconf 70' lang='lat' dir='ltr'><strong>constitui</strong></span> <span class='ocrx_word' id='word_1_64' title='bbox 471 516 500 539; x_wconf 90' lang='lat' dir='ltr'><strong>et</strong></span> <span class='ocrx_word' id='word_1_65' title='bbox 516 512 658 539; x_wconf 92' lang='lat' dir='ltr'><strong>dominum</strong></span> <span class='ocrx_word' id='word_1_66' title='bbox 689 513 773 540; x_wconf 88' lang='lat' dir='ltr'><strong>totius</strong></span> <span class='ocrx_word' id='word_1_67' title='bbox 791 513 887 540; x_wconf 91' lang='lat' dir='ltr'><strong>mundi</strong></span> 
     </span>
    </p>
   </div>
   <div class='ocr_carea' id='block_1_10' title="bbox 93 557 888 592">
    <p class='ocr_par' dir='ltr' id='par_1_10' title="bbox 93 557 888 592">
     <span class='ocr_line' id='line_1_10' title="bbox 93 557 888 592; baseline 0.003 -9"><span class='ocrx_word' id='word_1_68' title='bbox 93 557 142 591; x_wconf 88' lang='lat' dir='ltr'><strong>qui</strong></span> <span class='ocrx_word' id='word_1_69' title='bbox 158 558 295 589; x_wconf 82' lang='lat' dir='ltr'><strong>cernitur.</strong></span> <span class='ocrx_word' id='word_1_70' title='bbox 310 562 336 584; x_wconf 91' lang='lat' dir='ltr'><strong>te</strong></span> <span class='ocrx_word' id='word_1_71' title='bbox 350 557 465 584; x_wconf 79' lang='lat' dir='ltr'><strong>extollat</strong></span> <span class='ocrx_word' id='word_1_72' title='bbox 478 558 506 584; x_wconf 93' lang='lat' dir='ltr'><strong>in</strong></span> <span class='ocrx_word' id='word_1_73' title='bbox 524 558 695 592; x_wconf 82' lang='lat' dir='ltr'><strong>superbiam,</strong></span> <span class='ocrx_word' id='word_1_74' title='bbox 708 562 737 585; x_wconf 86' lang='lat' dir='ltr'><strong>et</strong></span> <span class='ocrx_word' id='word_1_75' title='bbox 761 558 888 592; x_wconf 83' lang='lat' dir='ltr'><strong>experia-</strong></span> 
     </span>
    </p>
   </div>
   <div class='ocr_carea' id='block_1_11' title="bbox 95 603 888 639">
    <p class='ocr_par' dir='ltr' id='par_1_11' title="bbox 95 603 888 639">
     <span class='ocr_line' id='line_1_11' title="bbox 95 603 888 639; baseline 0.001 -9"><span class='ocrx_word' id='word_1_76' title='bbox 95 605 133 630; x_wconf 90' lang='lat' dir='ltr'><strong>ris</strong></span> <span class='ocrx_word' id='word_1_77' title='bbox 147 611 209 631; x_wconf 88' lang='lat' dir='ltr'><strong>esse</strong></span> <span class='ocrx_word' id='word_1_78' title='bbox 225 604 351 638; x_wconf 83' lang='lat' dir='ltr'><strong>rapinam</strong></span> <span class='ocrx_word' id='word_1_79' title='bbox 365 603 523 631; x_wconf 80' lang='lat' dir='ltr'><strong>existimare</strong></span> <span class='ocrx_word' id='word_1_80' title='bbox 535 609 562 631; x_wconf 89' lang='lat' dir='ltr'><strong>te</strong></span> <span class='ocrx_word' id='word_1_81' title='bbox 576 612 638 632; x_wconf 88' lang='lat' dir='ltr'><strong>esse</strong></span> <span class='ocrx_word' id='word_1_82' title='bbox 652 605 720 631; x_wconf 90' lang='lat' dir='ltr'><strong>mihi</strong></span> <span class='ocrx_word' id='word_1_83' title='bbox 745 605 804 639; x_wconf 89' lang='lat' dir='ltr'><strong>(qui</strong></span> <span class='ocrx_word' id='word_1_84' title='bbox 828 612 888 631; x_wconf 85' lang='lat' dir='ltr'><strong>sum</strong></span> 
     </span>
    </p>
   </div>
   <div class='ocr_carea' id='block_1_12' title="bbox 95 649 887 684">
    <p class='ocr_par' dir='ltr' id='par_1_12' title="bbox 95 649 887 684">
     <span class='ocr_line' id='line_1_12' title="bbox 95 649 887 684; baseline 0 -8"><span class='ocrx_word' id='word_1_85' title='bbox 95 649 179 684; x_wconf 83' lang='lat' dir='ltr'><strong>Deus)</strong></span> <span class='ocrx_word' id='word_1_86' title='bbox 195 650 340 684; x_wconf 68' lang='lat' dir='ltr'><strong>aequalem,</strong></span> <span class='ocrx_word' id='word_1_87' title='bbox 369 654 580 684; x_wconf 81' lang='lat' dir='ltr'><strong>cognoscentem</strong></span> <span class='ocrx_word' id='word_1_88' title='bbox 607 650 710 677; x_wconf 87' lang='lat' dir='ltr'><strong>bonum</strong></span> <span class='ocrx_word' id='word_1_89' title='bbox 731 654 759 677; x_wconf 90' lang='lat' dir='ltr'><strong>et</strong></span> <span class='ocrx_word' id='word_1_90' title='bbox 774 650 887 676; x_wconf 88' lang='lat' dir='ltr'><strong>malum.</strong></span> 
     </span>
    </p>
   </div>
   <div class='ocr_carea' id='block_1_13' title="bbox 95 695 890 730">
    <p class='ocr_par' dir='ltr' id='par_1_13' title="bbox 95 695 890 730">
     <span class='ocr_line' id='line_1_13' title="bbox 95 695 890 730; baseline 0 -8"><span class='ocrx_word' id='word_1_91' title='bbox 95 695 293 722; x_wconf 79' lang='lat' dir='ltr'><strong>Animadverte</strong></span> <span class='ocrx_word' id='word_1_92' title='bbox 305 696 379 729; x_wconf 91' lang='lat' dir='ltr'><strong>quod</strong></span> <span class='ocrx_word' id='word_1_93' title='bbox 394 699 457 722; x_wconf 90' lang='lat' dir='ltr'><strong>ante</strong></span> <span class='ocrx_word' id='word_1_94' title='bbox 472 699 498 722; x_wconf 92' lang='lat' dir='ltr'><strong>te</strong></span> <span class='ocrx_word' id='word_1_95' title='bbox 524 695 577 723; x_wconf 84' lang='lat' dir='ltr'><strong>feci</strong></span> <span class='ocrx_word' id='word_1_96' title='bbox 590 695 738 730; x_wconf 86' lang='lat' dir='ltr'><strong>quemdam</strong></span> <span class='ocrx_word' id='word_1_97' title='bbox 752 695 847 726; x_wconf 82' lang='lat' dir='ltr'><strong>alium,</strong></span> <span class='ocrx_word' id='word_1_98' title='bbox 861 699 890 722; x_wconf 84' lang='lat' dir='ltr'><strong>et.</strong></span> 
     </span>
    </p>
   </div>
   <div class='ocr_carea' id='block_1_14' title="bbox 100 741 887 776">
    <p class='ocr_par' dir='ltr' id='par_1_14' title="bbox 100 741 887 776">
     <span class='ocr_line' id='line_1_14' title="bbox 100 741 887 776; baseline -0.001 -8"><span class='ocrx_word' id='word_1_99' title='bbox 100 741 232 768; x_wconf 79' lang='lat' dir='ltr'><strong>constitui</strong></span> <span class='ocrx_word' id='word_1_100' title='bbox 246 741 398 776; x_wconf 87' lang='lat' dir='ltr'><strong>principem</strong></span> <span class='ocrx_word' id='word_1_101' title='bbox 410 741 565 776; x_wconf 83' lang='lat' dir='ltr'><strong>plantarum</strong></span> <span class='ocrx_word' id='word_1_102' title='bbox 579 742 684 768; x_wconf 87' lang='lat' dir='ltr'><strong>ratione</strong></span> <span class='ocrx_word' id='word_1_103' title='bbox 697 741 887 776; x_wconf 57' lang='lat' dir='ltr'><strong>praditarum.</strong></span> 
     </span>
    </p>
   </div>
   <div class='ocr_carea' id='block_1_15' title="bbox 100 786 890 821">
    <p class='ocr_par' dir='ltr' id='par_1_15' title="bbox 100 786 890 821">
     <span class='ocr_line' id='line_1_15' title="bbox 100 786 890 821; baseline -0.001 -8"><span class='ocrx_word' id='word_1_104' title='bbox 100 791 129 813; x_wconf 85' lang='lat' dir='ltr'><strong>et</strong></span> <span class='ocrx_word' id='word_1_105' title='bbox 146 786 268 821; x_wconf 82' lang='lat' dir='ltr'><strong>paradisi</strong></span> <span class='ocrx_word' id='word_1_106' title='bbox 278 786 459 821; x_wconf 85' lang='lat' dir='ltr'><strong>intelligentis</strong></span> <span class='ocrx_word' id='word_1_107' title='bbox 475 786 592 821; x_wconf 73' lang='lat' dir='ltr'><strong>angelici</strong></span> <span class='ocrx_word' id='word_1_108' title='bbox 609 795 615 813; x_wconf 89' lang='lat'><strong>:</strong></span> <span class='ocrx_word' id='word_1_109' title='bbox 632 786 679 820; x_wconf 90' lang='lat' dir='ltr'><strong>qui</strong></span> <span class='ocrx_word' id='word_1_110' title='bbox 693 794 756 813; x_wconf 89' lang='lat' dir='ltr'><strong>cum</strong></span> <span class='ocrx_word' id='word_1_111' title='bbox 772 793 827 812; x_wconf 93' lang='lat' dir='ltr'><strong>non</strong></span> <span class='ocrx_word' id='word_1_112' title='bbox 847 790 890 813; x_wconf 91' lang='lat' dir='ltr'><strong>tu-</strong></span> 
     </span>
    </p>
   </div>
   <div class='ocr_carea' id='block_1_16' title="bbox 97 832 889 867">
    <p class='ocr_par' dir='ltr' id='par_1_16' title="bbox 97 832 889 867">
     <span class='ocr_line' id='line_1_16' title="bbox 97 832 889 867; baseline -0.001 -8"><span class='ocrx_word' id='word_1_113' title='bbox 97 833 177 859; x_wconf 88' lang='lat' dir='ltr'><strong>lisset</strong></span> <span class='ocrx_word' id='word_1_114' title='bbox 186 840 247 859; x_wconf 86' lang='lat' dir='ltr'><strong>eam</strong></span> <span class='ocrx_word' id='word_1_115' title='bbox 259 833 358 859; x_wconf 89' lang='lat' dir='ltr'><strong>molem</strong></span> <span class='ocrx_word' id='word_1_116' title='bbox 373 832 529 866; x_wconf 82' lang='lat' dir='ltr'><strong>potestatis,</strong></span> <span class='ocrx_word' id='word_1_117' title='bbox 546 839 693 867; x_wconf 75' lang='lat' dir='ltr'><strong>aggressus</strong></span> <span class='ocrx_word' id='word_1_118' title='bbox 705 836 747 858; x_wconf 87' lang='lat' dir='ltr'><strong>est</strong></span> <span class='ocrx_word' id='word_1_119' title='bbox 759 832 806 859; x_wconf 87' lang='lat' dir='ltr'><strong>ille</strong></span> <span class='ocrx_word' id='word_1_120' title='bbox 817 839 889 865; x_wconf 89' lang='lat' dir='ltr'><strong>quo-</strong></span> 
     </span>
    </p>
   </div>
   <div class='ocr_carea' id='block_1_17' title="bbox 96 876 889 913">
    <p class='ocr_par' dir='ltr' id='par_1_17' title="bbox 96 876 889 913">
     <span class='ocr_line' id='line_1_17' title="bbox 96 876 889 913; baseline -0.001 -8"><span class='ocrx_word' id='word_1_121' title='bbox 96 886 150 912; x_wconf 89' lang='lat' dir='ltr'><strong>que</strong></span> <span class='ocrx_word' id='word_1_122' title='bbox 165 878 488 910; x_wconf 85' lang='lat' dir='ltr'><strong>comedere,etcomedit</strong></span> <span class='ocrx_word' id='word_1_123' title='bbox 503 877 607 913; x_wconf 80' lang='lat' dir='ltr'><strong>lignum</strong></span> <span class='ocrx_word' id='word_1_124' title='bbox 623 876 773 905; x_wconf 68' lang='lat' dir='ltr'><strong>mortifera;</strong></span> <span class='ocrx_word' id='word_1_125' title='bbox 787 877 889 904; x_wconf 88' lang='lat' dir='ltr'><strong>volun-</strong></span> 
     </span>
    </p>
   </div>
   <div class='ocr_carea' id='block_1_18' title="bbox 97 916 889 957">
    <p class='ocr_par' dir='ltr' id='par_1_18' title="bbox 97 916 889 957">
     <span class='ocr_line' id='line_1_18' title="bbox 97 916 889 957; baseline 0 -8"><span class='ocrx_word' id='word_1_126' title='bbox 97 916 174 954; x_wconf 75' lang='lat' dir='ltr'><strong>tatis,</strong></span> <span class='ocrx_word' id='word_1_127' title='bbox 187 922 284 949; x_wconf 88' lang='lat' dir='ltr'><strong>volens</strong></span> <span class='ocrx_word' id='word_1_128' title='bbox 296 930 356 949; x_wconf 87' lang='lat' dir='ltr'><strong>esse</strong></span> <span class='ocrx_word' id='word_1_129' title='bbox 372 922 455 954; x_wconf 86' lang='lat' dir='ltr'><strong>Deus,</strong></span> <span class='ocrx_word' id='word_1_130' title='bbox 480 922 546 949; x_wconf 86' lang='lat' dir='ltr'><strong>boni</strong></span> <span class='ocrx_word' id='word_1_131' title='bbox 573 926 602 949; x_wconf 88' lang='lat' dir='ltr'><strong>et</strong></span> <span class='ocrx_word' id='word_1_132' title='bbox 628 922 693 949; x_wconf 90' lang='lat' dir='ltr'><strong>mali</strong></span> <span class='ocrx_word' id='word_1_133' title='bbox 719 929 889 957; x_wconf 83' lang='lat' dir='ltr'><strong>cognoscens</strong></span> 
     </span>
    </p>
   </div>
   <div class='ocr_carea' id='block_1_19' title="bbox 97 968 889 1004">
    <p class='ocr_par' dir='ltr' id='par_1_19' title="bbox 97 968 889 1004">
     <span class='ocr_line' id='line_1_19' title="bbox 97 968 889 1004; baseline -0.001 -9"><span class='ocrx_word' id='word_1_134' title='bbox 97 969 255 1000; x_wconf 81' lang='lat' dir='ltr'><strong>scientiam,</strong></span> <span class='ocrx_word' id='word_1_135' title='bbox 277 973 306 996; x_wconf 87' lang='lat' dir='ltr'><strong>et</strong></span> <span class='ocrx_word' id='word_1_136' title='bbox 334 969 430 996; x_wconf 86' lang='lat' dir='ltr'><strong>dicens</strong></span> <span class='ocrx_word' id='word_1_137' title='bbox 451 977 458 994; x_wconf 87' lang='lat'><em>:</em></span> <span class='ocrx_word' id='word_1_138' title='bbox 477 969 562 1004; x_wconf 82' lang='lat' dir='ltr'><strong>Super</strong></span> <span class='ocrx_word' id='word_1_139' title='bbox 582 969 662 996; x_wconf 79' lang='lat' dir='ltr'><strong>nubes</strong></span> <span class='ocrx_word' id='word_1_140' title='bbox 679 977 777 1004; x_wconf 84' lang='lat' dir='ltr'><strong>ponam</strong></span> <span class='ocrx_word' id='word_1_141' title='bbox 802 968 889 995; x_wconf 70' lang='lat' dir='ltr'><strong>sedem</strong></span> 
     </span>
    </p>
   </div>
   <div class='ocr_carea' id='block_1_20' title="bbox 97 1014 892 1049">
    <p class='ocr_par' dir='ltr' id='par_1_20' title="bbox 97 1014 892 1049">
     <span class='ocr_line' id='line_1_20' title="bbox 97 1014 892 1049; baseline 0 -9"><span class='ocrx_word' id='word_1_142' title='bbox 97 1023 198 1045; x_wconf 84' lang='lat' dir='ltr'><strong>meam.</strong></span> <span class='ocrx_word' id='word_1_143' title='bbox 208 1019 232 1040; x_wconf 84' lang='lat' dir='ltr'><strong>et</strong></span> <span class='ocrx_word' id='word_1_144' title='bbox 241 1023 285 1041; x_wconf 78' lang='lat' dir='ltr'><strong>ero</strong></span> <span class='ocrx_word' id='word_1_145' title='bbox 300 1015 395 1041; x_wconf 78' lang='lat' dir='ltr'><strong>similis</strong></span> <span class='ocrx_word' id='word_1_146' title='bbox 409 1015 544 1041; x_wconf 74' lang='lat' dir='ltr'><strong>Altissimo</strong></span> <span class='ocrx_word' id='word_1_147' title='bbox 557 1015 591 1046; x_wconf 74' lang='lat'><strong>“,</strong></span> <span class='ocrx_word' id='word_1_148' title='bbox 604 1019 633 1042; x_wconf 87' lang='lat' dir='ltr'><strong>et</strong></span> <span class='ocrx_word' id='word_1_149' title='bbox 650 1021 821 1049; x_wconf 80' lang='lat' dir='ltr'><strong>cognoscens</strong></span> <span class='ocrx_word' id='word_1_150' title='bbox 837 1014 892 1040; x_wconf 82' lang='lat' dir='ltr'><strong>bo-</strong></span> 
     </span>
    </p>
   </div>
   <div class='ocr_carea' id='block_1_21' title="bbox 96 1059 890 1095">
    <p class='ocr_par' dir='ltr' id='par_1_21' title="bbox 96 1059 890 1095">
     <span class='ocr_line' id='line_1_21' title="bbox 96 1059 890 1095; baseline -0.001 -8"><span class='ocrx_word' id='word_1_151' title='bbox 96 1067 164 1087; x_wconf 87' lang='lat' dir='ltr'><strong>num</strong></span> <span class='ocrx_word' id='word_1_152' title='bbox 180 1064 206 1087; x_wconf 86' lang='lat' dir='ltr'><strong>et</strong></span> <span class='ocrx_word' id='word_1_153' title='bbox 219 1060 321 1087; x_wconf 89' lang='lat' dir='ltr'><strong>malum</strong></span> <span class='ocrx_word' id='word_1_154' title='bbox 337 1064 367 1087; x_wconf 91' lang='lat' dir='ltr'><strong>ut</strong></span> <span class='ocrx_word' id='word_1_155' title='bbox 380 1061 450 1094; x_wconf 85' lang='lat' dir='ltr'><strong>ipse,</strong></span> <span class='ocrx_word' id='word_1_156' title='bbox 468 1068 568 1095; x_wconf 80' lang='lat' dir='ltr'><strong>nempe</strong></span> <span class='ocrx_word' id='word_1_157' title='bbox 588 1061 736 1095; x_wconf 77' lang='lat' dir='ltr'><strong>przesciens</strong></span> <span class='ocrx_word' id='word_1_158' title='bbox 750 1060 811 1094; x_wconf 84' lang='lat' dir='ltr'><strong>quis</strong></span> <span class='ocrx_word' id='word_1_159' title='bbox 836 1059 890 1095; x_wconf 73' lang='lat' dir='ltr'><strong>hoc</strong></span> 
     </span>
    </p>
   </div>
   <div class='ocr_carea' id='block_1_22' title="bbox 95 1106 890 1141">
    <p class='ocr_par' dir='ltr' id='par_1_22' title="bbox 95 1106 890 1141">
     <span class='ocr_line' id='line_1_22' title="bbox 95 1106 890 1141; baseline 0 -9"><span class='ocrx_word' id='word_1_160' title='bbox 95 1107 140 1133; x_wconf 87' lang='lat' dir='ltr'><strong>vel</strong></span> <span class='ocrx_word' id='word_1_161' title='bbox 165 1106 234 1133; x_wconf 89' lang='lat' dir='ltr'><strong>illud</strong></span> <span class='ocrx_word' id='word_1_162' title='bbox 251 1106 287 1133; x_wconf 88' lang='lat' dir='ltr'><strong>sit</strong></span> <span class='ocrx_word' id='word_1_163' title='bbox 307 1106 442 1138; x_wconf 84' lang='lat' dir='ltr'><strong>facturus,</strong></span> <span class='ocrx_word' id='word_1_164' title='bbox 461 1110 488 1134; x_wconf 90' lang='lat' dir='ltr'><strong>et</strong></span> <span class='ocrx_word' id='word_1_165' title='bbox 508 1107 600 1134; x_wconf 90' lang='lat' dir='ltr'><strong>sciens</strong></span> <span class='ocrx_word' id='word_1_166' title='bbox 612 1114 644 1134; x_wconf 89' lang='lat' dir='ltr'><strong>ea</strong></span> <span class='ocrx_word' id='word_1_167' title='bbox 669 1114 730 1141; x_wconf 72' lang='lat' dir='ltr'><strong>qua:</strong></span> <span class='ocrx_word' id='word_1_168' title='bbox 747 1111 812 1133; x_wconf 86' lang='lat' dir='ltr'><strong>sunt</strong></span> <span class='ocrx_word' id='word_1_169' title='bbox 841 1113 890 1132; x_wconf 94' lang='lat' dir='ltr'><strong>oc-</strong></span> 
     </span>
    </p>
   </div>
   <div class='ocr_carea' id='block_1_23' title="bbox 97 1151 889 1186">
    <p class='ocr_par' dir='ltr' id='par_1_23' title="bbox 97 1151 889 1186">
     <span class='ocr_line' id='line_1_23' title="bbox 97 1151 889 1186; baseline 0 -8"><span class='ocrx_word' id='word_1_170' title='bbox 97 1152 173 1178; x_wconf 82' lang='lat' dir='ltr'><strong>culta</strong></span> <span class='ocrx_word' id='word_1_171' title='bbox 185 1156 213 1179; x_wconf 94' lang='lat' dir='ltr'><strong>ct</strong></span> <span class='ocrx_word' id='word_1_172' title='bbox 224 1151 367 1178; x_wconf 84' lang='lat' dir='ltr'><strong>manifesta</strong></span> <span class='ocrx_word' id='word_1_173' title='bbox 381 1152 536 1186; x_wconf 80' lang='lat' dir='ltr'><strong>hominum;</strong></span> <span class='ocrx_word' id='word_1_174' title='bbox 546 1156 574 1179; x_wconf 89' lang='lat' dir='ltr'><strong>et</strong></span> <span class='ocrx_word' id='word_1_175' title='bbox 585 1157 710 1179; x_wconf 91' lang='lat' dir='ltr'><strong>mortuus</strong></span> <span class='ocrx_word' id='word_1_176' title='bbox 722 1156 889 1178; x_wconf 86' lang='lat' dir='ltr'><strong>estmortem</strong></span> 
     </span>
    </p>
   </div>
   <div class='ocr_carea' id='block_1_24' title="bbox 96 1198 890 1232">
    <p class='ocr_par' dir='ltr' id='par_1_24' title="bbox 96 1198 890 1232">
     <span class='ocr_line' id='line_1_24' title="bbox 96 1198 890 1232; baseline -0.001 -7"><span class='ocrx_word' id='word_1_177' title='bbox 96 1203 228 1225; x_wconf 79' lang='lat' dir='ltr'><strong>:eternam</strong></span> <span class='ocrx_word' id='word_1_178' title='bbox 244 1203 272 1225; x_wconf 92' lang='lat' dir='ltr'><strong>et</strong></span> <span class='ocrx_word' id='word_1_179' title='bbox 292 1206 347 1225; x_wconf 87' lang='lat' dir='ltr'><strong>non</strong></span> <span class='ocrx_word' id='word_1_180' title='bbox 364 1198 550 1230; x_wconf 86' lang='lat' dir='ltr'><strong>desinentem,</strong></span> <span class='ocrx_word' id='word_1_181' title='bbox 575 1201 603 1225; x_wconf 92' lang='lat' dir='ltr'><strong>et</strong></span> <span class='ocrx_word' id='word_1_182' title='bbox 630 1198 737 1232; x_wconf 87' lang='lat' dir='ltr'><strong>cjectus</strong></span> <span class='ocrx_word' id='word_1_183' title='bbox 753 1204 796 1224; x_wconf 83' lang='lat' dir='ltr'><strong>est</strong></span> <span class='ocrx_word' id='word_1_184' title='bbox 811 1202 890 1224; x_wconf 84' lang='lat' dir='ltr'><strong>extra</strong></span> 
     </span>
    </p>
   </div>
   <div class='ocr_carea' id='block_1_25' title="bbox 98 1243 890 1278">
    <p class='ocr_par' dir='ltr' id='par_1_25' title="bbox 98 1243 890 1278">
     <span class='ocr_line' id='line_1_25' title="bbox 98 1243 890 1278; baseline -0.001 -8"><span class='ocrx_word' id='word_1_185' title='bbox 98 1251 175 1270; x_wconf 85' lang='lat' dir='ltr'><strong>suam</strong></span> <span class='ocrx_word' id='word_1_186' title='bbox 191 1248 367 1278; x_wconf 84' lang='lat' dir='ltr'><strong>potestatem,</strong></span> <span class='ocrx_word' id='word_1_187' title='bbox 380 1248 409 1271; x_wconf 89' lang='lat' dir='ltr'><strong>et</strong></span> <span class='ocrx_word' id='word_1_188' title='bbox 422 1251 455 1271; x_wconf 92' lang='lat' dir='ltr'><strong>ne</strong></span> <span class='ocrx_word' id='word_1_189' title='bbox 466 1244 662 1271; x_wconf 81' lang='lat' dir='ltr'><strong>auctoritatem</strong></span> <span class='ocrx_word' id='word_1_190' title='bbox 673 1244 786 1278; x_wconf 84' lang='lat' dir='ltr'><strong>quidem</strong></span> <span class='ocrx_word' id='word_1_191' title='bbox 805 1243 890 1270; x_wconf 87' lang='lat' dir='ltr'><strong>habet</strong></span> 
     </span>
    </p>
   </div>
   <div class='ocr_carea' id='block_1_26' title="bbox 99 1289 890 1324">
    <p class='ocr_par' dir='ltr' id='par_1_26' title="bbox 99 1289 890 1324">
     <span class='ocr_line' id='line_1_26' title="bbox 99 1289 890 1324; baseline -0.001 -8"><span class='ocrx_word' id='word_1_192' title='bbox 99 1290 126 1316; x_wconf 89' lang='lat' dir='ltr'><strong>in</strong></span> <span class='ocrx_word' id='word_1_193' title='bbox 140 1297 251 1324; x_wconf 87' lang='lat' dir='ltr'><strong>porcos,</strong></span> <span class='ocrx_word' id='word_1_194' title='bbox 265 1294 294 1316; x_wconf 89' lang='lat' dir='ltr'><strong>et</strong></span> <span class='ocrx_word' id='word_1_195' title='bbox 307 1297 380 1316; x_wconf 90' lang='lat' dir='ltr'><strong>nunc</strong></span> <span class='ocrx_word' id='word_1_196' title='bbox 390 1295 435 1317; x_wconf 85' lang='lat' dir='ltr'><strong>est</strong></span> <span class='ocrx_word' id='word_1_197' title='bbox 460 1289 541 1316; x_wconf 91' lang='lat' dir='ltr'><strong>simul</strong></span> <span class='ocrx_word' id='word_1_198' title='bbox 570 1290 659 1315; x_wconf 90' lang='lat' dir='ltr'><strong>malus</strong></span> <span class='ocrx_word' id='word_1_199' title='bbox 680 1293 709 1315; x_wconf 91' lang='lat' dir='ltr'><strong>et</strong></span> <span class='ocrx_word' id='word_1_200' title='bbox 724 1289 845 1319; x_wconf 87' lang='lat' dir='ltr'><strong>invidus,</strong></span> <span class='ocrx_word' id='word_1_201' title='bbox 861 1293 890 1315; x_wconf 83' lang='lat' dir='ltr'><strong>et</strong></span> 
     </span>
    </p>
   </div>
   <div class='ocr_carea' id='block_1_27' title="bbox 98 1333 889 1369">
    <p class='ocr_par' dir='ltr' id='par_1_27' title="bbox 98 1333 889 1369">
     <span class='ocr_line' id='line_1_27' title="bbox 98 1333 889 1369; baseline -0.003 -7"><span class='ocrx_word' id='word_1_202' title='bbox 98 1340 153 1362; x_wconf 72' lang='lat' dir='ltr'><strong>tua:</strong></span> <span class='ocrx_word' id='word_1_203' title='bbox 167 1334 263 1369; x_wconf 70' lang='lat' dir='ltr'><strong>gloriae</strong></span> <span class='ocrx_word' id='word_1_204' title='bbox 275 1334 416 1361; x_wconf 84' lang='lat' dir='ltr'><strong>invisurus</strong></span> <span class='ocrx_word' id='word_1_205' title='bbox 431 1339 483 1366; x_wconf 88' lang='lat' dir='ltr'><strong>est,</strong></span> <span class='ocrx_word' id='word_1_206' title='bbox 497 1342 513 1360; x_wconf 93' lang='grc' dir='ltr'>ο</span> <span class='ocrx_word' id='word_1_207' title='bbox 523 1333 623 1365; x_wconf 80' lang='lat' dir='ltr'><strong>Adam,</strong></span> <span class='ocrx_word' id='word_1_208' title='bbox 641 1338 669 1361; x_wconf 91' lang='lat' dir='ltr'><strong>et</strong></span> <span class='ocrx_word' id='word_1_209' title='bbox 682 1338 734 1360; x_wconf 77' lang='lat' dir='ltr'><strong>tua:</strong></span> <span class='ocrx_word' id='word_1_210' title='bbox 748 1333 889 1368; x_wconf 84' lang='lat' dir='ltr'><strong>potestati,</strong></span> 
     </span>
    </p>
   </div>
   <div class='ocr_carea' id='block_1_28' title="bbox 98 1379 889 1414">
    <p class='ocr_par' dir='ltr' id='par_1_28' title="bbox 98 1379 889 1414">
     <span class='ocr_line' id='line_1_28' title="bbox 98 1379 889 1414; baseline -0.001 -8"><span class='ocrx_word' id='word_1_211' title='bbox 98 1384 126 1406; x_wconf 92' lang='lat' dir='ltr'><strong>ct</strong></span> <span class='ocrx_word' id='word_1_212' title='bbox 144 1384 201 1406; x_wconf 75' lang='lat' dir='ltr'><strong>ture</strong></span> <span class='ocrx_word' id='word_1_213' title='bbox 232 1379 434 1414; x_wconf 84' lang='lat' dir='ltr'><strong>pulchritudini</strong></span> <span class='ocrx_word' id='word_1_214' title='bbox 465 1387 526 1413; x_wconf 64' lang='lat' dir='ltr'><strong>qua:</strong></span> <span class='ocrx_word' id='word_1_215' title='bbox 550 1384 593 1406; x_wconf 89' lang='lat' dir='ltr'><strong>est</strong></span> <span class='ocrx_word' id='word_1_216' title='bbox 612 1379 646 1405; x_wconf 86' lang='lat' dir='ltr'><strong>ad</strong></span> <span class='ocrx_word' id='word_1_217' title='bbox 661 1379 810 1413; x_wconf 85' lang='lat' dir='ltr'><strong>imaginem</strong></span> <span class='ocrx_word' id='word_1_218' title='bbox 830 1379 889 1405; x_wconf 88' lang='lat' dir='ltr'><strong>Dei.</strong></span> 
     </span>
    </p>
   </div>
   <div class='ocr_carea' id='block_1_29' title="bbox 97 1424 891 1459">
    <p class='ocr_par' dir='ltr' id='par_1_29' title="bbox 97 1424 891 1459">
     <span class='ocr_line' id='line_1_29' title="bbox 97 1424 891 1459; baseline -0.001 -7"><span class='ocrx_word' id='word_1_219' title='bbox 97 1425 147 1452; x_wconf 81' lang='lat' dir='ltr'><strong>Est</strong></span> <span class='ocrx_word' id='word_1_220' title='bbox 165 1425 199 1452; x_wconf 87' lang='lat' dir='ltr'><strong>ad</strong></span> <span class='ocrx_word' id='word_1_221' title='bbox 214 1433 263 1452; x_wconf 82' lang='lat' dir='ltr'><strong>vos</strong></span> <span class='ocrx_word' id='word_1_222' title='bbox 274 1430 421 1457; x_wconf 86' lang='lat' dir='ltr'><strong>venturus,</strong></span> <span class='ocrx_word' id='word_1_223' title='bbox 436 1429 478 1451; x_wconf 89' lang='lat' dir='ltr'><strong>est</strong></span> <span class='ocrx_word' id='word_1_224' title='bbox 491 1425 519 1451; x_wconf 93' lang='lat' dir='ltr'><strong>in</strong></span> <span class='ocrx_word' id='word_1_225' title='bbox 532 1432 582 1452; x_wconf 90' lang='lat' dir='ltr'><strong>vos</strong></span> <span class='ocrx_word' id='word_1_226' title='bbox 597 1424 765 1459; x_wconf 88' lang='lat' dir='ltr'><strong>irrepturus,</strong></span> <span class='ocrx_word' id='word_1_227' title='bbox 789 1424 891 1451; x_wconf 89' lang='lat' dir='ltr'><strong>deinde</strong></span> 
     </span>
    </p>
   </div>
   <div class='ocr_carea' id='block_1_30' title="bbox 97 1471 892 1506">
    <p class='ocr_par' dir='ltr' id='par_1_30' title="bbox 97 1471 892 1506">
     <span class='ocr_line' id='line_1_30' title="bbox 97 1471 892 1506; baseline 0 -9"><span class='ocrx_word' id='word_1_228' title='bbox 97 1480 147 1499; x_wconf 73' lang='lat' dir='ltr'><strong>vos</strong></span> <span class='ocrx_word' id='word_1_229' title='bbox 159 1472 340 1506; x_wconf 82' lang='lat' dir='ltr'><strong>decepturus,</strong></span> <span class='ocrx_word' id='word_1_230' title='bbox 356 1476 386 1499; x_wconf 88' lang='lat' dir='ltr'><strong>ut</strong></span> <span class='ocrx_word' id='word_1_231' title='bbox 398 1480 447 1506; x_wconf 90' lang='lat' dir='ltr'><strong>per</strong></span> <span class='ocrx_word' id='word_1_232' title='bbox 460 1471 533 1498; x_wconf 86' lang='lat' dir='ltr'><strong>illam</strong></span> <span class='ocrx_word' id='word_1_233' title='bbox 550 1471 622 1498; x_wconf 85' lang='lat' dir='ltr'><strong>viam</strong></span> <span class='ocrx_word' id='word_1_234' title='bbox 638 1479 653 1498; x_wconf 90' lang='lat' dir='ltr'><strong>a</strong></span> <span class='ocrx_word' id='word_1_235' title='bbox 668 1479 722 1505; x_wconf 84' lang='lat' dir='ltr'><strong>qua</strong></span> <span class='ocrx_word' id='word_1_236' title='bbox 738 1471 795 1505; x_wconf 89' lang='lat' dir='ltr'><strong>ipse</strong></span> <span class='ocrx_word' id='word_1_237' title='bbox 819 1471 892 1498; x_wconf 86' lang='lat' dir='ltr'><strong>ccci-</strong></span> 
     </span>
    </p>
   </div>
   <div class='ocr_carea' id='block_1_31' title="bbox 98 1516 892 1551">
    <p class='ocr_par' dir='ltr' id='par_1_31' title="bbox 98 1516 892 1551">
     <span class='ocr_line' id='line_1_31' title="bbox 98 1516 892 1551; baseline 0 -8"><span class='ocrx_word' id='word_1_238' title='bbox 98 1517 149 1548; x_wconf 88' lang='lat' dir='ltr'><strong>dit,</strong></span> <span class='ocrx_word' id='word_1_239' title='bbox 163 1525 213 1544; x_wconf 83' lang='lat' dir='ltr'><strong>vos</strong></span> <span class='ocrx_word' id='word_1_240' title='bbox 226 1525 321 1544; x_wconf 87' lang='lat' dir='ltr'><strong>errare</strong></span> <span class='ocrx_word' id='word_1_241' title='bbox 338 1517 421 1544; x_wconf 82' lang='lat' dir='ltr'><strong>faciat</strong></span> <span class='ocrx_word' id='word_1_242' title='bbox 434 1521 462 1544; x_wconf 88' lang='lat' dir='ltr'><strong>ct</strong></span> <span class='ocrx_word' id='word_1_243' title='bbox 481 1517 572 1551; x_wconf 79' lang='lat' dir='ltr'><strong>privet</strong></span> <span class='ocrx_word' id='word_1_244' title='bbox 592 1516 679 1551; x_wconf 79' lang='lat' dir='ltr'><strong>gloria</strong></span> <span class='ocrx_word' id='word_1_245' title='bbox 704 1521 732 1543; x_wconf 86' lang='lat' dir='ltr'><strong>et</strong></span> <span class='ocrx_word' id='word_1_246' title='bbox 748 1517 853 1544; x_wconf 88' lang='lat' dir='ltr'><strong>honore</strong></span> <span class='ocrx_word' id='word_1_247' title='bbox 864 1521 892 1543; x_wconf 83' lang='lat' dir='ltr'><strong>et</strong></span> 
     </span>
    </p>
   </div>
   <div class='ocr_carea' id='block_1_32' title="bbox 92 1561 893 1597">
    <p class='ocr_par' dir='ltr' id='par_1_32' title="bbox 92 1561 893 1597">
     <span class='ocr_line' id='line_1_32' title="bbox 92 1561 893 1597; baseline -0.001 -8"><span class='ocrx_word' id='word_1_248' title='bbox 92 1567 236 1597; x_wconf 77' lang='lat' dir='ltr'><strong>potestate</strong></span> <span class='ocrx_word' id='word_1_249' title='bbox 249 1570 330 1597; x_wconf 85' lang='lat' dir='ltr'><strong>quam</strong></span> <span class='ocrx_word' id='word_1_250' title='bbox 345 1563 423 1589; x_wconf 83' lang='lat' dir='ltr'><strong>vobis</strong></span> <span class='ocrx_word' id='word_1_251' title='bbox 435 1562 510 1593; x_wconf 78' lang='lat' dir='ltr'><strong>dedi.</strong></span> <span class='ocrx_word' id='word_1_252' title='bbox 523 1570 556 1589; x_wconf 90' lang='lat' dir='ltr'><strong>ne</strong></span> <span class='ocrx_word' id='word_1_253' title='bbox 574 1562 692 1589; x_wconf 85' lang='lat' dir='ltr'><strong>veniatis</strong></span> <span class='ocrx_word' id='word_1_254' title='bbox 704 1561 733 1588; x_wconf 89' lang='lat' dir='ltr'><strong>in</strong></span> <span class='ocrx_word' id='word_1_255' title='bbox 754 1561 846 1588; x_wconf 87' lang='lat' dir='ltr'><strong>locum</strong></span> <span class='ocrx_word' id='word_1_256' title='bbox 859 1568 893 1588; x_wconf 79' lang='lat' dir='ltr'><strong>ex</strong></span> 
     </span>
    </p>
   </div>
   <div class='ocr_carea' id='block_1_33' title="bbox 97 1608 892 1642">
    <p class='ocr_par' dir='ltr' id='par_1_33' title="bbox 97 1608 892 1642">
     <span class='ocr_line' id='line_1_33' title="bbox 97 1608 892 1642; baseline 0 -8"><span class='ocrx_word' id='word_1_257' title='bbox 97 1616 154 1642; x_wconf 89' lang='lat' dir='ltr'><strong>quo</strong></span> <span class='ocrx_word' id='word_1_258' title='bbox 168 1609 215 1635; x_wconf 83' lang='lat' dir='ltr'><strong>ille</strong></span> <span class='ocrx_word' id='word_1_259' title='bbox 224 1608 335 1635; x_wconf 82' lang='lat' dir='ltr'><strong>cecidit.</strong></span> <span class='ocrx_word' id='word_1_260' title='bbox 349 1608 383 1635; x_wconf 86' lang='lat' dir='ltr'><strong>Et</strong></span> <span class='ocrx_word' id='word_1_261' title='bbox 401 1613 431 1634; x_wconf 92' lang='lat' dir='ltr'><strong>ut</strong></span> <span class='ocrx_word' id='word_1_262' title='bbox 446 1608 531 1635; x_wconf 85' lang='lat' dir='ltr'><strong>semel</strong></span> <span class='ocrx_word' id='word_1_263' title='bbox 546 1608 647 1640; x_wconf 90' lang='lat' dir='ltr'><strong>dicam,</strong></span> <span class='ocrx_word' id='word_1_264' title='bbox 673 1615 754 1635; x_wconf 91' lang='lat' dir='ltr'><strong>omne</strong></span> <span class='ocrx_word' id='word_1_265' title='bbox 787 1615 892 1642; x_wconf 62' lang='lat' dir='ltr'><strong>praece—</strong></span> 
     </span>
    </p>
   </div>
   <div class='ocr_carea' id='block_1_34' title="bbox 97 1652 894 1688">
    <p class='ocr_par' dir='ltr' id='par_1_34' title="bbox 97 1652 894 1688">
     <span class='ocr_line' id='line_1_34' title="bbox 97 1652 894 1688; baseline 0 -9"><span class='ocrx_word' id='word_1_266' title='bbox 97 1657 177 1688; x_wconf 89' lang='lat' dir='ltr'><strong>ptum</strong></span> <span class='ocrx_word' id='word_1_267' title='bbox 190 1658 219 1680; x_wconf 90' lang='lat' dir='ltr'><strong>et</strong></span> <span class='ocrx_word' id='word_1_268' title='bbox 227 1654 271 1680; x_wconf 78' lang='lat' dir='ltr'><strong>lex</strong></span> <span class='ocrx_word' id='word_1_269' title='bbox 282 1661 364 1687; x_wconf 90' lang='lat' dir='ltr'><strong>quam</strong></span> <span class='ocrx_word' id='word_1_270' title='bbox 377 1653 454 1680; x_wconf 81' lang='lat' dir='ltr'><strong>dedit</strong></span> <span class='ocrx_word' id='word_1_271' title='bbox 467 1654 539 1680; x_wconf 89' lang='lat' dir='ltr'><strong>Deus</strong></span> <span class='ocrx_word' id='word_1_272' title='bbox 548 1653 738 1688; x_wconf 89' lang='lat' dir='ltr'><strong>protoplastis,</strong></span> <span class='ocrx_word' id='word_1_273' title='bbox 751 1652 821 1679; x_wconf 90' lang='lat' dir='ltr'><strong>nihil</strong></span> <span class='ocrx_word' id='word_1_274' title='bbox 833 1657 894 1680; x_wconf 86' lang='lat' dir='ltr'><strong>erat</strong></span> 
     </span>
    </p>
   </div>
   <div class='ocr_carea' id='block_1_35' title="bbox 97 1699 896 1734">
    <p class='ocr_par' dir='ltr' id='par_1_35' title="bbox 97 1699 896 1734">
     <span class='ocr_line' id='line_1_35' title="bbox 97 1699 896 1734; baseline -0.001 -8"><span class='ocrx_word' id='word_1_275' title='bbox 97 1699 176 1726; x_wconf 88' lang='lat' dir='ltr'><strong>aliud</strong></span> <span class='ocrx_word' id='word_1_276' title='bbox 192 1699 247 1726; x_wconf 84' lang='lat' dir='ltr'><strong>nisi</strong></span> <span class='ocrx_word' id='word_1_277' title='bbox 261 1699 426 1734; x_wconf 86' lang='lat' dir='ltr'><strong>protestatio</strong></span> <span class='ocrx_word' id='word_1_278' title='bbox 435 1700 610 1727; x_wconf 88' lang='lat' dir='ltr'><strong>custodiendi</strong></span> <span class='ocrx_word' id='word_1_279' title='bbox 620 1699 751 1734; x_wconf 87' lang='lat' dir='ltr'><strong>pietatem</strong></span> <span class='ocrx_word' id='word_1_280' title='bbox 762 1699 896 1726; x_wconf 86' lang='lat' dir='ltr'><strong>adversus</strong></span> 
     </span>
    </p>
   </div>
   <div class='ocr_carea' id='block_1_36' title="bbox 99 1744 896 1781">
    <p class='ocr_par' dir='ltr' id='par_1_36' title="bbox 99 1744 896 1781">
     <span class='ocr_line' id='line_1_36' title="bbox 99 1744 896 1781; baseline -0.001 -8"><span class='ocrx_word' id='word_1_281' title='bbox 99 1746 202 1780; x_wconf 80' lang='lat' dir='ltr'><strong>ipsum,</strong></span> <span class='ocrx_word' id='word_1_282' title='bbox 215 1750 244 1773; x_wconf 84' lang='lat' dir='ltr'><strong>et</strong></span> <span class='ocrx_word' id='word_1_283' title='bbox 260 1754 294 1773; x_wconf 92' lang='lat' dir='ltr'><strong>ne</strong></span> <span class='ocrx_word' id='word_1_284' title='bbox 306 1747 412 1781; x_wconf 85' lang='lat' dir='ltr'><strong>scipsos</strong></span> <span class='ocrx_word' id='word_1_285' title='bbox 424 1746 450 1772; x_wconf 92' lang='lat' dir='ltr'><strong>in</strong></span> <span class='ocrx_word' id='word_1_286' title='bbox 463 1746 531 1774; x_wconf 87' lang='lat' dir='ltr'><strong>deos</strong></span> <span class='ocrx_word' id='word_1_287' title='bbox 544 1746 680 1774; x_wconf 86' lang='lat' dir='ltr'><strong>referrent</strong></span> <span class='ocrx_word' id='word_1_288' title='bbox 693 1755 700 1773; x_wconf 92' lang='lat'><strong>:</strong></span> <span class='ocrx_word' id='word_1_289' title='bbox 715 1750 744 1772; x_wconf 90' lang='lat' dir='ltr'><strong>et</strong></span> <span class='ocrx_word' id='word_1_290' title='bbox 754 1744 896 1772; x_wconf 79' lang='lat' dir='ltr'><strong>existima-</strong></span> 
     </span>
    </p>
   </div>
   <div class='ocr_carea' id='block_1_37' title="bbox 102 1792 897 1829">
    <p class='ocr_par' dir='ltr' id='par_1_37' title="bbox 102 1792 897 1829">
     <span class='ocr_line' id='line_1_37' title="bbox 102 1792 897 1829; baseline 0 -11"><span class='ocrx_word' id='word_1_291' title='bbox 102 1796 166 1819; x_wconf 86' lang='lat' dir='ltr'><strong>rent</strong></span> <span class='ocrx_word' id='word_1_292' title='bbox 179 1800 209 1818; x_wconf 87' lang='lat' dir='ltr'><strong>se</strong></span> <span class='ocrx_word' id='word_1_293' title='bbox 222 1799 283 1819; x_wconf 88' lang='lat' dir='ltr'><strong>esse</strong></span> <span class='ocrx_word' id='word_1_294' title='bbox 301 1793 357 1819; x_wconf 90' lang='lat' dir='ltr'><strong>Deo</strong></span> <span class='ocrx_word' id='word_1_295' title='bbox 383 1792 497 1825; x_wconf 83' lang='lat' dir='ltr'><strong>similes,</strong></span> <span class='ocrx_word' id='word_1_296' title='bbox 519 1797 718 1829; x_wconf 75' lang='lat' dir='ltr'><strong>cognoscentes</strong></span> <span class='ocrx_word' id='word_1_297' title='bbox 741 1793 845 1820; x_wconf 88' lang='lat' dir='ltr'><strong>bonum</strong></span> <span class='ocrx_word' id='word_1_298' title='bbox 868 1796 897 1818; x_wconf 90' lang='lat' dir='ltr'><strong>et</strong></span> 
     </span>
    </p>
   </div>
   <div class='ocr_carea' id='block_1_38' title="bbox 101 1837 897 1871">
    <p class='ocr_par' dir='ltr' id='par_1_38' title="bbox 101 1837 897 1871">
     <span class='ocr_line' id='line_1_38' title="bbox 101 1837 897 1871; baseline 0.001 -7"><span class='ocrx_word' id='word_1_299' title='bbox 101 1838 220 1867; x_wconf 85' lang='lat' dir='ltr'><strong>malum,</strong></span> <span class='ocrx_word' id='word_1_300' title='bbox 233 1842 262 1864; x_wconf 93' lang='lat' dir='ltr'><strong>et</strong></span> <span class='ocrx_word' id='word_1_301' title='bbox 276 1837 414 1864; x_wconf 89' lang='lat' dir='ltr'><strong>occultum</strong></span> <span class='ocrx_word' id='word_1_302' title='bbox 425 1842 454 1864; x_wconf 91' lang='lat' dir='ltr'><strong>et</strong></span> <span class='ocrx_word' id='word_1_303' title='bbox 474 1837 661 1865; x_wconf 87' lang='lat' dir='ltr'><strong>manifestum.</strong></span> <span class='ocrx_word' id='word_1_304' title='bbox 685 1838 852 1871; x_wconf 75' lang='lat' dir='ltr'><strong>Hocautem</strong></span> <span class='ocrx_word' id='word_1_305' title='bbox 867 1837 897 1864; x_wconf 88' lang='lat' dir='ltr'><strong>in</strong></span> 
     </span>
    </p>
   </div>
   <div class='ocr_carea' id='block_1_39' title="bbox 100 1883 898 1917">
    <p class='ocr_par' dir='ltr' id='par_1_39' title="bbox 100 1883 898 1917">
     <span class='ocr_line' id='line_1_39' title="bbox 100 1883 898 1917; baseline 0.001 -8"><span class='ocrx_word' id='word_1_306' title='bbox 100 1883 135 1909; x_wconf 88' lang='lat' dir='ltr'><strong>iis</strong></span> <span class='ocrx_word' id='word_1_307' title='bbox 148 1891 210 1917; x_wconf 73' lang='lat' dir='ltr'><strong>qua:</strong></span> <span class='ocrx_word' id='word_1_308' title='bbox 228 1883 360 1917; x_wconf 82' lang='lat' dir='ltr'><strong>deinceps</strong></span> <span class='ocrx_word' id='word_1_309' title='bbox 372 1888 582 1917; x_wconf 87' lang='lat' dir='ltr'><strong>consequuntur</strong></span> <span class='ocrx_word' id='word_1_310' title='bbox 599 1884 778 1911; x_wconf 84' lang='lat' dir='ltr'><strong>ostendemus</strong></span> <span class='ocrx_word' id='word_1_311' title='bbox 808 1883 898 1910; x_wconf 85' lang='lat' dir='ltr'><strong>mani-</strong></span> 
     </span>
    </p>
   </div>
   <div class='ocr_carea' id='block_1_40' title="bbox 99 1928 898 1964">
    <p class='ocr_par' dir='ltr' id='par_1_40' title="bbox 99 1928 898 1964">
     <span class='ocr_line' id='line_1_40' title="bbox 99 1928 898 1964; baseline 0.003 -10"><span class='ocrx_word' id='word_1_312' title='bbox 99 1929 211 1959; x_wconf 85' lang='lat' dir='ltr'><strong>festius,</strong></span> <span class='ocrx_word' id='word_1_313' title='bbox 228 1928 310 1955; x_wconf 86' lang='lat' dir='ltr'><strong>etiam</strong></span> <span class='ocrx_word' id='word_1_314' title='bbox 325 1937 359 1956; x_wconf 79' lang='lat' dir='ltr'><strong>ex</strong></span> <span class='ocrx_word' id='word_1_315' title='bbox 373 1928 441 1964; x_wconf 90' lang='lat' dir='ltr'><strong>ipsis</strong></span> <span class='ocrx_word' id='word_1_316' title='bbox 457 1929 505 1956; x_wconf 88' lang='lat' dir='ltr'><strong>Dei</strong></span> <span class='ocrx_word' id='word_1_317' title='bbox 521 1929 614 1956; x_wconf 86' lang='lat' dir='ltr'><strong>verbis</strong></span> <span class='ocrx_word' id='word_1_318' title='bbox 628 1929 661 1956; x_wconf 92' lang='lat' dir='ltr'><strong>ad</strong></span> <span class='ocrx_word' id='word_1_319' title='bbox 676 1929 824 1957; x_wconf 79' lang='lat' dir='ltr'><strong>Adamum.</strong></span> <span class='ocrx_word' id='word_1_320' title='bbox 842 1929 898 1957; x_wconf 77' lang='lat' dir='ltr'><strong>Ne-</strong></span> 
     </span>
    </p>
   </div>
   <div class='ocr_carea' id='block_1_41' title="bbox 101 1975 898 2010">
    <p class='ocr_par' dir='ltr' id='par_1_41' title="bbox 101 1975 898 2010">
     <span class='ocr_line' id='line_1_41' title="bbox 101 1975 898 2010; baseline 0 -8"><span class='ocrx_word' id='word_1_321' title='bbox 101 1983 155 2010; x_wconf 90' lang='lat' dir='ltr'><strong>que</strong></span> <span class='ocrx_word' id='word_1_322' title='bbox 168 1975 219 2002; x_wconf 84' lang='lat' dir='ltr'><strong>tibi</strong></span> <span class='ocrx_word' id='word_1_323' title='bbox 234 1975 362 2002; x_wconf 78' lang='lat' dir='ltr'><strong>videatur</strong></span> <span class='ocrx_word' id='word_1_324' title='bbox 374 1983 428 2002; x_wconf 92' lang='lat' dir='ltr'><strong>non</strong></span> <span class='ocrx_word' id='word_1_325' title='bbox 445 1976 589 2010; x_wconf 85' lang='lat' dir='ltr'><strong>probabile</strong></span> <span class='ocrx_word' id='word_1_326' title='bbox 600 1976 811 2003; x_wconf 85' lang='lat' dir='ltr'><strong>autviolentum</strong></span> <span class='ocrx_word' id='word_1_327' title='bbox 823 1975 898 2010; x_wconf 80' lang='lat' dir='ltr'><strong>quod</strong></span> 
     </span>
    </p>
   </div>
   <div class='ocr_carea' id='block_1_42' title="bbox 101 2021 898 2056">
    <p class='ocr_par' dir='ltr' id='par_1_42' title="bbox 101 2021 898 2056">
     <span class='ocr_line' id='line_1_42' title="bbox 101 2021 898 2056; baseline 0.001 -9"><span class='ocrx_word' id='word_1_328' title='bbox 101 2021 248 2055; x_wconf 83' lang='lat' dir='ltr'><strong>Scriptura</strong></span> <span class='ocrx_word' id='word_1_329' title='bbox 265 2021 339 2048; x_wconf 86' lang='lat' dir='ltr'><strong>dicat</strong></span> <span class='ocrx_word' id='word_1_330' title='bbox 350 2021 454 2056; x_wconf 79' lang='lat' dir='ltr'><strong>lignum</strong></span> <span class='ocrx_word' id='word_1_331' title='bbox 465 2021 649 2049; x_wconf 69' lang='lat' dir='ltr'><strong>idololatrian]</strong></span> <span class='ocrx_word' id='word_1_332' title='bbox 661 2027 690 2048; x_wconf 89' lang='lat' dir='ltr'><strong>et</strong></span> <span class='ocrx_word' id='word_1_333' title='bbox 700 2021 898 2052; x_wconf 87' lang='lat' dir='ltr'><strong>defectionem,</strong></span> 
     </span>
    </p>
   </div>
   <div class='ocr_carea' id='block_1_43' title="bbox 102 2066 900 2102">
    <p class='ocr_par' dir='ltr' id='par_1_43' title="bbox 102 2066 900 2102">
     <span class='ocr_line' id='line_1_43' title="bbox 102 2066 900 2102; baseline 0 -10"><span class='ocrx_word' id='word_1_334' title='bbox 102 2074 136 2093; x_wconf 82' lang='lat' dir='ltr'><strong>ex</strong></span> <span class='ocrx_word' id='word_1_335' title='bbox 148 2074 203 2101; x_wconf 86' lang='lat' dir='ltr'><strong>qua</strong></span> <span class='ocrx_word' id='word_1_336' title='bbox 218 2066 311 2093; x_wconf 85' lang='lat' dir='ltr'><strong>statim</strong></span> <span class='ocrx_word' id='word_1_337' title='bbox 324 2067 362 2093; x_wconf 71' lang='lat' dir='ltr'><strong>alt</strong></span> <span class='ocrx_word' id='word_1_338' title='bbox 375 2067 455 2094; x_wconf 88' lang='lat' dir='ltr'><strong>initio</strong></span> <span class='ocrx_word' id='word_1_339' title='bbox 474 2067 596 2102; x_wconf 86' lang='lat' dir='ltr'><strong>gustavit</strong></span> <span class='ocrx_word' id='word_1_340' title='bbox 607 2071 635 2093; x_wconf 91' lang='lat' dir='ltr'><strong>ct</strong></span> <span class='ocrx_word' id='word_1_341' title='bbox 653 2066 785 2097; x_wconf 82' lang='lat' dir='ltr'><strong>comedit,</strong></span> <span class='ocrx_word' id='word_1_342' title='bbox 803 2071 830 2093; x_wconf 91' lang='lat' dir='ltr'><strong>et</strong></span> <span class='ocrx_word' id='word_1_343' title='bbox 847 2074 900 2092; x_wconf 93' lang='lat' dir='ltr'><strong>nu-</strong></span> 
     </span>
    </p>
   </div>
   <div class='ocr_carea' id='block_1_44' title="bbox 103 2111 900 2147">
    <p class='ocr_par' dir='ltr' id='par_1_44' title="bbox 103 2111 900 2147">
     <span class='ocr_line' id='line_1_44' title="bbox 103 2111 900 2147; baseline -0.004 -7"><span class='ocrx_word' id='word_1_344' title='bbox 103 2114 167 2140; x_wconf 87' lang='lat' dir='ltr'><strong>data</strong></span> <span class='ocrx_word' id='word_1_345' title='bbox 184 2118 227 2140; x_wconf 88' lang='lat' dir='ltr'><strong>est</strong></span> <span class='ocrx_word' id='word_1_346' title='bbox 251 2117 279 2139; x_wconf 89' lang='lat' dir='ltr'><strong>et</strong></span> <span class='ocrx_word' id='word_1_347' title='bbox 294 2114 380 2147; x_wconf 83' lang='lat' dir='ltr'><strong>ejecta</strong></span> <span class='ocrx_word' id='word_1_348' title='bbox 395 2113 442 2140; x_wconf 89' lang='lat' dir='ltr'><strong>Dei</strong></span> <span class='ocrx_word' id='word_1_349' title='bbox 460 2121 529 2140; x_wconf 79' lang='lat' dir='ltr'><strong>uxor</strong></span> <span class='ocrx_word' id='word_1_350' title='bbox 543 2113 654 2146; x_wconf 90' lang='lat' dir='ltr'><strong>(nempe</strong></span> <span class='ocrx_word' id='word_1_351' title='bbox 670 2111 816 2145; x_wconf 85' lang='lat' dir='ltr'><strong>Ecclesia),</strong></span> <span class='ocrx_word' id='word_1_352' title='bbox 835 2119 900 2146; x_wconf 91' lang='lat' dir='ltr'><strong>pro-</strong></span> 
     </span>
    </p>
   </div>
   <div class='ocr_carea' id='block_1_45' title="bbox 104 2157 900 2193">
    <p class='ocr_par' dir='ltr' id='par_1_45' title="bbox 104 2157 900 2193">
     <span class='ocr_line' id='line_1_45' title="bbox 104 2157 900 2193; baseline -0.001 -9"><span class='ocrx_word' id='word_1_353' title='bbox 104 2163 201 2193; x_wconf 88' lang='lat' dir='ltr'><strong>pterea</strong></span> <span class='ocrx_word' id='word_1_354' title='bbox 216 2158 289 2192; x_wconf 88' lang='lat' dir='ltr'><strong>quod</strong></span> <span class='ocrx_word' id='word_1_355' title='bbox 310 2159 362 2185; x_wconf 89' lang='lat' dir='ltr'><strong>hoc</strong></span> <span class='ocrx_word' id='word_1_356' title='bbox 389 2158 544 2192; x_wconf 79' lang='lat' dir='ltr'><strong>proximum</strong></span> <span class='ocrx_word' id='word_1_357' title='bbox 568 2163 592 2185; x_wconf 88' lang='lat' dir='ltr'><strong>el</strong></span> <span class='ocrx_word' id='word_1_358' title='bbox 608 2157 757 2184; x_wconf 73' lang='lat' dir='ltr'><strong>maximum</strong></span> <span class='ocrx_word' id='word_1_359' title='bbox 771 2157 798 2184; x_wconf 92' lang='lat' dir='ltr'><strong>in</strong></span> <span class='ocrx_word' id='word_1_360' title='bbox 813 2157 900 2184; x_wconf 88' lang='lat' dir='ltr'><strong>Deum</strong></span> 
     </span>
    </p>
   </div>
   <div class='ocr_carea' id='block_1_46' title="bbox 105 2203 902 2238">
    <p class='ocr_par' dir='ltr' id='par_1_46' title="bbox 105 2203 902 2238">
     <span class='ocr_line' id='line_1_46' title="bbox 105 2203 902 2238; baseline -0.003 -7"><span class='ocrx_word' id='word_1_361' title='bbox 105 2204 219 2231; x_wconf 85' lang='lat' dir='ltr'><strong>admisit</strong></span> <span class='ocrx_word' id='word_1_362' title='bbox 230 2209 385 2238; x_wconf 80' lang='lat' dir='ltr'><strong>peccatum,</strong></span> <span class='ocrx_word' id='word_1_363' title='bbox 404 2204 477 2238; x_wconf 88' lang='lat' dir='ltr'><strong>quod</strong></span> <span class='ocrx_word' id='word_1_364' title='bbox 493 2203 678 2237; x_wconf 84' lang='lat' dir='ltr'><strong>adsculpserit</strong></span> <span class='ocrx_word' id='word_1_365' title='bbox 693 2203 765 2237; x_wconf 82' lang='lat' dir='ltr'><strong>ligna</strong></span> <span class='ocrx_word' id='word_1_366' title='bbox 782 2203 902 2230; x_wconf 90' lang='lat' dir='ltr'><strong>homini-</strong></span> 
     </span>
    </p>
   </div>
   <div class='ocr_carea' id='block_1_47' title="bbox 105 2247 901 2280">
    <p class='ocr_par' dir='ltr' id='par_1_47' title="bbox 105 2247 901 2280">
     <span class='ocr_line' id='line_1_47' title="bbox 105 2247 901 2280; baseline -0.004 -4"><span class='ocrx_word' id='word_1_367' title='bbox 105 2250 160 2276; x_wconf 88' lang='lat' dir='ltr'><strong>bus</strong></span> <span class='ocrx_word' id='word_1_368' title='bbox 173 2249 277 2276; x_wconf 86' lang='lat' dir='ltr'><strong>similia</strong></span> <span class='ocrx_word' id='word_1_369' title='bbox 289 2249 315 2274; x_wconf 92' lang='lat' dir='ltr'><strong>in</strong></span> <span class='ocrx_word' id='word_1_370' title='bbox 330 2249 412 2280; x_wconf 88' lang='lat' dir='ltr'><strong>idola,</strong></span> <span class='ocrx_word' id='word_1_371' title='bbox 425 2253 454 2276; x_wconf 93' lang='lat' dir='ltr'><strong>ct</strong></span> <span class='ocrx_word' id='word_1_372' title='bbox 469 2256 502 2275; x_wconf 85' lang='lat' dir='ltr'><strong>ea</strong></span> <span class='ocrx_word' id='word_1_373' title='bbox 515 2247 682 2275; x_wconf 83' lang='lat' dir='ltr'><strong>adoraverit.</strong></span> <span class='ocrx_word' id='word_1_374' title='bbox 699 2247 728 2274; x_wconf 93' lang='lat' dir='ltr'><strong>ln</strong></span> <span class='ocrx_word' id='word_1_375' title='bbox 746 2247 841 2274; x_wconf 87' lang='lat' dir='ltr'><strong>multis</strong></span> <span class='ocrx_word' id='word_1_376' title='bbox 851 2255 901 2274; x_wconf 88' lang='lat' dir='ltr'><strong>au-</strong></span> 
     </span>
    </p>
   </div>
   <div class='ocr_carea' id='block_1_48' title="bbox 937 331 1726 370">
    <p class='ocr_par' dir='ltr' id='par_1_48' title="bbox 937 331 1726 370">
     <span class='ocr_line' id='line_1_48' title="bbox 937 331 1726 370; baseline -0.001 -12"><span class='ocrx_word' id='word_1_377' title='bbox 937 340 988 358; x_wconf 74' lang='lat' dir='ltr'><strong>ura</strong></span> <span class='ocrx_word' id='word_1_378' title='bbox 1005 331 1083 370; x_wconf 70' lang='lat' dir='ltr'><strong>fellis,</strong></span> <span class='ocrx_word' id='word_1_379' title='bbox 1102 333 1190 358; x_wconf 75' lang='lat' dir='ltr'><strong>botrus</strong></span> <span class='ocrx_word' id='word_1_380' title='bbox 1209 331 1396 359; x_wconf 75' lang='lat' dir='ltr'><strong>amaritudinis</strong></span> <span class='ocrx_word' id='word_1_381' title='bbox 1413 333 1447 358; x_wconf 82' lang='lat'><strong>&quot;.</strong></span> <span class='ocrx_word' id='word_1_382' title='bbox 1462 331 1595 358; x_wconf 83' lang='lat' dir='ltr'><strong>Similiter</strong></span> <span class='ocrx_word' id='word_1_383' title='bbox 1616 339 1688 365; x_wconf 83' lang='lat' dir='ltr'><strong>quoq</strong></span> <span class='ocrx_word' id='word_1_384' title='bbox 1702 339 1726 357; x_wconf 82' lang='lat' dir='ltr'><strong>te</strong></span> 
     </span>
    </p>
   </div>
   <div class='ocr_carea' id='block_1_49' title="bbox 937 377 1726 413">
    <p class='ocr_par' dir='ltr' id='par_1_49' title="bbox 937 377 1726 413">
     <span class='ocr_line' id='line_1_49' title="bbox 937 377 1726 413; baseline -0.005 -7"><span class='ocrx_word' id='word_1_385' title='bbox 937 379 1011 406; x_wconf 85' lang='lat' dir='ltr'><strong>Deus</strong></span> <span class='ocrx_word' id='word_1_386' title='bbox 1024 379 1058 406; x_wconf 91' lang='lat' dir='ltr'><strong>de</strong></span> <span class='ocrx_word' id='word_1_387' title='bbox 1075 379 1140 413; x_wconf 90' lang='lat' dir='ltr'><strong>ipsis</strong></span> <span class='ocrx_word' id='word_1_388' title='bbox 1154 379 1222 406; x_wconf 85' lang='lat' dir='ltr'><strong>dicit</strong></span> <span class='ocrx_word' id='word_1_389' title='bbox 1236 386 1285 413; x_wconf 92' lang='lat' dir='ltr'><strong>per</strong></span> <span class='ocrx_word' id='word_1_390' title='bbox 1297 378 1395 405; x_wconf 80' lang='lat' dir='ltr'><strong>Isaiam</strong></span> <span class='ocrx_word' id='word_1_391' title='bbox 1410 388 1417 404; x_wconf 87' lang='lat'><strong>:</strong></span> <span class='ocrx_word' id='word_1_392' title='bbox 1432 377 1590 412; x_wconf 69' lang='lat' dir='ltr'><strong>Exspectat&#39;i</strong></span> <span class='ocrx_word' id='word_1_393' title='bbox 1611 381 1639 403; x_wconf 85' lang='lat' dir='ltr'><strong>ut</strong></span> <span class='ocrx_word' id='word_1_394' title='bbox 1652 377 1726 403; x_wconf 78' lang='lat' dir='ltr'><strong>uinea</strong></span> 
     </span>
    </p>
   </div>
   <div class='ocr_carea' id='block_1_50' title="bbox 939 422 1727 460">
    <p class='ocr_par' dir='ltr' id='par_1_50' title="bbox 939 422 1727 460">
     <span class='ocr_line' id='line_1_50' title="bbox 939 422 1727 460; baseline -0.005 -8"><span class='ocrx_word' id='word_1_395' title='bbox 939 433 997 452; x_wconf 82' lang='lat' dir='ltr'><strong>mea</strong></span> <span class='ocrx_word' id='word_1_396' title='bbox 1011 426 1108 459; x_wconf 74' lang='lat' dir='ltr'><strong>Iaceret</strong></span> <span class='ocrx_word' id='word_1_397' title='bbox 1121 434 1211 457; x_wconf 84' lang='lat' dir='ltr'><strong>uvam,</strong></span> <span class='ocrx_word' id='word_1_398' title='bbox 1227 425 1286 460; x_wconf 79' lang='lat' dir='ltr'><strong>fecit</strong></span> <span class='ocrx_word' id='word_1_399' title='bbox 1297 429 1384 451; x_wconf 70' lang='lat' dir='ltr'><strong>autem</strong></span> <span class='ocrx_word' id='word_1_400' title='bbox 1398 425 1489 459; x_wconf 79' lang='lat' dir='ltr'><strong>spinas</strong></span> <span class='ocrx_word' id='word_1_401' title='bbox 1502 423 1536 450; x_wconf 83' lang='lat'><strong>&quot;’.</strong></span> <span class='ocrx_word' id='word_1_402' title='bbox 1555 422 1634 449; x_wconf 89' lang='lat' dir='ltr'><strong>Unde</strong></span> <span class='ocrx_word' id='word_1_403' title='bbox 1645 426 1727 448; x_wconf 81' lang='lat' dir='ltr'><strong>etiam</strong></span> 
     </span>
    </p>
   </div>
   <div class='ocr_carea' id='block_1_51' title="bbox 938 468 1728 506">
    <p class='ocr_par' dir='ltr' id='par_1_51' title="bbox 938 468 1728 506">
     <span class='ocr_line' id='line_1_51' title="bbox 938 468 1728 506; baseline -0.006 -7"><span class='ocrx_word' id='word_1_404' title='bbox 938 472 966 499; x_wconf 86' lang='lat' dir='ltr'><strong>in</strong></span> <span class='ocrx_word' id='word_1_405' title='bbox 987 472 1066 499; x_wconf 88' lang='lat' dir='ltr'><strong>libris</strong></span> <span class='ocrx_word' id='word_1_406' title='bbox 1091 472 1248 506; x_wconf 78' lang='lat' dir='ltr'><strong>Regnorum</strong></span> <span class='ocrx_word' id='word_1_407' title='bbox 1269 471 1342 498; x_wconf 89' lang='lat' dir='ltr'><strong>Deus</strong></span> <span class='ocrx_word' id='word_1_408' title='bbox 1364 469 1490 496; x_wconf 87' lang='lat' dir='ltr'><strong>lsraelem</strong></span> <span class='ocrx_word' id='word_1_409' title='bbox 1508 468 1633 495; x_wconf 88' lang='lat' dir='ltr'><strong>nominat</strong></span> <span class='ocrx_word' id='word_1_410' title='bbox 1655 468 1728 502; x_wconf 83' lang='lat' dir='ltr'><strong>ligna</strong></span> 
     </span>
    </p>
   </div>
   <div class='ocr_carea' id='block_1_52' title="bbox 938 513 1729 553">
    <p class='ocr_par' dir='ltr' id='par_1_52' title="bbox 938 513 1729 553">
     <span class='ocr_line' id='line_1_52' title="bbox 938 513 1729 553; baseline -0.009 -7"><span class='ocrx_word' id='word_1_411' title='bbox 938 519 1024 549; x_wconf 56' lang='lat' dir='ltr'><strong>silvae,</strong></span> <span class='ocrx_word' id='word_1_412' title='bbox 1040 526 1101 553; x_wconf 73' lang='lat' dir='ltr'><strong>qua:</strong></span> <span class='ocrx_word' id='word_1_413' title='bbox 1112 525 1195 552; x_wconf 90' lang='lat' dir='ltr'><strong>supra</strong></span> <span class='ocrx_word' id='word_1_414' title='bbox 1211 525 1240 544; x_wconf 92' lang='lat' dir='ltr'><strong>se</strong></span> <span class='ocrx_word' id='word_1_415' title='bbox 1264 517 1470 544; x_wconf 85' lang='lat' dir='ltr'><strong>constituerunt</strong></span> <span class='ocrx_word' id='word_1_416' title='bbox 1494 523 1586 550; x_wconf 87' lang='lat' dir='ltr'><strong>regem</strong></span> <span class='ocrx_word' id='word_1_417' title='bbox 1613 513 1729 548; x_wconf 83' lang='lat' dir='ltr'><strong>spinife-</strong></span> 
     </span>
    </p>
   </div>
   <div class='ocr_carea' id='block_1_53' title="bbox 939 559 1729 595">
    <p class='ocr_par' dir='ltr' id='par_1_53' title="bbox 939 559 1729 595">
     <span class='ocr_line' id='line_1_53' title="bbox 939 559 1729 595; baseline -0.008 -4"><span class='ocrx_word' id='word_1_418' title='bbox 939 571 999 591; x_wconf 89' lang='lat' dir='ltr'><strong>rum</strong></span> <span class='ocrx_word' id='word_1_419' title='bbox 1014 563 1160 590; x_wconf 87' lang='lat' dir='ltr'><strong>rhamnum</strong></span> <span class='ocrx_word' id='word_1_420' title='bbox 1176 583 1183 593; x_wconf 88' lang='lat'><strong>.</strong></span> <span class='ocrx_word' id='word_1_421' title='bbox 1207 563 1262 589; x_wconf 91' lang='lat' dir='ltr'><strong>hoc</strong></span> <span class='ocrx_word' id='word_1_422' title='bbox 1280 566 1334 593; x_wconf 88' lang='lat' dir='ltr'><strong>est,</strong></span> <span class='ocrx_word' id='word_1_423' title='bbox 1359 561 1500 588; x_wconf 87' lang='lat' dir='ltr'><strong>diabolum</strong></span> <span class='ocrx_word' id='word_1_424' title='bbox 1517 560 1563 595; x_wconf 89' lang='lat' dir='ltr'><strong>qui</strong></span> <span class='ocrx_word' id='word_1_425' title='bbox 1586 559 1729 586; x_wconf 78' lang='lat' dir='ltr'><strong>existima-</strong></span> 
     </span>
    </p>
   </div>
   <div class='ocr_carea' id='block_1_54' title="bbox 938 604 1728 642">
    <p class='ocr_par' dir='ltr' id='par_1_54' title="bbox 938 604 1728 642">
     <span class='ocr_line' id='line_1_54' title="bbox 938 604 1728 642; baseline -0.01 -6"><span class='ocrx_word' id='word_1_426' title='bbox 938 609 978 636; x_wconf 85' lang='lat' dir='ltr'><strong>vit</strong></span> <span class='ocrx_word' id='word_1_427' title='bbox 989 616 1018 636; x_wconf 87' lang='lat' dir='ltr'><strong>se</strong></span> <span class='ocrx_word' id='word_1_428' title='bbox 1030 616 1091 636; x_wconf 90' lang='lat' dir='ltr'><strong>esse</strong></span> <span class='ocrx_word' id='word_1_429' title='bbox 1113 608 1199 635; x_wconf 90' lang='lat' dir='ltr'><strong>Deum</strong></span> <span class='ocrx_word' id='word_1_430' title='bbox 1214 611 1425 642; x_wconf 87' lang='lat' dir='ltr'><strong>cognoscentem</strong></span> <span class='ocrx_word' id='word_1_431' title='bbox 1440 607 1543 633; x_wconf 87' lang='lat' dir='ltr'><strong>bonum</strong></span> <span class='ocrx_word' id='word_1_432' title='bbox 1560 609 1587 632; x_wconf 87' lang='lat' dir='ltr'><strong>et</strong></span> <span class='ocrx_word' id='word_1_433' title='bbox 1614 604 1728 631; x_wconf 89' lang='lat' dir='ltr'><strong>malum.</strong></span> 
     </span>
    </p>
   </div>
   <div class='ocr_carea' id='block_1_55' title="bbox 939 649 1727 687">
    <p class='ocr_par' dir='ltr' id='par_1_55' title="bbox 939 649 1727 687">
     <span class='ocr_line' id='line_1_55' title="bbox 939 649 1727 687; baseline -0.009 -5"><span class='ocrx_word' id='word_1_434' title='bbox 939 655 1027 683; x_wconf 83' lang='lat' dir='ltr'><strong>Porro</strong></span> <span class='ocrx_word' id='word_1_435' title='bbox 1042 659 1135 681; x_wconf 88' lang='lat' dir='ltr'><strong>autem</strong></span> <span class='ocrx_word' id='word_1_436' title='bbox 1152 653 1233 681; x_wconf 80' lang='lat' dir='ltr'><strong>ticum</strong></span> <span class='ocrx_word' id='word_1_437' title='bbox 1250 660 1359 687; x_wconf 87' lang='lat' dir='ltr'><strong>quoque</strong></span> <span class='ocrx_word' id='word_1_438' title='bbox 1372 660 1454 687; x_wconf 85' lang='lat' dir='ltr'><strong>quam</strong></span> <span class='ocrx_word' id='word_1_439' title='bbox 1471 651 1599 678; x_wconf 88' lang='lat' dir='ltr'><strong>Christus</strong></span> <span class='ocrx_word' id='word_1_440' title='bbox 1614 649 1727 676; x_wconf 87' lang='lat' dir='ltr'><strong>arefecit</strong></span> 
     </span>
    </p>
   </div>
   <div class='ocr_carea' id='block_1_56' title="bbox 939 694 1729 735">
    <p class='ocr_par' dir='ltr' id='par_1_56' title="bbox 939 694 1729 735">
     <span class='ocr_line' id='line_1_56' title="bbox 939 694 1729 735; baseline -0.01 -7"><span class='ocrx_word' id='word_1_441' title='bbox 939 709 974 728; x_wconf 89' lang='lat' dir='ltr'><strong>ne</strong></span> <span class='ocrx_word' id='word_1_442' title='bbox 984 701 1102 735; x_wconf 89' lang='lat' dir='ltr'><strong>amplius</strong></span> <span class='ocrx_word' id='word_1_443' title='bbox 1111 699 1230 726; x_wconf 91' lang='lat' dir='ltr'><strong>fructum</strong></span> <span class='ocrx_word' id='word_1_444' title='bbox 1245 698 1325 730; x_wconf 89' lang='lat' dir='ltr'><strong>ferat,</strong></span> <span class='ocrx_word' id='word_1_445' title='bbox 1340 698 1436 725; x_wconf 92' lang='lat' dir='ltr'><strong>dicens</strong></span> <span class='ocrx_word' id='word_1_446' title='bbox 1445 697 1581 731; x_wconf 88' lang='lat' dir='ltr'><strong>quispiam</strong></span> <span class='ocrx_word' id='word_1_447' title='bbox 1592 703 1653 722; x_wconf 89' lang='lat' dir='ltr'><strong>esse</strong></span> <span class='ocrx_word' id='word_1_448' title='bbox 1667 694 1729 721; x_wconf 87' lang='lat' dir='ltr'><strong>ido-</strong></span> 
     </span>
    </p>
   </div>
   <div class='ocr_carea' id='block_1_57' title="bbox 939 739 1730 778">
    <p class='ocr_par' dir='ltr' id='par_1_57' title="bbox 939 739 1730 778">
     <span class='ocr_line' id='line_1_57' title="bbox 939 739 1730 778; baseline -0.009 -6"><span class='ocrx_word' id='word_1_449' title='bbox 939 745 1087 776; x_wconf 87' lang='lat' dir='ltr'><strong>lolatriam,</strong></span> <span class='ocrx_word' id='word_1_450' title='bbox 1103 752 1158 771; x_wconf 91' lang='lat' dir='ltr'><strong>non</strong></span> <span class='ocrx_word' id='word_1_451' title='bbox 1174 743 1346 778; x_wconf 84' lang='lat' dir='ltr'><strong>peccaverit;</strong></span> <span class='ocrx_word' id='word_1_452' title='bbox 1362 743 1442 777; x_wconf 86' lang='lat' dir='ltr'><strong>cujus</strong></span> <span class='ocrx_word' id='word_1_453' title='bbox 1453 741 1504 768; x_wconf 88' lang='lat' dir='ltr'><strong>fuit</strong></span> <span class='ocrx_word' id='word_1_454' title='bbox 1522 746 1604 775; x_wconf 73' lang='lat' dir='ltr'><strong>typus</strong></span> <span class='ocrx_word' id='word_1_455' title='bbox 1616 739 1730 773; x_wconf 84' lang='lat' dir='ltr'><strong>sangui-</strong></span> 
     </span>
    </p>
   </div>
   <div class='ocr_carea' id='block_1_58' title="bbox 939 784 1731 823">
    <p class='ocr_par' dir='ltr' id='par_1_58' title="bbox 939 784 1731 823">
     <span class='ocr_line' id='line_1_58' title="bbox 939 784 1731 823; baseline -0.011 -4"><span class='ocrx_word' id='word_1_456' title='bbox 939 793 983 819; x_wconf 91' lang='lat' dir='ltr'><strong>nis</strong></span> <span class='ocrx_word' id='word_1_457' title='bbox 998 791 1101 818; x_wconf 86' lang='lat' dir='ltr'><strong>ablatio</strong></span> <span class='ocrx_word' id='word_1_458' title='bbox 1125 790 1251 817; x_wconf 89' lang='lat' dir='ltr'><strong>mulieris</strong></span> <span class='ocrx_word' id='word_1_459' title='bbox 1266 788 1408 823; x_wconf 74' lang='lat' dir='ltr'><strong>sanguinis</strong></span> <span class='ocrx_word' id='word_1_460' title='bbox 1429 786 1563 822; x_wconf 79' lang='lat' dir='ltr'><strong>profluvio</strong></span> <span class='ocrx_word' id='word_1_461' title='bbox 1579 784 1731 812; x_wconf 87' lang='lat' dir='ltr'><strong>laborantis</strong></span> 
     </span>
    </p>
   </div>
   <div class='ocr_carea' id='block_1_59' title="bbox 941 831 1730 873">
    <p class='ocr_par' dir='ltr' id='par_1_59' title="bbox 941 831 1730 873">
     <span class='ocr_line' id='line_1_59' title="bbox 941 831 1730 873; baseline -0.011 -9"><span class='ocrx_word' id='word_1_462' title='bbox 941 838 1056 873; x_wconf 88' lang='lat' dir='ltr'><strong>(nempe</strong></span> <span class='ocrx_word' id='word_1_463' title='bbox 1080 835 1165 870; x_wconf 67' lang='lat' dir='ltr'><strong>Evaz),</strong></span> <span class='ocrx_word' id='word_1_464' title='bbox 1181 835 1254 870; x_wconf 92' lang='lat' dir='ltr'><strong>quod</strong></span> <span class='ocrx_word' id='word_1_465' title='bbox 1280 833 1413 868; x_wconf 80' lang='lat' dir='ltr'><strong>repressit</strong></span> <span class='ocrx_word' id='word_1_466' title='bbox 1432 832 1567 860; x_wconf 86' lang='lat' dir='ltr'><strong>Dominus</strong></span> <span class='ocrx_word' id='word_1_467' title='bbox 1589 831 1730 858; x_wconf 83' lang='lat' dir='ltr'><strong>cxsiccans</strong></span> 
     </span>
    </p>
   </div>
   <div class='ocr_carea' id='block_1_60' title="bbox 940 874 1730 916">
    <p class='ocr_par' dir='ltr' id='par_1_60' title="bbox 940 874 1730 916">
     <span class='ocr_line' id='line_1_60' title="bbox 940 874 1730 916; baseline -0.011 -7"><span class='ocrx_word' id='word_1_468' title='bbox 940 882 1100 916; x_wconf 86' lang='lat' dir='ltr'><strong>sanguinem</strong></span> <span class='ocrx_word' id='word_1_469' title='bbox 1116 879 1326 906; x_wconf 73' lang='lat' dir='ltr'><strong>sacrificiorum.</strong></span> <span class='ocrx_word' id='word_1_470' title='bbox 1343 878 1370 904; x_wconf 89' lang='lat' dir='ltr'><strong>Si</strong></span> <span class='ocrx_word' id='word_1_471' title='bbox 1382 885 1448 912; x_wconf 82' lang='lat' dir='ltr'><strong>ergo</strong></span> <span class='ocrx_word' id='word_1_472' title='bbox 1462 877 1535 911; x_wconf 67' lang='lat' dir='ltr'><strong>iuste</strong></span> <span class='ocrx_word' id='word_1_473' title='bbox 1557 875 1666 909; x_wconf 82' lang='lat' dir='ltr'><strong>lateque</strong></span> <span class='ocrx_word' id='word_1_474' title='bbox 1688 874 1730 900; x_wconf 90' lang='lat' dir='ltr'><strong>di-</strong></span> 
     </span>
    </p>
   </div>
   <div class='ocr_carea' id='block_1_61' title="bbox 940 919 1732 960">
    <p class='ocr_par' dir='ltr' id='par_1_61' title="bbox 940 919 1732 960">
     <span class='ocr_line' id='line_1_61' title="bbox 940 919 1732 960; baseline -0.013 -5"><span class='ocrx_word' id='word_1_475' title='bbox 940 927 1073 955; x_wconf 83' lang='lat' dir='ltr'><strong>discimus</strong></span> <span class='ocrx_word' id='word_1_476' title='bbox 1085 926 1189 960; x_wconf 77' lang='lat' dir='ltr'><strong>lignum</strong></span> <span class='ocrx_word' id='word_1_477' title='bbox 1201 924 1333 958; x_wconf 83' lang='lat' dir='ltr'><strong>appellari</strong></span> <span class='ocrx_word' id='word_1_478' title='bbox 1345 923 1525 956; x_wconf 79' lang='lat' dir='ltr'><strong>impietatem,</strong></span> <span class='ocrx_word' id='word_1_479' title='bbox 1539 921 1604 955; x_wconf 85' lang='lat' dir='ltr'><strong>quid</strong></span> <span class='ocrx_word' id='word_1_480' title='bbox 1622 919 1732 947; x_wconf 86' lang='lat' dir='ltr'><strong>miraris</strong></span> 
     </span>
    </p>
   </div>
   <div class='ocr_carea' id='block_1_62' title="bbox 940 965 1732 1000">
    <p class='ocr_par' dir='ltr' id='par_1_62' title="bbox 940 965 1732 1000">
     <span class='ocr_line' id='line_1_62' title="bbox 940 965 1732 1000; baseline -0.013 0"><span class='ocrx_word' id='word_1_481' title='bbox 940 974 962 1000; x_wconf 87' lang='lat' dir='ltr'><strong>si</strong></span> <span class='ocrx_word' id='word_1_482' title='bbox 974 973 1008 999; x_wconf 88' lang='lat' dir='ltr'><strong>de</strong></span> <span class='ocrx_word' id='word_1_483' title='bbox 1023 979 1055 998; x_wconf 84' lang='lat' dir='ltr'><strong>ea</strong></span> <span class='ocrx_word' id='word_1_484' title='bbox 1068 971 1140 997; x_wconf 88' lang='lat' dir='ltr'><strong>Deus</strong></span> <span class='ocrx_word' id='word_1_485' title='bbox 1150 969 1218 996; x_wconf 87' lang='lat' dir='ltr'><strong>dicit</strong></span> <span class='ocrx_word' id='word_1_486' title='bbox 1235 968 1340 995; x_wconf 92' lang='lat' dir='ltr'><strong>homini</strong></span> <span class='ocrx_word' id='word_1_487' title='bbox 1358 977 1364 994; x_wconf 90' lang='lat'><strong>:</strong></span> <span class='ocrx_word' id='word_1_488' title='bbox 1381 967 1422 994; x_wconf 68' lang='lat' dir='ltr'><strong>Ex</strong></span> <span class='ocrx_word' id='word_1_489' title='bbox 1441 967 1513 993; x_wconf 84' lang='lat' dir='ltr'><strong>omni</strong></span> <span class='ocrx_word' id='word_1_490' title='bbox 1529 966 1598 1000; x_wconf 78' lang='lat' dir='ltr'><strong>tigno</strong></span> <span class='ocrx_word' id='word_1_491' title='bbox 1610 965 1678 1000; x_wconf 80' lang='lat' dir='ltr'><strong>quod</strong></span> <span class='ocrx_word' id='word_1_492' title='bbox 1694 969 1732 991; x_wconf 73' lang='lat' dir='ltr'><strong>est</strong></span> 
     </span>
    </p>
   </div>
   <div class='ocr_carea' id='block_1_63' title="bbox 940 1010 1732 1052">
    <p class='ocr_par' dir='ltr' id='par_1_63' title="bbox 940 1010 1732 1052">
     <span class='ocr_line' id='line_1_63' title="bbox 940 1010 1732 1052; baseline -0.013 -7"><span class='ocrx_word' id='word_1_493' title='bbox 940 1019 968 1046; x_wconf 85' lang='lat' dir='ltr'><strong>in</strong></span> <span class='ocrx_word' id='word_1_494' title='bbox 993 1016 1118 1052; x_wconf 80' lang='lat' dir='ltr'><strong>paradiso</strong></span> <span class='ocrx_word' id='word_1_495' title='bbox 1144 1013 1278 1045; x_wconf 67' lang='lat' dir='ltr'><strong>camertes;</strong></span> <span class='ocrx_word' id='word_1_496' title='bbox 1304 1013 1357 1039; x_wconf 90' lang='lat' dir='ltr'><strong>hoc</strong></span> <span class='ocrx_word' id='word_1_497' title='bbox 1377 1016 1441 1038; x_wconf 86' lang='lat' dir='ltr'><strong>est:</strong></span> <span class='ocrx_word' id='word_1_498' title='bbox 1464 1011 1568 1038; x_wconf 83' lang='lat' dir='ltr'><strong>Fruere</strong></span> <span class='ocrx_word' id='word_1_499' title='bbox 1589 1015 1616 1037; x_wconf 89' lang='lat' dir='ltr'><strong>et</strong></span> <span class='ocrx_word' id='word_1_500' title='bbox 1632 1010 1732 1036; x_wconf 86' lang='lat' dir='ltr'><strong>satiare</strong></span> 
     </span>
    </p>
   </div>
   <div class='ocr_carea' id='block_1_64' title="bbox 940 1052 1732 1094">
    <p class='ocr_par' dir='ltr' id='par_1_64' title="bbox 940 1052 1732 1094">
     <span class='ocr_line' id='line_1_64' title="bbox 940 1052 1732 1094; baseline -0.015 -4"><span class='ocrx_word' id='word_1_501' title='bbox 940 1063 1015 1091; x_wconf 92' lang='lat' dir='ltr'><strong>omni</strong></span> <span class='ocrx_word' id='word_1_502' title='bbox 1032 1059 1274 1094; x_wconf 86' lang='lat' dir='ltr'><strong>contemplatione,</strong></span> <span class='ocrx_word' id='word_1_503' title='bbox 1287 1057 1361 1084; x_wconf 88' lang='lat' dir='ltr'><strong>omni</strong></span> <span class='ocrx_word' id='word_1_504' title='bbox 1377 1056 1545 1091; x_wconf 81' lang='lat' dir='ltr'><strong>cognitione,</strong></span> <span class='ocrx_word' id='word_1_505' title='bbox 1559 1053 1633 1082; x_wconf 90' lang='lat' dir='ltr'><strong>omni</strong></span> <span class='ocrx_word' id='word_1_506' title='bbox 1644 1052 1732 1079; x_wconf 81' lang='lat' dir='ltr'><strong>sancti</strong></span> 
     </span>
    </p>
   </div>
   <div class='ocr_carea' id='block_1_65' title="bbox 926 1099 1731 1142">
    <p class='ocr_par' dir='ltr' id='par_1_65' title="bbox 926 1099 1731 1142">
     <span class='ocr_line' id='line_1_65' title="bbox 926 1099 1731 1142; baseline -0.014 -7"><span class='ocrx_word' id='word_1_507' title='bbox 926 1107 1062 1142; x_wconf 85' lang='lat' dir='ltr'><strong>‘Spiritus</strong></span> <span class='ocrx_word' id='word_1_508' title='bbox 1090 1105 1289 1135; x_wconf 88' lang='lat' dir='ltr'><strong>illustrationc,</strong></span> <span class='ocrx_word' id='word_1_509' title='bbox 1313 1102 1388 1129; x_wconf 91' lang='lat' dir='ltr'><strong>omni</strong></span> <span class='ocrx_word' id='word_1_510' title='bbox 1415 1101 1548 1135; x_wconf 80' lang='lat' dir='ltr'><strong>sapientia</strong></span> <span class='ocrx_word' id='word_1_511' title='bbox 1574 1099 1731 1126; x_wconf 88' lang='lat' dir='ltr'><strong>divinarum</strong></span> 
     </span>
    </p>
   </div>
   <div class='ocr_carea' id='block_1_66' title="bbox 942 1145 1733 1188">
    <p class='ocr_par' dir='ltr' id='par_1_66' title="bbox 942 1145 1733 1188">
     <span class='ocr_line' id='line_1_66' title="bbox 942 1145 1733 1188; baseline -0.011 -7"><span class='ocrx_word' id='word_1_512' title='bbox 942 1154 1158 1188; x_wconf 82' lang='lat' dir='ltr'><strong>Scripturarum.</strong></span> <span class='ocrx_word' id='word_1_513' title='bbox 1172 1150 1246 1178; x_wconf 91' lang='lat' dir='ltr'><strong>omni</strong></span> <span class='ocrx_word' id='word_1_514' title='bbox 1263 1150 1336 1184; x_wconf 79' lang='lat' dir='ltr'><strong>ligno</strong></span> <span class='ocrx_word' id='word_1_515' title='bbox 1356 1149 1472 1183; x_wconf 88' lang='lat' dir='ltr'><strong>pulchro</strong></span> <span class='ocrx_word' id='word_1_516' title='bbox 1489 1147 1522 1174; x_wconf 86' lang='lat' dir='ltr'><strong>ad</strong></span> <span class='ocrx_word' id='word_1_517' title='bbox 1544 1145 1691 1174; x_wconf 79' lang='lat' dir='ltr'><strong>videndum</strong></span> <span class='ocrx_word' id='word_1_518' title='bbox 1706 1150 1733 1172; x_wconf 85' lang='lat' dir='ltr'><strong>et</strong></span> 
     </span>
    </p>
   </div>
   <div class='ocr_carea' id='block_1_67' title="bbox 941 1191 1733 1227">
    <p class='ocr_par' dir='ltr' id='par_1_67' title="bbox 941 1191 1733 1227">
     <span class='ocr_line' id='line_1_67' title="bbox 941 1191 1733 1227; baseline -0.013 -1"><span class='ocrx_word' id='word_1_519' title='bbox 941 1199 1014 1226; x_wconf 88' lang='lat' dir='ltr'><strong>bono</strong></span> <span class='ocrx_word' id='word_1_520' title='bbox 1030 1198 1063 1225; x_wconf 89' lang='lat' dir='ltr'><strong>ad</strong></span> <span class='ocrx_word' id='word_1_521' title='bbox 1089 1195 1301 1225; x_wconf 86' lang='lat' dir='ltr'><strong>comedendum,</strong></span> <span class='ocrx_word' id='word_1_522' title='bbox 1324 1193 1513 1227; x_wconf 82' lang='lat' dir='ltr'><strong>angelicnque,</strong></span> <span class='ocrx_word' id='word_1_523' title='bbox 1533 1196 1562 1219; x_wconf 88' lang='lat' dir='ltr'><strong>et</strong></span> <span class='ocrx_word' id='word_1_524' title='bbox 1584 1191 1733 1224; x_wconf 59' lang='lat' dir='ltr'><strong>Scriptura!</strong></span> 
     </span>
    </p>
   </div>
   <div class='ocr_carea' id='block_1_68' title="bbox 941 1238 1734 1279">
    <p class='ocr_par' dir='ltr' id='par_1_68' title="bbox 941 1238 1734 1279">
     <span class='ocr_line' id='line_1_68' title="bbox 941 1238 1734 1279; baseline -0.011 -10"><span class='ocrx_word' id='word_1_525' title='bbox 941 1243 1116 1279; x_wconf 88' lang='lat' dir='ltr'><strong>prophetico,</strong></span> <span class='ocrx_word' id='word_1_526' title='bbox 1133 1240 1303 1275; x_wconf 81' lang='lat' dir='ltr'><strong>evangelico,</strong></span> <span class='ocrx_word' id='word_1_527' title='bbox 1315 1244 1343 1265; x_wconf 84' lang='lat' dir='ltr'><strong>et</strong></span> <span class='ocrx_word' id='word_1_528' title='bbox 1358 1238 1390 1265; x_wconf 87' lang='lat' dir='ltr'><strong>ad</strong></span> <span class='ocrx_word' id='word_1_529' title='bbox 1404 1238 1556 1265; x_wconf 88' lang='lat' dir='ltr'><strong>doctrinam</strong></span> <span class='ocrx_word' id='word_1_530' title='bbox 1577 1242 1734 1262; x_wconf 88' lang='lat' dir='ltr'><strong>accommo-</strong></span> 
     </span>
    </p>
   </div>
   <div class='ocr_carea' id='block_1_69' title="bbox 942 1281 1736 1320">
    <p class='ocr_par' dir='ltr' id='par_1_69' title="bbox 942 1281 1736 1320">
     <span class='ocr_line' id='line_1_69' title="bbox 942 1281 1736 1320; baseline -0.015 -2"><span class='ocrx_word' id='word_1_531' title='bbox 942 1291 1006 1318; x_wconf 87' lang='lat' dir='ltr'><strong>dato</strong></span> <span class='ocrx_word' id='word_1_532' title='bbox 1018 1296 1156 1317; x_wconf 86' lang='lat' dir='ltr'><strong>sermone.</strong></span> <span class='ocrx_word' id='word_1_533' title='bbox 1171 1288 1292 1320; x_wconf 85' lang='lat' dir='ltr'><strong>Decerpe</strong></span> <span class='ocrx_word' id='word_1_534' title='bbox 1305 1293 1338 1311; x_wconf 77' lang='lat' dir='ltr'><strong>ex</strong></span> <span class='ocrx_word' id='word_1_535' title='bbox 1349 1284 1423 1311; x_wconf 92' lang='lat' dir='ltr'><strong>omni</strong></span> <span class='ocrx_word' id='word_1_536' title='bbox 1435 1284 1509 1318; x_wconf 89' lang='lat' dir='ltr'><strong>ligno</strong></span> <span class='ocrx_word' id='word_1_537' title='bbox 1526 1281 1659 1316; x_wconf 79' lang='lat' dir='ltr'><strong>frugifero</strong></span> <span class='ocrx_word' id='word_1_538' title='bbox 1672 1288 1736 1307; x_wconf 88' lang='lat' dir='ltr'><strong>san-</strong></span> 
     </span>
    </p>
   </div>
   <div class='ocr_carea' id='block_1_70' title="bbox 943 1325 1733 1367">
    <p class='ocr_par' dir='ltr' id='par_1_70' title="bbox 943 1325 1733 1367">
     <span class='ocr_line' id='line_1_70' title="bbox 943 1325 1733 1367; baseline -0.014 -5"><span class='ocrx_word' id='word_1_539' title='bbox 943 1340 998 1367; x_wconf 88' lang='lat' dir='ltr'><strong>cto,</strong></span> <span class='ocrx_word' id='word_1_540' title='bbox 1011 1339 1039 1362; x_wconf 87' lang='lat' dir='ltr'><strong>et</strong></span> <span class='ocrx_word' id='word_1_541' title='bbox 1057 1334 1095 1361; x_wconf 91' lang='lat' dir='ltr'><strong>sis</strong></span> <span class='ocrx_word' id='word_1_542' title='bbox 1114 1333 1254 1367; x_wconf 87' lang='lat' dir='ltr'><strong>particeps</strong></span> <span class='ocrx_word' id='word_1_543' title='bbox 1273 1329 1428 1361; x_wconf 86' lang='lat' dir='ltr'><strong>cltaritatis,</strong></span> <span class='ocrx_word' id='word_1_544' title='bbox 1449 1333 1477 1355; x_wconf 89' lang='lat' dir='ltr'><strong>et</strong></span> <span class='ocrx_word' id='word_1_545' title='bbox 1502 1325 1733 1357; x_wconf 87' lang='lat' dir='ltr'><strong>mansuetudinis,</strong></span> 
     </span>
    </p>
   </div>
   <div class='ocr_carea' id='block_1_71' title="bbox 942 1369 1734 1413">
    <p class='ocr_par' dir='ltr' id='par_1_71' title="bbox 942 1369 1734 1413">
     <span class='ocr_line' id='line_1_71' title="bbox 942 1369 1734 1413; baseline -0.016 -5"><span class='ocrx_word' id='word_1_546' title='bbox 942 1385 969 1408; x_wconf 89' lang='lat' dir='ltr'><strong>et</strong></span> <span class='ocrx_word' id='word_1_547' title='bbox 989 1379 1064 1411; x_wconf 83' lang='lat' dir='ltr'><strong>ﬁdei,</strong></span> <span class='ocrx_word' id='word_1_548' title='bbox 1083 1378 1153 1413; x_wconf 88' lang='lat' dir='ltr'><strong>spei,</strong></span> <span class='ocrx_word' id='word_1_549' title='bbox 1168 1382 1197 1404; x_wconf 89' lang='lat' dir='ltr'><strong>et.</strong></span> <span class='ocrx_word' id='word_1_550' title='bbox 1217 1375 1409 1403; x_wconf 82' lang='lat' dir='ltr'><strong>fortitudinis:</strong></span> <span class='ocrx_word' id='word_1_551' title='bbox 1432 1373 1562 1408; x_wconf 86' lang='lat' dir='ltr'><strong>quoniam</strong></span> <span class='ocrx_word' id='word_1_552' title='bbox 1580 1375 1644 1398; x_wconf 87' lang='lat' dir='ltr'><strong>sunt</strong></span> <span class='ocrx_word' id='word_1_553' title='bbox 1659 1369 1734 1397; x_wconf 86' lang='lat' dir='ltr'><strong>beati</strong></span> 
     </span>
    </p>
   </div>
   <div class='ocr_carea' id='block_1_72' title="bbox 943 1415 1734 1460">
    <p class='ocr_par' dir='ltr' id='par_1_72' title="bbox 943 1415 1734 1460">
     <span class='ocr_line' id='line_1_72' title="bbox 943 1415 1734 1460; baseline -0.013 -9"><span class='ocrx_word' id='word_1_554' title='bbox 943 1425 990 1460; x_wconf 91' lang='lat' dir='ltr'><strong>qui</strong></span> <span class='ocrx_word' id='word_1_555' title='bbox 1010 1425 1062 1451; x_wconf 85' lang='lat' dir='ltr'><strong>hos</strong></span> <span class='ocrx_word' id='word_1_556' title='bbox 1075 1423 1152 1450; x_wconf 83' lang='lat' dir='ltr'><strong>cibos</strong></span> <span class='ocrx_word' id='word_1_557' title='bbox 1164 1421 1291 1448; x_wconf 86' lang='lat' dir='ltr'><strong>esuriunt</strong></span> <span class='ocrx_word' id='word_1_558' title='bbox 1310 1424 1338 1446; x_wconf 86' lang='lat' dir='ltr'><strong>et</strong></span> <span class='ocrx_word' id='word_1_559' title='bbox 1365 1419 1474 1450; x_wconf 80' lang='lat' dir='ltr'><strong>sitiunt,</strong></span> <span class='ocrx_word' id='word_1_560' title='bbox 1495 1416 1693 1444; x_wconf 90' lang='lat' dir='ltr'><strong>convenienter</strong></span> <span class='ocrx_word' id='word_1_561' title='bbox 1709 1415 1734 1441; x_wconf 87' lang='lat' dir='ltr'><strong>ei</strong></span> 
     </span>
    </p>
   </div>
   <div class='ocr_carea' id='block_1_73' title="bbox 943 1460 1736 1505">
    <p class='ocr_par' dir='ltr' id='par_1_73' title="bbox 943 1460 1736 1505">
     <span class='ocr_line' id='line_1_73' title="bbox 943 1460 1736 1505; baseline -0.015 -8"><span class='ocrx_word' id='word_1_562' title='bbox 943 1470 990 1505; x_wconf 90' lang='lat' dir='ltr'><strong>qui</strong></span> <span class='ocrx_word' id='word_1_563' title='bbox 1006 1469 1074 1496; x_wconf 86' lang='lat' dir='ltr'><strong>dicit</strong></span> <span class='ocrx_word' id='word_1_564' title='bbox 1088 1477 1094 1495; x_wconf 95' lang='lat'>:</span> <span class='ocrx_word' id='word_1_565' title='bbox 1113 1468 1184 1494; x_wconf 78' lang='lat' dir='ltr'><strong>Meus</strong></span> <span class='ocrx_word' id='word_1_566' title='bbox 1200 1471 1237 1493; x_wconf 82' lang='lat' dir='ltr'><strong>est</strong></span> <span class='ocrx_word' id='word_1_567' title='bbox 1250 1465 1322 1492; x_wconf 83' lang='lat' dir='ltr'><strong>cibus</strong></span> <span class='ocrx_word' id='word_1_568' title='bbox 1342 1468 1368 1490; x_wconf 88' lang='lat' dir='ltr'><strong>ut</strong></span> <span class='ocrx_word' id='word_1_569' title='bbox 1384 1464 1480 1498; x_wconf 79' lang='lat' dir='ltr'><strong>{ariam</strong></span> <span class='ocrx_word' id='word_1_570' title='bbox 1500 1462 1662 1489; x_wconf 66' lang='lat' dir='ltr'><strong>voluntatem</strong></span> <span class='ocrx_word' id='word_1_571' title='bbox 1679 1460 1736 1494; x_wconf 72' lang='lat' dir='ltr'><strong>ejus</strong></span> 
     </span>
    </p>
   </div>
   <div class='ocr_carea' id='block_1_74' title="bbox 943 1505 1736 1550">
    <p class='ocr_par' dir='ltr' id='par_1_74' title="bbox 943 1505 1736 1550">
     <span class='ocr_line' id='line_1_74' title="bbox 943 1505 1736 1550; baseline -0.015 -8"><span class='ocrx_word' id='word_1_572' title='bbox 943 1515 988 1550; x_wconf 80' lang='lat' dir='ltr'><strong>qui</strong></span> <span class='ocrx_word' id='word_1_573' title='bbox 1005 1522 1044 1541; x_wconf 84' lang='lat' dir='ltr'><strong>me</strong></span> <span class='ocrx_word' id='word_1_574' title='bbox 1058 1514 1129 1540; x_wconf 83' lang='lat' dir='ltr'><strong>misit</strong></span> <span class='ocrx_word' id='word_1_575' title='bbox 1140 1513 1173 1538; x_wconf 79' lang='lat'><strong>“.</strong></span> <span class='ocrx_word' id='word_1_576' title='bbox 1188 1511 1265 1539; x_wconf 81' lang='lat' dir='ltr'><strong>Unde</strong></span> <span class='ocrx_word' id='word_1_577' title='bbox 1282 1517 1379 1537; x_wconf 89' lang='lat' dir='ltr'><strong>rursus</strong></span> <span class='ocrx_word' id='word_1_578' title='bbox 1394 1508 1504 1535; x_wconf 88' lang='lat' dir='ltr'><strong>dicebat</strong></span> <span class='ocrx_word' id='word_1_579' title='bbox 1519 1516 1525 1534; x_wconf 84' lang='lat'><strong>:</strong></span> <span class='ocrx_word' id='word_1_580' title='bbox 1549 1506 1636 1533; x_wconf 85' lang='lat' dir='ltr'><strong>Habeo</strong></span> <span class='ocrx_word' id='word_1_581' title='bbox 1652 1505 1736 1531; x_wconf 75' lang='lat' dir='ltr'><strong>cibum</strong></span> 
     </span>
    </p>
   </div>
   <div class='ocr_carea' id='block_1_75' title="bbox 945 1555 1501 1592">
    <p class='ocr_par' dir='ltr' id='par_1_75' title="bbox 945 1555 1501 1592">
     <span class='ocr_line' id='line_1_75' title="bbox 945 1555 1501 1592; baseline -0.014 -4"><span class='ocrx_word' id='word_1_582' title='bbox 945 1561 979 1588; x_wconf 90' lang='lat' dir='ltr'><strong>ad</strong></span> <span class='ocrx_word' id='word_1_583' title='bbox 994 1559 1180 1587; x_wconf 76' lang='lat' dir='ltr'><strong>comedendum</strong></span> <span class='ocrx_word' id='word_1_584' title='bbox 1199 1565 1275 1592; x_wconf 84' lang='lat' dir='ltr'><strong>quem</strong></span> <span class='ocrx_word' id='word_1_585' title='bbox 1292 1564 1334 1583; x_wconf 83' lang='lat' dir='ltr'><strong>vos</strong></span> <span class='ocrx_word' id='word_1_586' title='bbox 1345 1556 1447 1582; x_wconf 75' lang='lat' dir='ltr'><strong>nescitis</strong></span> <span class='ocrx_word' id='word_1_587' title='bbox 1467 1555 1501 1579; x_wconf 78' lang='grc'><strong>¹⁹.</strong></span> 
     </span>
    </p>
   </div>
   <div class='ocr_carea' id='block_1_76' title="bbox 907 1596 1737 1643">
    <p class='ocr_par' dir='ltr' id='par_1_76' title="bbox 907 1596 1737 1643">
     <span class='ocr_line' id='line_1_76' title="bbox 907 1596 1737 1643; baseline -0.017 -9"><span class='ocrx_word' id='word_1_588' title='bbox 907 1615 928 1643; x_wconf 79' lang='lat' dir='ltr'><strong>C</strong></span> <span class='ocrx_word' id='word_1_589' title='bbox 980 1605 1033 1633; x_wconf 85' lang='lat' dir='ltr'><strong>Sed</strong></span> <span class='ocrx_word' id='word_1_590' title='bbox 1045 1609 1152 1640; x_wconf 86' lang='lat' dir='ltr'><strong>gustate</strong></span> <span class='ocrx_word' id='word_1_591' title='bbox 1167 1611 1216 1630; x_wconf 90' lang='lat' dir='ltr'><strong>vos</strong></span> <span class='ocrx_word' id='word_1_592' title='bbox 1228 1610 1350 1637; x_wconf 88' lang='lat' dir='ltr'><strong>quoque,</strong></span> <span class='ocrx_word' id='word_1_593' title='bbox 1365 1606 1393 1629; x_wconf 91' lang='lat' dir='ltr'><strong>et</strong></span> <span class='ocrx_word' id='word_1_594' title='bbox 1408 1601 1507 1627; x_wconf 88' lang='lat' dir='ltr'><strong>scitote</strong></span> <span class='ocrx_word' id='word_1_595' title='bbox 1520 1597 1593 1633; x_wconf 89' lang='lat' dir='ltr'><strong>quod</strong></span> <span class='ocrx_word' id='word_1_596' title='bbox 1607 1596 1737 1623; x_wconf 83' lang='lat' dir='ltr'><strong>Christus</strong></span> 
     </span>
    </p>
   </div>
   <div class='ocr_carea' id='block_1_77' title="bbox 947 1640 1737 1685">
    <p class='ocr_par' dir='ltr' id='par_1_77' title="bbox 947 1640 1737 1685">
     <span class='ocr_line' id='line_1_77' title="bbox 947 1640 1737 1685; baseline -0.015 -7"><span class='ocrx_word' id='word_1_597' title='bbox 947 1651 1047 1685; x_wconf 89' lang='lat' dir='ltr'><strong>estqui</strong></span> <span class='ocrx_word' id='word_1_598' title='bbox 1061 1649 1202 1683; x_wconf 86' lang='lat' dir='ltr'><strong>deditipse</strong></span> <span class='ocrx_word' id='word_1_599' title='bbox 1213 1648 1304 1675; x_wconf 88' lang='lat' dir='ltr'><strong>omnia</strong></span> <span class='ocrx_word' id='word_1_600' title='bbox 1319 1648 1391 1675; x_wconf 82' lang='lat' dir='ltr'><strong>bona</strong></span> <span class='ocrx_word' id='word_1_601' title='bbox 1405 1645 1530 1674; x_wconf 82' lang='lat' dir='ltr'><strong>fruenda.</strong></span> <span class='ocrx_word' id='word_1_602' title='bbox 1549 1643 1644 1670; x_wconf 87' lang='lat' dir='ltr'><strong>dicens</strong></span> <span class='ocrx_word' id='word_1_603' title='bbox 1663 1650 1669 1668; x_wconf 90' lang='lat'>:</span> <span class='ocrx_word' id='word_1_604' title='bbox 1688 1640 1737 1668; x_wconf 84' lang='lat' dir='ltr'><strong>Co-</strong></span> 
     </span>
    </p>
   </div>
   <div class='ocr_carea' id='block_1_78' title="bbox 948 1689 1738 1729">
    <p class='ocr_par' dir='ltr' id='par_1_78' title="bbox 948 1689 1738 1729">
     <span class='ocr_line' id='line_1_78' title="bbox 948 1689 1738 1729; baseline -0.014 -4"><span class='ocrx_word' id='word_1_605' title='bbox 948 1699 1043 1726; x_wconf 81' lang='lat' dir='ltr'><strong>medite</strong></span> <span class='ocrx_word' id='word_1_606' title='bbox 1057 1705 1090 1724; x_wconf 84' lang='lat' dir='ltr'><strong>ex</strong></span> <span class='ocrx_word' id='word_1_607' title='bbox 1108 1697 1237 1724; x_wconf 85' lang='lat' dir='ltr'><strong>omnibus</strong></span> <span class='ocrx_word' id='word_1_608' title='bbox 1249 1694 1438 1729; x_wconf 81' lang='lat' dir='ltr'><strong>intelligentiis</strong></span> <span class='ocrx_word' id='word_1_609' title='bbox 1452 1698 1479 1720; x_wconf 87' lang='lat' dir='ltr'><strong>et</strong></span> <span class='ocrx_word' id='word_1_610' title='bbox 1489 1691 1584 1727; x_wconf 80' lang='lat' dir='ltr'><strong>gratiis</strong></span> <span class='ocrx_word' id='word_1_611' title='bbox 1597 1698 1604 1722; x_wconf 83' lang='lat'><strong>;</strong></span> <span class='ocrx_word' id='word_1_612' title='bbox 1617 1697 1650 1716; x_wconf 82' lang='lat' dir='ltr'><strong>ex</strong></span> <span class='ocrx_word' id='word_1_613' title='bbox 1666 1689 1738 1715; x_wconf 85' lang='lat' dir='ltr'><strong>malo</strong></span> 
     </span>
    </p>
   </div>
   <div class='ocr_carea' id='block_1_79' title="bbox 947 1733 1738 1777">
    <p class='ocr_par' dir='ltr' id='par_1_79' title="bbox 947 1733 1738 1777">
     <span class='ocr_line' id='line_1_79' title="bbox 947 1733 1738 1777; baseline -0.018 -7"><span class='ocrx_word' id='word_1_614' title='bbox 947 1747 1040 1770; x_wconf 84' lang='lat' dir='ltr'><strong>autem</strong></span> <span class='ocrx_word' id='word_1_615' title='bbox 1057 1742 1131 1777; x_wconf 65' lang='lat' dir='ltr'><strong>l’gno</strong></span> <span class='ocrx_word' id='word_1_616' title='bbox 1143 1739 1248 1776; x_wconf 81' lang='lat' dir='ltr'><strong>peccati</strong></span> <span class='ocrx_word' id='word_1_617' title='bbox 1266 1740 1374 1774; x_wconf 86' lang='lat' dir='ltr'><strong>(nempe</strong></span> <span class='ocrx_word' id='word_1_618' title='bbox 1388 1733 1569 1772; x_wconf 71' lang='lat' dir='ltr'><strong>cognoscendi</strong></span> <span class='ocrx_word' id='word_1_619' title='bbox 1584 1733 1687 1760; x_wconf 86' lang='lat' dir='ltr'><strong>bonum</strong></span> <span class='ocrx_word' id='word_1_620' title='bbox 1709 1734 1738 1757; x_wconf 77' lang='lat' dir='ltr'><strong>et</strong></span> 
     </span>
    </p>
   </div>
   <div class='ocr_carea' id='block_1_80' title="bbox 949 1778 1735 1823">
    <p class='ocr_par' dir='ltr' id='par_1_80' title="bbox 949 1778 1735 1823">
     <span class='ocr_line' id='line_1_80' title="bbox 949 1778 1735 1823; baseline -0.017 -7"><span class='ocrx_word' id='word_1_621' title='bbox 949 1788 1063 1823; x_wconf 85' lang='lat' dir='ltr'><strong>malum)</strong></span> <span class='ocrx_word' id='word_1_622' title='bbox 1076 1795 1110 1814; x_wconf 89' lang='lat' dir='ltr'><strong>ne</strong></span> <span class='ocrx_word' id='word_1_623' title='bbox 1130 1785 1293 1816; x_wconf 86' lang='lat' dir='ltr'><strong>comedatis,</strong></span> <span class='ocrx_word' id='word_1_624' title='bbox 1308 1792 1342 1811; x_wconf 90' lang='lat' dir='ltr'><strong>ne</strong></span> <span class='ocrx_word' id='word_1_625' title='bbox 1356 1781 1512 1810; x_wconf 87' lang='lat' dir='ltr'><strong>moriamini</strong></span> <span class='ocrx_word' id='word_1_626' title='bbox 1523 1783 1610 1807; x_wconf 87' lang='lat' dir='ltr'><strong>morte</strong></span> <span class='ocrx_word' id='word_1_627' title='bbox 1627 1778 1735 1805; x_wconf 73' lang='lat' dir='ltr'><strong>animae.</strong></span> 
     </span>
    </p>
   </div>
   <div class='ocr_carea' id='block_1_81' title="bbox 949 1823 1739 1868">
    <p class='ocr_par' dir='ltr' id='par_1_81' title="bbox 949 1823 1739 1868">
     <span class='ocr_line' id='line_1_81' title="bbox 949 1823 1739 1868; baseline -0.018 -6"><span class='ocrx_word' id='word_1_628' title='bbox 949 1835 995 1862; x_wconf 86' lang='lat' dir='ltr'><strong>Sic</strong></span> <span class='ocrx_word' id='word_1_629' title='bbox 1011 1839 1053 1862; x_wconf 86' lang='lat' dir='ltr'><strong>est</strong></span> <span class='ocrx_word' id='word_1_630' title='bbox 1071 1833 1218 1868; x_wconf 84' lang='lat' dir='ltr'><strong>legendum</strong></span> <span class='ocrx_word' id='word_1_631' title='bbox 1241 1836 1269 1858; x_wconf 90' lang='lat' dir='ltr'><strong>et</strong></span> <span class='ocrx_word' id='word_1_632' title='bbox 1296 1828 1504 1864; x_wconf 81' lang='lat' dir='ltr'><strong>intelligendum</strong></span> <span class='ocrx_word' id='word_1_633' title='bbox 1522 1826 1555 1852; x_wconf 89' lang='lat' dir='ltr'><strong>de</strong></span> <span class='ocrx_word' id='word_1_634' title='bbox 1571 1825 1614 1852; x_wconf 86' lang='lat' dir='ltr'><strong>his</strong></span> <span class='ocrx_word' id='word_1_635' title='bbox 1629 1823 1739 1850; x_wconf 89' lang='lat' dir='ltr'><strong>duobus</strong></span> 
     </span>
    </p>
   </div>
   <div class='ocr_carea' id='block_1_82' title="bbox 948 1868 1739 1915">
    <p class='ocr_par' dir='ltr' id='par_1_82' title="bbox 948 1868 1739 1915">
     <span class='ocr_line' id='line_1_82' title="bbox 948 1868 1739 1915; baseline -0.016 -8"><span class='ocrx_word' id='word_1_636' title='bbox 948 1879 1041 1915; x_wconf 85' lang='lat' dir='ltr'><strong>lignis.</strong></span> <span class='ocrx_word' id='word_1_637' title='bbox 1054 1879 1106 1912; x_wconf 89' lang='lat' dir='ltr'><strong>Qui</strong></span> <span class='ocrx_word' id='word_1_638' title='bbox 1120 1883 1212 1905; x_wconf 88' lang='lat' dir='ltr'><strong>autem</strong></span> <span class='ocrx_word' id='word_1_639' title='bbox 1228 1876 1302 1904; x_wconf 89' lang='lat' dir='ltr'><strong>omni</strong></span> <span class='ocrx_word' id='word_1_640' title='bbox 1326 1874 1408 1902; x_wconf 89' lang='lat' dir='ltr'><strong>modo</strong></span> <span class='ocrx_word' id='word_1_641' title='bbox 1433 1873 1615 1899; x_wconf 84' lang='lat' dir='ltr'><strong>adversantur</strong></span> <span class='ocrx_word' id='word_1_642' title='bbox 1631 1868 1739 1896; x_wconf 85' lang='lat' dir='ltr'><strong>theolo-</strong></span> 
     </span>
    </p>
   </div>
   <div class='ocr_carea' id='block_1_83' title="bbox 949 1916 1740 1961">
    <p class='ocr_par' dir='ltr' id='par_1_83' title="bbox 949 1916 1740 1961">
     <span class='ocr_line' id='line_1_83' title="bbox 949 1916 1740 1961; baseline -0.018 -8"><span class='ocrx_word' id='word_1_643' title='bbox 949 1926 1018 1961; x_wconf 82' lang='lat' dir='ltr'><strong>gicis</strong></span> <span class='ocrx_word' id='word_1_644' title='bbox 1027 1924 1223 1959; x_wconf 81' lang='lat' dir='ltr'><strong>Gregoriorum</strong></span> <span class='ocrx_word' id='word_1_645' title='bbox 1241 1921 1366 1951; x_wconf 84' lang='lat' dir='ltr'><strong>vocibus,</strong></span> <span class='ocrx_word' id='word_1_646' title='bbox 1378 1924 1406 1946; x_wconf 89' lang='lat' dir='ltr'><strong>et</strong></span> <span class='ocrx_word' id='word_1_647' title='bbox 1421 1919 1480 1945; x_wconf 78' lang='lat' dir='ltr'><strong>haec</strong></span> <span class='ocrx_word' id='word_1_648' title='bbox 1491 1924 1551 1943; x_wconf 83' lang='lat' dir='ltr'><strong>esse</strong></span> <span class='ocrx_word' id='word_1_649' title='bbox 1568 1916 1666 1942; x_wconf 90' lang='lat' dir='ltr'><strong>dicunt</strong></span> <span class='ocrx_word' id='word_1_650' title='bbox 1675 1921 1740 1941; x_wconf 90' lang='lat' dir='ltr'><strong>scn-</strong></span> 
     </span>
    </p>
   </div>
   <div class='ocr_carea' id='block_1_84' title="bbox 950 1958 1738 1999">
    <p class='ocr_par' dir='ltr' id='par_1_84' title="bbox 950 1958 1738 1999">
     <span class='ocr_line' id='line_1_84' title="bbox 950 1958 1738 1999; baseline -0.018 0"><span class='ocrx_word' id='word_1_651' title='bbox 950 1958 1011 1999; x_wconf 73' lang='lat' dir='ltr'><strong>silia</strong></span> <span class='ocrx_word' id='word_1_652' title='bbox 1022 1975 1050 1998; x_wconf 91' lang='lat' dir='ltr'><strong>et</strong></span> <span class='ocrx_word' id='word_1_653' title='bbox 1062 1958 1204 1997; x_wconf 82' lang='lat' dir='ltr'><strong>esculenta</strong></span> <span class='ocrx_word' id='word_1_654' title='bbox 1214 1989 1221 1999; x_wconf 93' lang='lat'><strong>,</strong></span> <span class='ocrx_word' id='word_1_655' title='bbox 1234 1967 1347 1994; x_wconf 88' lang='lat' dir='ltr'><strong>omnino</strong></span> <span class='ocrx_word' id='word_1_656' title='bbox 1363 1963 1520 1992; x_wconf 83' lang='lat' dir='ltr'><strong>necessario</strong></span> <span class='ocrx_word' id='word_1_657' title='bbox 1536 1963 1646 1996; x_wconf 85' lang='lat' dir='ltr'><strong>(rursus</strong></span> <span class='ocrx_word' id='word_1_658' title='bbox 1664 1958 1738 1992; x_wconf 88' lang='lat' dir='ltr'><strong>dico)</strong></span> 
     </span>
    </p>
   </div>
   <div class='ocr_carea' id='block_1_85' title="bbox 950 2003 1735 2045">
    <p class='ocr_par' dir='ltr' id='par_1_85' title="bbox 950 2003 1735 2045">
     <span class='ocr_line' id='line_1_85' title="bbox 950 2003 1735 2045; baseline -0.019 0"><span class='ocrx_word' id='word_1_659' title='bbox 950 2017 1163 2045; x_wconf 89' lang='lat' dir='ltr'><strong>faciuntomnes</strong></span> <span class='ocrx_word' id='word_1_660' title='bbox 1174 2013 1287 2043; x_wconf 85' lang='lat' dir='ltr'><strong>bestias,</strong></span> <span class='ocrx_word' id='word_1_661' title='bbox 1311 2010 1474 2044; x_wconf 87' lang='lat' dir='ltr'><strong>ctrcptilia,</strong></span> <span class='ocrx_word' id='word_1_662' title='bbox 1505 2012 1533 2034; x_wconf 89' lang='lat' dir='ltr'><strong>et</strong></span> <span class='ocrx_word' id='word_1_663' title='bbox 1561 2013 1679 2036; x_wconf 89' lang='lat' dir='ltr'><strong>muscas,</strong></span> <span class='ocrx_word' id='word_1_664' title='bbox 1708 2003 1735 2024; x_wconf 69' lang='grc' dir='ltr'><strong>ει</strong></span> 
     </span>
    </p>
   </div>
   <div class='ocr_carea' id='block_1_86' title="bbox 951 2051 1735 2094">
    <p class='ocr_par' dir='ltr' id='par_1_86' title="bbox 951 2051 1735 2094">
     <span class='ocr_line' id='line_1_86' title="bbox 951 2051 1735 2094; baseline -0.018 -3"><span class='ocrx_word' id='word_1_665' title='bbox 951 2071 1043 2094; x_wconf 79' lang='lat' dir='ltr'><strong>canes,</strong></span> <span class='ocrx_word' id='word_1_666' title='bbox 1059 2067 1086 2089; x_wconf 86' lang='lat' dir='ltr'><strong>et</strong></span> <span class='ocrx_word' id='word_1_667' title='bbox 1099 2069 1194 2089; x_wconf 92' lang='lat' dir='ltr'><strong>omnes</strong></span> <span class='ocrx_word' id='word_1_668' title='bbox 1209 2060 1338 2086; x_wconf 87' lang='lat' dir='ltr'><strong>volucres</strong></span> <span class='ocrx_word' id='word_1_669' title='bbox 1349 2064 1409 2084; x_wconf 88' lang='lat' dir='ltr'><strong>esse</strong></span> <span class='ocrx_word' id='word_1_670' title='bbox 1421 2054 1569 2090; x_wconf 81' lang='lat' dir='ltr'><strong>participes</strong></span> <span class='ocrx_word' id='word_1_671' title='bbox 1582 2052 1647 2087; x_wconf 83' lang='lat' dir='ltr'><strong>ligni</strong></span> <span class='ocrx_word' id='word_1_672' title='bbox 1664 2051 1735 2083; x_wconf 65' lang='lat' dir='ltr'><strong>vitm,</strong></span> 
     </span>
    </p>
   </div>
   <div class='ocr_carea' id='block_1_87' title="bbox 937 2098 1739 2143">
    <p class='ocr_par' dir='ltr' id='par_1_87' title="bbox 937 2098 1739 2143">
     <span class='ocr_line' id='line_1_87' title="bbox 937 2098 1739 2143; baseline -0.017 -6"><span class='ocrx_word' id='word_1_673' title='bbox 937 2113 982 2136; x_wconf 82' lang='lat' dir='ltr'><strong>.ut</strong></span> <span class='ocrx_word' id='word_1_674' title='bbox 1000 2108 1150 2143; x_wconf 70' lang='lat' dir='ltr'><strong>quaajussa:</strong></span> <span class='ocrx_word' id='word_1_675' title='bbox 1165 2107 1220 2133; x_wconf 86' lang='lat' dir='ltr'><strong>sint</strong></span> <span class='ocrx_word' id='word_1_676' title='bbox 1234 2105 1261 2132; x_wconf 89' lang='lat' dir='ltr'><strong>in</strong></span> <span class='ocrx_word' id='word_1_677' title='bbox 1279 2103 1365 2139; x_wconf 63' lang='lat' dir='ltr'><strong>priori</strong></span> <span class='ocrx_word' id='word_1_678' title='bbox 1383 2102 1445 2129; x_wconf 91' lang='lat' dir='ltr'><strong>cibo</strong></span> <span class='ocrx_word' id='word_1_679' title='bbox 1471 2100 1552 2127; x_wconf 86' lang='lat' dir='ltr'><strong>simul</strong></span> <span class='ocrx_word' id='word_1_680' title='bbox 1577 2098 1651 2125; x_wconf 81' lang='lat' dir='ltr'><strong>vesci</strong></span> <span class='ocrx_word' id='word_1_681' title='bbox 1676 2105 1739 2124; x_wconf 91' lang='lat' dir='ltr'><strong>cum</strong></span> 
     </span>
    </p>
   </div>
   <div class='ocr_carea' id='block_1_88' title="bbox 951 2146 1737 2185">
    <p class='ocr_par' dir='ltr' id='par_1_88' title="bbox 951 2146 1737 2185">
     <span class='ocr_line' id='line_1_88' title="bbox 951 2146 1737 2185; baseline -0.018 -3"><span class='ocrx_word' id='word_1_682' title='bbox 951 2154 1062 2182; x_wconf 88' lang='lat' dir='ltr'><strong>homine</strong></span> <span class='ocrx_word' id='word_1_683' title='bbox 1074 2161 1108 2180; x_wconf 78' lang='lat' dir='ltr'><strong>ex</strong></span> <span class='ocrx_word' id='word_1_684' title='bbox 1116 2151 1190 2179; x_wconf 92' lang='lat' dir='ltr'><strong>omni</strong></span> <span class='ocrx_word' id='word_1_685' title='bbox 1202 2151 1275 2185; x_wconf 84' lang='lat' dir='ltr'><strong>ligno</strong></span> <span class='ocrx_word' id='word_1_686' title='bbox 1283 2153 1310 2176; x_wconf 91' lang='lat' dir='ltr'><strong>et</strong></span> <span class='ocrx_word' id='word_1_687' title='bbox 1319 2149 1411 2175; x_wconf 88' lang='lat' dir='ltr'><strong>fructu</strong></span> <span class='ocrx_word' id='word_1_688' title='bbox 1419 2146 1466 2181; x_wconf 89' lang='lat' dir='ltr'><strong>qui</strong></span> <span class='ocrx_word' id='word_1_689' title='bbox 1477 2149 1520 2172; x_wconf 86' lang='lat' dir='ltr'><strong>est</strong></span> <span class='ocrx_word' id='word_1_690' title='bbox 1530 2152 1613 2179; x_wconf 87' lang='lat' dir='ltr'><strong>super</strong></span> <span class='ocrx_word' id='word_1_691' title='bbox 1625 2148 1737 2170; x_wconf 85' lang='lat' dir='ltr'><strong>terram.</strong></span> 
     </span>
    </p>
   </div>
   <div class='ocr_carea' id='block_1_89' title="bbox 952 2189 1742 2230">
    <p class='ocr_par' dir='ltr' id='par_1_89' title="bbox 952 2189 1742 2230">
     <span class='ocr_line' id='line_1_89' title="bbox 952 2189 1742 2230; baseline -0.016 -2"><span class='ocrx_word' id='word_1_692' title='bbox 952 2201 1005 2228; x_wconf 91' lang='lat' dir='ltr'><strong>Sed</strong></span> <span class='ocrx_word' id='word_1_693' title='bbox 1017 2208 1072 2227; x_wconf 91' lang='lat' dir='ltr'><strong>non</strong></span> <span class='ocrx_word' id='word_1_694' title='bbox 1089 2203 1141 2230; x_wconf 80' lang='lat' dir='ltr'><strong>est,</strong></span> <span class='ocrx_word' id='word_1_695' title='bbox 1157 2205 1212 2225; x_wconf 91' lang='lat' dir='ltr'><strong>non</strong></span> <span class='ocrx_word' id='word_1_696' title='bbox 1236 2200 1278 2222; x_wconf 87' lang='lat' dir='ltr'><strong>est</strong></span> <span class='ocrx_word' id='word_1_697' title='bbox 1305 2194 1353 2221; x_wconf 77' lang='lat' dir='ltr'><strong>ila&#39;.</strong></span> <span class='ocrx_word' id='word_1_698' title='bbox 1380 2193 1446 2219; x_wconf 81' lang='lat' dir='ltr'><strong>Vide</strong></span> <span class='ocrx_word' id='word_1_699' title='bbox 1467 2192 1540 2219; x_wconf 90' lang='lat' dir='ltr'><strong>enim</strong></span> <span class='ocrx_word' id='word_1_700' title='bbox 1557 2189 1630 2225; x_wconf 84' lang='lat' dir='ltr'><strong>quod</strong></span> <span class='ocrx_word' id='word_1_701' title='bbox 1655 2190 1682 2216; x_wconf 90' lang='lat' dir='ltr'><strong>in</strong></span> <span class='ocrx_word' id='word_1_702' title='bbox 1698 2189 1742 2216; x_wconf 92' lang='lat' dir='ltr'><strong>his</strong></span> 
     </span>
    </p>
   </div>
   <div class='ocr_carea' id='block_1_90' title="bbox 952 2235 1742 2279">
    <p class='ocr_par' dir='ltr' id='par_1_90' title="bbox 952 2235 1742 2279">
     <span class='ocr_line' id='line_1_90' title="bbox 952 2235 1742 2279; baseline -0.016 -5"><span class='ocrx_word' id='word_1_703' title='bbox 952 2245 1060 2273; x_wconf 91' lang='lat' dir='ltr'><strong>duobus</strong></span> <span class='ocrx_word' id='word_1_704' title='bbox 1075 2244 1199 2279; x_wconf 80' lang='lat' dir='ltr'><strong>(Adamo,</strong></span> <span class='ocrx_word' id='word_1_705' title='bbox 1211 2242 1332 2275; x_wconf 85' lang='lat' dir='ltr'><strong>inquam.</strong></span> <span class='ocrx_word' id='word_1_706' title='bbox 1344 2243 1371 2265; x_wconf 86' lang='lat' dir='ltr'><strong>et</strong></span> <span class='ocrx_word' id='word_1_707' title='bbox 1387 2238 1451 2271; x_wconf 84' lang='lat' dir='ltr'><strong>Eva)</strong></span> <span class='ocrx_word' id='word_1_708' title='bbox 1468 2237 1560 2272; x_wconf 89' lang='lat' dir='ltr'><strong>posuit</strong></span> <span class='ocrx_word' id='word_1_709' title='bbox 1572 2235 1742 2270; x_wconf 79' lang='lat' dir='ltr'><strong>:enigmaticc</strong></span> 
     </span>
    </p>
   </div>
   <div class='ocr_carea' id='block_1_91' title="bbox 107 2281 1742 2328">
    <p class='ocr_par' dir='ltr' id='par_1_91' title="bbox 107 2281 1742 2328">
     <span class='ocr_line' id='line_1_91' title="bbox 107 2281 1742 2328; baseline -0.009 -7"><span class='ocrx_word' id='word_1_710' title='bbox 107 2299 163 2322; x_wconf 89' lang='lat' dir='ltr'><strong>lem</strong></span> <span class='ocrx_word' id='word_1_711' title='bbox 180 2298 208 2322; x_wconf 90' lang='lat' dir='ltr'><strong>et</strong></span> <span class='ocrx_word' id='word_1_712' title='bbox 223 2294 343 2321; x_wconf 78' lang='lat' dir='ltr'><strong>diversis</strong></span> <span class='ocrx_word' id='word_1_713' title='bbox 357 2294 426 2320; x_wconf 84' lang='lat' dir='ltr'><strong>locis</strong></span> <span class='ocrx_word' id='word_1_714' title='bbox 436 2293 586 2328; x_wconf 74' lang='lat' dir='ltr'><strong>Scripturze</strong></span> <span class='ocrx_word' id='word_1_715' title='bbox 601 2293 736 2324; x_wconf 85' lang='lat' dir='ltr'><strong>invenies,</strong></span> <span class='ocrx_word' id='word_1_716' title='bbox 751 2301 766 2320; x_wconf 85' lang='lat' dir='ltr'><strong>a</strong></span> <span class='ocrx_word' id='word_1_717' title='bbox 782 2293 838 2320; x_wconf 87' lang='lat' dir='ltr'><strong>Deo</strong></span> <span class='ocrx_word' id='word_1_718' title='bbox 853 2293 901 2320; x_wconf 90' lang='lat' dir='ltr'><strong>de-</strong></span> <span class='ocrx_word' id='word_1_719' title='bbox 916 2297 938 2324; x_wconf 80' lang='grc' dir='ltr'>ι)</span> <span class='ocrx_word' id='word_1_720' title='bbox 953 2291 1098 2327; x_wconf 88' lang='lat' dir='ltr'><strong>quamdam</strong></span> <span class='ocrx_word' id='word_1_721' title='bbox 1113 2289 1167 2316; x_wconf 91' lang='lat' dir='ltr'><strong>cibi</strong></span> <span class='ocrx_word' id='word_1_722' title='bbox 1182 2286 1367 2314; x_wconf 72' lang='lat' dir='ltr'><strong>didm-entiam</strong></span> <span class='ocrx_word' id='word_1_723' title='bbox 1379 2291 1441 2311; x_wconf 82' lang='lat' dir='ltr'><strong>cum</strong></span> <span class='ocrx_word' id='word_1_724' title='bbox 1454 2282 1664 2318; x_wconf 78' lang='lat' dir='ltr'><strong>participatione</strong></span> <span class='ocrx_word' id='word_1_725' title='bbox 1678 2281 1742 2315; x_wconf 87' lang='lat' dir='ltr'><strong>qui-</strong></span> 
     </span>
    </p>
   </div>
   <div class='ocr_carea' id='block_1_92' title="bbox 106 2337 900 2375">
    <p class='ocr_par' dir='ltr' id='par_1_92' title="bbox 106 2337 900 2375">
     <span class='ocr_line' id='line_1_92' title="bbox 106 2337 900 2375; baseline -0.005 -7"><span class='ocrx_word' id='word_1_726' title='bbox 106 2341 257 2375; x_wconf 80' lang='lat' dir='ltr'><strong>iectionem</strong></span> <span class='ocrx_word' id='word_1_727' title='bbox 275 2339 407 2373; x_wconf 85' lang='lat' dir='ltr'><strong>appellari</strong></span> <span class='ocrx_word' id='word_1_728' title='bbox 433 2338 554 2365; x_wconf 89' lang='lat' dir='ltr'><strong>fructum</strong></span> <span class='ocrx_word' id='word_1_729' title='bbox 568 2338 646 2372; x_wconf 75' lang='lat' dir='ltr'><strong>ligni.</strong></span> <span class='ocrx_word' id='word_1_730' title='bbox 662 2337 847 2370; x_wconf 87' lang='lat' dir='ltr'><strong>Quamobrem</strong></span> <span class='ocrx_word' id='word_1_731' title='bbox 871 2337 900 2364; x_wconf 89' lang='lat' dir='ltr'><strong>in</strong></span> 
     </span>
    </p>
   </div>
   <div class='ocr_carea' id='block_1_93' title="bbox 107 2384 900 2422">
    <p class='ocr_par' dir='ltr' id='par_1_93' title="bbox 107 2384 900 2422">
     <span class='ocr_line' id='line_1_93' title="bbox 107 2384 900 2422; baseline -0.003 -9"><span class='ocrx_word' id='word_1_732' title='bbox 107 2386 240 2422; x_wconf 85' lang='lat' dir='ltr'><strong>parabola</strong></span> <span class='ocrx_word' id='word_1_733' title='bbox 256 2393 366 2419; x_wconf 86' lang='lat' dir='ltr'><strong>quoque</strong></span> <span class='ocrx_word' id='word_1_734' title='bbox 380 2385 499 2420; x_wconf 77' lang='lat' dir='ltr'><strong>prodigi,</strong></span> <span class='ocrx_word' id='word_1_735' title='bbox 513 2384 561 2418; x_wconf 89' lang='lat' dir='ltr'><strong>qui</strong></span> <span class='ocrx_word' id='word_1_736' title='bbox 576 2389 617 2411; x_wconf 89' lang='lat' dir='ltr'><strong>est</strong></span> <span class='ocrx_word' id='word_1_737' title='bbox 630 2384 749 2418; x_wconf 91' lang='lat' dir='ltr'><strong>populus</strong></span> <span class='ocrx_word' id='word_1_738' title='bbox 763 2392 796 2411; x_wconf 83' lang='lat' dir='ltr'><strong>ex</strong></span> <span class='ocrx_word' id='word_1_739' title='bbox 811 2384 900 2419; x_wconf 77' lang='lat' dir='ltr'><strong>genti-</strong></span> 
     </span>
    </p>
   </div>
   <div class='ocr_carea' id='block_1_94' title="bbox 108 2430 900 2467">
    <p class='ocr_par' dir='ltr' id='par_1_94' title="bbox 108 2430 900 2467">
     <span class='ocr_line' id='line_1_94' title="bbox 108 2430 900 2467; baseline -0.004 -7"><span class='ocrx_word' id='word_1_740' title='bbox 108 2433 171 2464; x_wconf 86' lang='lat' dir='ltr'><strong>bus,</strong></span> <span class='ocrx_word' id='word_1_741' title='bbox 191 2433 239 2467; x_wconf 88' lang='lat' dir='ltr'><strong>qui</strong></span> <span class='ocrx_word' id='word_1_742' title='bbox 258 2432 356 2466; x_wconf 85' lang='lat' dir='ltr'><strong>procul</strong></span> <span class='ocrx_word' id='word_1_743' title='bbox 375 2439 391 2458; x_wconf 88' lang='lat' dir='ltr'><strong>a</strong></span> <span class='ocrx_word' id='word_1_744' title='bbox 419 2431 476 2458; x_wconf 87' lang='lat' dir='ltr'><strong>Deo</strong></span> <span class='ocrx_word' id='word_1_745' title='bbox 501 2431 625 2462; x_wconf 84' lang='lat' dir='ltr'><strong>recessit,</strong></span> <span class='ocrx_word' id='word_1_746' title='bbox 650 2431 803 2458; x_wconf 89' lang='lat' dir='ltr'><strong>nominavit</strong></span> <span class='ocrx_word' id='word_1_747' title='bbox 827 2430 900 2457; x_wconf 89' lang='lat' dir='ltr'><strong>Deus</strong></span> 
     </span>
    </p>
   </div>
   <div class='ocr_carea' id='block_1_95' title="bbox 109 2475 899 2512">
    <p class='ocr_par' dir='ltr' id='par_1_95' title="bbox 109 2475 899 2512">
     <span class='ocr_line' id='line_1_95' title="bbox 109 2475 899 2512; baseline -0.004 -6"><span class='ocrx_word' id='word_1_748' title='bbox 109 2482 254 2512; x_wconf 84' lang='lat' dir='ltr'><strong>peccatum</strong></span> <span class='ocrx_word' id='word_1_749' title='bbox 270 2477 394 2511; x_wconf 88' lang='lat' dir='ltr'><strong>siliquas,</strong></span> <span class='ocrx_word' id='word_1_750' title='bbox 404 2477 452 2511; x_wconf 92' lang='lat' dir='ltr'><strong>qui</strong></span> <span class='ocrx_word' id='word_1_751' title='bbox 465 2475 577 2510; x_wconf 87' lang='lat' dir='ltr'><strong>quidem</strong></span> <span class='ocrx_word' id='word_1_752' title='bbox 591 2481 634 2504; x_wconf 84' lang='lat' dir='ltr'><strong>est</strong></span> <span class='ocrx_word' id='word_1_753' title='bbox 643 2476 723 2503; x_wconf 89' lang='lat' dir='ltr'><strong>cibus</strong></span> <span class='ocrx_word' id='word_1_754' title='bbox 740 2483 899 2510; x_wconf 76' lang='lat' dir='ltr'><strong>parcorum.</strong></span> 
     </span>
    </p>
   </div>
   <div class='ocr_carea' id='block_1_96' title="bbox 109 2520 901 2557">
    <p class='ocr_par' dir='ltr' id='par_1_96' title="bbox 109 2520 901 2557">
     <span class='ocr_line' id='line_1_96' title="bbox 109 2520 901 2557; baseline -0.005 -7"><span class='ocrx_word' id='word_1_755' title='bbox 109 2530 209 2557; x_wconf 88' lang='lat' dir='ltr'><strong>nempe</strong></span> <span class='ocrx_word' id='word_1_756' title='bbox 227 2521 434 2548; x_wconf 88' lang='lat' dir='ltr'><strong>immundorum</strong></span> <span class='ocrx_word' id='word_1_757' title='bbox 451 2520 617 2547; x_wconf 73' lang='lat' dir='ltr'><strong>daemonum.</strong></span> <span class='ocrx_word' id='word_1_758' title='bbox 636 2520 722 2553; x_wconf 85' lang='lat' dir='ltr'><strong>Quem</strong></span> <span class='ocrx_word' id='word_1_759' title='bbox 736 2520 846 2555; x_wconf 89' lang='lat' dir='ltr'><strong>quidem</strong></span> <span class='ocrx_word' id='word_1_760' title='bbox 863 2521 901 2547; x_wconf 88' lang='lat' dir='ltr'><strong>ci-</strong></span> 
     </span>
    </p>
   </div>
   <div class='ocr_carea' id='block_1_97' title="bbox 110 2565 901 2601">
    <p class='ocr_par' dir='ltr' id='par_1_97' title="bbox 110 2565 901 2601">
     <span class='ocr_line' id='line_1_97' title="bbox 110 2565 901 2601; baseline -0.003 -7"><span class='ocrx_word' id='word_1_761' title='bbox 110 2568 175 2595; x_wconf 82' lang='lat' dir='ltr'><strong>bum</strong></span> <span class='ocrx_word' id='word_1_762' title='bbox 192 2566 342 2601; x_wconf 80' lang='lat' dir='ltr'><strong>aliquando</strong></span> <span class='ocrx_word' id='word_1_763' title='bbox 361 2565 510 2593; x_wconf 86' lang='lat' dir='ltr'><strong>comedens</strong></span> <span class='ocrx_word' id='word_1_764' title='bbox 533 2565 651 2600; x_wconf 89' lang='lat' dir='ltr'><strong>populus</strong></span> <span class='ocrx_word' id='word_1_765' title='bbox 666 2565 809 2600; x_wconf 87' lang='lat' dir='ltr'><strong>prodigus,</strong></span> <span class='ocrx_word' id='word_1_766' title='bbox 826 2565 901 2592; x_wconf 85' lang='lat' dir='ltr'><strong>desi-</strong></span> 
     </span>
    </p>
   </div>
   <div class='ocr_carea' id='block_1_98' title="bbox 110 2612 901 2645">
    <p class='ocr_par' dir='ltr' id='par_1_98' title="bbox 110 2612 901 2645">
     <span class='ocr_line' id='line_1_98' title="bbox 110 2612 901 2645; baseline -0.001 -5"><span class='ocrx_word' id='word_1_767' title='bbox 110 2614 226 2641; x_wconf 84' lang='lat' dir='ltr'><strong>derabat</strong></span> <span class='ocrx_word' id='word_1_768' title='bbox 245 2612 379 2643; x_wconf 86' lang='lat' dir='ltr'><strong>saturari,</strong></span> <span class='ocrx_word' id='word_1_769' title='bbox 392 2612 445 2639; x_wconf 93' lang='lat' dir='ltr'><strong>hoc</strong></span> <span class='ocrx_word' id='word_1_770' title='bbox 458 2616 511 2642; x_wconf 86' lang='lat' dir='ltr'><strong>est,</strong></span> <span class='ocrx_word' id='word_1_771' title='bbox 527 2619 644 2639; x_wconf 84' lang='lat' dir='ltr'><strong>cessare.</strong></span> <span class='ocrx_word' id='word_1_772' title='bbox 660 2612 727 2638; x_wconf 85' lang='lat' dir='ltr'><strong>Nam</strong></span> <span class='ocrx_word' id='word_1_773' title='bbox 748 2612 796 2645; x_wconf 93' lang='lat' dir='ltr'><strong>qui</strong></span> <span class='ocrx_word' id='word_1_774' title='bbox 816 2612 901 2639; x_wconf 86' lang='lat' dir='ltr'><strong>satia-</strong></span> 
     </span>
    </p>
   </div>
   <div class='ocr_carea' id='block_1_99' title="bbox 112 2657 901 2692">
    <p class='ocr_par' dir='ltr' id='par_1_99' title="bbox 112 2657 901 2692">
     <span class='ocr_line' id='line_1_99' title="bbox 112 2657 901 2692; baseline -0.003 -6"><span class='ocrx_word' id='word_1_775' title='bbox 112 2665 166 2692; x_wconf 85' lang='lat' dir='ltr'><strong>tur,</strong></span> <span class='ocrx_word' id='word_1_776' title='bbox 194 2658 295 2686; x_wconf 75' lang='lat' dir='ltr'><strong>exinde</strong></span> <span class='ocrx_word' id='word_1_777' title='bbox 326 2658 434 2685; x_wconf 86' lang='lat' dir='ltr'><strong>desistit</strong></span> <span class='ocrx_word' id='word_1_778' title='bbox 463 2658 619 2686; x_wconf 86' lang='lat' dir='ltr'><strong>comedere.</strong></span> <span class='ocrx_word' id='word_1_779' title='bbox 645 2657 678 2684; x_wconf 87' lang='lat' dir='ltr'><strong>Et</strong></span> <span class='ocrx_word' id='word_1_780' title='bbox 699 2666 774 2684; x_wconf 84' lang='lat' dir='ltr'><strong>nemo</strong></span> <span class='ocrx_word' id='word_1_781' title='bbox 787 2657 867 2684; x_wconf 82' lang='lat' dir='ltr'><strong>dabat</strong></span> <span class='ocrx_word' id='word_1_782' title='bbox 880 2658 901 2673; x_wconf 77' lang='grc'><strong>’⁵</strong></span> 
     </span>
    </p>
   </div>
   <div class='ocr_carea' id='block_1_100' title="bbox 112 2703 905 2738">
    <p class='ocr_par' dir='ltr' id='par_1_100' title="bbox 112 2703 905 2738">
     <span class='ocr_line' id='line_1_100' title="bbox 112 2703 905 2738; baseline -0.004 -6"><span class='ocrx_word' id='word_1_783' title='bbox 112 2705 191 2736; x_wconf 91' lang='lat' dir='ltr'><strong>mihi,</strong></span> <span class='ocrx_word' id='word_1_784' title='bbox 206 2705 295 2732; x_wconf 86' lang='lat' dir='ltr'><strong>donec</strong></span> <span class='ocrx_word' id='word_1_785' title='bbox 313 2704 421 2737; x_wconf 80' lang='lat' dir='ltr'><strong>veniret</strong></span> <span class='ocrx_word' id='word_1_786' title='bbox 444 2703 525 2730; x_wconf 84' lang='lat' dir='ltr'><strong>Panis</strong></span> <span class='ocrx_word' id='word_1_787' title='bbox 538 2703 659 2730; x_wconf 66' lang='lat' dir='ltr'><strong>caelestis</strong></span> <span class='ocrx_word' id='word_1_788' title='bbox 674 2703 720 2738; x_wconf 88' lang='lat' dir='ltr'><strong>qui</strong></span> <span class='ocrx_word' id='word_1_789' title='bbox 733 2710 776 2730; x_wconf 88' lang='lat' dir='ltr'><strong>me</strong></span> <span class='ocrx_word' id='word_1_790' title='bbox 788 2703 905 2730; x_wconf 86' lang='lat' dir='ltr'><strong>abduxit</strong></span> 
     </span>
    </p>
   </div>
   <div class='ocr_carea' id='block_1_101' title="bbox 112 2749 903 2786">
    <p class='ocr_par' dir='ltr' id='par_1_101' title="bbox 112 2749 903 2786">
     <span class='ocr_line' id='line_1_101' title="bbox 112 2749 903 2786; baseline -0.003 -8"><span class='ocrx_word' id='word_1_791' title='bbox 112 2759 126 2778; x_wconf 91' lang='lat' dir='ltr'><strong>a</strong></span> <span class='ocrx_word' id='word_1_792' title='bbox 140 2752 216 2786; x_wconf 84' lang='lat' dir='ltr'><strong>ligno</strong></span> <span class='ocrx_word' id='word_1_793' title='bbox 242 2751 419 2785; x_wconf 80' lang='lat' dir='ltr'><strong>siliquarum.</strong></span> <span class='ocrx_word' id='word_1_794' title='bbox 440 2751 528 2778; x_wconf 80' lang='lat' dir='ltr'><strong>Porro</strong></span> <span class='ocrx_word' id='word_1_795' title='bbox 541 2753 634 2776; x_wconf 89' lang='lat' dir='ltr'><strong>autem</strong></span> <span class='ocrx_word' id='word_1_796' title='bbox 650 2750 737 2776; x_wconf 79' lang='lat' dir='ltr'><strong>Moses</strong></span> <span class='ocrx_word' id='word_1_797' title='bbox 752 2757 862 2784; x_wconf 89' lang='lat' dir='ltr'><strong>quoque</strong></span> <span class='ocrx_word' id='word_1_798' title='bbox 876 2749 903 2776; x_wconf 90' lang='lat' dir='ltr'><strong>in</strong></span> 
     </span>
    </p>
   </div>
   <div class='ocr_carea' id='block_1_102' title="bbox 112 2796 903 2827">
    <p class='ocr_par' dir='ltr' id='par_1_102' title="bbox 112 2796 903 2827">
     <span class='ocr_line' id='line_1_102' title="bbox 112 2796 903 2827; baseline -0.003 -3"><span class='ocrx_word' id='word_1_799' title='bbox 112 2797 237 2824; x_wconf 76' lang='lat' dir='ltr'><strong>secundo</strong></span> <span class='ocrx_word' id='word_1_800' title='bbox 246 2797 366 2827; x_wconf 88' lang='lat' dir='ltr'><strong>cantico,</strong></span> <span class='ocrx_word' id='word_1_801' title='bbox 375 2796 532 2824; x_wconf 71' lang='lat' dir='ltr'><strong>Judmorum</strong></span> <span class='ocrx_word' id='word_1_802' title='bbox 544 2801 639 2823; x_wconf 80' lang='lat' dir='ltr'><strong>taxans</strong></span> <span class='ocrx_word' id='word_1_803' title='bbox 646 2796 903 2826; x_wconf 87' lang='lat' dir='ltr'><strong>idololatriam.eam</strong></span> 
     </span>
    </p>
   </div>
   <div class='ocr_carea' id='block_1_103' title="bbox 113 2841 903 2877">
    <p class='ocr_par' dir='ltr' id='par_1_103' title="bbox 113 2841 903 2877">
     <span class='ocr_line' id='line_1_103' title="bbox 113 2841 903 2877; baseline -0.001 -9"><span class='ocrx_word' id='word_1_804' title='bbox 113 2843 234 2877; x_wconf 84' lang='lat' dir='ltr'><strong>appellat</strong></span> <span class='ocrx_word' id='word_1_805' title='bbox 248 2842 367 2876; x_wconf 82' lang='lat' dir='ltr'><strong>plantam</strong></span> <span class='ocrx_word' id='word_1_806' title='bbox 388 2850 471 2869; x_wconf 81' lang='lat' dir='ltr'><strong>:nam</strong></span> <span class='ocrx_word' id='word_1_807' title='bbox 489 2849 522 2868; x_wconf 72' lang='lat' dir='ltr'><strong>ex</strong></span> <span class='ocrx_word' id='word_1_808' title='bbox 544 2843 619 2869; x_wconf 79' lang='lat' dir='ltr'><strong>vinea</strong></span> <span class='ocrx_word' id='word_1_809' title='bbox 628 2841 804 2869; x_wconf 87' lang='lat' dir='ltr'><strong>Sodomorum</strong></span> <span class='ocrx_word' id='word_1_810' title='bbox 829 2842 903 2868; x_wconf 85' lang='lat' dir='ltr'><strong>vinea</strong></span> 
     </span>
    </p>
   </div>
   <div class='ocr_carea' id='block_1_104' title="bbox 149 2899 367 2928">
    <p class='ocr_par' dir='ltr' id='par_1_104' title="bbox 149 2899 367 2928">
     <span class='ocr_line' id='line_1_104' title="bbox 149 2899 367 2928; baseline 0.005 -3"><span class='ocrx_word' id='word_1_811' title='bbox 149 2899 172 2913; x_wconf 72' lang='lat'><strong>&quot;</strong></span> <span class='ocrx_word' id='word_1_812' title='bbox 187 2899 239 2925; x_wconf 85' lang='lat' dir='ltr'><strong>lsa.</strong></span> <span class='ocrx_word' id='word_1_813' title='bbox 258 2906 311 2928; x_wconf 66' lang='grc' dir='ltr'><strong>κη’,</strong></span> <span class='ocrx_word' id='word_1_814' title='bbox 325 2899 367 2926; x_wconf 70' lang='grc' dir='ltr'>Μ.</span> 
     </span>
    </p>
   </div>
   <div class='ocr_carea' id='block_1_105' title="bbox 115 2899 636 2941">
    <p class='ocr_par' dir='ltr' id='par_1_105' title="bbox 115 2899 636 2941">
     <span class='ocr_line' id='line_1_105' title="bbox 115 2899 636 2941; baseline 0 -16"><span class='ocrx_word' id='word_1_815' title='bbox 115 2899 239 2941; x_wconf 49' lang='lat' dir='ltr'><strong>2°:‘llsa.</strong></span> <span class='ocrx_word' id='word_1_816' title='bbox 258 2899 367 2941; x_wconf 39' lang='lat' dir='ltr'><strong>xtvzli‘i.</strong></span> <span class='ocrx_word' id='word_1_817' title='bbox 405 2900 427 2916; x_wconf 80' lang='grc'><strong>’³</strong></span> <span class='ocrx_word' id='word_1_818' title='bbox 446 2899 513 2926; x_wconf 86' lang='lat' dir='ltr'><strong>Luc.</strong></span> <span class='ocrx_word' id='word_1_819' title='bbox 532 2907 572 2934; x_wconf 83' lang='lat' dir='ltr'><strong>xv,</strong></span> <span class='ocrx_word' id='word_1_820' title='bbox 594 2899 636 2926; x_wconf 81' lang='lat' dir='ltr'><strong>lli.</strong></span> 
     </span>
    </p>
   </div>
   <div class='ocr_carea' id='block_1_106' title="bbox 114 2933 343 2967">
    <p class='ocr_par' dir='ltr' id='par_1_106' title="bbox 114 2933 343 2967">
     <span class='ocr_line' id='line_1_106' title="bbox 114 2933 343 2967; baseline -0.004 -6"><span class='ocrx_word' id='word_1_821' title='bbox 114 2933 159 2961; x_wconf 67' lang='lat'><strong>&quot;&#39;1</strong></span> <span class='ocrx_word' id='word_1_822' title='bbox 172 2933 238 2961; x_wconf 78' lang='lat' dir='ltr'><strong>Cor.</strong></span> <span class='ocrx_word' id='word_1_823' title='bbox 256 2942 283 2967; x_wconf 82' lang='lat' dir='ltr'><strong>ll,</strong></span> <span class='ocrx_word' id='word_1_824' title='bbox 304 2934 343 2961; x_wconf 85' lang='lat' dir='ltr'><strong>l0.</strong></span> 
     </span>
    </p>
   </div>
   <div class='ocr_carea' id='block_1_107' title="bbox 676 2897 971 2930">
    <p class='ocr_par' dir='ltr' id='par_1_107' title="bbox 676 2897 971 2930">
     <span class='ocr_line' id='line_1_107' title="bbox 676 2897 971 2930; baseline -0.01 -3"><span class='ocrx_word' id='word_1_825' title='bbox 676 2901 698 2916; x_wconf 76' lang='grc'><strong>³⁸</strong></span> <span class='ocrx_word' id='word_1_826' title='bbox 722 2900 801 2927; x_wconf 86' lang='lat' dir='ltr'><strong>Deut.</strong></span> <span class='ocrx_word' id='word_1_827' title='bbox 829 2907 909 2930; x_wconf 71' lang='lat' dir='ltr'><strong>xxx&quot;,</strong></span> <span class='ocrx_word' id='word_1_828' title='bbox 927 2897 971 2924; x_wconf 71' lang='lat'><strong>52.</strong></span> 
     </span>
    </p>
   </div>
   <div class='ocr_carea' id='block_1_108' title="bbox 951 2329 1744 2367">
    <p class='ocr_par' dir='ltr' id='par_1_108' title="bbox 951 2329 1744 2367">
     <span class='ocr_line' id='line_1_108' title="bbox 951 2329 1744 2367; baseline -0.016 0"><span class='ocrx_word' id='word_1_829' title='bbox 951 2339 1013 2366; x_wconf 88' lang='lat' dir='ltr'><strong>dem</strong></span> <span class='ocrx_word' id='word_1_830' title='bbox 1039 2337 1171 2365; x_wconf 89' lang='lat' dir='ltr'><strong>omnium.</strong></span> <span class='ocrx_word' id='word_1_831' title='bbox 1191 2335 1243 2361; x_wconf 89' lang='lat' dir='ltr'><strong>hoc</strong></span> <span class='ocrx_word' id='word_1_832' title='bbox 1256 2338 1298 2360; x_wconf 86' lang='lat' dir='ltr'><strong>est</strong></span> <span class='ocrx_word' id='word_1_833' title='bbox 1318 2332 1504 2367; x_wconf 78' lang='lat' dir='ltr'><strong>cognitionem</strong></span> <span class='ocrx_word' id='word_1_834' title='bbox 1533 2329 1686 2357; x_wconf 69' lang='lat' dir='ltr'><strong>caelestium</strong></span> <span class='ocrx_word' id='word_1_835' title='bbox 1715 2333 1744 2355; x_wconf 89' lang='lat' dir='ltr'><strong>et</strong></span> 
     </span>
    </p>
   </div>
   <div class='ocr_carea' id='block_1_109' title="bbox 952 2373 1741 2412">
    <p class='ocr_par' dir='ltr' id='par_1_109' title="bbox 952 2373 1741 2412">
     <span class='ocr_line' id='line_1_109' title="bbox 952 2373 1741 2412; baseline -0.016 0"><span class='ocrx_word' id='word_1_836' title='bbox 952 2383 1125 2412; x_wconf 89' lang='lat' dir='ltr'><strong>terrestrium</strong></span> <span class='ocrx_word' id='word_1_837' title='bbox 1139 2385 1168 2408; x_wconf 91' lang='lat' dir='ltr'><strong>et</strong></span> <span class='ocrx_word' id='word_1_838' title='bbox 1180 2379 1425 2407; x_wconf 73' lang='lat' dir='ltr'><strong>suliterraneorum</strong></span> <span class='ocrx_word' id='word_1_839' title='bbox 1439 2377 1488 2403; x_wconf 87' lang='lat' dir='ltr'><strong>soli</strong></span> <span class='ocrx_word' id='word_1_840' title='bbox 1500 2375 1605 2402; x_wconf 87' lang='lat' dir='ltr'><strong>homini</strong></span> <span class='ocrx_word' id='word_1_841' title='bbox 1621 2373 1741 2404; x_wconf 81' lang='lat' dir='ltr'><strong>dederit,</strong></span> 
     </span>
    </p>
   </div>
   <div class='ocr_carea' id='block_1_110' title="bbox 951 2418 1742 2462">
    <p class='ocr_par' dir='ltr' id='par_1_110' title="bbox 951 2418 1742 2462">
     <span class='ocr_line' id='line_1_110' title="bbox 951 2418 1742 2462; baseline -0.014 -7"><span class='ocrx_word' id='word_1_842' title='bbox 951 2428 999 2462; x_wconf 86' lang='lat' dir='ltr'><strong>qui</strong></span> <span class='ocrx_word' id='word_1_843' title='bbox 1016 2431 1057 2455; x_wconf 86' lang='lat' dir='ltr'><strong>est</strong></span> <span class='ocrx_word' id='word_1_844' title='bbox 1068 2425 1205 2453; x_wconf 87' lang='lat' dir='ltr'><strong>Christus.</strong></span> <span class='ocrx_word' id='word_1_845' title='bbox 1218 2424 1278 2458; x_wconf 82' lang='lat' dir='ltr'><strong>Ipse</strong></span> <span class='ocrx_word' id='word_1_846' title='bbox 1290 2427 1331 2449; x_wconf 84' lang='lat' dir='ltr'><strong>est</strong></span> <span class='ocrx_word' id='word_1_847' title='bbox 1344 2421 1418 2448; x_wconf 88' lang='lat' dir='ltr'><strong>enim</strong></span> <span class='ocrx_word' id='word_1_848' title='bbox 1430 2421 1476 2455; x_wconf 89' lang='lat' dir='ltr'><strong>qui</strong></span> <span class='ocrx_word' id='word_1_849' title='bbox 1489 2420 1631 2454; x_wconf 80' lang='lat' dir='ltr'><strong>cognoscit</strong></span> <span class='ocrx_word' id='word_1_850' title='bbox 1639 2418 1742 2449; x_wconf 88' lang='lat' dir='ltr'><strong>omnia,</strong></span> 
     </span>
    </p>
   </div>
   <div class='ocr_carea' id='block_1_111' title="bbox 952 2466 1744 2507">
    <p class='ocr_par' dir='ltr' id='par_1_111' title="bbox 952 2466 1744 2507">
     <span class='ocr_line' id='line_1_111' title="bbox 952 2466 1744 2507; baseline -0.013 -7"><span class='ocrx_word' id='word_1_851' title='bbox 952 2474 1033 2500; x_wconf 83' lang='lat' dir='ltr'><strong>etiam</strong></span> <span class='ocrx_word' id='word_1_852' title='bbox 1046 2470 1177 2507; x_wconf 77' lang='lat' dir='ltr'><strong>profunda</strong></span> <span class='ocrx_word' id='word_1_853' title='bbox 1199 2468 1247 2496; x_wconf 87' lang='lat' dir='ltr'><strong>Dei</strong></span> <span class='ocrx_word' id='word_1_854' title='bbox 1264 2469 1302 2500; x_wconf 70' lang='lat' dir='ltr'><strong>a°;</strong></span> <span class='ocrx_word' id='word_1_855' title='bbox 1320 2466 1515 2494; x_wconf 83' lang='lat' dir='ltr'><strong>abstinentiam</strong></span> <span class='ocrx_word' id='word_1_856' title='bbox 1532 2470 1623 2492; x_wconf 87' lang='lat' dir='ltr'><strong>autem</strong></span> <span class='ocrx_word' id='word_1_857' title='bbox 1638 2472 1654 2491; x_wconf 86' lang='lat' dir='ltr'><strong>a</strong></span> <span class='ocrx_word' id='word_1_858' title='bbox 1680 2471 1744 2498; x_wconf 86' lang='lat' dir='ltr'><strong>pec-</strong></span> 
     </span>
    </p>
   </div>
   <div class='ocr_carea' id='block_1_112' title="bbox 954 2510 1744 2550">
    <p class='ocr_par' dir='ltr' id='par_1_112' title="bbox 954 2510 1744 2550">
     <span class='ocr_line' id='line_1_112' title="bbox 954 2510 1744 2550; baseline -0.014 -5"><span class='ocrx_word' id='word_1_859' title='bbox 954 2522 1026 2548; x_wconf 87' lang='lat' dir='ltr'><strong>cato,</strong></span> <span class='ocrx_word' id='word_1_860' title='bbox 1043 2523 1141 2550; x_wconf 87' lang='lat' dir='ltr'><strong>nempe</strong></span> <span class='ocrx_word' id='word_1_861' title='bbox 1156 2514 1283 2548; x_wconf 79' lang='lat' dir='ltr'><strong>Maligna,</strong></span> <span class='ocrx_word' id='word_1_862' title='bbox 1310 2512 1361 2539; x_wconf 90' lang='lat' dir='ltr'><strong>soli</strong></span> <span class='ocrx_word' id='word_1_863' title='bbox 1378 2511 1483 2538; x_wconf 90' lang='lat' dir='ltr'><strong>homini</strong></span> <span class='ocrx_word' id='word_1_864' title='bbox 1501 2514 1529 2536; x_wconf 85' lang='lat' dir='ltr'><strong>et</strong></span> <span class='ocrx_word' id='word_1_865' title='bbox 1546 2510 1619 2540; x_wconf 66' lang='lat' dir='ltr'><strong>Evaz,</strong></span> <span class='ocrx_word' id='word_1_866' title='bbox 1645 2515 1744 2542; x_wconf 90' lang='lat' dir='ltr'><strong>nempe</strong></span> 
     </span>
    </p>
   </div>
   <div class='ocr_carea' id='block_1_113' title="bbox 955 2555 1745 2593">
    <p class='ocr_par' dir='ltr' id='par_1_113' title="bbox 955 2555 1745 2593">
     <span class='ocr_line' id='line_1_113' title="bbox 955 2555 1745 2593; baseline -0.015 -1"><span class='ocrx_word' id='word_1_867' title='bbox 955 2563 1095 2592; x_wconf 64' lang='lat' dir='ltr'><strong>Ecclesiae.</strong></span> <span class='ocrx_word' id='word_1_868' title='bbox 1115 2562 1150 2588; x_wconf 89' lang='lat' dir='ltr'><strong>Et</strong></span> <span class='ocrx_word' id='word_1_869' title='bbox 1164 2561 1228 2588; x_wconf 90' lang='lat' dir='ltr'><strong>hinc</strong></span> <span class='ocrx_word' id='word_1_870' title='bbox 1254 2558 1432 2593; x_wconf 87' lang='lat' dir='ltr'><strong>perspicuum</strong></span> <span class='ocrx_word' id='word_1_871' title='bbox 1456 2556 1529 2591; x_wconf 91' lang='lat' dir='ltr'><strong>quod</strong></span> <span class='ocrx_word' id='word_1_872' title='bbox 1545 2564 1599 2583; x_wconf 92' lang='lat' dir='ltr'><strong>non</strong></span> <span class='ocrx_word' id='word_1_873' title='bbox 1614 2555 1648 2582; x_wconf 87' lang='lat' dir='ltr'><strong>de</strong></span> <span class='ocrx_word' id='word_1_874' title='bbox 1665 2562 1745 2581; x_wconf 89' lang='lat' dir='ltr'><strong>escu-</strong></span> 
     </span>
    </p>
   </div>
   <div class='ocr_carea' id='block_1_114' title="bbox 955 2600 1744 2644">
    <p class='ocr_par' dir='ltr' id='par_1_114' title="bbox 955 2600 1744 2644">
     <span class='ocr_line' id='line_1_114' title="bbox 955 2600 1744 2644; baseline -0.015 -6"><span class='ocrx_word' id='word_1_875' title='bbox 955 2611 1030 2638; x_wconf 88' lang='lat' dir='ltr'><strong>lento</strong></span> <span class='ocrx_word' id='word_1_876' title='bbox 1047 2609 1121 2644; x_wconf 81' lang='lat' dir='ltr'><strong>ligno</strong></span> <span class='ocrx_word' id='word_1_877' title='bbox 1137 2607 1205 2634; x_wconf 88' lang='lat' dir='ltr'><strong>dicit</strong></span> <span class='ocrx_word' id='word_1_878' title='bbox 1218 2605 1372 2638; x_wconf 88' lang='lat' dir='ltr'><strong>Scriptura,</strong></span> <span class='ocrx_word' id='word_1_879' title='bbox 1395 2611 1458 2630; x_wconf 86' lang='lat' dir='ltr'><strong>cum</strong></span> <span class='ocrx_word' id='word_1_880' title='bbox 1481 2601 1627 2638; x_wconf 76' lang='lat' dir='ltr'><strong>prohibuit</strong></span> <span class='ocrx_word' id='word_1_881' title='bbox 1640 2600 1744 2627; x_wconf 90' lang='lat' dir='ltr'><strong>homini</strong></span> 
     </span>
    </p>
   </div>
   <div class='ocr_carea' id='block_1_115' title="bbox 956 2650 1746 2690">
    <p class='ocr_par' dir='ltr' id='par_1_115' title="bbox 956 2650 1746 2690">
     <span class='ocr_line' id='line_1_115' title="bbox 956 2650 1746 2690; baseline -0.015 -6"><span class='ocrx_word' id='word_1_882' title='bbox 956 2655 1143 2690; x_wconf 81' lang='lat' dir='ltr'><strong>cognitionem</strong></span> <span class='ocrx_word' id='word_1_883' title='bbox 1155 2651 1218 2679; x_wconf 91' lang='lat' dir='ltr'><strong>boni</strong></span> <span class='ocrx_word' id='word_1_884' title='bbox 1229 2655 1257 2678; x_wconf 88' lang='lat' dir='ltr'><strong>et</strong></span> <span class='ocrx_word' id='word_1_885' title='bbox 1269 2650 1331 2676; x_wconf 88' lang='lat' dir='ltr'><strong>mali</strong></span> <span class='ocrx_word' id='word_1_886' title='bbox 1344 2658 1352 2682; x_wconf 92' lang='lat'>;</span> <span class='ocrx_word' id='word_1_887' title='bbox 1368 2657 1430 2676; x_wconf 90' lang='lat' dir='ltr'><strong>nam</strong></span> <span class='ocrx_word' id='word_1_888' title='bbox 1448 2653 1511 2675; x_wconf 90' lang='lat' dir='ltr'><strong>ante</strong></span> <span class='ocrx_word' id='word_1_889' title='bbox 1526 2656 1590 2675; x_wconf 90' lang='lat' dir='ltr'><strong>eum</strong></span> <span class='ocrx_word' id='word_1_890' title='bbox 1603 2654 1679 2674; x_wconf 90' lang='lat' dir='ltr'><strong>esum</strong></span> <span class='ocrx_word' id='word_1_891' title='bbox 1698 2653 1746 2672; x_wconf 88' lang='lat' dir='ltr'><strong>co-</strong></span> 
     </span>
    </p>
   </div>
   <div class='ocr_carea' id='block_1_116' title="bbox 956 2694 1744 2738">
    <p class='ocr_par' dir='ltr' id='par_1_116' title="bbox 956 2694 1744 2738">
     <span class='ocr_line' id='line_1_116' title="bbox 956 2694 1744 2738; baseline -0.015 -8"><span class='ocrx_word' id='word_1_892' title='bbox 956 2702 1105 2738; x_wconf 85' lang='lat' dir='ltr'><strong>gnoscebat</strong></span> <span class='ocrx_word' id='word_1_893' title='bbox 1115 2699 1213 2727; x_wconf 88' lang='lat' dir='ltr'><strong>mulier</strong></span> <span class='ocrx_word' id='word_1_894' title='bbox 1224 2698 1327 2725; x_wconf 88' lang='lat' dir='ltr'><strong>bonum</strong></span> <span class='ocrx_word' id='word_1_895' title='bbox 1339 2702 1367 2724; x_wconf 89' lang='lat' dir='ltr'><strong>et</strong></span> <span class='ocrx_word' id='word_1_896' title='bbox 1377 2697 1491 2724; x_wconf 87' lang='lat' dir='ltr'><strong>malum.</strong></span> <span class='ocrx_word' id='word_1_897' title='bbox 1509 2695 1581 2722; x_wconf 87' lang='lat' dir='ltr'><strong>Audi</strong></span> <span class='ocrx_word' id='word_1_898' title='bbox 1596 2694 1670 2721; x_wconf 84' lang='lat' dir='ltr'><strong>cuitu</strong></span> <span class='ocrx_word' id='word_1_899' title='bbox 1684 2700 1744 2719; x_wconf 83' lang='lat' dir='ltr'><strong>eam</strong></span> 
     </span>
    </p>
   </div>
   <div class='ocr_carea' id='block_1_117' title="bbox 956 2740 1744 2782">
    <p class='ocr_par' dir='ltr' id='par_1_117' title="bbox 956 2740 1744 2782">
     <span class='ocr_line' id='line_1_117' title="bbox 956 2740 1744 2782; baseline -0.016 -6"><span class='ocrx_word' id='word_1_900' title='bbox 956 2748 1144 2782; x_wconf 86' lang='lat' dir='ltr'><strong>in_collatione</strong></span> <span class='ocrx_word' id='word_1_901' title='bbox 1160 2752 1222 2772; x_wconf 92' lang='lat' dir='ltr'><strong>cum</strong></span> <span class='ocrx_word' id='word_1_902' title='bbox 1237 2747 1378 2778; x_wconf 86' lang='lat' dir='ltr'><strong>serpente,</strong></span> <span class='ocrx_word' id='word_1_903' title='bbox 1388 2743 1548 2770; x_wconf 75' lang='lat' dir='ltr'><strong>aﬂerentem</strong></span> <span class='ocrx_word' id='word_1_904' title='bbox 1564 2740 1662 2774; x_wconf 85' lang='lat' dir='ltr'><strong>dogma</strong></span> <span class='ocrx_word' id='word_1_905' title='bbox 1679 2745 1744 2764; x_wconf 89' lang='lat' dir='ltr'><strong>con-</strong></span> 
     </span>
    </p>
   </div>
   <div class='ocr_carea' id='block_1_118' title="bbox 957 2783 1744 2825">
    <p class='ocr_par' dir='ltr' id='par_1_118' title="bbox 957 2783 1744 2825">
     <span class='ocr_line' id='line_1_118' title="bbox 957 2783 1744 2825; baseline -0.015 -4"><span class='ocrx_word' id='word_1_906' title='bbox 957 2794 1082 2825; x_wconf 78' lang='lat' dir='ltr'><strong>trarium,</strong></span> <span class='ocrx_word' id='word_1_907' title='bbox 1099 2797 1127 2820; x_wconf 92' lang='lat' dir='ltr'><strong>et</strong></span> <span class='ocrx_word' id='word_1_908' title='bbox 1148 2791 1174 2819; x_wconf 90' lang='lat' dir='ltr'><strong>ei</strong></span> <span class='ocrx_word' id='word_1_909' title='bbox 1189 2790 1327 2817; x_wconf 87' lang='lat' dir='ltr'><strong>dicentem</strong></span> <span class='ocrx_word' id='word_1_910' title='bbox 1343 2793 1372 2816; x_wconf 87' lang='lat' dir='ltr'><strong>et</strong></span> <span class='ocrx_word' id='word_1_911' title='bbox 1400 2788 1587 2823; x_wconf 85' lang='lat' dir='ltr'><strong>proferentem</strong></span> <span class='ocrx_word' id='word_1_912' title='bbox 1617 2783 1744 2819; x_wconf 78' lang='lat' dir='ltr'><strong>divinum</strong></span> 
     </span>
    </p>
   </div>
   <div class='ocr_carea' id='block_1_119' title="bbox 959 2828 1746 2870">
    <p class='ocr_par' dir='ltr' id='par_1_119' title="bbox 959 2828 1746 2870">
     <span class='ocr_line' id='line_1_119' title="bbox 959 2828 1746 2870; baseline -0.013 -4"><span class='ocrx_word' id='word_1_913' title='bbox 959 2839 1128 2870; x_wconf 89' lang='lat' dir='ltr'><strong>mandatum,</strong></span> <span class='ocrx_word' id='word_1_914' title='bbox 1138 2841 1166 2864; x_wconf 90' lang='lat' dir='ltr'><strong>et</strong></span> <span class='ocrx_word' id='word_1_915' title='bbox 1181 2836 1270 2863; x_wconf 87' lang='lat' dir='ltr'><strong>minas</strong></span> <span class='ocrx_word' id='word_1_916' title='bbox 1285 2835 1382 2862; x_wconf 91' lang='lat' dir='ltr'><strong>mortis</strong></span> <span class='ocrx_word' id='word_1_917' title='bbox 1397 2834 1544 2861; x_wconf 87' lang='lat' dir='ltr'><strong>intentatas</strong></span> <span class='ocrx_word' id='word_1_918' title='bbox 1558 2831 1580 2857; x_wconf 86' lang='lat' dir='ltr'><strong>si</strong></span> <span class='ocrx_word' id='word_1_919' title='bbox 1597 2828 1662 2864; x_wconf 82' lang='lat' dir='ltr'><strong>ligni</strong></span> <span class='ocrx_word' id='word_1_920' title='bbox 1672 2833 1746 2857; x_wconf 84' lang='lat' dir='ltr'><strong>esset</strong></span> 
     </span>
    </p>
   </div>
   <div class='ocr_carea' id='block_1_120' title="bbox 1011 2885 1744 2928">
    <p class='ocr_par' dir='ltr' id='par_1_120' title="bbox 1011 2885 1744 2928">
     <span class='ocr_line' id='line_1_120' title="bbox 1011 2885 1744 2928; baseline -0.019 -3"><span class='ocrx_word' id='word_1_921' title='bbox 1011 2897 1033 2913; x_wconf 80' lang='lat'><strong>&quot;’</strong></span> <span class='ocrx_word' id='word_1_922' title='bbox 1048 2896 1100 2923; x_wconf 82' lang='lat' dir='ltr'><strong>lsa.</strong></span> <span class='ocrx_word' id='word_1_923' title='bbox 1128 2903 1153 2928; x_wconf 83' lang='grc' dir='ltr'>ν,</span> <span class='ocrx_word' id='word_1_924' title='bbox 1172 2894 1198 2921; x_wconf 72' lang='grc'><strong>4.</strong></span> <span class='ocrx_word' id='word_1_925' title='bbox 1252 2893 1274 2908; x_wconf 76' lang='grc'><strong>’³</strong></span> <span class='ocrx_word' id='word_1_926' title='bbox 1294 2893 1373 2920; x_wconf 84' lang='lat' dir='ltr'><strong>Joan.</strong></span> <span class='ocrx_word' id='word_1_927' title='bbox 1407 2890 1444 2923; x_wconf 84' lang='lat' dir='ltr'><strong>iv,</strong></span> <span class='ocrx_word' id='word_1_928' title='bbox 1460 2889 1503 2916; x_wconf 73' lang='grc'><strong>54.</strong></span> <span class='ocrx_word' id='word_1_929' title='bbox 1562 2888 1584 2904; x_wconf 84' lang='grc'><strong>²⁹</strong></span> <span class='ocrx_word' id='word_1_930' title='bbox 1612 2886 1678 2914; x_wconf 85' lang='lat' dir='ltr'><strong>ibid.</strong></span> <span class='ocrx_word' id='word_1_931' title='bbox 1699 2885 1744 2913; x_wconf 71' lang='lat'><strong>5‘3.</strong></span> 
     </span>
    </p>
   </div>
  </div>
