1990 3183
199 204 202 205 ,
224 174 273 206 Q’ll

807 178 838 207 S.
858 175 1062 206 ANASTASH
1085 174 1250 204 SINAITE

1804 173 1858 205 992

222 233 368 267 particeps.
385 233 437 260 Sed
450 242 540 269 neque
552 235 616 262 caeci
632 239 711 262 erant
723 240 788 263 ante
802 235 1010 270 cognitionem;
1028 235 1051 263 Α
1066 239 1167 267 porum
1190 238 1285 266 stupra
1319 237 1346 259 et
1375 232 1532 260 adulteria?
1566 232 1633 265 Quis
1655 236 1746 259 autem
1775 233 1866 259 totius

222 277 289 304 dicit
311 279 383 306 enim
410 289 415 306 :
434 280 468 306 Et
482 281 545 307 vidit
569 281 665 308 mulier
689 281 759 316 quod
780 286 846 319 esset
865 280 1013 315 pulchrum,

221 328 284 351 ante
300 333 386 351 esum.
406 325 433 352 Si
448 331 539 353 autem
553 327 632 353 cibus
645 331 706 354 erat
716 327 826 353 sensilis
843 331 870 354 et
883 325 1013 356 carnalis,

222 370 333 397 omnino
350 372 450 398 tnortui
465 377 557 399 essent
572 372 655 399 etiam
671 373 828 404 carnaliter,
844 372 956 406 quando
969 379 1016 398 eoo

222 420 378 443 medcrunt.
391 417 444 444 Sed
465 426 527 444 cum
543 423 633 445 mente
651 421 679 445 et
698 418 880 453 intelligentia
899 425 1014 452 peccas-

226 466 294 494 sent,
307 463 452 489 subierunt
463 464 545 490 etiam
559 465 659 491 anima:
672 469 789 490 mortem
801 464 1013 499 inteliigentem.

225 506 271 533 llic
284 511 376 533 autem
397 507 537 535 hominem
563 509 687 536 nominat
703 509 839 536 Adamum
854 517 861 535 :
876 509 1015 544 quomodo

223 552 307 578 etiam
321 553 368 579 Dei
382 553 500 579 Verbum
513 554 703 581 incarnatione
731 555 911 589 terrigenam.
926 554 1014 581 Adam

223 597 296 623 enim
314 598 511 632 interpretatur
526 604 597 626 terra
613 604 640 626 et
656 600 742 634 ignis,
760 601 832 627 sicut
856 600 912 627 dixi
936 601 1013 627 alibi.

225 643 259 668 Et
277 643 343 669 dixit
359 643 486 671 Dominus
504 644 572 672 Deus
592 654 600 672 :
618 645 677 672 Non
704 650 741 672 est
764 647 860 673 bonum
883 647 1014 673 hominem

225 697 278 714 esse
293 689 378 715 solum
389 699 398 716 .'
410 689 538 723 faciamus
567 692 591 718 ei
602 692 759 726 adjulricem
770 693 836 719 sicut
860 693 915 726 ipse
930 697 967 718 est
980 693 1013 719 ".

224 734 292 760 Cum
304 735 358 761 huc
371 736 492 763 venisset
507 736 608 769 Manes.
623 739 773 766 sceleratus
785 739 841 765 dux
849 739 1015 766 Manicha‘o-

225 787 297 812 rum,
314 781 472 816 intelligens
482 783 583 810 littera:
591 788 748 811 contextum
760 785 954 819 corporaliter,
966 792 1015 812 oc-

225 825 298 852 cisus
316 831 358 852 est
372 834 386 853 a
408 827 500 854 littera
518 828 715 855 convenienter
735 829 812 856 Pauli
836 829 907 861 voci,
928 830 1015 857 Deum

225 870 365 904 appellans
377 871 545 899 mendacem.
557 873 691 901 Similiter
702 874 789 901 etiam
797 874 1013 909 Aquiiaimpius,

227 914 300 941 idem
315 916 388 950 quod
406 921 503 951 gentes
531 918 664 950 sentiens,
684 920 770 946 Deum
798 921 894 948 volens
921 929 1017 955 repre-

227 962 359 993 hendcre,
377 970 426 996 pro
443 971 476 990 eo
489 964 562 998 quod
576 964 669 992 dicere
686 966 833 999 oportebat
848 975 855 992 :
873 966 1016 994 Faciamus

225 1008 250 1033 ei
263 1007 420 1041 adjutricem
434 1010 575 1036 secundum
600 1011 696 1046 ipsum,
712 1011 782 1039 dixit
799 1021 805 1039 :
821 1012 961 1040 Faciamus
993 1015 1017 1040 ei

227 1053 390 1087 adjutorium
405 1063 436 1081 ex
454 1056 564 1083 adverso
589 1057 664 1092 ejus,-
680 1058 733 1086 hoc
757 1063 800 1086 est
822 1059 1015 1088 adversarium

226 1104 254 1125 et
266 1099 384 1127 hostem.
397 1100 469 1133 Quid
489 1109 554 1136 ergo
566 1103 578 1129 ?
591 1103 635 1130 dic
648 1104 726 1135 mihi.
740 1105 871 1138 oJudzee,
889 1111 931 1133 est
945 1107 1018 1134 Deus

228 1151 320 1177 verus.
340 1146 499 1174 mentiens?
512 1148 642 1175 Divinum
653 1157 685 1177 os
696 1150 803 1177 Domini
818 1151 1019 1186 omnipotentis

227 1191 358 1224 Sabaoth,
377 1193 404 1220 in
417 1193 508 1220 medio
522 1195 702 1223 tenebrarum
717 1201 745 1223 et
757 1197 838 1232 903
853 1199 980 1233 caliginis
988 1206 1017 1227 et

228 1235 299 1270 ignis
315 1242 344 1264 et
369 1239 496 1272 procellae
519 1244 547 1266 et
571 1240 700 1267 tubarum
723 1245 751 1268 et
766 1243 939 1277 angelorum,
958 1245 1018 1272 haec

227 1281 311 1308 verba
323 1282 388 1309 Mosi
404 1287 446 1310 est
460 1283 596 1316 locutum.
615 1290 643 1312 et
660 1286 707 1313 Dei
726 1286 831 1322 digitus
844 1289 870 1315 in
901 1289 1017 1318 Tabulis

229 1328 287 1354 haec
298 1328 519 1362 scripsit,dicens
531 1338 538 1356 :
548 1330 607 1357 Non
615 1332 711 1359 bonum
721 1338 758 1360 est
769 1335 901 1361 hominem
913 1343 968 1363 esse
975 1345 1018 1363 so-

229 1374 296 1407 lum,
312 1375 440 1408 faciamus
449 1378 472 1403 ei
480 1378 638 1412 ndjutricem
648 1380 807 1416 sicutipsum
819 1390 828 1408 :
837 1387 866 1409 et
873 1387 915 1410 est
924 1380 1019 1411 rursus

230 1419 323 1454 lingua
336 1421 383 1448 Dei
398 1426 426 1448 et
439 1429 470 1449 os
481 1427 509 1450 et
520 1431 617 1452 manus
626 1424 693 1453 falsa
703 1425 821 1461 loquens
831 1432 860 1454 et
871 1428 1018 1456 scribens?

265 1465 393 1494 Facessat
407 1468 466 1496 haec
480 1469 648 1498 absurdius.
665 1472 786 1499 Verbum
809 1473 883 1500 enim
899 1475 947 1502 Dei
962 1483 1019 1502 ma-

231 1515 278 1538 net
291 1519 387 1539 verum
416 1513 444 1540 in
461 1515 602 1548 saeculum,
621 1521 650 1544 et
665 1517 691 1544 in
709 1519 838 1545 smeulum
854 1520 958 1547 saeculi.
984 1521 1019 1548 Et

231 1558 370 1607 quomodo
390 1566 453 1607 non
469 1559 521 1607 fuit
543 1561 588 1588 illa
617 1562 717 1590 mulier
741 1563 862 1598 adiutrix
889 1565 996 1592 Adamn
1010 1575 1018 1599 ',
1034 1579 1055 1607 ρ

231 1602 279 1628 εςθά
303 1603 394 1636 potius
417 1604 541 1638 inimica,
561 1611 645 1642 atque
671 1608 741 1636 adeo
765 1609 839 1638 fossa
864 1615 892 1638 et
905 1611 1020 1639 insidia-

234 1649 337 1679 trix,ct
350 1650 530 1685 interfectrix,
549 1656 811 1689 etexterminatrix,
836 1662 864 1685 et
891 1659 1021 1687 innume-

235 1694 362 1721 rabilium
377 1696 512 1724 malorum
526 1699 578 1733 ipsi
597 1705 624 1727 et
637 1702 685 1728 toti
699 1703 802 1730 mundo
829 1705 1023 1732 consiliatrix?

233 1740 261 1766 Si
278 1746 370 1768 autem
396 1743 496 1770 mulier
521 1745 554 1772 ad
579 1746 632 1774 hoc
646 1747 736 1782 ipsum
765 1749 836 1777 facta
859 1755 902 1778 est
924 1759 946 1778 a'
965 1752 1022 1780 Deo

235 1789 264 1811 ut
278 1785 315 1812 sit
327 1786 431 1813 homini
447 1788 567 1823 adiutrix
579 1811 586 1822 ,
609 1796 638 1818 et
665 1800 807 1828 nunquam
821 1797 946 1829 potuerit
959 1804 1022 1824 mu-

235 1832 288 1859 lier
296 1839 357 1859 esse
370 1833 429 1860 viro
440 1833 567 1868 inimica;
581 1837 629 1863 sed
641 1839 732 1865 omnis
742 1839 842 1868 mulier
852 1841 948 1869 divino
956 1850 1025 1877 pra:-

234 1889 241 1903 :.
249 1878 338 1912 cripto
347 1878 487 1906 invenitur
496 1881 668 1910 virumsuum
676 1884 825 1913 defendere
831 1894 863 1914 ac
869 1892 1024 1924 protegere:

235 1924 458 1960 quandoquidem
470 1931 525 1954 stat
535 1930 750 1965 unumquodque
766 1932 794 1959 in
804 1940 837 1960 eo
850 1934 883 1961 ad
894 1935 969 1970 quod
983 1936 1022 1963 fa-

236 1975 310 1997 ctum
327 1976 369 1998 est
387 1979 402 1998 τι
417 1972 472 1999 Deo
489 1973 546 2006 (lux
560 1974 633 2001 enim
648 1976 794 2010 illuminat,
810 1985 838 2006 et
851 1988 905 2007 non
922 1985 1023 2015 cessat,

237 2017 314 2051 panis
325 2018 423 2050 nutrit,
436 2019 475 2046 sol
485 2020 574 2047 currit
582 2026 609 2048 et
620 2021 700 2055 luna;
713 2025 843 2059 cumipso
853 2026 953 2060 plantae
964 2035 1026 2062 ger-

237 2064 353 2095 minant,
364 2065 619 2100 animaliapariunt,
630 2068 718 2102 pisces
727 2074 833 2103 natant,
843 2079 908 2099 aves
918 2073 1024 2105 volant,
1043 2083 1050 2089 -

237 2113 274 2140 et,
284 2111 511 2143 utsemeldicam,
523 2119 607 2146 usque
617 2114 649 2140 all
662 2117 928 2144 consummationem
939 2126 1026 2146 secn-

239 2156 268 2186 li,
282 2164 452 2191 unaquaeque
466 2162 592 2185 creatura
609 2155 682 2186 in'eo
695 2164 749 2187 stat
762 2161 794 2188 ad
807 2163 881 2196 quod
898 2163 969 2190 facta
981 2169 1024 2192 est

239 2211 254 2228 a
266 2202 336 2235 Deo;
353 2203 380 2230 in
393 2211 569 2238 unaquaque,
598 2204 720 2240 inquam.
735 2212 832 2234 natura
862 2209 984 2237 inanima
998 2215 1026 2238 et

1067 278 1162 305 mundi
1188 278 1293 305 diluvio
1317 278 1382 305 fecit
1408 279 1562 310 interitum,
1594 279 1648 306 nisi
1681 278 1867 313 pulchritudo

1067 324 1214 351 mulierum
1245 324 1354 351 illarum
1376 324 1496 351 ﬁliarum
1521 325 1676 356 hominum,
1711 332 1782 358 quas
1811 324 1863 351 filii

1067 370 1132 397 Seth
1156 375 1323 404 acceperunt
1350 370 1379 397 in
1405 371 1524 397 uxores?
1544 370 1593 397 Sin
1617 374 1710 397 autem
1736 370 1865 404 adiutrix

1066 417 1170 443 Adamo
1189 416 1242 443 fuit
1258 417 1368 448 mulier.
1400 417 1539 451 quomodo
1567 424 1663 443 omnes
1686 424 1746 443 eam
1761 416 1864 450 'depltk

1066 470 1159 489 ramus
1178 461 1252 496 quod
1269 462 1354 489 fuerit
1370 463 1543 488 consiliatrix
1569 462 1667 488 mortis
1684 466 1712 488 et
1730 455 1866 487 interitus

1065 512 1093 534 et
1113 508 1267 534 communis
1290 509 1388 535 exitii?
1403 508 1464 535 Haec
1484 508 1577 542 potius
1597 513 1636 539 tu,
1653 507 1786 537 oJudoee.
1813 506 1864 540 qui

1067 553 1223 588 Scripturas
1238 559 1325 585 tenes,
1343 562 1393 580 nos
1406 554 1499 580 doces.
1514 553 1571 580 Una
1584 553 1658 579 enim
1675 553 1784 582 mulier,
1803 557 1863 583 tua,

1067 599 1188 633 inquam,
1213 607 1301 631 soror,
1326 600 1379 626 lilia
1403 600 1488 626 Jacob
1511 599 1597 633 patris
1624 599 1674 630 tui,
1700 606 1760 632 quae
1783 598 1866 624 dice-

1067 645 1148 672 batur
1170 645 1248 677 Dina,
1267 650 1385 672 scortata
1409 650 1452 672 est
1477 646 1505 672 in
1528 645 1658 676 Sichem;
1682 644 1782 671 deinde
1799 651 1866 678 pro—

1066 695 1127 724 pter
1154 690 1377 722 fornicationem,
1411 691 1566 717 universam
1596 690 1734 716 civitatem
1767 689 1865 723 inique

1067 738 1267 764 interemerunt
1298 736 1398 763 fratres
1415 737 1601 771 ejus,iustum
1627 740 1654 762 et
1674 736 1808 770 iniustum
1823 735 1866 761 si-

1068 782 1123 808 mul
1150 782 1311 809 occidentes
1334 783 1367 809 η.
1387 783 1503 817 Propter
1524 789 1607 816 quam
1628 781 1726 816 puella:
1739 780 1867 815 fornica-

1067 827 1172 854 tionem
1198 833 1228 854 et
1241 828 1355 858 caedem,
1375 828 1409 854 ad
1422 828 1641 862 quadringentos
1654 834 1740 853 annos
1753 826 1864 854 consti-

1068 874 1120 900 tuit
1132 874 1204 900 Deus
1217 879 1256 901 tot
1272 874 1357 900 millia
1372 874 1399 900 in
1411 874 1574 901 servitutem
1590 873 1677 908 redigi
1693 873 1720 899 in
1731 872 1863 908 Aigyplo.

1070 921 1104 947 Et
1118 928 1244 954 quamam
1260 921 1359 947 mulier
1375 921 1513 955 adiutrix?
1528 920 1702 947 Adulterium
1724 919 1865 946 commisit

1070 966 1222 993 Bemsabee
1236 966 1264 992 in
1276 974 1309 993 eo
1323 974 1405 1000 quem
1421 971 1449 993 tu
1468 972 1544 993 tuum
1556 966 1697 992 Christum
1707 964 1863 997 existimas,

1071 1011 1167 1047 David,
1185 1012 1307 1046 inquam,
1329 1016 1358 1039 et
1379 1012 1481 1039 cmdem
1497 1011 1666 1046 perpetravit
1682 1018 1732 1037 suo
1749 1009 1863 1044 coniugi

1071 1057 1152 1084 Uria.
1167 1057 1284 1089 Deinde,
1296 1058 1405 1085 etiamsi
1418 1057 1468 1084 hoc
1483 1057 1600 1084 maxime
1612 1056 1796 1084 condonatum
1811 1056 1866 1082 fuit

1072 1100 1183 1132 Davidi,
1205 1101 1232 1128 in
1253 1102 1349 1129 decem
1367 1106 1460 1129 tamen
1485 1102 1546 1136 ejus
1561 1101 1694 1128 mulieres
1711 1101 1863 1127 admissum

1072 1147 1124 1174 fuit
1146 1147 1315 1175 adulterium
1339 1156 1355 1175 a
1383 1156 1433 1175 suo
1459 1148 1515 1175 ﬁlio
1539 1148 1685 1180 Absalom;
1711 1151 1741 1173 et
1766 1147 1866 1173 statuit

1072 1194 1144 1221 Deus
1159 1201 1208 1228 per
1222 1194 1330 1221 Nathan
1344 1195 1507 1229 prophetam
1522 1194 1595 1229 quod
1611 1202 1666 1221 non
1678 1193 1789 1221 deﬁciet
1804 1194 1867 1227 gla-

1072 1239 1135 1266 dius
1148 1239 1176 1267 in
1199 1239 1282 1266 domo
1297 1239 1383 1266 David
1399 1238 1426 1266 in
1448 1244 1583 1266 aeternum
1606 1240 1639 1265 ".
1662 1239 1718 1266 Hoc
1733 1242 1776 1265 est
1792 1245 1867 1272 opus

1072 1285 1249 1320 pulchrarum
1268 1285 1426 1312 mulierum.
1449 1285 1515 1318 Quis
1534 1289 1625 1312 autem
1647 1285 1720 1312 inter
1737 1285 1869 1311 homines

1072 1339 1086 1358 a
1117 1332 1174 1358 Deo
1199 1336 1273 1359 tanta
1297 1332 1350 1359 fuit
1377 1332 1496 1359 donatus
1521 1331 1656 1366 sapientia
1685 1335 1787 1366 quanta
1814 1329 1868 1357 Sa-

1072 1378 1184 1405 lomon?
1207 1379 1242 1405 Et
1266 1382 1323 1405 tota
1357 1378 1417 1413 ejus
1449 1378 1584 1413 sapientia
1609 1378 1662 1405 fuit
1687 1377 1818 1407 devorata
1850 1385 1868 1404 a

1072 1425 1246 1452 mulieribus.
1268 1424 1335 1457 Quis
1360 1425 1476 1452 affectus
1494 1424 1546 1452 fuit
1571 1425 1659 1460 gloria
1683 1425 1755 1452 sicut
1779 1424 1868 1451 ludas

1074 1470 1146 1498 ﬁlius
1163 1470 1259 1502 Iacob,
1273 1471 1342 1497 adeo
1355 1476 1385 1498 ut
1399 1479 1414 1498 a
1432 1472 1487 1498 Deo
1501 1472 1536 1498 sit
1548 1472 1730 1498 constitutum
1745 1475 1775 1497 ut
1790 1473 1868 1497 esset

1074 1524 1121 1543 rex
1134 1517 1311 1544 Judzeorum?
1340 1517 1374 1544 Et
1397 1517 1496 1544 mulier
1523 1517 1656 1549 Thamar,
1678 1525 1711 1544 eo
1726 1517 1867 1551 decepto,

1072 1562 1164 1590 efl‘ccit
1182 1567 1212 1589 ut
1228 1567 1284 1590 tota
1303 1563 1364 1597 ejus
1380 1562 1469 1589 t‘ribus
1486 1567 1560 1590 esset
1585 1567 1648 1589 nata
1663 1570 1696 1589 ex
1712 1562 1866 1589 adulterio.

1073 1608 1107 1634 Et
1117 1615 1241 1642 quaenam
1253 1613 1366 1636 sunteas
1379 1608 1549 1643 adiutrices?
1564 1609 1656 1642 Longa
1668 1608 1752 1636 fuerit
1764 1608 1868 1640 oratio.

1073 1657 1101 1681 et
1115 1654 1196 1681 nobis
1217 1654 1351 1681 defecerit
1373 1659 1401 1681 et
1421 1658 1529 1688 tempus
1554 1659 1583 1681 et
1598 1654 1695 1681 charta
1717 1657 1746 1681 et
1767 1653 1869 1681 modus

1074 1700 1204 1726 narrandi
1223 1704 1291 1735 quot
1308 1701 1437 1735 etqualia
1452 1709 1500 1735 per
1516 1705 1624 1735 gentem
1638 1701 1783 1728 femineam
1796 1700 1870 1728 ﬁunt

1074 1745 1102 1772 in
1120 1746 1223 1773 mundo
1244 1746 1278 1773 ab
1302 1746 1381 1777 initio
1395 1751 1424 1774 et
1444 1755 1532 1781 usque
1550 1747 1584 1773 ad
1599 1746 1868 1782 consummationem

1074 1792 1166 1819 saeculi
1185 1792 1212 1819 in
1234 1792 1399 1826 patriarchis
1415 1797 1444 1819 et
1460 1792 1615 1828 prophetis,
1641 1797 1669 1820 et
1688 1793 1761 1820 inter
1774 1793 1870 1827 priva-

1075 1841 1119 1865 tos
1137 1843 1165 1864 et
1179 1845 1266 1873 reges,
1288 1843 1316 1865 et
1336 1838 1408 1865 inter
1424 1838 1519 1865 fideles
1545 1838 1675 1866 similiter
1689 1843 1717 1865 et
1738 1838 1870 1874 gentiles,

1074 1888 1102 1911 et
1114 1883 1277 1912 Chaldaicas
1287 1889 1316 1912 et
1326 1884 1480 1920 Egyptias,
1497 1889 1525 1912 et
1538 1885 1672 1919 Troianas
1687 1889 1714 1912 et
1729 1884 1869 1915 heroicus,

1075 1933 1103 1956 et
1117 1929 1253 1967 Romanas
1269 1934 1365 1964 gentes
1384 1934 1412 1957 et
1429 1929 1554 1957 hostiles.
1577 1929 1615 1957 ‘Si
1635 1933 1728 1957 autem
1748 1928 1871 1963 adiutrix

1075 1979 1118 2002 est
1138 1975 1246 2007 mulier,
1262 1975 1402 2009 quomodo
1421 1975 1489 2002 dicit
1512 1974 1655 2010 Scriptura
1687 1974 1760 2009 quod
1777 1975 1871 2000 viuum

1076 2024 1100 2046 et
1119 2020 1241 2047 mulieres
1258 2025 1383 2054 separant
1402 2030 1418 2047 a
1443 2021 1497 2047 Deo
1513 2021 1554 2047 ⁸δῖ
1574 2021 1661 2054 Quam
1682 2021 1760 2047 multi
1780 2019 1870 2052 enim,

1075 2066 1120 2094 dic
1136 2067 1214 2099 mihi,
1230 2067 1316 2094 Deum
1329 2071 1464 2102 negarunt
1477 2072 1590 2101 propter
1604 2066 1771 2094 mulierem?
1786 2061 1870 2093 Und'c

1075 2112 1158 2139 etiam
1175 2112 1315 2143 Salomon.
1334 2116 1364 2139 ut
1376 2112 1422 2146 qui
1457 2112 1493 2139 sit
1521 2116 1650 2146 expertus
1682 2112 1752 2138 mala
1769 2111 1871 2147 mulie‘

1076 2158 1148 2189 bria,
1170 2159 1238 2185 dixit
1261 2159 1328 2185 :Em
1342 2159 1426 2186 decies
1452 2158 1524 2184 mille
1548 2159 1610 2184 viris
1639 2158 1754 2185 invenies
1783 2165 1868 2184 unum

1076 2204 1191 2238 ﬁdelem,
1217 2212 1248 2231 ex
1263 2203 1416 2230 mulieribus
1429 2208 1517 2230 autent
1537 2212 1590 2230 non
1611 2204 1727 2230 invenies
1739 2203 1772 2230 ³³.
1804 2203 1872 2230 Hac

240 2250 382 2282 animata),
395 2251 534 2287 quomodo
550 2259 616 2287 ergo
631 2253 740 2285 mulier,
757 2261 817 2288 qua:
833 2254 902 2282 facta
915 2260 958 2284 est
988 2257 1022 2284 ad
1039 2249 1061 2277 D
1075 2255 1166 2277 autem
1177 2249 1306 2281 dicimus,
1319 2257 1375 2276 non
1388 2253 1552 2276 accusantes
1567 2254 1694 2276 naturam
1713 2258 1803 2284 neque
1818 2250 1869 2277 Dei

239 2296 290 2322 viri
309 2296 452 2328 auxilium,
482 2304 537 2323 non
561 2297 631 2324 facta
657 2302 699 2324 est
722 2299 860 2334 adiutrix?
879 2300 1023 2334 Quomodo

240 2346 342 2372 autem.
357 2347 385 2369 et
398 2350 460 2369 cum
479 2342 585 2370 sitviro
601 2340 775 2375 imbecillior,
790 2349 880 2379 potest
894 2348 1023 2382 eiusesse

241 2387 379 2421 adiutrix?
394 2386 433 2414 Ad
448 2387 593 2419 auxilium,
610 2396 705 2416 rursus
718 2389 790 2421 dico,
815 2390 867 2417 viri
893 2393 1023 2426 carnalis,

220 2450 225 2454 -
241 2433 363 2460 decrevit
375 2433 448 2460 Deus
466 2433 500 2460 ab
524 2433 603 2461 initio
629 2442 690 2462 esse
705 2435 847 2463 mulierem
869 2438 1021 2465 secundum

242 2486 364 2510 carnem.
395 2487 534 2514 nunquam
548 2479 640 2507 studio
669 2480 753 2508 fuerit
776 2482 883 2510 mulieri
898 2487 946 2510 aut
960 2483 1025 2511 odio

243 2526 344 2553 habere
368 2529 395 2553 et
407 2525 441 2552 ad
468 2526 535 2552 iram
554 2526 704 2558 concitare,
723 2532 772 2554 aut
795 2527 924 2556 deserere
945 2537 1026 2557 suum

244 2572 352 2604 virum;
376 2579 516 2606 nunquam
542 2576 690 2607 conspecta
705 2572 788 2600 fuerit
808 2573 909 2610 mulier
931 2575 1022 2609 gravis

244 2622 292 2645 aut
307 2619 450 2652 improba;
467 2626 605 2654 utinquam
630 2619 790 2654 apparuerit
812 2620 911 2647 mulier
926 2621 1027 2648 marito

246 2674 296 2693 suo
314 2665 450 2698 insidiari,
466 2670 495 2693 et
516 2665 618 2693 eadem
635 2665 696 2700 eius
708 2665 814 2692 moliril
837 2665 870 2692 Et
887 2667 1027 2700 quomodo

246 2716 342 2738 contra
352 2712 478 2738 videmus
486 2711 631 2738 mulierem
646 2717 706 2737 esse
718 2709 776 2735 viro
788 2717 843 2737 non
854 2710 1026 2746 adiutricem,

247 2757 295 2785 Sed
307 2757 398 2791 potius
413 2755 612 2783 ten‘tationem?
626 2754 693 2788 Quis
707 2754 792 2786 enim,
821 2762 896 2791 rogo,
925 2764 1027 2784 accen-

249 2803 285 2830 dit
302 2808 331 2830 et
343 2803 494 2830 inﬂammat
509 2803 644 2830 flammam
657 2801 851 2838 generationis,
885 2802 936 2830 nisi
963 2811 1027 2831 cor-

284 2894 304 2911 ³¹
324 2895 400 2924 Gen.
419 2904 448 2929 ιι,
467 2895 507 2922 l8.
546 2896 568 2911 ³⁸
589 2895 656 2922 Gen.
677 2903 766 2928 xxxiv,
781 2896 890 2930 passim.

930 2897 951 2914 ³³
972 2897 993 2924 ll
1023 2897 1089 2931 ιιι-ς.
1108 2904 1144 2927 xi,
1173 2903 1219 2927 xu,
1240 2902 1295 2922 .\'l|l.

1074 2301 1227 2324 creaturam
1240 2296 1316 2330 (sunt
1327 2296 1400 2322 enim
1413 2296 1505 2322 omnia
1516 2296 1587 2323 bona
1602 2304 1663 2330 quas
1675 2296 1745 2323 fiunt
1758 2304 1773 2322 a
1786 2295 1870 2331 Deo),
1911 2290 1914 2291 ν

1074 2341 1122 2368 Sed
1140 2340 1207 2367 illud
1230 2340 1363 2367 auxilium
1387 2340 1589 2374 quaerentesde
1601 2347 1656 2375 quo
1675 2340 1743 2367 dixit
1768 2341 1839 2368 Deus
1861 2350 1869 2368 :

1074 2386 1132 2413 Non
1152 2390 1189 2412 est
1207 2386 1303 2412 bonum
1331 2386 1462 2412 hominem
1486 2393 1540 2412 esse
1563 2386 1661 2419 solum,
1688 2387 1819 2421 faciamus
1845 2388 1873 2413 εἰ

1075 2432 1230 2467 adjutricem
1242 2433 1308 2459 sicut
1323 2432 1419 2466 ipsum.
1435 2431 1463 2458 Si
1480 2439 1546 2466 ergo
1570 2440 1624 2459 non
1636 2437 1679 2459 est
1692 2432 1795 2459 bonum
1815 2433 1870 2460 ho—

1078 2479 1180 2506 minem
1196 2485 1256 2506 esse
1272 2478 1371 2511 solum,
1391 2478 1540 2513 quomodo,
1565 2486 1627 2506 cum
1643 2479 1679 2506 sit
1701 2479 1784 2511 Deus,
1805 2479 1872 2507 fecit

1079 2525 1190 2560 aliquod
1209 2533 1278 2560 opus
1294 2533 1350 2551 non
1365 2525 1490 2552 bonum?
1511 2524 1656 2557 Quomodo
1675 2530 1768 2552 autem
1787 2525 1871 2559 paulo

1078 2577 1140 2598 ante
1154 2579 1264 2606 quoque
1279 2570 1384 2597 dictum
1397 2574 1439 2597 est
1452 2580 1458 2596 :
1472 2570 1508 2597 Et
1518 2570 1582 2597 vidit
1596 2571 1665 2597 Deus
1681 2571 1771 2598 omnia
1798 2571 1877 2606 quw—'

1079 2626 1180 2653 cunque
1193 2618 1262 2653 fecit,
1276 2622 1299 2644 et
1311 2625 1368 2643 ecce
1380 2616 1458 2644 ualde
1468 2616 1551 2643 bona?
1560 2615 1705 2649 Quomodd
1717 2625 1784 2652 ergo
1795 2617 1873 2645 solus

1083 2663 1166 2690 homo
1177 2671 1232 2690 non
1245 2663 1354 2690 bonus?
1375 2662 1519 2695 Quomodo
1540 2667 1631 2690 autem
1646 2670 1721 2690 nunc
1739 2663 1806 2690 dicit
1826 2671 1872 2690 so-

1079 2711 1139 2737 lum
1159 2718 1219 2738 esse
1233 2710 1390 2737 hominem?
1408 2709 1524 2742 Quando
1537 2709 1611 2736 enim
1634 2709 1684 2736 fuit
1708 2709 1868 2739 fabricatus.

1083 2755 1239 2782 audivimus
1253 2754 1422 2789 Scriptorein
1442 2754 1578 2781 dicentem
1595 2762 1602 2780 :
1619 2753 1687 2779 Deus
1705 2753 1764 2787 fecit
1785 2754 1871 2779 homi—

1083 2810 1154 2833 nem,
1181 2801 1215 2828 ad
1232 2800 1280 2827 Dei
1302 2801 1445 2835 imaginem
1468 2799 1528 2834 fecit
1557 2800 1653 2834 ipsum,
1675 2798 1820 2826 masculum
1845 2803 1870 2824 et

1335 2890 1452 2921 “Eccli.
1469 2901 1522 2927 xix,
1542 2892 1569 2919 ‘2.
1610 2892 1631 2908 ³⁸
1648 2891 1741 2920 Ecclc.
1760 2898 1807 2924 vit,
1824 2888 1868 2916 29.
