1980 3248
84 219 140 252 9ίὲ3

623 216 665 248 IN
686 215 961 249 HEXAEMERON.
975 232 1010 237 -
1027 219 1153 250 LIB.IX

1666 220 1718 252 91M

82 286 211 313 feminam
239 283 299 318 fecit
316 292 369 316 eos,
393 289 416 310 et
432 283 562 310 benedixit
578 283 713 315 ambobus,
729 287 757 310 et
773 283 877 310 consti-
891 288 914 316 Α
964 285 1110 319 Quomodo
1134 291 1225 314 autem
1249 287 1275 314 ci
1301 286 1331 314 tit
1357 286 1496 322 adiutrix,
1520 287 1595 314 audi.
1620 287 1718 315 Statim

81 331 136 358 tuit
151 337 200 357 eos
222 329 362 365 principes
374 329 497 356 omnium
512 336 573 364 quae
592 333 657 355 sunt
671 336 754 363 super
767 336 877 356 omnem

85 381 203 403 terram.

115 423 150 449 Et
168 430 266 449 rursus
276 425 373 457 postea
385 420 460 448 dedit
471 420 512 448 eis
524 424 689 455 praeceptum
701 420 727 447 in
738 420 875 455 paradiso,

80 475 107 496 ut
126 470 298 496 uescerentur
321 475 353 494 ea:
367 468 439 493 omni
455 466 525 501 ligno
541 475 550 494 :
566 467 641 501 ligno
655 471 758 498 autem,
776 466 875 501 inquit,

80 513 269 549 cognoscendi
291 513 394 539 bonum
418 516 445 539 et
468 512 569 538 malum
598 520 633 539 ne
656 512 817 544 vescamini,
842 518 877 538 ne

83 559 253 587 moriamini.
277 559 342 585 Post
357 558 415 585 haec
432 558 525 584 omnia
546 557 614 584 dicit
628 565 683 584 non
701 565 761 585 esse
773 558 876 590 bonum

83 606 224 632 hominem
234 612 295 631 esse
314 605 402 631 solum
417 612 424 630 :
441 603 580 630 Faciamus
599 604 622 630 ei
637 603 796 638 adiutricem
810 603 877 629 sicut

82 646 178 684 ipsum.
201 649 275 676 Dicis
294 648 360 675 mihi
381 648 473 675 animo
489 648 541 675 hoc
554 655 615 675 esse
638 647 831 682 repetitionem
849 651 877 675 et

83 698 111 723 iu
134 703 272 722 summam
298 695 487 721 collectionem
512 701 608 722 eorum
626 701 688 729 qua:
709 694 786 728 prius
803 694 877 721 dicta

83 746 166 773 sunt;
188 746 217 768 et
234 740 330 768 Adami
347 745 376 767 et
390 740 452 767 Eva:
464 740 509 775 qui
527 741 582 775 iam
600 739 665 767 facti
682 744 761 766 erant
775 739 809 766 ad
827 739 876 767 Dei

84 788 250 822 imaginem,
272 787 400 814 subtilior
424 787 556 823 narratio.
588 786 732 814 Terribilis
763 786 875 821 quidem

84 840 179 859 sermo
197 841 204 858 :
229 832 279 858 Pro
301 832 402 859 Christo
421 832 495 859 enim
508 837 536 859 ct
548 832 671 859 Ecclesia
689 832 784 866 fungar
807 832 879 866 lcga-

85 881 156 905 lione
182 879 207 894 "
229 884 257 905 et
279 879 363 913 iusto.
384 877 536 912 Oportebat
560 878 632 904 cuitu
660 878 791 904 adnotare
815 885 877 904 cum

88 932 186 959 magna
207 928 233 950 et
255 923 389 958 profunda
416 923 581 955 attentione,
605 923 678 958 quod
704 931 759 950 non
775 924 808 950 de
825 931 879 950 una

84 970 178 1004 aliqua
201 976 317 1004 persona
340 968 406 995 dicit
424 969 496 1007 Deus
512 977 519 994 :
534 967 592 995 Non
608 968 703 994 bonum
721 976 776 994 esse
790 968 876 994 homi-

86 1024 147 1041 nem
169 1023 224 1041 esse
247 1014 352 1047 solum;
374 1013 422 1041 sed
444 1013 564 1041 uniendo
578 1017 606 1040 et
619 1013 878 1048 comprehendendo

86 1060 120 1087 de
138 1061 266 1087 universa
291 1064 388 1086 natura
402 1059 555 1086 hominum.
574 1058 633 1086 Non
654 1059 726 1086 enim
742 1059 811 1086 dixit
826 1059 877 1094 hy-

87 1105 253 1141 postaticum
282 1108 330 1131 aut
353 1105 499 1139 personale
525 1105 663 1140 singulare
688 1113 800 1136 nomen,
827 1105 875 1132 sed

87 1157 174 1179 totum
193 1155 279 1186 genus
298 1151 449 1177 humanum
466 1151 611 1185 signiﬁcat,
630 1151 726 1178 dicens
742 1160 748 1177 :
766 1151 825 1178 Non
839 1154 877 1177 est

86 1197 182 1224 bonum
200 1197 343 1227 hominem,
356 1203 411 1222 esse
430 1194 527 1227 solum,
544 1196 673 1230 faciamus
687 1195 710 1222 ei
727 1195 877 1230 adjutorem

87 1245 152 1270 sicut
166 1243 255 1278 ipsum
266 1250 276 1269 ,θ
289 1242 341 1268 hoc
354 1246 405 1273 est,
420 1246 507 1268 totum
527 1241 643 1273 homini,
665 1245 751 1268 totum
768 1241 874 1276 generi,

89 1294 176 1316 totum
191 1294 299 1315 naturae
312 1288 448 1314 humanm.
461 1287 544 1321 quue
557 1292 599 1314 est
612 1287 675 1313 hinc
690 1287 875 1321 perspicuum.

87 1334 202 1368 Quando
220 1334 294 1360 cuitu
312 1333 423 1360 volebat
443 1332 533 1359 facere
560 1332 705 1363 diluvium,
730 1332 876 1359 audiamus

87 1381 258 1415 Scripturam
283 1379 420 1406 dicentem
445 1388 451 1405 :
477 1379 511 1405 Et
538 1379 657 1412 paenituit
683 1377 767 1404 Deum
789 1378 878 1412 fecisse

86 1426 239 1459 hominem,
262 1426 316 1452 hoc
334 1431 386 1457 est,
406 1429 492 1452 totum
516 1432 612 1459 genus.
635 1425 669 1451 Et
690 1431 805 1450 rursus:
825 1423 877 1450 De-

87 1469 143 1498 lebo
163 1462 295 1497 hominem
313 1478 390 1505 quem
410 1470 469 1504 feci.
493 1469 527 1496 Et
547 1477 666 1496 rursus:
687 1468 821 1496 Ιηειὶηαια
839 1473 878 1495 est

87 1515 201 1542 hominis
222 1515 347 1548 cogitatio
371 1514 405 1540 ad
423 1513 506 1540 ntala.
522 1513 665 1546 Quomodo
687 1521 753 1548 ergo
775 1513 877 1540 easdem

87 1568 170 1587 voces
193 1564 258 1587 sunt
273 1560 307 1587 de
329 1564 385 1587 toto
401 1567 501 1594 genere
516 1559 647 1590 humano,
669 1559 706 1585 ita
731 1559 815 1586 etiam
832 1559 878 1586 illa

86 1615 147 1641 qua:
158 1606 226 1632 dicit
236 1615 242 1632 :
252 1605 311 1632 Non
324 1599 420 1632 hortum
435 1610 472 1631 est
487 1605 618 1632 hominem
630 1613 683 1631 esse
692 1604 793 1637 solum,
805 1605 878 1633 dicta

86 1657 128 1679 est
145 1652 173 1679 in
185 1652 345 1679 universum
359 1652 497 1679 hominem
509 1651 662 1678 :Faciamus
681 1651 704 1677 ei
722 1651 880 1686 adjutricem

86 1700 152 1725 sicut
168 1700 266 1733 ipsum.
287 1699 392 1724 Rursus
414 1698 548 1724 adhortor
571 1697 697 1725 Judaeum
713 1702 741 1724 et
754 1697 879 1725 Grmcum

87 1752 136 1770 seu
160 1744 293 1779 gentilem
316 1747 346 1770 ιιι
368 1748 474 1778 qumrat
497 1747 525 1770 et
549 1743 690 1778 possideat
707 1743 879 1778 illam.adiu-

87 1791 186 1817 tricem
211 1798 294 1824 quam
319 1790 392 1817 Deus
416 1789 536 1823 fecitad
558 1789 699 1816 ferendam
726 1797 805 1824 opem
829 1789 880 1816 toti

86 1836 184 1870 generi
198 1836 341 1862 hominum
353 1844 359 1862 ε
370 1835 534 1870 adiutricem
547 1843 600 1862 non
613 1836 705 1863 carnis
714 1839 743 1863 et
752 1836 879 1870 volupta-

88 1882 133 1913 tis,
152 1890 210 1908 non
234 1881 348 1908 seminis
364 1885 391 1908 et
409 1881 566 1916 sanguinis;
586 1881 749 1916 adiutricem
769 1885 797 1908 et
811 1889 878 1908 con-

85 1928 191 1963 iugem,
214 1931 243 1953 et
274 1935 334 1961 qua:
359 1934 533 1962 nequaquam
560 1926 613 1954 fuit
636 1927 802 1959 insidiatrix,
831 1926 880 1954 sed

87 1972 230 2004 salutaris,
258 1972 305 1999 sed
331 1972 530 2005 conservatrix,
562 1972 610 1999 sed
636 1973 806 2005 illuminans,
831 1972 879 1999 sed

89 2018 233 2049 benevola,
248 2022 358 2052 peccata
374 2026 502 2053 purgans,
515 2026 570 2045 non
592 2018 706 2050 faciens,
720 2018 748 2045 in
766 2026 880 2053 regnum

86 2063 135 2090 Dei
153 2063 346 2093 introducens,
372 2070 426 2089 non
440 2071 473 2089 ex
495 2070 528 2090 eo
548 2063 698 2097 expellens,
717 2063 880 2098 adiutricem

87 2116 151 2141 qua:
174 2107 249 2142 parit
273 2107 344 2135 ﬁlios
363 2108 427 2134 vitae
453 2111 481 2134 et
512 2107 637 2134 hteredes
661 2107 725 2134 vita:
749 2112 878 2141 aeternae;

87 2153 254 2188 adiutricem
271 2160 332 2186 qum
348 2160 461 2187 magnos
481 2152 563 2179 edicit
588 2153 738 2186 apostolos,
762 2158 790 2180 et
812 2152 880 2180 facit

87 2198 254 2234 publicanos
276 2199 457 2233 evangelistas
472 2199 624 2233 theologos,
649 2198 796 2233 redditque
821 2207 881 2226 me-

87 2245 206 2275 retrices
227 2243 383 2279 virginibus
404 2245 594 2277 honestiores;
622 2244 786 2279 adiutricem
820 2252 881 2279 qua:

927 333 1002 359 enim
1024 333 1176 367 subiunxit,
1193 333 1287 360 dicens
1302 342 1308 359 :
1325 332 1360 359 Et
1390 333 1469 367 ﬁnxit
1487 334 1571 359 adimo
1587 341 1619 360 ex
1644 340 1717 361 terra

927 377 1055 405 Dominus
1072 378 1141 404 Deus
1158 387 1247 405 omnes
1265 379 1359 405 bestias
1374 379 1442 414 agri,
1458 382 1482 404 et
1495 387 1585 405 omnes
1601 379 1717 406 volucres

927 423 1003 455 cazlt';
1014 428 1038 450 et
1056 432 1099 450 cas
1115 424 1225 451 adduxit
1237 425 1272 451 ad
1283 425 1425 455 Adamum,
1439 429 1467 451 ut
1483 425 1579 451 videret
1593 426 1717 459 quidnam

927 473 1033 509 uocaret
1048 478 1089 496 ea.
1111 470 1146 496 Et
1171 478 1247 497 omne
1261 470 1329 505 quod
1353 471 1452 497 vocavit
1475 471 1530 505 ipse
1546 471 1631 497 Adam
1657 473 1716 498 ani-

928 523 1000 542 mam
1027 516 1164 548 viventem,
1191 516 1238 542 hoc
1262 521 1300 542 est
1322 524 1415 542 nomen
1440 524 1543 548 earum,
1572 520 1596 542 et
1619 518 1718 545 vocavit

928 561 1014 587 Adam
1029 562 1137 587 nomina
1152 562 1415 595 omnibusjumentis,
1434 566 1458 588 et
1473 562 1592 588 omnibus
1605 562 1718 589 volucri-

929 606 975 632 bus
993 606 1059 638 caeli,
1072 611 1096 632 et
1110 607 1228 633 omnibus
1248 607 1335 634 bestiis
1353 609 1420 642 agri.
1435 608 1494 634 Non
1506 609 1614 643 exigua,
1631 617 1718 643 neque

928 650 997 678 levis
1018 657 1061 678 est
1082 651 1109 678 in
1135 652 1169 678 iis
1193 660 1254 686 quas
1279 656 1343 678 sunt
1372 653 1514 687 proposita
1535 654 1718 681 contradictio

928 695 1002 730 apud
1034 696 1210 730 interpretes.
1237 697 1304 724 Nam
1327 697 1373 724 alii
1402 698 1513 732 quidem
1538 699 1633 725 eadem
1660 707 1719 725 csso

929 739 1026 782 dicunt
1049 741 1106 768 hac
1128 748 1156 769 et
1181 742 1268 777 prima
1292 743 1452 775 animantia,
1466 749 1494 770 et
1511 744 1613 771 bestias
1629 748 1657 770 et
1673 753 1714 771 vo-

929 787 1029 814 lucres.
1048 787 1101 815 Alii
1115 793 1221 820 autent,
1243 790 1440 817 convenienter
1464 791 1488 817 ei
1515 791 1561 825 qui
1583 791 1650 818 dicit
1667 800 1673 817 :
1693 791 1719 818 St

930 841 981 868 qua
1000 835 1028 860 in
1048 833 1152 861 Christo
1175 843 1242 862 nova
1262 841 1386 862 creatura
1408 837 1441 869 ³⁷,
1465 836 1562 863 dicunt
1586 844 1635 871 per
1661 837 1720 863 haec

929 879 1040 914 pra'dici
1055 880 1175 906 secunda
1189 885 1217 906 et
1229 881 1291 910 alia,
1306 888 1404 915 nempe
1415 881 1540 907 diversas
1552 886 1646 915 gentes
1658 889 1719 916 qua:

930 926 958 951 in
973 924 1094 951 Ecclesia
1117 929 1286 959 congregatae
1301 929 1367 951 sunt
1383 925 1417 951 ad
1438 926 1535 952 Deum.
1552 925 1581 951 In
1600 926 1651 952 hac
1669 933 1719 952 au—

933 975 988 997 tem
1004 970 1141 997 sententia
1156 975 1198 997 est
1217 969 1301 997 etiam
1317 970 1364 997 ille
1379 970 1407 996 in
1423 970 1561 1004 theologia
1573 969 1721 998 celeberri-

932 1023 993 1042 mus
1007 1015 1172 1042 Eustachius
1184 1015 1362 1042 concionator
1377 1019 1406 1041 et
1419 1020 1534 1050 martyr,
1553 1020 1581 1042 et
1595 1023 1720 1043 summus

931 1060 1026 1087 doctor
1043 1059 1138 1095 synodi
1152 1059 1278 1090 Nicaeum,
1296 1059 1341 1086 cui
1356 1067 1440 1094 pareo
1455 1064 1483 1086 et
1504 1067 1585 1094 quem
1603 1068 1721 1094 sequor.

932 1110 961 1133 ut
977 1114 991 1133 a
1004 1106 1064 1133 'Deo
1080 1105 1199 1132 alllatum
1217 1112 1381 1132 curatorem.
1405 1105 1498 1133 Multis
1512 1106 1586 1133 enim
1611 1106 1700 1134 modis
1711 1127 1720 1138 ,

931 1153 971 1180 ait
988 1152 1034 1180 ille
1053 1152 1145 1184 Pater,
1165 1152 1285 1178 discerni
1311 1156 1400 1186 potest
1416 1152 1515 1178 horum
1538 1152 1721 1180 animantium

931 1203 960 1226 et
977 1199 1120 1226 volucrum
1138 1198 1295 1225 differentia
1313 1202 1341 1224 et
1365 1197 1571 1225 dissimilitudo.
1594 1198 1721 1225 Primum

931 1252 980 1279 per
996 1244 1058 1275 hoc,
1073 1244 1146 1278 quod
1163 1244 1233 1270 dixit
1252 1252 1257 1270 :
1274 1243 1396 1277 Etﬁnxil
1410 1243 1537 1270 Dominus
1550 1244 1619 1270 Deus
1635 1244 1721 1270 adhuc

931 1298 962 1316 ea;
975 1294 1056 1317 terra.
1069 1290 1128 1317 Non
1137 1290 1210 1317 enim
1223 1290 1378 1317 invenimus
1388 1290 1436 1316 Dei
1447 1291 1548 1324 plasma
1561 1290 1592 1316 ad
1607 1290 1722 1324 figmen-

932 1339 990 1362 tum
1007 1334 1059 1361 nisi
1077 1334 1226 1361 hominem.
1245 1334 1351 1361 Rursus
1362 1342 1411 1368 per
1428 1333 1480 1360 hoc
1495 1334 1568 1368 quod
1579 1334 1661 1369 904.
1678 1334 1723 1361 di-

931 1380 969 1408 cit
983 1389 989 1406 :
1003 1381 1104 1412 Adhuc,
1122 1379 1242 1406 ostendit
1261 1379 1414 1414 Scriptura,
1441 1380 1564 1414 qumdam
1593 1381 1637 1407 hic
1669 1381 1723 1409 alia

931 1425 1040 1461 praedici
1065 1426 1214 1452 animantia
1234 1430 1262 1452 et
1275 1426 1401 1452 volucres
1424 1431 1524 1460 praeter
1539 1426 1642 1461 priora.
1662 1426 1723 1454 Non

931 1471 1004 1499 enim
1028 1472 1159 1506 scriptum
1187 1476 1229 1498 est
1252 1471 1355 1505 primas
1375 1472 1502 1498 volucres
1527 1472 1632 1505 genitas
1659 1480 1722 1499 esse

932 1525 965 1545 ex
990 1522 1073 1550 terra,
1100 1517 1148 1544 sed
1173 1525 1205 1544 ex
1231 1517 1320 1552 aquis.
1349 1517 1395 1544 llae
1410 1522 1502 1544 autem
1526 1517 1624 1552 genita:
1656 1522 1723 1546 sunt

932 1570 965 1590 ex
989 1566 1071 1594 terra,
1086 1562 1141 1588 imo
1153 1569 1217 1588 vero
1230 1569 1311 1588 manu
1323 1561 1433 1596 propria
1452 1561 1521 1588 ﬁctae
1533 1565 1598 1588 sunt
1615 1569 1630 1588 a
1647 1562 1704 1588 Deo
1714 1582 1722 1595 ,

932 1612 961 1635 et
978 1614 1034 1634 non
1055 1608 1144 1642 jussu.
1163 1606 1295 1634 Similiter
1311 1610 1338 1633 et
1356 1614 1405 1641 per
1421 1606 1473 1633 hoc
1484 1607 1556 1641 quod
1574 1606 1643 1633 dicit
1665 1615 1724 1633 om-

933 1652 984 1680 n'es
996 1653 1133 1684 volucres,
1157 1657 1185 1680 et
1199 1660 1294 1679 omnes
1317 1652 1420 1678 bestias
1445 1660 1519 1679 nunc
1540 1660 1554 1679 a
1581 1653 1636 1678 Deo
1662 1660 1723 1680 esse

934 1699 1022 1731 ﬁctas,
1046 1706 1100 1725 non
1129 1698 1175 1725 dat
1191 1698 1282 1724 locum
1297 1697 1405 1724 dicendi
1421 1697 1495 1732 quod
1518 1698 1596 1732 prius
1610 1697 1723 1732 quidem

933 1744 1012 1771 factae
1025 1747 1099 1776 sunt,
1117 1751 1193 1770 nunc
1205 1748 1297 1770 autem
1317 1751 1390 1777 pars.
1406 1743 1483 1771 Unde
1500 1751 1550 1770 nec
1574 1744 1601 1770 iu
1621 1743 1665 1770 his
1684 1743 1724 1771 eis

934 1790 1084 1824 quidquam
1100 1789 1225 1824 prmcipit
1233 1788 1305 1816 Deus
1316 1788 1350 1815 de
1363 1797 1412 1816 esu
1424 1789 1571 1816 seminum.
1582 1789 1649 1816 Nam
1663 1797 1725 1824 quae

935 1835 1130 1871 ingrediuntur
1160 1835 1317 1870 paradisum
1341 1835 1454 1862 herbam
1485 1843 1540 1862 non
1563 1835 1724 1866 comedunt,

934 1880 982 1908 sed
1004 1888 1085 1907 omne
1108 1880 1211 1914 lignum
1228 1880 1374 1914 pulchrum
1388 1879 1423 1906 ad
1447 1879 1606 1910 videndum,
1629 1883 1657 1905 et
1674 1878 1726 1906 bo-

935 1933 1000 1952 num
1020 1925 1055 1952 ad
1075 1925 1274 1951 comedendum
1293 1934 1298 1950 :
1321 1929 1350 1951 et
1368 1925 1485 1951 maxime
1500 1932 1534 1950 ex
1554 1925 1628 1959 ligno
1650 1925 1724 1957 vita,

934 1979 1034 2006 nempe
1045 1971 1164 2002 Christo,
1173 1970 1219 2005 qui
1235 1970 1292 1997 haec
1305 1977 1414 2004 quoque
1430 1970 1550 1996 viviticat
1562 1969 1723 1997 Animantia.

934 2017 1025 2050 Quare
1050 2016 1105 2043 dici
1139 2020 1230 2050 potest
1255 2016 1328 2050 quod
1354 2015 1396 2042 hac
1424 2015 1518 2042 bestiae
1538 2020 1602 2042 sunt
1628 2019 1724 2049 gentes

934 2061 1139 2093 ecclesiastica,
1168 2069 1229 2096 quae
1255 2061 1283 2088 in
1314 2060 1436 2087 Ecclesia
1463 2068 1478 2087 a
1499 2061 1554 2086 Dco
1578 2065 1642 2087 sunt
1659 2069 1725 2087 con-

935 2112 1068 2142 gregatae;
1082 2108 1124 2134 vel
1140 2106 1212 2141 quod
1226 2114 1360 2140 equorum
1377 2110 1404 2133 et
1415 2113 1495 2133 suum
1512 2109 1540 2132 et
1556 2106 1724 2132 camelorum

934 2158 963 2180 et
986 2153 1078 2179 ovium
1109 2152 1246 2179 stabulum
1275 2151 1357 2178 hodie
1383 2155 1425 2178 est
1450 2150 1604 2185 paradisus.
1629 2151 1724 2185 Neque

926 2198 1111 2226 contenderis
1126 2207 1132 2224 :
1146 2205 1207 2224 nam
1221 2202 1251 2238 ut
1262 2197 1378 2224 maxime
1388 2195 1547 2227 contendas,
1563 2204 1616 2222 non
1629 2201 1724 2222 osten-

935 2244 1010 2272 deris
1032 2243 1104 2278 quod
1128 2251 1159 2270 ea
1182 2243 1309 2270 animalia
1333 2248 1440 2276 egressa
1463 2244 1527 2267 sunt
1547 2248 1562 2267 e
1580 2240 1722 2274 paradiso,

86 2290 212 2317 viviﬁcat
236 2294 370 2321 mortuos,
386 2294 414 2316 ct
435 2291 532 2317 urbem
547 2296 627 2317 teme
642 2290 743 2317 excitat
756 2298 790 2317 ex
807 2299 881 2317 mor-
897 2300 918 2327 ι)
935 2298 969 2316 ex
989 2297 1044 2324 quo
1066 2289 1110 2316 die
1124 2297 1155 2315 ea
1177 2287 1330 2314 introduxit
1343 2291 1371 2313 et
1382 2286 1557 2320 congregavit
1578 2286 1721 2312 Dominus.

88 2335 241 2363 tiﬁcatione
261 2335 437 2368 idololatriae;
462 2335 625 2370 adiutricem
641 2335 784 2367 invictam,
801 2335 880 2370 adju—

88 2381 189 2408 tricem
211 2380 467 2415 inexpugnabilem,
493 2381 657 2415 adiutricem
682 2381 814 2409 certando
837 2381 880 2408 in-

89 2425 279 2460 superabilcm
301 2429 328 2452 et
356 2425 510 2452 infractam.
537 2425 634 2452 Omnia
667 2434 760 2461 regna,
786 2434 882 2453 omnes

91 2471 252 2506 progenies,
270 2478 366 2498 omnes
378 2471 477 2502 tribus,
493 2474 520 2497 et
535 2478 631 2498 omnes
645 2471 744 2506 linguae
758 2471 880 2506 gentium

89 2517 125 2543 sb
136 2524 168 2542 ea
186 2519 253 2542 sunt
266 2519 390 2542 servatae.
403 2514 463 2548 Ipsa
476 2514 599 2548 iacentes
610 2515 709 2546 erexit,
726 2514 784 2548 ipsa
800 2520 866 2541 cura

89 2563 131 2588 vit
147 2561 288 2599 inﬁrmus,
303 2561 359 2594 ipsa
375 2561 510 2587 recreavit
534 2565 701 2587 creaturam.
719 2559 752 2586 Et
768 2559 830 2586 ideo
849 2557 884 2585 de

91 2609 150 2641 ipsa
164 2609 234 2634 dixit
248 2605 381 2634 Dominus
394 2607 477 2638 Deus.
489 2607 523 2634 de
532 2606 668 2639 Ecclesia,
682 2606 792 2641 inquam
806 2613 813 2632 :
825 2605 884 2633 Non

92 2659 131 2682 est
142 2655 242 2682 bonum
258 2653 389 2680 hominem
404 2662 461 2681 esse
471 2654 568 2681 solum.
587 2654 618 2680 Et
630 2658 775 2688 propterea
785 2653 809 2680 ei
822 2653 884 2680 uni-

93 2707 139 2728 tus
156 2705 202 2728 est
226 2699 297 2727 Deus
312 2699 446 2730 Verbum.
471 2705 569 2727 utnon
598 2701 634 2727 sit
657 2701 775 2735 amplius
800 2699 885 2726 homo

94 2747 184 2780 solus,
200 2746 248 2773 sed
261 2754 322 2773 cum
332 2746 389 2773 Deo
400 2751 484 2775 totus.
497 2754 551 2773 non
564 2746 652 2773 solum
664 2746 692 2773 in
705 2753 757 2772 una
773 2745 884 2778 quidem

94 2793 252 2828 hypostasi.
271 2792 318 2819 sed
333 2793 415 2819 etiam
433 2792 542 2827 quando
559 2792 584 2819 ei
604 2799 652 2826 per
668 2791 800 2818 virtutem
824 2791 886 2818 uni-

94 2843 150 2866 tur.
165 2837 314 2865 Faciamus
331 2838 354 2865 ei
373 2838 533 2872 adiutricem
549 2838 619 2865 sicut
636 2838 736 2872 ipsum.

125 2909 182 2940 ⁸⁸11
197 2910 262 2938 Cor.
277 2919 305 2944 v,
317 2911 369 2945 20;
386 2912 482 2946 Ephes.
504 2920 542 2944 vi,
559 2913 602 2941 20.
643 2911 663 2927 ³⁷
684 2912 706 2938 ll
727 2911 790 2939 Cor.
803 2920 831 2945 v,
857 2912 900 2939 Π.

932 2335 966 2362 Et
981 2335 1003 2361 si
1019 2334 1136 2361 haberes
1149 2334 1253 2364 oculos,
1269 2337 1297 2359 et
1307 2339 1362 2359 non
1375 2331 1533 2366 impositum
1546 2336 1617 2358 esset
1633 2331 1722 2357 velum

932 2380 1092 2415 ignorantiae
1113 2387 1196 2414 super
1220 2379 1329 2409 faciem,
1355 2377 1474 2407 videres,
1492 2377 1515 2403 si
1540 2377 1635 2406 velles,
1658 2384 1725 2402 con—

932 2431 1056 2460 gregatas
1071 2425 1120 2452 has
1134 2425 1236 2452 bestias
1250 2424 1305 2459 agri
1320 2423 1487 2450 unanimiter
1498 2422 1532 2449 ad
1552 2422 1724 2456 spiritualcm

933 2471 1068 2498 Adamum
1098 2478 1111 2496 a
1126 2470 1183 2496 Deo
1210 2477 1270 2496 esse
1290 2470 1471 2499 introductus,
1488 2475 1547 2502 qum
1576 2468 1640 2494 olim
1664 2467 1725 2501 qui-

933 2516 994 2543 dem
1009 2515 1060 2542 fuit
1072 2516 1167 2547 leama,
1184 2514 1349 2545 Chaldmam,
1365 2522 1425 2549 quae
1439 2514 1504 2540 olim
1523 2521 1588 2540 vero
1602 2513 1702 2547 pardus
1714 2532 1722 2545 ,

932 2561 1128 2589 Macedoniam.
1144 2561 1197 2587 Has
1212 2561 1284 2587 enim
1297 2560 1345 2587 tibi
1358 2560 1459 2587 bestias
1472 2559 1618 2594 appellavit
1641 2559 1723 2585 etiam

932 2607 1029 2635 Daniel
1049 2607 1082 2634 ".
1109 2607 1165 2634 Nec
1183 2607 1233 2633 has
1245 2606 1347 2638 solum,
1374 2606 1421 2633 sed
1448 2607 1532 2632 etiam
1562 2605 1723 2638 elephantes

932 2653 1087 2687 Ethiopcs,
1104 2658 1132 2680 et
1149 2653 1284 2680 dracones
1299 2652 1458 2684 Thebaidis,
1473 2657 1499 2678 et
1513 2651 1623 2686 aspicies
1639 2649 1718 2685 JEgy-

932 2699 984 2734 pti,
1009 2703 1037 2726 et
1058 2699 1152 2726 leones
1166 2698 1323 2732 Babylonis,
1336 2702 1364 2725 et
1379 2698 1459 2732 lupos
1470 2697 1587 2728 Arabiae,
1607 2700 1635 2723 et
1649 2701 1723 2722 stru—

933 2743 1112 2771 thiocamclos
1124 2748 1152 2771 et
1163 2751 1280 2779 onagros
1299 2743 1444 2778 Cyremeos
1460 2751 1467 2769 :
1486 2743 1527 2769 hac
1542 2747 1637 2768 omnes
1659 2743 1722 2766 sunt

933 2797 1007 2816 unus
1018 2797 1083 2823 grex
1098 2789 1247 2815 bestiarum
1259 2796 1320 2823 qua:
1335 2788 1448 2815 aluntur
1471 2786 1499 2812 in
1524 2786 1581 2819 ipsa
1599 2782 1720 2810 Ecclesia

933 2835 1078 2871 adiutrice.
1091 2835 1128 2861 De
1144 2839 1243 2861 caetero
1260 2834 1363 2868 aspice,
1380 2832 1483 2864 Judaee,
1500 2829 1648 2862 ctvide,ct
1663 2828 1720 2855 noli

938 2912 960 2928 ⁸⁸
980 2912 1048 2939 Dan.
1070 2919 1115 2944 vn,
1133 2912 1246 2946 passim.
