1990 3183
261 196 314 228 995

862 197 892 225 Ξ.
915 193 1111 224 ANASTASII
1132 193 1292 222 SINMTA‘.

1832 199 1884 229 91ῑὲ

260 255 396 288 perpetuo
418 252 556 279 caecutire.
583 252 712 287 Ingressa’
724 251 811 277 bestia:
827 250 873 276 sub
892 254 988 275 tectum
1012 248 1044 278 ’9,
1062 253 1081 276 A
1097 245 1159 271 dem
1172 245 1304 280 scriptum
1319 250 1361 272 cst
1375 254 1380 271 :
1398 245 1537 272 Faciamus
1551 247 1680 275 hominem
1693 249 1728 276 ad
1742 251 1885 287 imaginem

261 302 291 324 nt
306 297 373 324 dicit
390 298 442 325 Job
461 307 466 324 :
489 298 617 332 Ingresso:
634 302 706 329 sunt.
729 303 753 324 et
771 305 820 322 non
846 301 907 322 sunt
925 302 1042 329 egressat.

242 343 388 378 .Agrestes
412 342 486 369 enim
502 343 566 369 fera:
584 350 678 377 pacem
698 345 827 376 egerunt,
843 341 898 367 Deo
915 341 1042 367 dicente:

261 388 417 414 Benedicent
445 397 484 414 me
501 397 589 414 omnes
610 389 697 414 bestim
719 388 786 422 agri,
810 388 908 413 sit-cnes
935 390 957 412 et
979 385 1044 419 ﬁlia:

258 434 534 462 struthiocamelorum
566 434 603 459 ‘°:
629 434 758 468 quoniam
783 441 849 459 meae
873 437 936 458 sunt
949 440 1044 458 omnes

259 481 353 508 bestia:
369 484 436 515 agri,
451 485 478 506 et
491 488 586 506 omnes
602 480 727 506 volucres
741 478 802 506 θαιΙί
814 479 847 505 ⁸⁸.
857 478 938 513 Aperi
962 486 1043 504 aures

260 531 329 556 tuas.
351 530 379 553 et
405 534 439 553 ne
455 526 491 552 sis
510 526 609 552 surdus
631 526 701 552 sicut
718 525 800 560 aspis,
813 534 872 559 qua:
889 533 943 551 non
959 533 1042 551 exau-

258 571 316 598 diet
330 579 425 598 vocent
448 571 612 598 incantantis
628 572 659 598 δ’.
677 572 779 602 Bestia,
797 572 848 598 ltoc
866 571 913 598 tibi
934 571 1041 606 loquor.

257 616 358 647 Bestia,
376 617 424 642 tibi
441 624 518 642 cano.
535 617 634 648 Bestia,
651 617 711 643 volo
729 622 753 643 te
771 618 811 651 (ut
827 617 864 643 sis
880 617 949 647 ovis)
966 624 1043 642 inatt-

257 663 408 694 suefacere,
427 668 453 689 ct
469 663 524 689 Deo
543 671 713 689 consecrare.
732 664 830 689 Annon
847 668 872 689 te
887 663 979 697 pudet,
999 663 1043 690 dic

258 717 334 743 rogo,
355 709 426 743 quod
451 710 567 741 leonem,
586 714 612 736 et
625 710 748 741 leaenam,
766 714 793 736 et
811 717 915 739 ursum,
938 714 965 735 ct
980 717 1042 743 par-

257 754 334 786 dum,
359 760 386 781 et
402 755 559 786 draconem,
577 759 603 781 et
625 755 758 788 aspidem,
775 759 802 780 et
828 755 921 788 lupum
932 752 962 780 'ct
978 762 1044 780 ona-

256 807 334 833 grum
353 800 504 826 introduxit
520 800 546 826 in
567 800 722 834 paradisum
739 800 878 831 Ecclesia;
894 805 922 826 ut
937 800 1060 834 aleren—t

257 848 310 870 tur.
323 849 349 870 et
363 844 530 875 fruerentur,
546 849 574 871 et
597 853 625 870 se
645 845 787 878 explerent
800 844 908 870 deliciis
920 852 953 870 ex
968 844 1042 870 onttti
1056 838 1059 849 ³

255 888 329 922 ligno
340 889 465 922 pulchro,
479 893 506 914 et
519 889 688 918 ltetarentur.
702 894 729 915 ct
744 889 910 915 satiarenlur
922 897 954 915 ex
968 890 1042 924 ligno

1098 296 1232 323 nostram;
1255 291 1307 317 hoc
1323 295 1375 322 est,
1390 299 1424 317 ex
1438 292 1577 319 conttttuni
1594 301 1728 322 consensu
1741 296 1885 330 plenitudo

1097 337 1242 363 Trinitatis
1253 337 1321 364 dicit
1333 337 1400 364 illud
1413 346 1419 363 :
1430 337 1578 365 Faciamus.
1596 339 1729 368 Similiter
1745 342 1790 370 ltic
1801 344 1884 372 dicit:

1095 383 1154 410 Non
1173 383 1267 409 bonum
1292 388 1328 409 est
1365 384 1495 410 hominem
1515 393 1568 411 esse
1590 379 1687 419 solum,
1709 388 1840 422 faciamus
1863 395 1886 418 ei

1098 430 1255 464 mljutricent
1271 430 1337 456 sicut
1349 430 1432 464 ipsum
1444 438 1452 456 :
1462 430 1513 458 hoc
1524 436 1576 463 est,
1591 440 1605 458 a
1619 433 1673 459 Deo
1687 433 1797 462 factum.
1811 437 1886 469 Quo—

1097 476 1173 509 niam
1187 481 1278 502 autent
1295 476 1330 503 sit
1343 476 1399 502 hmo
1414 484 1428 503 a
1448 476 1503 503 Deo
1517 478 1578 504 ﬁcta
1596 478 1726 513 adjutrix,
1739 481 1802 508 audi
1820 488 1828 508 :
1849 482 1883 509 Et

1094 519 1173 552 ﬁnxit
1200 519 1327 545 Dominus
1348 519 1417 546 Deus
1439 521 1524 547 adhuc
1540 530 1572 548 ex
1591 526 1662 549 terra
1684 532 1773 551 omnes
1787 527 1884 554 bestius

1095 566 1164 599 agri,
1185 570 1208 591 et
1222 573 1310 591 omnes
1326 565 1441 592 volucres
1458 566 1525 593 creti.
1544 567 1606 594 llaec
1621 573 1662 595 est
1678 570 1809 605 adjutrix,
1826 572 1884 600 haze

1094 615 1136 637 est
1154 619 1229 645 grex,
1247 611 1304 638 Ιιωε
1322 615 1364 638 est
1382 617 1475 639 nostra
1495 613 1614 641 ferarum
1635 616 1782 644 animantia
1805 618 1885 653 adju-

1096 656 1148 682 trix
1163 656 1297 683 Ecclesia.
1308 657 1386 687 Nam.
1405 658 1476 685 sicut
1491 659 1559 686 dixit
1576 660 1647 687 Deus
1661 661 1818 690 :Fuciamus
1833 665 1883 690 Ita-

1095 701 1172 727 minis
1187 701 1352 735 mljutticem,
1365 703 1456 729 statim
1469 703 1552 730 etiattt
1568 705 1703 738 ejusmodi
1718 707 1882 742 adjutricem

1093 754 1108 773 a
1127 747 1182 773 Deo
1202 747 1290 774 ﬁctam
1302 749 1458 775 constituit.
1473 749 1505 776 Et
1516 750 1626 784 quando
1638 759 1652 778 e
1672 756 1745 779 terra
1758 754 1882 788 genitum

1094 792 1204 825 quidem
1218 793 1283 820 facit
1299 793 1450 826 hominem,
1468 802 1483 821 c
1497 799 1569 822 terra
1581 796 1698 829 genitus,
1713 802 1741 824 et
1757 798 1882 832 ejusdem

1094 838 1174 864 simul
1199 839 1276 873 cujus
1301 839 1358 873 ipse
1379 844 1422 866 est
1437 841 1563 867 essentia:
1582 841 1732 868 Eeelesiam
1749 843 1814 870 dicit
1832 852 1882 878 pa--

1094 883 1227 913 radisum.
1241 888 1267 910 et
1281 884 1416 919 lignorum
1430 885 1637 920 plantationem.
1657 887 1772 920 Quaado
1787 893 1880 916 autem

254 934 318 960 Vim
334 943 340 959 τ
365 939 392 960 οι
411 934 510 960 smus“
535 942 596 961 cum
617 935 692 966 τυπίδ,
705 943 767 961 cum
791 935 828 962 Sis
844 935 889 962 Dei
906 936 975 966 mis,
994 936 1040 970 qui
1059 924 1077 950 Β
1092 933 1167 954 creat
1180 936 1210 955 ac
1220 929 1370 956 fabricatur
1382 938 1441 956 eam
1453 939 1513 965 qua-
1525 931 1628 958 dicitur
1636 932 1701 963 vita,
1712 933 1880 967 ﬁugitetiam

254 979 330 1006 fuisti
353 980 503 1014 aliquando
524 989 671 1015 germanus
692 981 915 1016 primogenitus?
943 981 1040 1008 Bestia:

254 1029 319 1050 sunt
337 1025 476 1059 subjecta‘,
495 1030 521 1052 et
535 1026 664 1060 ingressae
676 1031 740 1053 sunt
754 1027 780 1053 in
795 1027 945 1058 stabulum,
962 1033 988 1053 et
1000 1032 1038 1063 tu,

253 1069 299 1102 qui
321 1068 441 1096 debebas
463 1077 526 1097 esse
550 1076 643 1104 pastor
662 1071 824 1103 bestiarum,
846 1072 956 1098 evasisti
984 1072 1041 1099 fera

253 1115 396 1149 agrestior.
418 1115 484 1142 Vide
509 1116 583 1142 enim
611 1117 682 1151 quod
706 1117 863 1151 signiﬁcans
886 1118 957 1145 Deus
980 1126 1040 1145 esse

252 1165 348 1193 gentes
371 1169 432 1195 quae
452 1162 575 1188 secundo
594 1162 655 1188 loco
677 1162 711 1188 ab
727 1171 761 1189 eo
779 1163 857 1189 facta:
870 1168 933 1190 sunt
949 1168 976 1190 et
991 1164 1039 1190 ad-

253 1204 342 1232 ducta:
363 1209 427 1232 sunt
441 1206 475 1232 ab
494 1207 598 1233 Adamn
622 1207 648 1233 in
670 1208 838 1242 paradisum,
857 1216 903 1235 eas
918 1209 1040 1235 nomina-

253 1251 291 1277 tit
317 1251 429 1283 bestias,
449 1251 544 1278 dicens
560 1259 609 1285 per
631 1252 795 1287 scriptorem
812 1262 817 1278 :
837 1253 871 1279 Et
895 1253 971 1287 ﬁnxit
988 1253 1041 1280 Do-

254 1298 340 1323 minus
358 1297 427 1323 Deus
446 1297 530 1323 adhuc
552 1306 583 1323 ea:
604 1302 674 1324 terra
694 1307 783 1325 omnes
805 1299 900 1326 bestius
928 1301 996 1335 agri,
1015 1304 1039 1326 et

251 1350 339 1368 omnes
353 1342 470 1368 volucres
483 1342 549 1368 cwli.
569 1343 678 1370 Fierine
692 1347 783 1377 potest
818 1349 847 1371 ιιι
866 1345 979 1371 omnino
994 1353 1040 1371 ve-

251 1388 308 1414 niat
324 1388 351 1414 itt
372 1393 491 1415 tnentent
510 1393 539 1414 ut
555 1389 638 1421 Deus,
657 1389 704 1423 qui
725 1389 891 1416 Cltcrubinis
916 1395 942 1417 et
957 1390 1038 1417 Sera-

252 1432 344 1466 pltinis
365 1438 407 1460 est
421 1433 681 1468 incotttentplabilis,
695 1441 723 1462 et
738 1435 1037 1470 incomprehensibilis,

251 1483 277 1505 et
293 1470 593 1514 inappropinquabilis,
621 1480 742 1507 cnicum
769 1485 841 1508 ntetu
866 1486 894 1508 et
920 1486 1038 1509 tremore

250 1533 348 1552 ontnes
364 1526 549 1560 intelligentes
559 1527 675 1553 virtutes
684 1527 788 1553 cultutn
800 1527 942 1560 exhibent,
956 1535 1037 1562 quem

251 1578 330 1596 nemo
345 1570 488 1597 hominum
507 1571 576 1597 vidit
595 1571 628 1604 ⁸³,
647 1579 738 1606 neque
765 1576 855 1606 potest
868 1571 961 1598 videre
979 1573 1038 1607 ejus
1052 1591 1073 1621 ϐ

249 1617 347 1643 facient
375 1621 402 1643 et
421 1617 524 1649 vivere,
549 1617 571 1644 is
593 1617 640 1651 qui
665 1625 748 1651 supra
771 1618 856 1644 cados
878 1623 906 1644 et
929 1625 1037 1645 onmem

250 1662 434 1697 principatum
448 1667 475 1689 et
491 1667 666 1697 potestatem,
685 1667 727 1689 est
743 1662 813 1697 ignis
827 1670 993 1689 consumens
1004 1663 1036 1695 δ’,

247 1714 361 1742 accepta
376 1709 469 1735 ‘l‘ortna
492 1709 644 1743 equisonis,
662 1717 759 1743 equos,
785 1709 831 1735 sed
853 1714 880 1736 et
907 1710 987 1744 lupos
1010 1714 1038 1736 et

250 1753 367 1780 eatttelos
388 1754 517 1780 manibus
537 1753 648 1780 trahens
663 1754 750 1780 instar
771 1753 887 1780 ministri
903 1753 936 1779 ad
953 1753 1037 1780 Adam

250 1800 379 1830 attrahat,
394 1804 423 1826 ut
438 1800 528 1827 videat
543 1800 609 1834 quid
625 1800 661 1826 sit
677 1808 710 1826 ea
726 1804 875 1826 vocaturus
895 1808 901 1826 :
915 1800 962 1834 qui
977 1808 1037 1826 om-

249 1845 292 1872 nia
313 1846 373 1877 seit,
391 1850 420 1872 ut
436 1846 516 1876 Deus,
540 1850 603 1872 ante
623 1853 719 1872 eorum
739 1849 842 1877 ortum,
864 1849 891 1871 ct
910 1851 1037 1872 numerat

249 1892 453 1918 utultittulinent
477 1892 617 1918 stellarum
644 1891 773 1918 omnibus
796 1892 837 1918 cis
858 1892 970 1918 nomina
986 1900 1036 1919 vo-

249 1945 314 1964 cans
334 1939 364 1968 ³³,
388 1942 415 1964 et
432 1938 562 1964 omnibus
584 1938 721 1964 creaturis
734 1938 843 1972 propria
861 1938 907 1964 dat
923 1939 1035 1965 nomina

248 1984 444 2010 convenienter
460 1987 521 2010 stue‘
539 1983 693 2010 voluntati?
712 1983 764 2010 Sed
787 1983 845 2010 ltzec
869 1984 954 2011 Judaei
981 1992 1036 2011 non

248 2029 412 2063 intelligunt,
429 2030 475 2064 qui
491 2033 518 2056 et
534 2029 682 2064 Scriptura:
700 2030 786 2055 solam
801 2029 948 2056 attendunt
963 2030 1035 2057 litte-

249 2083 316 2105 ram,
330 2081 358 2102 et
373 2075 406 2101 ab
422 2075 478 2109 ipsa
497 2075 663 2102 occiduntur
687 2076 720 2101 ⁸³⁸.
738 2075 777 2101 Ttt
795 2080 897 2107 autem,
924 2084 940 2101 0
963 2076 1034 2102 divi-

247 2121 359 2147 nissinto
380 2126 407 2147 et
423 2129 436 2147 a
453 2121 508 2147 Deo
528 2122 656 2155 plantatze
678 2121 807 2147 Ecclesia:
831 2122 966 2156 paradiso,
994 2122 1035 2149 in-

247 2167 359 2201 gredcrc
381 2172 483 2193 eet-tant
504 2171 532 2193 et
553 2174 606 2193 nott
621 2171 760 2193 errantem
777 2167 847 2193 viam
869 2176 930 2194 cum
949 2168 1049 2206 Paulo

247 2212 364 2246 paradisi
383 2217 548 2246 spectatore,
565 2212 683 2247 paradisi
698 2213 767 2244 cive,
784 2214 899 2240 audiens
912 2222 974 2240 eum
991 2214 1034 2240 di-

1092 980 1242 1008 svnouyma
1265 978 1293 1001 et
1311 975 1390 1001 simul
1412 975 1562 1003 animantia
1589 977 1727 1004 animalia.
1743 979 1809 1005 Nam
1831 979 1879 1014 qui

1091 1024 1133 1046 est
1151 1027 1165 1046 e
1180 1024 1251 1047 terra
1264 1021 1374 1055 genitus
1388 1025 1429 1048 est
1446 1022 1568 1056 ejusdem
1588 1023 1699 1056 generis
1720 1024 1798 1059 cujus
1819 1033 1880 1059 qua:

1092 1070 1156 1092 sunt
1171 1066 1198 1093 in
1212 1070 1295 1097 terra,
1313 1071 1340 1094 ct
1358 1062 1412 1094 vita
1426 1072 1467 1094 est
1486 1069 1595 1103 propria
1611 1069 1802 1096 animantium.
1825 1070 1880 1098 Sed

1092 1112 1174 1139 homo
1188 1113 1299 1147 quidem
1315 1113 1400 1140 Adam
1419 1114 1508 1141 factus
1520 1120 1562 1142 est
1579 1119 1642 1142 ante
1660 1116 1803 1143 mulierem
1817 1126 1823 1143 ε
1836 1120 1882 1145 est

1091 1157 1166 1183 enim
1189 1161 1251 1184 ante
1271 1159 1379 1190 sarcula,
1400 1165 1427 1186 et
1448 1160 1506 1187 sine
1522 1160 1670 1194 principio,
1688 1165 1715 1188 et
1730 1161 1879 1194 increatus,

1090 1208 1117 1229 et
1135 1203 1193 1230 sine
1207 1209 1329 1238 tempore
1345 1210 1407 1231 ante
1422 1205 1583 1238 Ecclesium,
1603 1206 1674 1233 Deus
1686 1207 1816 1234 Verbum.
1829 1208 1881 1235 Hic

1093 1252 1187 1274 autem
1205 1248 1280 1283 ﬁngit
1293 1250 1441 1276 animantia
1454 1255 1516 1277 ante
1527 1251 1609 1278 Evam
1623 1260 1683 1286 qua:
1693 1252 1795 1279 dicitur
1807 1254 1879 1280 vita:

1094 1302 1170 1328 prius
1183 1295 1256 1321 enim
1278 1295 1390 1322 fuerunt
1404 1301 1498 1330 gentes
1519 1297 1657 1330 ltelluinzr,
1673 1303 1700 1324 et
1715 1298 1754 1325 sic
1772 1298 1798 1325 in
1815 1299 1879 1325 ulti-

1092 1340 1144 1366 mis
1159 1341 1331 1375 temporibus
1353 1342 1503 1368 constituta
1526 1348 1568 1370 est
1587 1351 1681 1370 earum
1703 1344 1833 1375 Ecclesia.
1850 1344 1879 1371 in

1092 1394 1174 1420 quam
1202 1386 1318 1414 adduxit
1350 1395 1398 1414 eas
1420 1384 1491 1414 Deus
1516 1392 1544 1414 et
1566 1389 1646 1415 Pater
1665 1389 1698 1415 ad
1725 1389 1879 1416 secundum

1091 1432 1175 1459 Adam
1201 1432 1353 1464 Christum,
1379 1438 1410 1460 ut
1427 1433 1534 1460 videret
1559 1434 1626 1468 quid
1648 1443 1679 1461 ea
1700 1439 1822 1462 mearet.
1845 1435 1881 1462 Et

1091 1478 1156 1505 audi
1177 1479 1236 1513 ejus
1251 1479 1350 1505 Filium
1372 1479 1424 1506 hoc
1448 1485 1541 1514 aperte
1557 1480 1693 1507 dicentem
1709 1490 1716 1507 :
1732 1473 1816 1508 Nemo
1829 1490 1880 1516 po-

1090 1528 1139 1551 test
1169 1525 1256 1551 venire
1274 1525 1308 1551 ad
1327 1533 1378 1558 me,
1401 1526 1451 1552 nisi
1476 1524 1556 1552 Pater
1575 1534 1647 1552 meus
1659 1526 1769 1553 caelestis
1785 1531 1879 1553 traxe-

1091 1571 1124 1597 rit
1146 1579 1205 1597 eum
1231 1571 1263 1596 ⁸⁸.
1291 1571 1361 1598 Ecce
1384 1571 1512 1598 audivisti
1535 1579 1630 1599 vocem
1660 1573 1829 1600 Dontinicam
1850 1578 1878 1600 te

1090 1615 1233 1643 docentem
1249 1617 1388 1651 quomodo
1411 1617 1557 1644 adduxerit
1582 1617 1683 1644 bestias
1697 1618 1819 1652 gentium
1841 1618 1878 1645 ad

1090 1660 1188 1687 Filium
1204 1661 1250 1695 qui
1271 1665 1313 1688 est
1330 1662 1452 1695 ejusdem
1471 1662 1552 1688 simul
1568 1671 1630 1689 cum
1648 1671 1681 1689 eo
1695 1664 1831 1695 essentne,
1849 1664 1879 1691 in

1089 1707 1246 1741 paradisum
1278 1707 1415 1734 Ecclesite.
1443 1707 1627 1740 Quamobrem
1659 1717 1755 1736 rursus
1783 1710 1878 1737 dicit:

1089 1753 1158 1786 Quos
1175 1754 1269 1780 dedisti
1282 1744 1359 1786 inihi,
1377 1755 1468 1786 Pater,
1487 1755 1525 1782 tui
1547 1761 1634 1786 ermtt,
1651 1762 1676 1782 et
1692 1758 1755 1784 mihi
1772 1765 1814 1784 eos
1829 1758 1878 1783 de-

1088 1800 1151 1826 disti
1171 1801 1204 1826 “.
1233 1799 1323 1827 Omnis
1346 1802 1414 1827 enim
1446 1802 1489 1836 qui
1523 1803 1623 1829 audivit
1639 1812 1654 1828 (ι
1674 1802 1754 1829 Patre
1778 1803 1814 1829 ad
1836 1811 1878 1830 me

1088 1846 1168 1875 venit.
1192 1850 1216 1871 et
1237 1854 1312 1872 omne
1332 1847 1400 1881 quod
1423 1847 1493 1873 dedit
1520 1848 1581 1874 milii
1602 1847 1692 1879 Pater,
1717 1849 1752 1876 ad
1772 1858 1812 1876 me
1831 1859 1878 1876 t'e-

1089 1892 1152 1922 niet,
1173 1895 1197 1917 et
1214 1900 1273 1918 eunt
1289 1893 1333 1926 qui
1358 1893 1427 1918 venit
1453 1893 1487 1918 ad
1517 1901 1556 1919 me
1578 1903 1628 1919 non
1648 1895 1723 1928 ejirio
1746 1896 1818 1929 foras
1839 1896 1878 1924 ⁸⁸.

1087 1937 1235 1964 Conﬁdant
1262 1946 1328 1973 ergo
1351 1938 1444 1965 bestia:
1478 1939 1601 1973 gentium
1626 1948 1674 1974 per
1696 1941 1804 1968 Patrem
1833 1942 1878 1968 in-

1087 1991 1186 2017 gressa:
1213 1984 1245 2009 ad
1262 1983 1372 2016 Filium,
1387 1984 1531 2011 audientes
1545 1993 1608 2012 eum
1622 1986 1759 2013 dieetttetn
1777 1996 1783 2013 z
1802 1987 1875 2014 Eum

1087 2029 1132 2062 qui
1152 2029 1219 2055 venit
1246 2030 1280 2055 ad
1307 2038 1347 2055 me
1365 2038 1417 2055 non
1439 2031 1513 2064 ejicio
1537 2031 1618 2065 foros.
1637 2031 1669 2058 Et
1694 2033 1785 2059 omnia
1808 2038 1878 2060 sum.

1088 2074 1155 2101 milti
1169 2074 1268 2101 tradita
1282 2083 1295 2100 a
1308 2075 1386 2102 Patre
1399 2084 1469 2102 meo.
1484 2076 1564 2103 Pater
1576 2077 1649 2104 enim
1663 2077 1751 2112 diligit
1764 2078 1874 2111 Filium,

1086 2125 1113 2146 et
1126 2120 1202 2146 dedit
1215 2121 1238 2146 ei
1256 2126 1417 2154 potestatem
1431 2121 1520 2148 omnis
1531 2128 1675 2152 creaturae.
1687 2123 1798 2150 dicens:
1811 2123 1876 2150 Pete

1086 2175 1101 2192 α
1115 2174 1154 2192 me
1168 2171 1294 2200 tanquam
1314 2167 1436 2198 Filius,et
1447 2167 1512 2194 dabo
1527 2168 1572 2194 tibi
1588 2169 1765 2195 ha'reditalem
1779 2174 1876 2203 pater-

1086 2219 1148 2238 nam
1173 2216 1270 2246 gentes,
1296 2220 1394 2246 nempe
1415 2213 1528 2244 bestias,
1547 2213 1726 2240 Ita'redilatem
1749 2219 1832 2245 tuam,
1848 2218 1875 2241 et

247 2261 352 2284 centeni
376 2257 448 2291 quod
481 2265 576 2284 omnes
601 2262 734 2285 creatura:
757 2266 816 2292 qua:
836 2263 899 2284 suttt
920 2256 946 2285 in
965 2259 1034 2286 cudo
1051 2257 1072 2283 D
1088 2257 1273 2290 possessionem
1282 2261 1355 2284 tuam
1371 2258 1496 2284 terminos
1506 2259 1763 2297 terrm“.Audiattl.
1779 2267 1876 2287 rursus

246 2307 273 2330 ct
290 2303 316 2330 in
341 2308 414 2330 terra
429 2303 589 2331 describunt
605 2312 637 2330 ac
653 2304 771 2339 ﬁgurant
784 2303 923 2331 Christunt
938 2308 965 2331 ct
983 2305 1034 2332 Ec-

245 2350 356 2377 clesmm
381 2350 414 2376 ".
433 2351 580 2384 Propterea
595 2359 661 2385 ergo
677 2358 730 2377 non
751 2351 866 2377 adduxit.
887 2351 974 2386 printa
990 2352 1033 2387 ju-

245 2401 336 2422 ntenla
359 2395 488 2422 animalia
503 2404 563 2430 qua:
580 2396 658 2430 jussu
676 2396 746 2423 facta
760 2402 834 2428 sunt,
849 2397 882 2423 ad
897 2398 1032 2425 Adamum

245 2440 416 2474 spiritualent
442 2440 594 2472 Christum,
619 2441 690 2468 Deus
715 2442 741 2468 in
756 2442 912 2476 paradisum
929 2452 935 2470 :
954 2448 1033 2471 crant.

245 2486 316 2512 enim
342 2491 422 2520 typus
440 2494 471 2512 ac
495 2486 579 2521 ﬁgura
602 2487 693 2521 populi
717 2487 884 2521 Judaeorum,
910 2483 956 2516 sed
980 2497 1031 2517 nos

245 2531 396 2558 secundum
421 2531 568 2566 populum,
594 2540 648 2559 non
671 2532 827 2565 desertum,
852 2533 899 2560 sed
921 2534 1029 2561 unitum

245 2576 403 2603 volucribus
422 2577 496 2608 coeli,
514 2577 566 2603 hoc
584 2583 637 2609 est,
658 2577 786 2604 ﬁdelibus
798 2578 845 2613 qui
869 2583 933 2605 sunt
945 2587 1029 2614 gene-

244 2622 295 2649 rati
317 2630 349 2649 ex
368 2631 437 2657 aqua
453 2628 481 2650 ct
496 2623 612 2657 Spiritu.

279 2667 324 2693 Est
344 2672 434 2694 autent
455 2675 550 2694 revera
567 2667 702 2694 audienda
715 2671 743 2694 et
767 2667 928 2694 admiranda
944 2668 1030 2695 sancti

243 2713 362 2748 Spiritus
385 2713 530 2748 sapientia.
554 2713 698 2746 Quomodo
715 2713 788 2740 enini
812 2713 839 2740 in
860 2713 975 2745 Adamo,
993 2715 1030 2742 ita

242 2761 323 2787 etiam
342 2760 368 2786 in
383 2760 425 2786 his
438 2759 535 2786 bestiis
549 2759 616 2786 dicit
629 2759 807 2786 creationem.
817 2759 883 2787 Nam
896 2760 951 2787 illic
967 2761 1029 2795 qui-

279 2816 300 2832 "
331 2815 383 2842 Job
408 2823 509 2848 xxxvii,
531 2815 558 2841 8.
609 2815 631 2829 ‘°
651 2815 703 2842 lsa.
722 2823 794 2846 unt,
811 2815 855 2842 20.

242 2851 284 2878 12.
323 2851 345 2865 ⁸⁸
367 2850 448 2877 llebr.
469 2858 515 2879 xu.
532 2850 577 2877 ‘29.
633 2850 654 2865 “
679 2850 748 2877 Psal.
769 2859 856 2882 CXLVI,
880 2851 905 2878 4.

241 2887 262 2903 ⁸³
281 2886 359 2913 Jonn.
380 2893 444 2914 xvu.
482 2889 514 2917 6.
552 2885 574 2900 ³⁰
591 2884 669 2911 Joan.
688 2893 724 2916 vi,
745 2885 789 2912 57.

250 2926 279 2951 ιι,
291 2922 334 2953 24;
349 2920 516 2952 ltomnxﬂt‘i.

910 2817 929 2832 “
951 2817 1023 2844 Fsal.
1042 2825 1114 2848 κως,
1138 2818 1180 2847 10.
1201 2819 1244 2844 Η.

945 2852 967 2867 *⁸
987 2852 1008 2879 II
1034 2852 1098 2879 Cor.
1125 2861 1163 2882 tn.
1184 2854 1209 2879 6.

828 2887 849 2902 ⁸¹
870 2887 940 2915 Psal.
969 2896 998 2919 It,
1034 2887 1061 2914 8.

1084 2303 1157 2334 (lico,
1176 2303 1243 2340 haec,
1262 2311 1301 2330 ere
1318 2311 1378 2338 qua:
1392 2308 1456 2331 sunt
1469 2304 1555 2337 intus,
1572 2309 1600 2331 et
1624 2305 1736 2332 audiant
1757 2305 1873 2332 verbum

1085 2353 1222 2380 sanetum,
1242 2349 1336 2376 bestia:
1352 2349 1486 2383 gentium.
1505 2349 1565 2377 Non
1583 2350 1656 2377 enim
1671 2351 1818 2385 ejicientur
1829 2351 1874 2379 fo-

1084 2403 1138 2422 ras.
1163 2395 1190 2422 Si
1213 2399 1303 2422 autem
1328 2395 1386 2422 vult
1408 2395 1506 2422 audire
1529 2395 1641 2423 Judzeus
1667 2396 1779 2430 quinam
1807 2400 1874 2424 sunt

1084 2441 1165 2476 ejecti
1190 2445 1220 2468 ut
1235 2440 1448 2476 ingrederentur
1462 2441 1567 2472 bestiae,
1583 2441 1676 2468 audiet
1693 2441 1874 2469 hortulanum

1085 2487 1168 2521 hujus
1188 2486 1305 2521 paradisi
1324 2486 1463 2514 dicentem
1479 2495 1485 2513 :
1500 2485 1651 2521 Oportebat
1671 2486 1743 2512 teras
1765 2487 1873 2519 ingredi

1085 2532 1117 2558 ab
1136 2530 1241 2558 Oriente
1267 2535 1292 2557 et
1318 2530 1464 2563 Occidente,
1483 2535 1508 2558 et
1536 2531 1685 2558 recumbere
1706 2540 1765 2558 cum
1788 2531 1874 2558 Abru-

1083 2578 1172 2609 hamo,
1196 2582 1220 2603 et
1234 2577 1322 2608 Isaac,
1336 2581 1360 2603 et
1377 2577 1458 2604 Iacob
1479 2578 1506 2604 in
1524 2586 1603 2612 regno
1621 2577 1686 2609 Dei;
1699 2576 1770 2610 ﬁlios
1783 2582 1873 2602 autem
1897 2584 1900 2586 ·

1082 2622 1206 2654 thalami,
1225 2630 1323 2654 nempe
1335 2622 1457 2655 Judteos,
1483 2622 1555 2657 foras
1569 2623 1628 2657 ι’Ῐὶτὶ
1639 2623 1665 2649 in
1687 2622 1809 2648 tenebras
1824 2629 1871 2647 ex-

1081 2670 1188 2695 teriores
1206 2668 1239 2695 “.
1256 2668 1355 2695 Vocabo
1371 2669 1438 2694 enim
1454 2667 1580 2703 populum
1603 2675 1699 2697 meum,
1715 2675 1766 2693 non
1788 2675 1872 2700 popu—

1082 2713 1137 2740 lum
1160 2722 1245 2740 meum
1263 2714 1296 2745 ",
1317 2717 1342 2739 et
1363 2714 1569 2740 misericordiam
1595 2716 1761 2739 consecutura
1782 2711 1868 2746 Syna-

1080 2769 1187 2796 gogam,
1203 2768 1261 2787 cum
1275 2768 1333 2795 quo:
1341 2768 1393 2787 non
1407 2765 1444 2787 est
1460 2763 1597 2786 consecuta
1611 2758 1819 2786 misericordiam
1833 2756 1870 2784 ⁸³.

1299 2818 1321 2834 δ’
1342 2818 1413 2844 Psal.
1438 2826 1500 2846 Lvn.
1528 2818 1554 2845 Si.
1572 2818 1597 2845 6.
1655 2817 1678 2833 "
1698 2817 1707 2844 I
1728 2816 1808 2844 Joan.
1830 2824 1869 2847 tv,

1248 2853 1269 2868 "
1293 2852 1397 2879 Coloss.
1421 2861 1442 2882 ι.
1467 2852 1510 2881 9.0.
1537 2853 1586 2881 25.
1618 2852 1640 2868 ⁸³
1656 2852 1736 2879 Joan.
1762 2860 1803 2883 VI,
1823 2852 1870 2878 Η.

1099 2887 1121 2903 ¹¹
1142 2888 1236 2915 Matth.
1260 2896 1316 2919 vtn,
1342 2888 1382 2920 ll,
1412 2888 1453 2915 Η.
1492 2889 1515 2904 ⁸³
1541 2888 1602 2915 Ose.
1628 2895 1647 2921 ι,
1671 2887 1697 2914 9.
1762 2887 1786 2903 ³³
1805 2887 1869 2914 010.
