  <div class='ocr_page' id='page_1' title='image "/cluster/home/n/w/nwhite01/storage/ocr_20150623/89/njp.32101064224908/509.png"; bbox 0 0 1990 3183; ppageno 0'>
   <div class='ocr_carea' id='block_1_1' title="bbox 289 196 341 227">
    <p class='ocr_par' dir='ltr' id='par_1_1' title="bbox 289 196 341 227">
     <span class='ocr_line' id='line_1_1' title="bbox 289 196 341 227; baseline 0 -1"><span class='ocrx_word' id='word_1_1' title='bbox 289 196 341 227; x_wconf 79' lang='lat'><strong>999</strong></span> 
     </span>
    </p>
   </div>
   <div class='ocr_carea' id='block_1_2' title="bbox 887 194 1320 228">
    <p class='ocr_par' dir='ltr' id='par_1_2' title="bbox 887 194 1320 228">
     <span class='ocr_line' id='line_1_2' title="bbox 887 194 1320 228; baseline 0.009 -4"><span class='ocrx_word' id='word_1_2' title='bbox 887 195 918 225; x_wconf 90' lang='lat' dir='ltr'><strong>S.</strong></span> <span class='ocrx_word' id='word_1_3' title='bbox 939 194 1137 226; x_wconf 71' lang='lat' dir='ltr'><strong>ANASTASII</strong></span> <span class='ocrx_word' id='word_1_4' title='bbox 1157 196 1190 227; x_wconf 86' lang='lat' dir='ltr'><strong>SI</strong></span> <span class='ocrx_word' id='word_1_5' title='bbox 1196 196 1320 228; x_wconf 69' lang='grc' dir='ltr'><strong>ΝΑΙΤᾸΞ</strong></span> 
     </span>
    </p>
   </div>
   <div class='ocr_carea' id='block_1_3' title="bbox 1853 203 1931 238">
    <p class='ocr_par' dir='ltr' id='par_1_3' title="bbox 1853 203 1931 238">
     <span class='ocr_line' id='line_1_3' title="bbox 1853 203 1931 238; baseline 0.038 -3"><span class='ocrx_word' id='word_1_6' title='bbox 1853 204 1866 235; x_wconf 83' lang='lat' dir='ltr'><strong>l</strong></span> <span class='ocrx_word' id='word_1_7' title='bbox 1873 203 1931 238; x_wconf 76' lang='grc' dir='ltr'><strong>0οῧ</strong></span> 
     </span>
    </p>
   </div>
   <div class='ocr_carea' id='block_1_4' title="bbox 289 247 1932 296">
    <p class='ocr_par' dir='ltr' id='par_1_4' title="bbox 289 247 1932 296">
     <span class='ocr_line' id='line_1_4' title="bbox 289 247 1932 296; baseline 0.01 -21"><span class='ocrx_word' id='word_1_8' title='bbox 289 248 396 295; x_wconf 78' lang='lat' dir='ltr'><strong>auxilii.</strong></span> <span class='ocrx_word' id='word_1_9' title='bbox 415 247 482 275; x_wconf 83' lang='lat' dir='ltr'><strong>Nam</strong></span> <span class='ocrx_word' id='word_1_10' title='bbox 505 248 551 284; x_wconf 86' lang='lat' dir='ltr'><strong>qui</strong></span> <span class='ocrx_word' id='word_1_11' title='bbox 569 254 612 277; x_wconf 91' lang='lat' dir='ltr'><strong>est</strong></span> <span class='ocrx_word' id='word_1_12' title='bbox 625 249 746 284; x_wconf 90' lang='lat' dir='ltr'><strong>adjutor,</strong></span> <span class='ocrx_word' id='word_1_13' title='bbox 764 254 807 277; x_wconf 81' lang='lat' dir='ltr'><strong>est</strong></span> <span class='ocrx_word' id='word_1_14' title='bbox 831 250 940 285; x_wconf 88' lang='lat' dir='ltr'><strong>adjutor</strong></span> <span class='ocrx_word' id='word_1_15' title='bbox 960 251 987 278; x_wconf 93' lang='lat' dir='ltr'><strong>iii</strong></span> <span class='ocrx_word' id='word_1_16' title='bbox 1004 252 1077 286; x_wconf 87' lang='lat' dir='ltr'><strong>peri-</strong></span> <span class='ocrx_word' id='word_1_17' title='bbox 1091 256 1113 284; x_wconf 77' lang='grc' dir='ltr'>Α</span> <span class='ocrx_word' id='word_1_18' title='bbox 1128 258 1189 281; x_wconf 86' lang='lat' dir='ltr'><strong>acta</strong></span> <span class='ocrx_word' id='word_1_19' title='bbox 1211 256 1377 290; x_wconf 75' lang='lat' dir='ltr'><strong>ptenitentia</strong></span> <span class='ocrx_word' id='word_1_20' title='bbox 1406 260 1560 287; x_wconf 83' lang='lat' dir='ltr'><strong>transmisit</strong></span> <span class='ocrx_word' id='word_1_21' title='bbox 1581 260 1615 287; x_wconf 88' lang='lat' dir='ltr'><strong>ad</strong></span> <span class='ocrx_word' id='word_1_22' title='bbox 1641 260 1732 296; x_wconf 76' lang='lat' dir='ltr'><strong>ignem</strong></span> <span class='ocrx_word' id='word_1_23' title='bbox 1760 264 1932 290; x_wconf 61' lang='lat' dir='ltr'><strong>aeternum?</strong></span> 
     </span>
    </p>
   </div>
   <div class='ocr_carea' id='block_1_5' title="bbox 288 292 1075 333">
    <p class='ocr_par' dir='ltr' id='par_1_5' title="bbox 288 292 1075 333">
     <span class='ocr_line' id='line_1_5' title="bbox 288 292 1075 333; baseline 0.004 -10"><span class='ocrx_word' id='word_1_24' title='bbox 288 296 359 323; x_wconf 84' lang='lat' dir='ltr'><strong>culis</strong></span> <span class='ocrx_word' id='word_1_25' title='bbox 374 292 403 323; x_wconf 80' lang='lat' dir='ltr'><strong>et</strong></span> <span class='ocrx_word' id='word_1_26' title='bbox 429 296 514 324; x_wconf 80' lang='lat' dir='ltr'><strong>rebus</strong></span> <span class='ocrx_word' id='word_1_27' title='bbox 539 297 672 328; x_wconf 77' lang='lat' dir='ltr'><strong>adversis,</strong></span> <span class='ocrx_word' id='word_1_28' title='bbox 693 302 723 324; x_wconf 88' lang='lat' dir='ltr'><strong>ut</strong></span> <span class='ocrx_word' id='word_1_29' title='bbox 745 298 793 332; x_wconf 95' lang='lat' dir='ltr'><strong>qui</strong></span> <span class='ocrx_word' id='word_1_30' title='bbox 818 298 873 324; x_wconf 94' lang='lat' dir='ltr'><strong>vim</strong></span> <span class='ocrx_word' id='word_1_31' title='bbox 896 299 1021 333; x_wconf 90' lang='lat' dir='ltr'><strong>repellat.</strong></span> <span class='ocrx_word' id='word_1_32' title='bbox 1042 300 1075 326; x_wconf 85' lang='lat' dir='ltr'><strong>Et</strong></span> 
     </span>
    </p>
   </div>
   <div class='ocr_carea' id='block_1_6' title="bbox 288 341 1073 379">
    <p class='ocr_par' dir='ltr' id='par_1_6' title="bbox 288 341 1073 379">
     <span class='ocr_line' id='line_1_6' title="bbox 288 341 1073 379; baseline 0.004 -10"><span class='ocrx_word' id='word_1_33' title='bbox 288 342 351 369; x_wconf 89' lang='lat' dir='ltr'><strong>ideo</strong></span> <span class='ocrx_word' id='word_1_34' title='bbox 368 341 460 369; x_wconf 87' lang='lat' dir='ltr'><strong>dictus</strong></span> <span class='ocrx_word' id='word_1_35' title='bbox 488 347 531 369; x_wconf 87' lang='lat' dir='ltr'><strong>est</strong></span> <span class='ocrx_word' id='word_1_36' title='bbox 544 342 648 374; x_wconf 73' lang='lat' dir='ltr'><strong>Graece,</strong></span> <span class='ocrx_word' id='word_1_37' title='bbox 675 343 812 378; x_wconf 73' lang='grc' dir='ltr'><strong>βοηοὸ;,;ι</strong></span> <span class='ocrx_word' id='word_1_38' title='bbox 840 344 867 371; x_wconf 75' lang='lat' dir='ltr'><strong>vi</strong></span> <span class='ocrx_word' id='word_1_39' title='bbox 895 345 1073 379; x_wconf 85' lang='lat' dir='ltr'><strong>repellenda:</strong></span> 
     </span>
    </p>
   </div>
   <div class='ocr_carea' id='block_1_7' title="bbox 287 387 1074 422">
    <p class='ocr_par' dir='ltr' id='par_1_7' title="bbox 287 387 1074 422">
     <span class='ocr_line' id='line_1_7' title="bbox 287 387 1074 422; baseline 0.005 -9"><span class='ocrx_word' id='word_1_40' title='bbox 287 387 360 422; x_wconf 91' lang='lat' dir='ltr'><strong>quod</strong></span> <span class='ocrx_word' id='word_1_41' title='bbox 377 387 489 422; x_wconf 86' lang='lat' dir='ltr'><strong>quidem</strong></span> <span class='ocrx_word' id='word_1_42' title='bbox 510 387 612 414; x_wconf 87' lang='lat' dir='ltr'><strong>dicitur</strong></span> <span class='ocrx_word' id='word_1_43' title='bbox 636 387 670 414; x_wconf 88' lang='lat' dir='ltr'><strong>de</strong></span> <span class='ocrx_word' id='word_1_44' title='bbox 696 388 753 415; x_wconf 89' lang='lat' dir='ltr'><strong>sola</strong></span> <span class='ocrx_word' id='word_1_45' title='bbox 782 388 914 416; x_wconf 81' lang='lat' dir='ltr'><strong>Ecclesia.</strong></span> <span class='ocrx_word' id='word_1_46' title='bbox 931 389 959 416; x_wconf 89' lang='lat' dir='ltr'><strong>Si</strong></span> <span class='ocrx_word' id='word_1_47' title='bbox 980 394 1074 417; x_wconf 87' lang='lat' dir='ltr'><strong>autem</strong></span> 
     </span>
    </p>
   </div>
   <div class='ocr_carea' id='block_1_8' title="bbox 287 434 1075 463">
    <p class='ocr_par' dir='ltr' id='par_1_8' title="bbox 287 434 1075 463">
     <span class='ocr_line' id='line_1_8' title="bbox 287 434 1075 463; baseline 0.004 -4"><span class='ocrx_word' id='word_1_48' title='bbox 287 440 395 459; x_wconf 88' lang='lat' dir='ltr'><strong>omnem</strong></span> <span class='ocrx_word' id='word_1_49' title='bbox 424 441 534 460; x_wconf 89' lang='lat' dir='ltr'><strong>carnem</strong></span> <span class='ocrx_word' id='word_1_50' title='bbox 552 438 580 460; x_wconf 91' lang='lat' dir='ltr'><strong>et</strong></span> <span class='ocrx_word' id='word_1_51' title='bbox 598 434 737 460; x_wconf 81' lang='lat' dir='ltr'><strong>carnalem</strong></span> <span class='ocrx_word' id='word_1_52' title='bbox 766 434 910 461; x_wconf 83' lang='lat' dir='ltr'><strong>mulierem</strong></span> <span class='ocrx_word' id='word_1_53' title='bbox 933 436 1075 463; x_wconf 76' lang='lat' dir='ltr'><strong>existimas</strong></span> 
     </span>
    </p>
   </div>
   <div class='ocr_carea' id='block_1_9' title="bbox 286 478 1073 513">
    <p class='ocr_par' dir='ltr' id='par_1_9' title="bbox 286 478 1073 513">
     <span class='ocr_line' id='line_1_9' title="bbox 286 478 1073 513; baseline 0.004 -9"><span class='ocrx_word' id='word_1_54' title='bbox 286 478 596 512; x_wconf 85' lang='lat' dir='ltr'><strong>nominariadjutricein</strong></span> <span class='ocrx_word' id='word_1_55' title='bbox 609 478 748 505; x_wconf 84' lang='lat' dir='ltr'><strong>hominis:</strong></span> <span class='ocrx_word' id='word_1_56' title='bbox 766 479 905 513; x_wconf 88' lang='lat' dir='ltr'><strong>quomodo</strong></span> <span class='ocrx_word' id='word_1_57' title='bbox 928 488 983 506; x_wconf 93' lang='lat' dir='ltr'><strong>non</strong></span> <span class='ocrx_word' id='word_1_58' title='bbox 996 481 1073 507; x_wconf 85' lang='lat' dir='ltr'><strong>inve-</strong></span> 
     </span>
    </p>
   </div>
   <div class='ocr_carea' id='block_1_10' title="bbox 286 523 1073 560">
    <p class='ocr_par' dir='ltr' id='par_1_10' title="bbox 286 523 1073 560">
     <span class='ocr_line' id='line_1_10' title="bbox 286 523 1073 560; baseline 0.004 -11"><span class='ocrx_word' id='word_1_59' title='bbox 286 523 378 550; x_wconf 84' lang='lat' dir='ltr'><strong>nimus</strong></span> <span class='ocrx_word' id='word_1_60' title='bbox 392 528 453 557; x_wconf 89' lang='lat' dir='ltr'><strong>post</strong></span> <span class='ocrx_word' id='word_1_61' title='bbox 465 524 536 550; x_wconf 82' lang='lat' dir='ltr'><strong>lianc</strong></span> <span class='ocrx_word' id='word_1_62' title='bbox 548 524 713 558; x_wconf 85' lang='lat' dir='ltr'><strong>adjutriceiii</strong></span> <span class='ocrx_word' id='word_1_63' title='bbox 728 533 788 559; x_wconf 78' lang='lat' dir='ltr'><strong>qua:</strong></span> <span class='ocrx_word' id='word_1_64' title='bbox 799 525 871 551; x_wconf 84' lang='lat' dir='ltr'><strong>facta</strong></span> <span class='ocrx_word' id='word_1_65' title='bbox 891 530 934 552; x_wconf 83' lang='lat' dir='ltr'><strong>est</strong></span> <span class='ocrx_word' id='word_1_66' title='bbox 948 525 976 552; x_wconf 87' lang='lat' dir='ltr'><strong>in</strong></span> <span class='ocrx_word' id='word_1_67' title='bbox 992 534 1073 560; x_wconf 82' lang='lat' dir='ltr'><strong>para-</strong></span> 
     </span>
    </p>
   </div>
   <div class='ocr_carea' id='block_1_11' title="bbox 285 568 1072 603">
    <p class='ocr_par' dir='ltr' id='par_1_11' title="bbox 285 568 1072 603">
     <span class='ocr_line' id='line_1_11' title="bbox 285 568 1072 603; baseline 0.005 -9"><span class='ocrx_word' id='word_1_68' title='bbox 285 568 356 599; x_wconf 84' lang='lat' dir='ltr'><strong>diso,</strong></span> <span class='ocrx_word' id='word_1_69' title='bbox 369 568 450 594; x_wconf 87' lang='lat' dir='ltr'><strong>aliam</strong></span> <span class='ocrx_word' id='word_1_70' title='bbox 463 576 655 602; x_wconf 88' lang='lat' dir='ltr'><strong>quamcunque</strong></span> <span class='ocrx_word' id='word_1_71' title='bbox 668 570 813 596; x_wconf 79' lang='lat' dir='ltr'><strong>mulierem</strong></span> <span class='ocrx_word' id='word_1_72' title='bbox 827 571 925 603; x_wconf 84' lang='lat' dir='ltr'><strong>sancti,</strong></span> <span class='ocrx_word' id='word_1_73' title='bbox 945 576 993 598; x_wconf 86' lang='lat' dir='ltr'><strong>aut</strong></span> <span class='ocrx_word' id='word_1_74' title='bbox 1006 580 1072 598; x_wconf 82' lang='lat' dir='ltr'><strong>san-</strong></span> 
     </span>
    </p>
   </div>
   <div class='ocr_carea' id='block_1_12' title="bbox 284 614 1070 651">
    <p class='ocr_par' dir='ltr' id='par_1_12' title="bbox 284 614 1070 651">
     <span class='ocr_line' id='line_1_12' title="bbox 284 614 1070 651; baseline 0.004 -11"><span class='ocrx_word' id='word_1_75' title='bbox 284 618 368 645; x_wconf 82' lang='lat' dir='ltr'><strong>ctam,</strong></span> <span class='ocrx_word' id='word_1_76' title='bbox 388 618 435 640; x_wconf 90' lang='lat' dir='ltr'><strong>aut</strong></span> <span class='ocrx_word' id='word_1_77' title='bbox 448 614 661 648; x_wconf 76' lang='lat' dir='ltr'><strong>prophetissam,</strong></span> <span class='ocrx_word' id='word_1_78' title='bbox 678 620 726 642; x_wconf 91' lang='lat' dir='ltr'><strong>aut</strong></span> <span class='ocrx_word' id='word_1_79' title='bbox 741 616 905 650; x_wconf 68' lang='lat' dir='ltr'><strong>patriarcha:</strong></span> <span class='ocrx_word' id='word_1_80' title='bbox 915 617 1070 651; x_wconf 79' lang='lat' dir='ltr'><strong>conjugem,</strong></span> 
     </span>
    </p>
   </div>
   <div class='ocr_carea' id='block_1_13' title="bbox 284 660 1072 697">
    <p class='ocr_par' dir='ltr' id='par_1_13' title="bbox 284 660 1072 697">
     <span class='ocr_line' id='line_1_13' title="bbox 284 660 1072 697; baseline 0.005 -12"><span class='ocrx_word' id='word_1_81' title='bbox 284 660 448 694; x_wconf 83' lang='lat' dir='ltr'><strong>appellatalii</strong></span> <span class='ocrx_word' id='word_1_82' title='bbox 462 660 625 694; x_wconf 89' lang='lat' dir='ltr'><strong>adjutricem</strong></span> <span class='ocrx_word' id='word_1_83' title='bbox 640 661 693 687; x_wconf 86' lang='lat' dir='ltr'><strong>viri</strong></span> <span class='ocrx_word' id='word_1_84' title='bbox 709 661 735 688; x_wconf 90' lang='lat' dir='ltr'><strong>in</strong></span> <span class='ocrx_word' id='word_1_85' title='bbox 755 666 814 689; x_wconf 87' lang='lat' dir='ltr'><strong>tota</strong></span> <span class='ocrx_word' id='word_1_86' title='bbox 840 662 933 689; x_wconf 87' lang='lat' dir='ltr'><strong>divina</strong></span> <span class='ocrx_word' id='word_1_87' title='bbox 946 663 1072 697; x_wconf 87' lang='lat' dir='ltr'><strong>Scriptu-</strong></span> 
     </span>
    </p>
   </div>
   <div class='ocr_carea' id='block_1_14' title="bbox 284 706 1071 740">
    <p class='ocr_par' dir='ltr' id='par_1_14' title="bbox 284 706 1071 740">
     <span class='ocr_line' id='line_1_14' title="bbox 284 706 1071 740; baseline 0.004 -8"><span class='ocrx_word' id='word_1_88' title='bbox 284 707 328 732; x_wconf 87' lang='lat' dir='ltr'><strong>ra?</strong></span> <span class='ocrx_word' id='word_1_89' title='bbox 355 706 504 740; x_wconf 76' lang='lat' dir='ltr'><strong>Diligenter</strong></span> <span class='ocrx_word' id='word_1_90' title='bbox 534 706 608 732; x_wconf 90' lang='lat' dir='ltr'><strong>enim</strong></span> <span class='ocrx_word' id='word_1_91' title='bbox 634 707 687 733; x_wconf 91' lang='lat' dir='ltr'><strong>hoc</strong></span> <span class='ocrx_word' id='word_1_92' title='bbox 702 707 818 734; x_wconf 88' lang='lat' dir='ltr'><strong>scrutati</strong></span> <span class='ocrx_word' id='word_1_93' title='bbox 835 715 931 735; x_wconf 91' lang='lat' dir='ltr'><strong>sumus</strong></span> <span class='ocrx_word' id='word_1_94' title='bbox 946 714 993 740; x_wconf 91' lang='lat' dir='ltr'><strong>,et</strong></span> <span class='ocrx_word' id='word_1_95' title='bbox 1016 716 1071 735; x_wconf 92' lang='lat' dir='ltr'><strong>non</strong></span> 
     </span>
    </p>
   </div>
   <div class='ocr_carea' id='block_1_15' title="bbox 285 751 1071 785">
    <p class='ocr_par' dir='ltr' id='par_1_15' title="bbox 285 751 1071 785">
     <span class='ocr_line' id='line_1_15' title="bbox 285 751 1071 785; baseline 0.004 -9"><span class='ocrx_word' id='word_1_96' title='bbox 285 751 452 777; x_wconf 79' lang='lat' dir='ltr'><strong>invenimus.</strong></span> <span class='ocrx_word' id='word_1_97' title='bbox 472 751 537 777; x_wconf 74' lang='lat' dir='ltr'><strong>Nam</strong></span> <span class='ocrx_word' id='word_1_98' title='bbox 550 751 571 777; x_wconf 85' lang='lat' dir='ltr'><strong>si</strong></span> <span class='ocrx_word' id='word_1_99' title='bbox 585 759 733 778; x_wconf 86' lang='lat' dir='ltr'><strong>commune</strong></span> <span class='ocrx_word' id='word_1_100' title='bbox 746 760 858 784; x_wconf 84' lang='lat' dir='ltr'><strong>nomen,</strong></span> <span class='ocrx_word' id='word_1_101' title='bbox 874 757 912 783; x_wconf 89' lang='lat' dir='ltr'><strong>et,</strong></span> <span class='ocrx_word' id='word_1_102' title='bbox 926 756 955 778; x_wconf 90' lang='lat' dir='ltr'><strong>ut</strong></span> <span class='ocrx_word' id='word_1_103' title='bbox 971 753 1071 785; x_wconf 84' lang='lat' dir='ltr'><strong>dicam,</strong></span> 
     </span>
    </p>
   </div>
   <div class='ocr_carea' id='block_1_16' title="bbox 285 797 1069 832">
    <p class='ocr_par' dir='ltr' id='par_1_16' title="bbox 285 797 1069 832">
     <span class='ocr_line' id='line_1_16' title="bbox 285 797 1069 832; baseline 0.001 -9"><span class='ocrx_word' id='word_1_104' title='bbox 285 797 442 823; x_wconf 78' lang='lat' dir='ltr'><strong>universale</strong></span> <span class='ocrx_word' id='word_1_105' title='bbox 461 802 533 823; x_wconf 85' lang='lat' dir='ltr'><strong>esset</strong></span> <span class='ocrx_word' id='word_1_106' title='bbox 548 798 574 824; x_wconf 89' lang='lat' dir='ltr'><strong>in</strong></span> <span class='ocrx_word' id='word_1_107' title='bbox 589 798 719 824; x_wconf 85' lang='lat' dir='ltr'><strong>muliebri</strong></span> <span class='ocrx_word' id='word_1_108' title='bbox 737 805 838 832; x_wconf 78' lang='lat' dir='ltr'><strong>genere</strong></span> <span class='ocrx_word' id='word_1_109' title='bbox 853 798 931 829; x_wconf 87' lang='lat' dir='ltr'><strong>illud,</strong></span> <span class='ocrx_word' id='word_1_110' title='bbox 950 798 1069 832; x_wconf 82' lang='lat' dir='ltr'><strong>adjutor,</strong></span> 
     </span>
    </p>
   </div>
   <div class='ocr_carea' id='block_1_17' title="bbox 283 843 1071 878">
    <p class='ocr_par' dir='ltr' id='par_1_17' title="bbox 283 843 1071 878">
     <span class='ocr_line' id='line_1_17' title="bbox 283 843 1071 878; baseline 0.003 -9"><span class='ocrx_word' id='word_1_111' title='bbox 283 843 342 869; x_wconf 86' lang='lat' dir='ltr'><strong>fieri</strong></span> <span class='ocrx_word' id='word_1_112' title='bbox 359 851 413 869; x_wconf 91' lang='lat' dir='ltr'><strong>non</strong></span> <span class='ocrx_word' id='word_1_113' title='bbox 436 847 528 877; x_wconf 83' lang='lat' dir='ltr'><strong>posset</strong></span> <span class='ocrx_word' id='word_1_114' title='bbox 554 848 583 870; x_wconf 92' lang='lat' dir='ltr'><strong>ut</strong></span> <span class='ocrx_word' id='word_1_115' title='bbox 603 852 658 870; x_wconf 88' lang='lat' dir='ltr'><strong>non</strong></span> <span class='ocrx_word' id='word_1_116' title='bbox 679 844 762 870; x_wconf 86' lang='lat' dir='ltr'><strong>situm</strong></span> <span class='ocrx_word' id='word_1_117' title='bbox 778 848 851 870; x_wconf 86' lang='lat' dir='ltr'><strong>esset</strong></span> <span class='ocrx_word' id='word_1_118' title='bbox 873 844 901 870; x_wconf 91' lang='lat' dir='ltr'><strong>in</strong></span> <span class='ocrx_word' id='word_1_119' title='bbox 928 844 1071 878; x_wconf 80' lang='lat' dir='ltr'><strong>Scriptura</strong></span> 
     </span>
    </p>
   </div>
   <div class='ocr_carea' id='block_1_18' title="bbox 282 888 1069 922">
    <p class='ocr_par' dir='ltr' id='par_1_18' title="bbox 282 888 1069 922">
     <span class='ocr_line' id='line_1_18' title="bbox 282 888 1069 922; baseline 0.001 -8"><span class='ocrx_word' id='word_1_120' title='bbox 282 888 386 918; x_wconf 83' lang='lat' dir='ltr'><strong>divina,</strong></span> <span class='ocrx_word' id='word_1_121' title='bbox 403 889 443 914; x_wconf 79' lang='lat' dir='ltr'><strong>vel</strong></span> <span class='ocrx_word' id='word_1_122' title='bbox 458 897 518 915; x_wconf 79' lang='lat' dir='ltr'><strong>cum</strong></span> <span class='ocrx_word' id='word_1_123' title='bbox 545 889 652 922; x_wconf 83' lang='lat' dir='ltr'><strong>accepit</strong></span> <span class='ocrx_word' id='word_1_124' title='bbox 671 888 722 914; x_wconf 79' lang='lat' dir='ltr'><strong>sibi</strong></span> <span class='ocrx_word' id='word_1_125' title='bbox 740 888 914 922; x_wconf 86' lang='lat' dir='ltr'><strong>adjutriccm,</strong></span> <span class='ocrx_word' id='word_1_126' title='bbox 931 893 978 915; x_wconf 89' lang='lat' dir='ltr'><strong>aut</strong></span> <span class='ocrx_word' id='word_1_127' title='bbox 993 890 1069 921; x_wconf 80' lang='lat' dir='ltr'><strong>Selii,</strong></span> 
     </span>
    </p>
   </div>
   <div class='ocr_carea' id='block_1_19' title="bbox 281 934 1071 969">
    <p class='ocr_par' dir='ltr' id='par_1_19' title="bbox 281 934 1071 969">
     <span class='ocr_line' id='line_1_19' title="bbox 281 934 1071 969; baseline 0.001 -9"><span class='ocrx_word' id='word_1_128' title='bbox 281 934 470 963; x_wconf 84' lang='lat' dir='ltr'><strong>autLaniecli,</strong></span> <span class='ocrx_word' id='word_1_129' title='bbox 485 939 531 961; x_wconf 88' lang='lat' dir='ltr'><strong>aut</strong></span> <span class='ocrx_word' id='word_1_130' title='bbox 552 934 619 966; x_wconf 77' lang='lat' dir='ltr'><strong>Noe,</strong></span> <span class='ocrx_word' id='word_1_131' title='bbox 647 938 695 960; x_wconf 90' lang='lat' dir='ltr'><strong>aut</strong></span> <span class='ocrx_word' id='word_1_132' title='bbox 713 934 863 965; x_wconf 76' lang='lat' dir='ltr'><strong>Abraham,</strong></span> <span class='ocrx_word' id='word_1_133' title='bbox 893 939 941 961; x_wconf 88' lang='lat' dir='ltr'><strong>aut</strong></span> <span class='ocrx_word' id='word_1_134' title='bbox 970 935 1071 969; x_wconf 82' lang='lat' dir='ltr'><strong>aliquis</strong></span> 
     </span>
    </p>
   </div>
   <div class='ocr_carea' id='block_1_20' title="bbox 280 979 1069 1015">
    <p class='ocr_par' dir='ltr' id='par_1_20' title="bbox 280 979 1069 1015">
     <span class='ocr_line' id='line_1_20' title="bbox 280 979 1069 1015; baseline 0.003 -9"><span class='ocrx_word' id='word_1_135' title='bbox 280 980 361 1006; x_wconf 82' lang='lat' dir='ltr'><strong>alius.</strong></span> <span class='ocrx_word' id='word_1_136' title='bbox 376 980 428 1006; x_wconf 83' lang='lat' dir='ltr'><strong>Sed</strong></span> <span class='ocrx_word' id='word_1_137' title='bbox 442 980 468 1006; x_wconf 90' lang='lat' dir='ltr'><strong>in</strong></span> <span class='ocrx_word' id='word_1_138' title='bbox 485 979 616 1006; x_wconf 89' lang='lat' dir='ltr'><strong>omnibus</strong></span> <span class='ocrx_word' id='word_1_139' title='bbox 630 979 676 1013; x_wconf 90' lang='lat' dir='ltr'><strong>qui</strong></span> <span class='ocrx_word' id='word_1_140' title='bbox 689 980 828 1015; x_wconf 80' lang='lat' dir='ltr'><strong>conjuncti</strong></span> <span class='ocrx_word' id='word_1_141' title='bbox 852 985 993 1007; x_wconf 86' lang='lat' dir='ltr'><strong>suntcum</strong></span> <span class='ocrx_word' id='word_1_142' title='bbox 1007 989 1069 1008; x_wconf 90' lang='lat' dir='ltr'><strong>mu-</strong></span> 
     </span>
    </p>
   </div>
   <div class='ocr_carea' id='block_1_21' title="bbox 279 1024 1070 1059">
    <p class='ocr_par' dir='ltr' id='par_1_21' title="bbox 279 1024 1070 1059">
     <span class='ocr_line' id='line_1_21' title="bbox 279 1024 1070 1059; baseline 0.001 -8"><span class='ocrx_word' id='word_1_143' title='bbox 279 1024 407 1055; x_wconf 80' lang='lat' dir='ltr'><strong>lieribus,</strong></span> <span class='ocrx_word' id='word_1_144' title='bbox 425 1024 461 1050; x_wconf 87' lang='lat' dir='ltr'><strong>ita</strong></span> <span class='ocrx_word' id='word_1_145' title='bbox 474 1024 595 1058; x_wconf 78' lang='lat' dir='ltr'><strong>positum</strong></span> <span class='ocrx_word' id='word_1_146' title='bbox 610 1024 747 1051; x_wconf 74' lang='lat' dir='ltr'><strong>invenies.</strong></span> <span class='ocrx_word' id='word_1_147' title='bbox 768 1025 815 1052; x_wconf 90' lang='lat' dir='ltr'><strong>llle</strong></span> <span class='ocrx_word' id='word_1_148' title='bbox 830 1025 905 1051; x_wconf 83' lang='lat' dir='ltr'><strong>illam</strong></span> <span class='ocrx_word' id='word_1_149' title='bbox 925 1025 1030 1059; x_wconf 89' lang='lat' dir='ltr'><strong>accepit</strong></span> <span class='ocrx_word' id='word_1_150' title='bbox 1041 1025 1070 1052; x_wconf 90' lang='lat' dir='ltr'><strong>in</strong></span> 
     </span>
    </p>
   </div>
   <div class='ocr_carea' id='block_1_22' title="bbox 281 1067 1070 1103">
    <p class='ocr_par' dir='ltr' id='par_1_22' title="bbox 281 1067 1070 1103">
     <span class='ocr_line' id='line_1_22' title="bbox 281 1067 1070 1103; baseline 0.004 -9"><span class='ocrx_word' id='word_1_151' title='bbox 281 1075 406 1100; x_wconf 79' lang='lat' dir='ltr'><strong>uxorem,</strong></span> <span class='ocrx_word' id='word_1_152' title='bbox 416 1075 469 1094; x_wconf 92' lang='lat' dir='ltr'><strong>non</strong></span> <span class='ocrx_word' id='word_1_153' title='bbox 486 1069 512 1094; x_wconf 91' lang='lat' dir='ltr'><strong>in</strong></span> <span class='ocrx_word' id='word_1_154' title='bbox 524 1067 699 1103; x_wconf 72' lang='lat' dir='ltr'><strong>adiutricem.</strong></span> <span class='ocrx_word' id='word_1_155' title='bbox 717 1069 828 1103; x_wconf 78' lang='lat' dir='ltr'><strong>Absque</strong></span> <span class='ocrx_word' id='word_1_156' title='bbox 840 1070 894 1096; x_wconf 87' lang='lat' dir='ltr'><strong>ulla</strong></span> <span class='ocrx_word' id='word_1_157' title='bbox 907 1075 1070 1097; x_wconf 84' lang='lat' dir='ltr'><strong>controver-</strong></span> 
     </span>
    </p>
   </div>
   <div class='ocr_carea' id='block_1_23' title="bbox 280 1113 1068 1151">
    <p class='ocr_par' dir='ltr' id='par_1_23' title="bbox 280 1113 1068 1151">
     <span class='ocr_line' id='line_1_23' title="bbox 280 1113 1068 1151; baseline 0.005 -12"><span class='ocrx_word' id='word_1_158' title='bbox 280 1113 319 1139; x_wconf 85' lang='lat' dir='ltr'><strong>sia</strong></span> <span class='ocrx_word' id='word_1_159' title='bbox 334 1113 376 1139; x_wconf 89' lang='lat' dir='ltr'><strong>vir</strong></span> <span class='ocrx_word' id='word_1_160' title='bbox 389 1113 481 1147; x_wconf 82' lang='lat' dir='ltr'><strong>potius</strong></span> <span class='ocrx_word' id='word_1_161' title='bbox 496 1118 537 1140; x_wconf 88' lang='lat' dir='ltr'><strong>est</strong></span> <span class='ocrx_word' id='word_1_162' title='bbox 559 1114 669 1149; x_wconf 88' lang='lat' dir='ltr'><strong>adjutor</strong></span> <span class='ocrx_word' id='word_1_163' title='bbox 692 1115 816 1149; x_wconf 85' lang='lat' dir='ltr'><strong>cujusvis</strong></span> <span class='ocrx_word' id='word_1_164' title='bbox 831 1116 968 1148; x_wconf 87' lang='lat' dir='ltr'><strong>mulieris,</strong></span> <span class='ocrx_word' id='word_1_165' title='bbox 982 1121 1012 1143; x_wconf 88' lang='lat' dir='ltr'><strong>ut</strong></span> <span class='ocrx_word' id='word_1_166' title='bbox 1021 1117 1068 1151; x_wconf 90' lang='lat' dir='ltr'><strong>qui</strong></span> 
     </span>
    </p>
   </div>
   <div class='ocr_carea' id='block_1_24' title="bbox 280 1160 1069 1194">
    <p class='ocr_par' dir='ltr' id='par_1_24' title="bbox 280 1160 1069 1194">
     <span class='ocr_line' id='line_1_24' title="bbox 280 1160 1069 1194; baseline 0.003 -7"><span class='ocrx_word' id='word_1_167' title='bbox 280 1160 317 1187; x_wconf 88' lang='lat' dir='ltr'><strong>sit</strong></span> <span class='ocrx_word' id='word_1_168' title='bbox 334 1160 394 1194; x_wconf 88' lang='lat' dir='ltr'><strong>ejus</strong></span> <span class='ocrx_word' id='word_1_169' title='bbox 410 1165 502 1194; x_wconf 87' lang='lat' dir='ltr'><strong>caput,</strong></span> <span class='ocrx_word' id='word_1_170' title='bbox 520 1165 634 1187; x_wconf 88' lang='lat' dir='ltr'><strong>curator</strong></span> <span class='ocrx_word' id='word_1_171' title='bbox 665 1164 692 1187; x_wconf 87' lang='lat' dir='ltr'><strong>et</strong></span> <span class='ocrx_word' id='word_1_172' title='bbox 706 1161 844 1188; x_wconf 82' lang='lat' dir='ltr'><strong>defensor.</strong></span> <span class='ocrx_word' id='word_1_173' title='bbox 862 1161 890 1188; x_wconf 90' lang='lat' dir='ltr'><strong>Si</strong></span> <span class='ocrx_word' id='word_1_174' title='bbox 912 1167 1003 1189; x_wconf 90' lang='lat' dir='ltr'><strong>autem</strong></span> <span class='ocrx_word' id='word_1_175' title='bbox 1027 1162 1069 1190; x_wconf 88' lang='lat' dir='ltr'><strong>fe-</strong></span> 
     </span>
    </p>
   </div>
   <div class='ocr_carea' id='block_1_25' title="bbox 280 1204 1068 1241">
    <p class='ocr_par' dir='ltr' id='par_1_25' title="bbox 280 1204 1068 1241">
     <span class='ocr_line' id='line_1_25' title="bbox 280 1204 1068 1241; baseline 0.004 -11"><span class='ocrx_word' id='word_1_176' title='bbox 280 1205 353 1231; x_wconf 81' lang='lat' dir='ltr'><strong>mina</strong></span> <span class='ocrx_word' id='word_1_177' title='bbox 364 1209 406 1231; x_wconf 87' lang='lat' dir='ltr'><strong>est</strong></span> <span class='ocrx_word' id='word_1_178' title='bbox 418 1204 539 1239; x_wconf 88' lang='lat' dir='ltr'><strong>adjutrix</strong></span> <span class='ocrx_word' id='word_1_179' title='bbox 557 1205 686 1236; x_wconf 86' lang='lat' dir='ltr'><strong>masculi,</strong></span> <span class='ocrx_word' id='word_1_180' title='bbox 697 1213 746 1232; x_wconf 89' lang='lat' dir='ltr'><strong>cur</strong></span> <span class='ocrx_word' id='word_1_181' title='bbox 760 1213 815 1232; x_wconf 92' lang='lat' dir='ltr'><strong>non</strong></span> <span class='ocrx_word' id='word_1_182' title='bbox 832 1206 918 1241; x_wconf 75' lang='lat' dir='ltr'><strong>magis</strong></span> <span class='ocrx_word' id='word_1_183' title='bbox 935 1207 1068 1234; x_wconf 87' lang='lat' dir='ltr'><strong>mulieres</strong></span> 
     </span>
    </p>
   </div>
   <div class='ocr_carea' id='block_1_26' title="bbox 280 1250 1068 1286">
    <p class='ocr_par' dir='ltr' id='par_1_26' title="bbox 280 1250 1068 1286">
     <span class='ocr_line' id='line_1_26' title="bbox 280 1250 1068 1286; baseline 0.004 -10"><span class='ocrx_word' id='word_1_184' title='bbox 280 1250 307 1277; x_wconf 91' lang='lat' dir='ltr'><strong>iii</strong></span> <span class='ocrx_word' id='word_1_185' title='bbox 324 1250 405 1277; x_wconf 84' lang='lat' dir='ltr'><strong>bellis</strong></span> <span class='ocrx_word' id='word_1_186' title='bbox 424 1254 497 1276; x_wconf 87' lang='lat' dir='ltr'><strong>stant</strong></span> <span class='ocrx_word' id='word_1_187' title='bbox 514 1250 540 1277; x_wconf 91' lang='lat' dir='ltr'><strong>iii</strong></span> <span class='ocrx_word' id='word_1_188' title='bbox 559 1250 630 1282; x_wconf 88' lang='lat' dir='ltr'><strong>acie,</strong></span> <span class='ocrx_word' id='word_1_189' title='bbox 649 1251 697 1277; x_wconf 87' lang='lat' dir='ltr'><strong>scd</strong></span> <span class='ocrx_word' id='word_1_190' title='bbox 722 1251 774 1277; x_wconf 77' lang='lat' dir='ltr'><strong>viri</strong></span> <span class='ocrx_word' id='word_1_191' title='bbox 793 1256 917 1286; x_wconf 78' lang='lat' dir='ltr'><strong>pugnant</strong></span> <span class='ocrx_word' id='word_1_192' title='bbox 934 1260 985 1286; x_wconf 87' lang='lat' dir='ltr'><strong>pro</strong></span> <span class='ocrx_word' id='word_1_193' title='bbox 1007 1260 1068 1279; x_wconf 85' lang='lat' dir='ltr'><strong>niu-</strong></span> 
     </span>
    </p>
   </div>
   <div class='ocr_carea' id='block_1_27' title="bbox 279 1296 1066 1330">
    <p class='ocr_par' dir='ltr' id='par_1_27' title="bbox 279 1296 1066 1330">
     <span class='ocr_line' id='line_1_27' title="bbox 279 1296 1066 1330; baseline 0.004 -8"><span class='ocrx_word' id='word_1_194' title='bbox 279 1296 467 1322; x_wconf 64' lang='lat' dir='ltr'><strong>licribuszet</strong></span> <span class='ocrx_word' id='word_1_195' title='bbox 488 1303 536 1330; x_wconf 90' lang='lat' dir='ltr'><strong>per</strong></span> <span class='ocrx_word' id='word_1_196' title='bbox 563 1297 648 1322; x_wconf 90' lang='lat' dir='ltr'><strong>maria</strong></span> <span class='ocrx_word' id='word_1_197' title='bbox 677 1301 793 1323; x_wconf 86' lang='lat' dir='ltr'><strong>currunt</strong></span> <span class='ocrx_word' id='word_1_198' title='bbox 819 1297 882 1328; x_wconf 90' lang='lat' dir='ltr'><strong>viri,</strong></span> <span class='ocrx_word' id='word_1_199' title='bbox 909 1302 936 1324; x_wconf 88' lang='lat' dir='ltr'><strong>et</strong></span> <span class='ocrx_word' id='word_1_200' title='bbox 965 1303 1066 1325; x_wconf 76' lang='lat' dir='ltr'><strong>terram</strong></span> 
     </span>
    </p>
   </div>
   <div class='ocr_carea' id='block_1_28' title="bbox 279 1342 1067 1377">
    <p class='ocr_par' dir='ltr' id='par_1_28' title="bbox 279 1342 1067 1377">
     <span class='ocr_line' id='line_1_28' title="bbox 279 1342 1067 1377; baseline 0.004 -9"><span class='ocrx_word' id='word_1_201' title='bbox 279 1342 385 1373; x_wconf 88' lang='lat' dir='ltr'><strong>colunt,</strong></span> <span class='ocrx_word' id='word_1_202' title='bbox 413 1346 440 1368; x_wconf 90' lang='lat' dir='ltr'><strong>et</strong></span> <span class='ocrx_word' id='word_1_203' title='bbox 471 1343 595 1368; x_wconf 90' lang='lat' dir='ltr'><strong>omnium</strong></span> <span class='ocrx_word' id='word_1_204' title='bbox 629 1351 722 1370; x_wconf 86' lang='lat' dir='ltr'><strong>curam</strong></span> <span class='ocrx_word' id='word_1_205' title='bbox 748 1348 868 1377; x_wconf 77' lang='lat' dir='ltr'><strong>gerunt,</strong></span> <span class='ocrx_word' id='word_1_206' title='bbox 896 1349 924 1370; x_wconf 90' lang='lat' dir='ltr'><strong>et</strong></span> <span class='ocrx_word' id='word_1_207' title='bbox 950 1344 1067 1371; x_wconf 80' lang='lat' dir='ltr'><strong>feminas</strong></span> 
     </span>
    </p>
   </div>
   <div class='ocr_carea' id='block_1_29' title="bbox 279 1388 1067 1423">
    <p class='ocr_par' dir='ltr' id='par_1_29' title="bbox 279 1388 1067 1423">
     <span class='ocr_line' id='line_1_29' title="bbox 279 1388 1067 1423; baseline 0.005 -10"><span class='ocrx_word' id='word_1_208' title='bbox 279 1392 446 1423; x_wconf 78' lang='lat' dir='ltr'><strong>protegunt:</strong></span> <span class='ocrx_word' id='word_1_209' title='bbox 466 1388 570 1414; x_wconf 81' lang='lat' dir='ltr'><strong>nullam</strong></span> <span class='ocrx_word' id='word_1_210' title='bbox 596 1396 652 1414; x_wconf 89' lang='lat' dir='ltr'><strong>non</strong></span> <span class='ocrx_word' id='word_1_211' title='bbox 676 1389 830 1415; x_wconf 82' lang='lat' dir='ltr'><strong>machinam</strong></span> <span class='ocrx_word' id='word_1_212' title='bbox 848 1389 1014 1417; x_wconf 87' lang='lat' dir='ltr'><strong>adhibentes</strong></span> <span class='ocrx_word' id='word_1_213' title='bbox 1039 1395 1067 1417; x_wconf 87' lang='lat' dir='ltr'><strong>et</strong></span> 
     </span>
    </p>
   </div>
   <div class='ocr_carea' id='block_1_30' title="bbox 279 1432 1066 1467">
    <p class='ocr_par' dir='ltr' id='par_1_30' title="bbox 279 1432 1066 1467">
     <span class='ocr_line' id='line_1_30' title="bbox 279 1432 1066 1467; baseline 0.003 -9"><span class='ocrx_word' id='word_1_214' title='bbox 279 1436 367 1459; x_wconf 83' lang='lat' dir='ltr'><strong>artem</strong></span> <span class='ocrx_word' id='word_1_215' title='bbox 393 1434 423 1459; x_wconf 82' lang='lat' dir='ltr'><strong>ut</strong></span> <span class='ocrx_word' id='word_1_216' title='bbox 443 1432 500 1459; x_wconf 84' lang='lat' dir='ltr'><strong>suis</strong></span> <span class='ocrx_word' id='word_1_217' title='bbox 515 1432 650 1458; x_wconf 82' lang='lat' dir='ltr'><strong>uxoribus</strong></span> <span class='ocrx_word' id='word_1_218' title='bbox 668 1441 747 1467; x_wconf 84' lang='lat' dir='ltr'><strong>opem</strong></span> <span class='ocrx_word' id='word_1_219' title='bbox 774 1433 888 1460; x_wconf 81' lang='lat' dir='ltr'><strong>ferant?</strong></span> <span class='ocrx_word' id='word_1_220' title='bbox 905 1434 953 1460; x_wconf 89' lang='lat' dir='ltr'><strong>Siii</strong></span> <span class='ocrx_word' id='word_1_221' title='bbox 973 1439 1066 1461; x_wconf 88' lang='lat' dir='ltr'><strong>autem</strong></span> 
     </span>
    </p>
   </div>
   <div class='ocr_carea' id='block_1_31' title="bbox 280 1479 1066 1512">
    <p class='ocr_par' dir='ltr' id='par_1_31' title="bbox 280 1479 1066 1512">
     <span class='ocr_line' id='line_1_31' title="bbox 280 1479 1066 1512; baseline 0.005 -9"><span class='ocrx_word' id='word_1_222' title='bbox 280 1482 411 1512; x_wconf 75' lang='lat' dir='ltr'><strong>tanquam</strong></span> <span class='ocrx_word' id='word_1_223' title='bbox 436 1486 549 1505; x_wconf 87' lang='lat' dir='ltr'><strong>crassus</strong></span> <span class='ocrx_word' id='word_1_224' title='bbox 571 1482 599 1504; x_wconf 89' lang='lat' dir='ltr'><strong>et</strong></span> <span class='ocrx_word' id='word_1_225' title='bbox 623 1484 730 1505; x_wconf 85' lang='lat' dir='ltr'><strong>amator</strong></span> <span class='ocrx_word' id='word_1_226' title='bbox 749 1479 842 1506; x_wconf 86' lang='lat' dir='ltr'><strong>carnis</strong></span> <span class='ocrx_word' id='word_1_227' title='bbox 868 1479 938 1507; x_wconf 91' lang='lat' dir='ltr'><strong>dicis</strong></span> <span class='ocrx_word' id='word_1_228' title='bbox 963 1480 1066 1507; x_wconf 88' lang='lat' dir='ltr'><strong>coitum</strong></span> 
     </span>
    </p>
   </div>
   <div class='ocr_carea' id='block_1_32' title="bbox 278 1523 1066 1560">
    <p class='ocr_par' dir='ltr' id='par_1_32' title="bbox 278 1523 1066 1560">
     <span class='ocr_line' id='line_1_32' title="bbox 278 1523 1066 1560; baseline 0.004 -11"><span class='ocrx_word' id='word_1_229' title='bbox 278 1524 406 1554; x_wconf 84' lang='lat' dir='ltr'><strong>masculi,</strong></span> <span class='ocrx_word' id='word_1_230' title='bbox 421 1523 616 1559; x_wconf 80' lang='lat' dir='ltr'><strong>adjumentum</strong></span> <span class='ocrx_word' id='word_1_231' title='bbox 631 1533 636 1550; x_wconf 92' lang='lat'><strong>:</strong></span> <span class='ocrx_word' id='word_1_232' title='bbox 655 1532 699 1550; x_wconf 83' lang='lat' dir='ltr'><strong>res</strong></span> <span class='ocrx_word' id='word_1_233' title='bbox 724 1532 790 1559; x_wconf 72' lang='lat' dir='ltr'><strong>ergo</strong></span> <span class='ocrx_word' id='word_1_234' title='bbox 803 1524 843 1551; x_wconf 89' lang='lat' dir='ltr'><strong>sic</strong></span> <span class='ocrx_word' id='word_1_235' title='bbox 858 1525 979 1552; x_wconf 88' lang='lat' dir='ltr'><strong>debebat</strong></span> <span class='ocrx_word' id='word_1_236' title='bbox 998 1534 1066 1560; x_wconf 88' lang='lat' dir='ltr'><strong>pro-</strong></span> 
     </span>
    </p>
   </div>
   <div class='ocr_carea' id='block_1_33' title="bbox 279 1569 1065 1605">
    <p class='ocr_par' dir='ltr' id='par_1_33' title="bbox 279 1569 1065 1605">
     <span class='ocr_line' id='line_1_33' title="bbox 279 1569 1065 1605; baseline 0.005 -10"><span class='ocrx_word' id='word_1_237' title='bbox 279 1569 389 1601; x_wconf 70' lang='lat' dir='ltr'><strong>cedere,</strong></span> <span class='ocrx_word' id='word_1_238' title='bbox 405 1574 433 1596; x_wconf 89' lang='lat' dir='ltr'><strong>et</strong></span> <span class='ocrx_word' id='word_1_239' title='bbox 460 1578 515 1596; x_wconf 88' lang='lat' dir='ltr'><strong>non</strong></span> <span class='ocrx_word' id='word_1_240' title='bbox 539 1569 626 1604; x_wconf 77' lang='lat' dir='ltr'><strong>magis</strong></span> <span class='ocrx_word' id='word_1_241' title='bbox 642 1569 714 1596; x_wconf 93' lang='lat' dir='ltr'><strong>utin</strong></span> <span class='ocrx_word' id='word_1_242' title='bbox 739 1570 840 1597; x_wconf 87' lang='lat' dir='ltr'><strong>cubilis</strong></span> <span class='ocrx_word' id='word_1_243' title='bbox 868 1572 1065 1605; x_wconf 78' lang='lat' dir='ltr'><strong>congressibus</strong></span> 
     </span>
    </p>
   </div>
   <div class='ocr_carea' id='block_1_34' title="bbox 279 1617 1065 1652">
    <p class='ocr_par' dir='ltr' id='par_1_34' title="bbox 279 1617 1065 1652">
     <span class='ocr_line' id='line_1_34' title="bbox 279 1617 1065 1652; baseline 0.005 -11"><span class='ocrx_word' id='word_1_244' title='bbox 279 1617 408 1643; x_wconf 86' lang='lat' dir='ltr'><strong>tollerent</strong></span> <span class='ocrx_word' id='word_1_245' title='bbox 430 1624 531 1643; x_wconf 82' lang='lat' dir='ltr'><strong>uxores</strong></span> <span class='ocrx_word' id='word_1_246' title='bbox 544 1617 650 1651; x_wconf 74' lang='lat' dir='ltr'><strong>gladios</strong></span> <span class='ocrx_word' id='word_1_247' title='bbox 666 1617 723 1643; x_wconf 87' lang='lat' dir='ltr'><strong>suis</strong></span> <span class='ocrx_word' id='word_1_248' title='bbox 736 1617 912 1652; x_wconf 77' lang='lat' dir='ltr'><strong>eoiijugibus,</strong></span> <span class='ocrx_word' id='word_1_249' title='bbox 930 1623 959 1645; x_wconf 94' lang='lat' dir='ltr'><strong>ut</strong></span> <span class='ocrx_word' id='word_1_250' title='bbox 974 1618 1065 1646; x_wconf 89' lang='lat' dir='ltr'><strong>cubile</strong></span> 
     </span>
    </p>
   </div>
   <div class='ocr_carea' id='block_1_35' title="bbox 277 1663 493 1698">
    <p class='ocr_par' dir='ltr' id='par_1_35' title="bbox 277 1663 493 1698">
     <span class='ocr_line' id='line_1_35' title="bbox 277 1663 493 1698; baseline 0.005 -8"><span class='ocrx_word' id='word_1_251' title='bbox 277 1668 406 1698; x_wconf 86' lang='lat' dir='ltr'><strong>pararent</strong></span> <span class='ocrx_word' id='word_1_252' title='bbox 421 1663 493 1692; x_wconf 85' lang='lat' dir='ltr'><strong>aliis.</strong></span> 
     </span>
    </p>
   </div>
   <div class='ocr_carea' id='block_1_36' title="bbox 313 1720 1065 1757">
    <p class='ocr_par' dir='ltr' id='par_1_36' title="bbox 313 1720 1065 1757">
     <span class='ocr_line' id='line_1_36' title="bbox 313 1720 1065 1757; baseline 0.004 -11"><span class='ocrx_word' id='word_1_253' title='bbox 313 1720 366 1747; x_wconf 81' lang='lat' dir='ltr'><strong>Sed</strong></span> <span class='ocrx_word' id='word_1_254' title='bbox 391 1724 419 1746; x_wconf 86' lang='lat' dir='ltr'><strong>et</strong></span> <span class='ocrx_word' id='word_1_255' title='bbox 434 1720 522 1751; x_wconf 84' lang='lat' dir='ltr'><strong>canis,</strong></span> <span class='ocrx_word' id='word_1_256' title='bbox 541 1723 569 1746; x_wconf 86' lang='lat' dir='ltr'><strong>et</strong></span> <span class='ocrx_word' id='word_1_257' title='bbox 582 1727 656 1750; x_wconf 85' lang='lat' dir='ltr'><strong>ursa.</strong></span> <span class='ocrx_word' id='word_1_258' title='bbox 670 1724 698 1747; x_wconf 90' lang='lat' dir='ltr'><strong>et</strong></span> <span class='ocrx_word' id='word_1_259' title='bbox 711 1720 808 1752; x_wconf 81' lang='lat' dir='ltr'><strong>leaena,</strong></span> <span class='ocrx_word' id='word_1_260' title='bbox 828 1725 856 1747; x_wconf 90' lang='lat' dir='ltr'><strong>et</strong></span> <span class='ocrx_word' id='word_1_261' title='bbox 880 1721 1013 1757; x_wconf 85' lang='lat' dir='ltr'><strong>hirundo,</strong></span> <span class='ocrx_word' id='word_1_262' title='bbox 1037 1727 1065 1750; x_wconf 88' lang='lat' dir='ltr'><strong>et</strong></span> 
     </span>
    </p>
   </div>
   <div class='ocr_carea' id='block_1_37' title="bbox 278 1768 1066 1805">
    <p class='ocr_par' dir='ltr' id='par_1_37' title="bbox 278 1768 1066 1805">
     <span class='ocr_line' id='line_1_37' title="bbox 278 1768 1066 1805; baseline 0 -9"><span class='ocrx_word' id='word_1_263' title='bbox 278 1777 373 1797; x_wconf 87' lang='lat' dir='ltr'><strong>omnes</strong></span> <span class='ocrx_word' id='word_1_264' title='bbox 398 1768 508 1795; x_wconf 71' lang='lat' dir='ltr'><strong>feminae</strong></span> <span class='ocrx_word' id='word_1_265' title='bbox 533 1768 705 1800; x_wconf 87' lang='lat' dir='ltr'><strong>animalium,</strong></span> <span class='ocrx_word' id='word_1_266' title='bbox 727 1768 863 1795; x_wconf 87' lang='lat' dir='ltr'><strong>deberent</strong></span> <span class='ocrx_word' id='word_1_267' title='bbox 879 1769 973 1796; x_wconf 84' lang='lat' dir='ltr'><strong>vocari</strong></span> <span class='ocrx_word' id='word_1_268' title='bbox 988 1770 1066 1805; x_wconf 89' lang='lat' dir='ltr'><strong>adju-</strong></span> 
     </span>
    </p>
   </div>
   <div class='ocr_carea' id='block_1_38' title="bbox 278 1814 1066 1850">
    <p class='ocr_par' dir='ltr' id='par_1_38' title="bbox 278 1814 1066 1850">
     <span class='ocr_line' id='line_1_38' title="bbox 278 1814 1066 1850; baseline 0 -8"><span class='ocrx_word' id='word_1_269' title='bbox 278 1816 361 1842; x_wconf 88' lang='lat' dir='ltr'><strong>trices</strong></span> <span class='ocrx_word' id='word_1_270' title='bbox 372 1823 484 1841; x_wconf 87' lang='lat' dir='ltr'><strong>suorum</strong></span> <span class='ocrx_word' id='word_1_271' title='bbox 503 1815 701 1841; x_wconf 85' lang='lat' dir='ltr'><strong>masculorum.</strong></span> <span class='ocrx_word' id='word_1_272' title='bbox 718 1814 772 1841; x_wconf 87' lang='lat' dir='ltr'><strong>Sed</strong></span> <span class='ocrx_word' id='word_1_273' title='bbox 785 1822 840 1841; x_wconf 92' lang='lat' dir='ltr'><strong>non</strong></span> <span class='ocrx_word' id='word_1_274' title='bbox 854 1819 896 1841; x_wconf 90' lang='lat' dir='ltr'><strong>est</strong></span> <span class='ocrx_word' id='word_1_275' title='bbox 911 1815 962 1842; x_wconf 86' lang='lat' dir='ltr'><strong>ita:</strong></span> <span class='ocrx_word' id='word_1_276' title='bbox 979 1823 1066 1850; x_wconf 90' lang='lat' dir='ltr'><strong>quan-</strong></span> 
     </span>
    </p>
   </div>
   <div class='ocr_carea' id='block_1_39' title="bbox 277 1860 1064 1896">
    <p class='ocr_par' dir='ltr' id='par_1_39' title="bbox 277 1860 1064 1896">
     <span class='ocr_line' id='line_1_39' title="bbox 277 1860 1064 1896; baseline -0.001 -8"><span class='ocrx_word' id='word_1_277' title='bbox 277 1861 425 1896; x_wconf 84' lang='lat' dir='ltr'><strong>doquidem</strong></span> <span class='ocrx_word' id='word_1_278' title='bbox 451 1860 580 1887; x_wconf 77' lang='lat' dir='ltr'><strong>feminam</strong></span> <span class='ocrx_word' id='word_1_279' title='bbox 597 1860 816 1894; x_wconf 85' lang='lat' dir='ltr'><strong>uniuscujusque</strong></span> <span class='ocrx_word' id='word_1_280' title='bbox 829 1860 938 1895; x_wconf 75' lang='lat' dir='ltr'><strong>generis</strong></span> <span class='ocrx_word' id='word_1_281' title='bbox 951 1868 1000 1888; x_wconf 84' lang='lat' dir='ltr'><strong>seu</strong></span> <span class='ocrx_word' id='word_1_282' title='bbox 1015 1869 1064 1887; x_wconf 89' lang='lat' dir='ltr'><strong>vo-</strong></span> 
     </span>
    </p>
   </div>
   <div class='ocr_carea' id='block_1_40' title="bbox 277 1906 1065 1941">
    <p class='ocr_par' dir='ltr' id='par_1_40' title="bbox 277 1906 1065 1941">
     <span class='ocr_line' id='line_1_40' title="bbox 277 1906 1065 1941; baseline 0 -7"><span class='ocrx_word' id='word_1_283' title='bbox 277 1908 374 1938; x_wconf 81' lang='lat' dir='ltr'><strong>lucris,</strong></span> <span class='ocrx_word' id='word_1_284' title='bbox 395 1915 443 1933; x_wconf 82' lang='lat' dir='ltr'><strong>seu</strong></span> <span class='ocrx_word' id='word_1_285' title='bbox 465 1907 540 1936; x_wconf 64' lang='lat' dir='ltr'><strong>ferte,</strong></span> <span class='ocrx_word' id='word_1_286' title='bbox 559 1914 608 1933; x_wconf 82' lang='lat' dir='ltr'><strong>seu</strong></span> <span class='ocrx_word' id='word_1_287' title='bbox 638 1906 758 1940; x_wconf 84' lang='lat' dir='ltr'><strong>reptilis,</strong></span> <span class='ocrx_word' id='word_1_288' title='bbox 781 1911 894 1934; x_wconf 84' lang='lat' dir='ltr'><strong>vocaret</strong></span> <span class='ocrx_word' id='word_1_289' title='bbox 921 1906 1065 1941; x_wconf 87' lang='lat' dir='ltr'><strong>Scriptura</strong></span> 
     </span>
    </p>
   </div>
   <div class='ocr_carea' id='block_1_41' title="bbox 277 1951 1066 1987">
    <p class='ocr_par' dir='ltr' id='par_1_41' title="bbox 277 1951 1066 1987">
     <span class='ocr_line' id='line_1_41' title="bbox 277 1951 1066 1987; baseline 0.001 -8"><span class='ocrx_word' id='word_1_290' title='bbox 277 1953 439 1987; x_wconf 78' lang='lat' dir='ltr'><strong>adjntriceiii</strong></span> <span class='ocrx_word' id='word_1_291' title='bbox 452 1951 586 1984; x_wconf 80' lang='lat' dir='ltr'><strong>masculi;</strong></span> <span class='ocrx_word' id='word_1_292' title='bbox 609 1951 656 1978; x_wconf 89' lang='lat' dir='ltr'><strong>sed</strong></span> <span class='ocrx_word' id='word_1_293' title='bbox 682 1959 857 1986; x_wconf 87' lang='lat' dir='ltr'><strong>nequaquam</strong></span> <span class='ocrx_word' id='word_1_294' title='bbox 873 1953 926 1980; x_wconf 91' lang='lat' dir='ltr'><strong>hoc</strong></span> <span class='ocrx_word' id='word_1_295' title='bbox 947 1953 1000 1980; x_wconf 88' lang='lat' dir='ltr'><strong>dici</strong></span> <span class='ocrx_word' id='word_1_296' title='bbox 1016 1961 1066 1980; x_wconf 89' lang='lat' dir='ltr'><strong>au-</strong></span> 
     </span>
    </p>
   </div>
   <div class='ocr_carea' id='block_1_42' title="bbox 277 1997 1065 2031">
    <p class='ocr_par' dir='ltr' id='par_1_42' title="bbox 277 1997 1065 2031">
     <span class='ocr_line' id='line_1_42' title="bbox 277 1997 1065 2031; baseline 0.001 -6"><span class='ocrx_word' id='word_1_297' title='bbox 277 1998 397 2025; x_wconf 86' lang='lat' dir='ltr'><strong>divimus</strong></span> <span class='ocrx_word' id='word_1_298' title='bbox 407 1999 433 2024; x_wconf 89' lang='lat' dir='ltr'><strong>in</strong></span> <span class='ocrx_word' id='word_1_299' title='bbox 445 1997 587 2031; x_wconf 80' lang='lat' dir='ltr'><strong>jumentis,</strong></span> <span class='ocrx_word' id='word_1_300' title='bbox 599 2001 647 2024; x_wconf 90' lang='lat' dir='ltr'><strong>aut</strong></span> <span class='ocrx_word' id='word_1_301' title='bbox 659 1997 765 2029; x_wconf 78' lang='lat' dir='ltr'><strong>bestiis,</strong></span> <span class='ocrx_word' id='word_1_302' title='bbox 779 2002 826 2025; x_wconf 90' lang='lat' dir='ltr'><strong>aut</strong></span> <span class='ocrx_word' id='word_1_303' title='bbox 836 1998 1007 2030; x_wconf 86' lang='lat' dir='ltr'><strong>natatilibiis,</strong></span> <span class='ocrx_word' id='word_1_304' title='bbox 1018 2003 1065 2026; x_wconf 87' lang='lat' dir='ltr'><strong>aut</strong></span> 
     </span>
    </p>
   </div>
   <div class='ocr_carea' id='block_1_43' title="bbox 278 2041 1064 2078">
    <p class='ocr_par' dir='ltr' id='par_1_43' title="bbox 278 2041 1064 2078">
     <span class='ocr_line' id='line_1_43' title="bbox 278 2041 1064 2078; baseline 0.001 -9"><span class='ocrx_word' id='word_1_305' title='bbox 278 2043 453 2069; x_wconf 76' lang='lat' dir='ltr'><strong>volneribus:</strong></span> <span class='ocrx_word' id='word_1_306' title='bbox 470 2041 516 2068; x_wconf 85' lang='lat' dir='ltr'><strong>sed</strong></span> <span class='ocrx_word' id='word_1_307' title='bbox 532 2042 558 2068; x_wconf 93' lang='lat' dir='ltr'><strong>in</strong></span> <span class='ocrx_word' id='word_1_308' title='bbox 576 2041 635 2068; x_wconf 88' lang='lat' dir='ltr'><strong>solo</strong></span> <span class='ocrx_word' id='word_1_309' title='bbox 648 2041 764 2068; x_wconf 84' lang='lat' dir='ltr'><strong>Adamo.</strong></span> <span class='ocrx_word' id='word_1_310' title='bbox 779 2042 847 2069; x_wconf 86' lang='lat' dir='ltr'><strong>Nam</strong></span> <span class='ocrx_word' id='word_1_311' title='bbox 865 2043 887 2069; x_wconf 88' lang='lat' dir='ltr'><strong>si</strong></span> <span class='ocrx_word' id='word_1_312' title='bbox 905 2043 963 2070; x_wconf 89' lang='lat' dir='ltr'><strong>dari</strong></span> <span class='ocrx_word' id='word_1_313' title='bbox 981 2051 1064 2078; x_wconf 92' lang='lat' dir='ltr'><strong>opor-</strong></span> 
     </span>
    </p>
   </div>
   <div class='ocr_carea' id='block_1_44' title="bbox 279 2087 1064 2122">
    <p class='ocr_par' dir='ltr' id='par_1_44' title="bbox 279 2087 1064 2122">
     <span class='ocr_line' id='line_1_44' title="bbox 279 2087 1064 2122; baseline 0 -8"><span class='ocrx_word' id='word_1_314' title='bbox 279 2093 317 2115; x_wconf 80' lang='lat' dir='ltr'><strong>tet</strong></span> <span class='ocrx_word' id='word_1_315' title='bbox 348 2088 536 2122; x_wconf 87' lang='lat' dir='ltr'><strong>adjuiiientum</strong></span> <span class='ocrx_word' id='word_1_316' title='bbox 551 2094 582 2114; x_wconf 88' lang='lat' dir='ltr'><strong>ea</strong></span> <span class='ocrx_word' id='word_1_317' title='bbox 599 2087 750 2114; x_wconf 82' lang='lat' dir='ltr'><strong>animantia</strong></span> <span class='ocrx_word' id='word_1_318' title='bbox 774 2095 835 2122; x_wconf 73' lang='lat' dir='ltr'><strong>quae</strong></span> <span class='ocrx_word' id='word_1_319' title='bbox 852 2091 917 2114; x_wconf 90' lang='lat' dir='ltr'><strong>sunt</strong></span> <span class='ocrx_word' id='word_1_320' title='bbox 939 2088 1064 2121; x_wconf 82' lang='lat' dir='ltr'><strong>subjecta</strong></span> 
     </span>
    </p>
   </div>
   <div class='ocr_carea' id='block_1_45' title="bbox 277 2131 1065 2166">
    <p class='ocr_par' dir='ltr' id='par_1_45' title="bbox 277 2131 1065 2166">
     <span class='ocr_line' id='line_1_45' title="bbox 277 2131 1065 2166; baseline -0.004 -5"><span class='ocrx_word' id='word_1_321' title='bbox 277 2133 370 2161; x_wconf 81' lang='lat' dir='ltr'><strong>manui</strong></span> <span class='ocrx_word' id='word_1_322' title='bbox 393 2132 524 2162; x_wconf 85' lang='lat' dir='ltr'><strong>hominis.</strong></span> <span class='ocrx_word' id='word_1_323' title='bbox 546 2136 575 2158; x_wconf 88' lang='lat' dir='ltr'><strong>et</strong></span> <span class='ocrx_word' id='word_1_324' title='bbox 601 2131 700 2165; x_wconf 75' lang='lat' dir='ltr'><strong>inqua:</strong></span> <span class='ocrx_word' id='word_1_325' title='bbox 721 2139 834 2166; x_wconf 77' lang='lat' dir='ltr'><strong>regnum</strong></span> <span class='ocrx_word' id='word_1_326' title='bbox 847 2131 964 2163; x_wconf 88' lang='lat' dir='ltr'><strong>obtinet,</strong></span> <span class='ocrx_word' id='word_1_327' title='bbox 979 2132 1065 2166; x_wconf 79' lang='lat' dir='ltr'><strong>magis</strong></span> 
     </span>
    </p>
   </div>
   <div class='ocr_carea' id='block_1_46' title="bbox 277 2177 1062 2215">
    <p class='ocr_par' dir='ltr' id='par_1_46' title="bbox 277 2177 1062 2215">
     <span class='ocr_line' id='line_1_46' title="bbox 277 2177 1062 2215; baseline -0.004 -8"><span class='ocrx_word' id='word_1_328' title='bbox 277 2185 359 2215; x_wconf 76' lang='lat' dir='ltr'><strong>egent</strong></span> <span class='ocrx_word' id='word_1_329' title='bbox 371 2179 541 2213; x_wconf 85' lang='lat' dir='ltr'><strong>adjumeiito.</strong></span> <span class='ocrx_word' id='word_1_330' title='bbox 551 2177 601 2204; x_wconf 87' lang='lat' dir='ltr'><strong>Hic</strong></span> <span class='ocrx_word' id='word_1_331' title='bbox 615 2182 708 2204; x_wconf 87' lang='lat' dir='ltr'><strong>autem</strong></span> <span class='ocrx_word' id='word_1_332' title='bbox 721 2177 864 2204; x_wconf 84' lang='lat' dir='ltr'><strong>audiamus</strong></span> <span class='ocrx_word' id='word_1_333' title='bbox 879 2178 1062 2210; x_wconf 85' lang='lat' dir='ltr'><strong>contrarium,</strong></span> 
     </span>
    </p>
   </div>
   <div class='ocr_carea' id='block_1_47' title="bbox 277 2223 1063 2261">
    <p class='ocr_par' dir='ltr' id='par_1_47' title="bbox 277 2223 1063 2261">
     <span class='ocr_line' id='line_1_47' title="bbox 277 2223 1063 2261; baseline 0 -9"><span class='ocrx_word' id='word_1_334' title='bbox 277 2226 350 2261; x_wconf 82' lang='lat' dir='ltr'><strong>quod</strong></span> <span class='ocrx_word' id='word_1_335' title='bbox 370 2224 474 2252; x_wconf 89' lang='lat' dir='ltr'><strong>homini</strong></span> <span class='ocrx_word' id='word_1_336' title='bbox 488 2224 536 2259; x_wconf 86' lang='lat' dir='ltr'><strong>qui</strong></span> <span class='ocrx_word' id='word_1_337' title='bbox 562 2227 605 2250; x_wconf 85' lang='lat' dir='ltr'><strong>est</strong></span> <span class='ocrx_word' id='word_1_338' title='bbox 619 2223 748 2258; x_wconf 87' lang='lat' dir='ltr'><strong>princeps</strong></span> <span class='ocrx_word' id='word_1_339' title='bbox 772 2227 800 2250; x_wconf 89' lang='lat' dir='ltr'><strong>et</strong></span> <span class='ocrx_word' id='word_1_340' title='bbox 813 2223 942 2251; x_wconf 84' lang='lat' dir='ltr'><strong>dominus</strong></span> <span class='ocrx_word' id='word_1_341' title='bbox 956 2244 962 2256; x_wconf 92' lang='lat'><strong>,</strong></span> <span class='ocrx_word' id='word_1_342' title='bbox 978 2231 1008 2251; x_wconf 84' lang='lat' dir='ltr'><strong>et</strong></span> <span class='ocrx_word' id='word_1_343' title='bbox 1019 2225 1063 2252; x_wconf 92' lang='lat' dir='ltr'><strong>cui</strong></span> 
     </span>
    </p>
   </div>
   <div class='ocr_carea' id='block_1_48' title="bbox 1126 298 1931 339">
    <p class='ocr_par' dir='ltr' id='par_1_48' title="bbox 1126 298 1931 339">
     <span class='ocr_line' id='line_1_48' title="bbox 1126 298 1931 339; baseline 0.01 -14"><span class='ocrx_word' id='word_1_344' title='bbox 1126 298 1202 326; x_wconf 87' lang='lat' dir='ltr'><strong>Bona</strong></span> <span class='ocrx_word' id='word_1_345' title='bbox 1214 305 1309 328; x_wconf 87' lang='lat' dir='ltr'><strong>autem</strong></span> <span class='ocrx_word' id='word_1_346' title='bbox 1320 307 1348 328; x_wconf 91' lang='lat' dir='ltr'><strong>et</strong></span> <span class='ocrx_word' id='word_1_347' title='bbox 1356 303 1478 330; x_wconf 87' lang='lat' dir='ltr'><strong>clemens</strong></span> <span class='ocrx_word' id='word_1_348' title='bbox 1495 304 1616 339; x_wconf 79' lang='lat' dir='ltr'><strong>adjutrix</strong></span> <span class='ocrx_word' id='word_1_349' title='bbox 1628 305 1687 339; x_wconf 81' lang='lat' dir='ltr'><strong>ipsa</strong></span> <span class='ocrx_word' id='word_1_350' title='bbox 1706 304 1812 332; x_wconf 82' lang='lat' dir='ltr'><strong>Christi</strong></span> <span class='ocrx_word' id='word_1_351' title='bbox 1823 306 1931 333; x_wconf 81' lang='lat' dir='ltr'><strong>Eccle-</strong></span> 
     </span>
    </p>
   </div>
   <div class='ocr_carea' id='block_1_49' title="bbox 1125 345 1930 386">
    <p class='ocr_par' dir='ltr' id='par_1_49' title="bbox 1125 345 1930 386">
     <span class='ocr_line' id='line_1_49' title="bbox 1125 345 1930 386; baseline 0.007 -14"><span class='ocrx_word' id='word_1_352' title='bbox 1125 345 1178 378; x_wconf 89' lang='lat' dir='ltr'><strong>sia,</strong></span> <span class='ocrx_word' id='word_1_353' title='bbox 1194 346 1534 382; x_wconf 68' lang='lat' dir='ltr'><strong>prazbenspeccatoribus</strong></span> <span class='ocrx_word' id='word_1_354' title='bbox 1548 350 1640 377; x_wconf 88' lang='lat' dir='ltr'><strong>locum</strong></span> <span class='ocrx_word' id='word_1_355' title='bbox 1654 355 1684 377; x_wconf 87' lang='lat' dir='ltr'><strong>et</strong></span> <span class='ocrx_word' id='word_1_356' title='bbox 1705 355 1816 386; x_wconf 78' lang='lat' dir='ltr'><strong>tempus</strong></span> <span class='ocrx_word' id='word_1_357' title='bbox 1828 352 1930 386; x_wconf 63' lang='lat' dir='ltr'><strong>paeni-</strong></span> 
     </span>
    </p>
   </div>
   <div class='ocr_carea' id='block_1_50' title="bbox 1126 392 1929 431">
    <p class='ocr_par' dir='ltr' id='par_1_50' title="bbox 1126 392 1929 431">
     <span class='ocr_line' id='line_1_50' title="bbox 1126 392 1929 431; baseline 0.007 -13"><span class='ocrx_word' id='word_1_358' title='bbox 1126 392 1231 424; x_wconf 67' lang='lat' dir='ltr'><strong>tentiae,</strong></span> <span class='ocrx_word' id='word_1_359' title='bbox 1245 397 1273 419; x_wconf 91' lang='lat' dir='ltr'><strong>et</strong></span> <span class='ocrx_word' id='word_1_360' title='bbox 1289 393 1412 421; x_wconf 82' lang='lat' dir='ltr'><strong>latrones</strong></span> <span class='ocrx_word' id='word_1_361' title='bbox 1435 401 1463 422; x_wconf 88' lang='lat' dir='ltr'><strong>et</strong></span> <span class='ocrx_word' id='word_1_362' title='bbox 1484 403 1588 430; x_wconf 78' lang='lat' dir='ltr'><strong>magos,</strong></span> <span class='ocrx_word' id='word_1_363' title='bbox 1604 401 1632 423; x_wconf 90' lang='lat' dir='ltr'><strong>et</strong></span> <span class='ocrx_word' id='word_1_364' title='bbox 1656 397 1704 423; x_wconf 86' lang='lat' dir='ltr'><strong>Dei</strong></span> <span class='ocrx_word' id='word_1_365' title='bbox 1721 401 1877 431; x_wconf 75' lang='lat' dir='ltr'><strong>negatores</strong></span> <span class='ocrx_word' id='word_1_366' title='bbox 1896 402 1929 424; x_wconf 91' lang='lat' dir='ltr'><strong>et</strong></span> 
     </span>
    </p>
   </div>
   <div class='ocr_carea' id='block_1_51' title="bbox 1126 439 1928 479">
    <p class='ocr_par' dir='ltr' id='par_1_51' title="bbox 1126 439 1928 479">
     <span class='ocr_line' id='line_1_51' title="bbox 1126 439 1928 479; baseline 0.005 -13"><span class='ocrx_word' id='word_1_367' title='bbox 1126 439 1288 467; x_wconf 85' lang='lat' dir='ltr'><strong>idololatras</strong></span> <span class='ocrx_word' id='word_1_368' title='bbox 1310 445 1401 479; x_wconf 74' lang='lat' dir='ltr'><strong>potest</strong></span> <span class='ocrx_word' id='word_1_369' title='bbox 1429 442 1538 469; x_wconf 76' lang='lat' dir='ltr'><strong>efﬁcere</strong></span> <span class='ocrx_word' id='word_1_370' title='bbox 1558 443 1634 470; x_wconf 86' lang='lat' dir='ltr'><strong>cives</strong></span> <span class='ocrx_word' id='word_1_371' title='bbox 1649 443 1714 470; x_wconf 76' lang='lat' dir='ltr'><strong>cmli</strong></span> <span class='ocrx_word' id='word_1_372' title='bbox 1736 449 1766 470; x_wconf 86' lang='lat' dir='ltr'><strong>et</strong></span> <span class='ocrx_word' id='word_1_373' title='bbox 1790 444 1928 471; x_wconf 71' lang='lat' dir='ltr'><strong>luerech</strong></span> 
     </span>
    </p>
   </div>
   <div class='ocr_carea' id='block_1_52' title="bbox 1124 485 1927 524">
    <p class='ocr_par' dir='ltr' id='par_1_52' title="bbox 1124 485 1927 524">
     <span class='ocr_line' id='line_1_52' title="bbox 1124 485 1927 524; baseline 0.006 -13"><span class='ocrx_word' id='word_1_374' title='bbox 1124 485 1289 519; x_wconf 79' lang='lat' dir='ltr'><strong>paradisiac</strong></span> <span class='ocrx_word' id='word_1_375' title='bbox 1314 487 1390 521; x_wconf 85' lang='lat' dir='ltr'><strong>regni</strong></span> <span class='ocrx_word' id='word_1_376' title='bbox 1420 489 1566 515; x_wconf 62' lang='lat' dir='ltr'><strong>caelorum.</strong></span> <span class='ocrx_word' id='word_1_377' title='bbox 1584 488 1728 521; x_wconf 84' lang='lat' dir='ltr'><strong>Quomodo</strong></span> <span class='ocrx_word' id='word_1_378' title='bbox 1742 494 1836 516; x_wconf 78' lang='lat' dir='ltr'><strong>autem</strong></span> <span class='ocrx_word' id='word_1_379' title='bbox 1860 489 1927 524; x_wconf 79' lang='lat' dir='ltr'><strong>ipsa</strong></span> 
     </span>
    </p>
   </div>
   <div class='ocr_carea' id='block_1_53' title="bbox 1123 530 1927 569">
    <p class='ocr_par' dir='ltr' id='par_1_53' title="bbox 1123 530 1927 569">
     <span class='ocr_line' id='line_1_53' title="bbox 1123 530 1927 569; baseline 0.005 -12"><span class='ocrx_word' id='word_1_380' title='bbox 1123 530 1196 558; x_wconf 83' lang='lat' dir='ltr'><strong>facta</strong></span> <span class='ocrx_word' id='word_1_381' title='bbox 1220 537 1263 558; x_wconf 83' lang='lat' dir='ltr'><strong>est</strong></span> <span class='ocrx_word' id='word_1_382' title='bbox 1291 537 1320 558; x_wconf 93' lang='lat' dir='ltr'><strong>et</strong></span> <span class='ocrx_word' id='word_1_383' title='bbox 1341 533 1491 560; x_wconf 87' lang='lat' dir='ltr'><strong>constituta</strong></span> <span class='ocrx_word' id='word_1_384' title='bbox 1513 541 1545 560; x_wconf 85' lang='lat' dir='ltr'><strong>ac</strong></span> <span class='ocrx_word' id='word_1_385' title='bbox 1568 533 1712 561; x_wconf 87' lang='lat' dir='ltr'><strong>nominata</strong></span> <span class='ocrx_word' id='word_1_386' title='bbox 1740 535 1867 569; x_wconf 76' lang='lat' dir='ltr'><strong>sdjutrix</strong></span> <span class='ocrx_word' id='word_1_387' title='bbox 1892 539 1927 561; x_wconf 88' lang='lat' dir='ltr'><strong>et</strong></span> 
     </span>
    </p>
   </div>
   <div class='ocr_carea' id='block_1_54' title="bbox 1125 578 1923 615">
    <p class='ocr_par' dir='ltr' id='par_1_54' title="bbox 1125 578 1923 615">
     <span class='ocr_line' id='line_1_54' title="bbox 1125 578 1923 615; baseline 0.006 -12"><span class='ocrx_word' id='word_1_388' title='bbox 1125 578 1260 604; x_wconf 76' lang='lat' dir='ltr'><strong>servatrix</strong></span> <span class='ocrx_word' id='word_1_389' title='bbox 1272 578 1379 610; x_wconf 87' lang='lat' dir='ltr'><strong>mundi,</strong></span> <span class='ocrx_word' id='word_1_390' title='bbox 1394 579 1584 606; x_wconf 84' lang='lat' dir='ltr'><strong>audiatsurda</strong></span> <span class='ocrx_word' id='word_1_391' title='bbox 1598 579 1739 615; x_wconf 75' lang='lat' dir='ltr'><strong>Syiiagoga</strong></span> <span class='ocrx_word' id='word_1_392' title='bbox 1751 589 1832 608; x_wconf 84' lang='lat' dir='ltr'><strong>suum</strong></span> <span class='ocrx_word' id='word_1_393' title='bbox 1852 589 1923 615; x_wconf 81' lang='lat' dir='ltr'><strong>pro-</strong></span> 
     </span>
    </p>
   </div>
   <div class='ocr_carea' id='block_1_55' title="bbox 1123 623 1925 657">
    <p class='ocr_par' dir='ltr' id='par_1_55' title="bbox 1123 623 1925 657">
     <span class='ocr_line' id='line_1_55' title="bbox 1123 623 1925 657; baseline 0.005 -8"><span class='ocrx_word' id='word_1_394' title='bbox 1123 623 1234 657; x_wconf 83' lang='lat' dir='ltr'><strong>phetam</strong></span> <span class='ocrx_word' id='word_1_395' title='bbox 1246 623 1348 650; x_wconf 83' lang='lat' dir='ltr'><strong>Mosein</strong></span> <span class='ocrx_word' id='word_1_396' title='bbox 1373 624 1511 651; x_wconf 83' lang='lat' dir='ltr'><strong>dicentem</strong></span> <span class='ocrx_word' id='word_1_397' title='bbox 1526 633 1532 651; x_wconf 85' lang='lat'><strong>:</strong></span> <span class='ocrx_word' id='word_1_398' title='bbox 1551 625 1586 651; x_wconf 83' lang='lat' dir='ltr'><strong>Et</strong></span> <span class='ocrx_word' id='word_1_399' title='bbox 1598 626 1668 652; x_wconf 76' lang='lat' dir='ltr'><strong>misit</strong></span> <span class='ocrx_word' id='word_1_400' title='bbox 1698 626 1825 653; x_wconf 76' lang='lat' dir='ltr'><strong>Dominus</strong></span> <span class='ocrx_word' id='word_1_401' title='bbox 1841 627 1925 653; x_wconf 75' lang='lat' dir='ltr'><strong>Deus</strong></span> 
     </span>
    </p>
   </div>
   <div class='ocr_carea' id='block_1_56' title="bbox 1122 667 1924 705">
    <p class='ocr_par' dir='ltr' id='par_1_56' title="bbox 1122 667 1924 705">
     <span class='ocr_line' id='line_1_56' title="bbox 1122 667 1924 705; baseline 0.007 -13"><span class='ocrx_word' id='word_1_402' title='bbox 1122 668 1248 693; x_wconf 66' lang='lat' dir='ltr'><strong>exstasim</strong></span> <span class='ocrx_word' id='word_1_403' title='bbox 1264 667 1291 693; x_wconf 88' lang='lat' dir='ltr'><strong>in</strong></span> <span class='ocrx_word' id='word_1_404' title='bbox 1301 668 1445 701; x_wconf 80' lang='lat' dir='ltr'><strong>Adumum,</strong></span> <span class='ocrx_word' id='word_1_405' title='bbox 1462 673 1486 695; x_wconf 78' lang='lat' dir='ltr'><strong>et</strong></span> <span class='ocrx_word' id='word_1_406' title='bbox 1501 670 1590 703; x_wconf 83' lang='lat' dir='ltr'><strong>sopiit,</strong></span> <span class='ocrx_word' id='word_1_407' title='bbox 1616 675 1641 696; x_wconf 76' lang='lat' dir='ltr'><strong>et</strong></span> <span class='ocrx_word' id='word_1_408' title='bbox 1664 672 1762 705; x_wconf 75' lang='lat' dir='ltr'><strong>accepit</strong></span> <span class='ocrx_word' id='word_1_409' title='bbox 1782 680 1868 698; x_wconf 83' lang='lat' dir='ltr'><strong>unam</strong></span> <span class='ocrx_word' id='word_1_410' title='bbox 1885 680 1924 698; x_wconf 72' lang='lat' dir='ltr'><strong>ea;</strong></span> 
     </span>
    </p>
   </div>
   <div class='ocr_carea' id='block_1_57' title="bbox 1122 713 1922 750">
    <p class='ocr_par' dir='ltr' id='par_1_57' title="bbox 1122 713 1922 750">
     <span class='ocr_line' id='line_1_57' title="bbox 1122 713 1922 750; baseline 0.008 -12"><span class='ocrx_word' id='word_1_411' title='bbox 1122 713 1199 739; x_wconf 73' lang='lat' dir='ltr'><strong>costis</strong></span> <span class='ocrx_word' id='word_1_412' title='bbox 1212 713 1281 748; x_wconf 75' lang='lat' dir='ltr'><strong>ejus,</strong></span> <span class='ocrx_word' id='word_1_413' title='bbox 1292 719 1317 740; x_wconf 79' lang='lat' dir='ltr'><strong>et</strong></span> <span class='ocrx_word' id='word_1_414' title='bbox 1341 714 1451 748; x_wconf 75' lang='lat' dir='ltr'><strong>replevit</strong></span> <span class='ocrx_word' id='word_1_415' title='bbox 1462 723 1569 741; x_wconf 80' lang='lat' dir='ltr'><strong>carnem</strong></span> <span class='ocrx_word' id='word_1_416' title='bbox 1581 724 1628 750; x_wconf 84' lang='lat' dir='ltr'><strong>pro</strong></span> <span class='ocrx_word' id='word_1_417' title='bbox 1641 717 1698 750; x_wconf 79' lang='lat' dir='ltr'><strong>ipsa</strong></span> <span class='ocrx_word' id='word_1_418' title='bbox 1712 724 1721 747; x_wconf 87' lang='lat'><strong><em>;</em></strong></span> <span class='ocrx_word' id='word_1_419' title='bbox 1734 721 1759 742; x_wconf 72' lang='lat' dir='ltr'><strong>et</strong></span> <span class='ocrx_word' id='word_1_420' title='bbox 1770 717 1922 750; x_wconf 61' lang='lat' dir='ltr'><strong>(ldiﬁcari!</strong></span> 
     </span>
    </p>
   </div>
   <div class='ocr_carea' id='block_1_58' title="bbox 1121 758 1921 796">
    <p class='ocr_par' dir='ltr' id='par_1_58' title="bbox 1121 758 1921 796">
     <span class='ocr_line' id='line_1_58' title="bbox 1121 758 1921 796; baseline 0.005 -11"><span class='ocrx_word' id='word_1_421' title='bbox 1121 758 1250 787; x_wconf 78' lang='lat' dir='ltr'><strong>Dominus</strong></span> <span class='ocrx_word' id='word_1_422' title='bbox 1266 759 1336 786; x_wconf 86' lang='lat' dir='ltr'><strong>Deus</strong></span> <span class='ocrx_word' id='word_1_423' title='bbox 1366 765 1465 787; x_wconf 76' lang='lat' dir='ltr'><strong>costam</strong></span> <span class='ocrx_word' id='word_1_424' title='bbox 1485 769 1567 795; x_wconf 77' lang='lat' dir='ltr'><strong>quam</strong></span> <span class='ocrx_word' id='word_1_425' title='bbox 1579 763 1677 796; x_wconf 77' lang='lat' dir='ltr'><strong>accepit</strong></span> <span class='ocrx_word' id='word_1_426' title='bbox 1701 770 1735 788; x_wconf 71' lang='lat' dir='ltr'><strong>ea:</strong></span> <span class='ocrx_word' id='word_1_427' title='bbox 1753 763 1858 789; x_wconf 70' lang='lat' dir='ltr'><strong>Adams</strong></span> <span class='ocrx_word' id='word_1_428' title='bbox 1886 764 1921 789; x_wconf 74' lang='lat' dir='ltr'><strong>in</strong></span> 
     </span>
    </p>
   </div>
   <div class='ocr_carea' id='block_1_59' title="bbox 1122 805 1918 839">
    <p class='ocr_par' dir='ltr' id='par_1_59' title="bbox 1122 805 1918 839">
     <span class='ocr_line' id='line_1_59' title="bbox 1122 805 1918 839; baseline 0.004 -8"><span class='ocrx_word' id='word_1_429' title='bbox 1122 805 1269 838; x_wconf 80' lang='lat' dir='ltr'><strong>mulierem,</strong></span> <span class='ocrx_word' id='word_1_430' title='bbox 1287 810 1313 832; x_wconf 77' lang='lat' dir='ltr'><strong>et</strong></span> <span class='ocrx_word' id='word_1_431' title='bbox 1332 806 1441 833; x_wconf 72' lang='lat' dir='ltr'><strong>adduxit</strong></span> <span class='ocrx_word' id='word_1_432' title='bbox 1453 814 1512 832; x_wconf 77' lang='lat' dir='ltr'><strong>eam</strong></span> <span class='ocrx_word' id='word_1_433' title='bbox 1524 807 1560 832; x_wconf 86' lang='lat' dir='ltr'><strong>ad</strong></span> <span class='ocrx_word' id='word_1_434' title='bbox 1573 806 1714 839; x_wconf 78' lang='lat' dir='ltr'><strong>Adamum.</strong></span> <span class='ocrx_word' id='word_1_435' title='bbox 1742 807 1918 834; x_wconf 84' lang='lat' dir='ltr'><strong>Profuiidani</strong></span> 
     </span>
    </p>
   </div>
   <div class='ocr_carea' id='block_1_60' title="bbox 1123 850 1917 887">
    <p class='ocr_par' dir='ltr' id='par_1_60' title="bbox 1123 850 1917 887">
     <span class='ocr_line' id='line_1_60' title="bbox 1123 850 1917 887; baseline 0.003 -10"><span class='ocrx_word' id='word_1_436' title='bbox 1123 850 1168 878; x_wconf 81' lang='lat' dir='ltr'><strong>hic</strong></span> <span class='ocrx_word' id='word_1_437' title='bbox 1183 851 1265 878; x_wconf 88' lang='lat' dir='ltr'><strong>video</strong></span> <span class='ocrx_word' id='word_1_438' title='bbox 1282 851 1433 878; x_wconf 90' lang='lat' dir='ltr'><strong>dictionem</strong></span> <span class='ocrx_word' id='word_1_439' title='bbox 1445 857 1472 879; x_wconf 89' lang='lat' dir='ltr'><strong>et</strong></span> <span class='ocrx_word' id='word_1_440' title='bbox 1490 852 1678 887; x_wconf 88' lang='lat' dir='ltr'><strong>contemplatu</strong></span> <span class='ocrx_word' id='word_1_441' title='bbox 1687 852 1917 884; x_wconf 78' lang='lat' dir='ltr'><strong>diﬂicilem,cum</strong></span> 
     </span>
    </p>
   </div>
   <div class='ocr_carea' id='block_1_61' title="bbox 1122 894 1917 933">
    <p class='ocr_par' dir='ltr' id='par_1_61' title="bbox 1122 894 1917 933">
     <span class='ocr_line' id='line_1_61' title="bbox 1122 894 1917 933; baseline 0.004 -11"><span class='ocrx_word' id='word_1_442' title='bbox 1122 897 1178 922; x_wconf 90' lang='lat' dir='ltr'><strong>sint</strong></span> <span class='ocrx_word' id='word_1_443' title='bbox 1202 897 1286 924; x_wconf 84' lang='lat' dir='ltr'><strong>multa</strong></span> <span class='ocrx_word' id='word_1_444' title='bbox 1303 897 1386 924; x_wconf 87' lang='lat' dir='ltr'><strong>dubia</strong></span> <span class='ocrx_word' id='word_1_445' title='bbox 1405 897 1434 924; x_wconf 89' lang='lat' dir='ltr'><strong>in</strong></span> <span class='ocrx_word' id='word_1_446' title='bbox 1446 898 1480 925; x_wconf 88' lang='lat' dir='ltr'><strong>iis</strong></span> <span class='ocrx_word' id='word_1_447' title='bbox 1495 906 1556 932; x_wconf 59' lang='lat' dir='ltr'><strong>quae</strong></span> <span class='ocrx_word' id='word_1_448' title='bbox 1572 903 1638 925; x_wconf 91' lang='lat' dir='ltr'><strong>sunt</strong></span> <span class='ocrx_word' id='word_1_449' title='bbox 1661 894 1818 933; x_wconf 84' lang='lat' dir='ltr'><strong>proposita.</strong></span> <span class='ocrx_word' id='word_1_450' title='bbox 1840 899 1917 925; x_wconf 81' lang='grc' dir='ltr'>ιιιυιι</span> 
     </span>
    </p>
   </div>
   <div class='ocr_carea' id='block_1_62' title="bbox 1120 943 1918 979">
    <p class='ocr_par' dir='ltr' id='par_1_62' title="bbox 1120 943 1918 979">
     <span class='ocr_line' id='line_1_62' title="bbox 1120 943 1918 979; baseline 0.005 -11"><span class='ocrx_word' id='word_1_451' title='bbox 1120 946 1184 969; x_wconf 81' lang='lat' dir='ltr'><strong>ante</strong></span> <span class='ocrx_word' id='word_1_452' title='bbox 1195 943 1248 970; x_wconf 87' lang='lat' dir='ltr'><strong>alia</strong></span> <span class='ocrx_word' id='word_1_453' title='bbox 1262 943 1366 970; x_wconf 88' lang='lat' dir='ltr'><strong>infideli</strong></span> <span class='ocrx_word' id='word_1_454' title='bbox 1377 948 1405 970; x_wconf 92' lang='lat' dir='ltr'><strong>et</strong></span> <span class='ocrx_word' id='word_1_455' title='bbox 1413 944 1517 971; x_wconf 86' lang='lat' dir='ltr'><strong>carnali</strong></span> <span class='ocrx_word' id='word_1_456' title='bbox 1525 944 1620 972; x_wconf 65' lang='lat' dir='ltr'><strong>ludam</strong></span> <span class='ocrx_word' id='word_1_457' title='bbox 1630 945 1722 979; x_wconf 76' lang='lat' dir='ltr'><strong>exigat</strong></span> <span class='ocrx_word' id='word_1_458' title='bbox 1736 945 1873 977; x_wconf 84' lang='lat' dir='ltr'><strong>Ecclesia,</strong></span> <span class='ocrx_word' id='word_1_459' title='bbox 1884 950 1918 972; x_wconf 82' lang='lat' dir='ltr'><strong>ut</strong></span> 
     </span>
    </p>
   </div>
   <div class='ocr_carea' id='block_1_63' title="bbox 1121 987 1915 1026">
    <p class='ocr_par' dir='ltr' id='par_1_63' title="bbox 1121 987 1915 1026">
     <span class='ocr_line' id='line_1_63' title="bbox 1121 987 1915 1026; baseline 0.006 -12"><span class='ocrx_word' id='word_1_460' title='bbox 1121 987 1196 1015; x_wconf 84' lang='lat' dir='ltr'><strong>dicat</strong></span> <span class='ocrx_word' id='word_1_461' title='bbox 1211 989 1362 1022; x_wconf 88' lang='lat' dir='ltr'><strong>quomodo.</strong></span> <span class='ocrx_word' id='word_1_462' title='bbox 1381 997 1446 1016; x_wconf 85' lang='lat' dir='ltr'><strong>eum</strong></span> <span class='ocrx_word' id='word_1_463' title='bbox 1461 990 1535 1017; x_wconf 86' lang='lat' dir='ltr'><strong>Deus</strong></span> <span class='ocrx_word' id='word_1_464' title='bbox 1559 995 1646 1017; x_wconf 87' lang='lat' dir='ltr'><strong>staret</strong></span> <span class='ocrx_word' id='word_1_465' title='bbox 1659 991 1737 1026; x_wconf 70' lang='lat' dir='ltr'><strong>juxta</strong></span> <span class='ocrx_word' id='word_1_466' title='bbox 1762 991 1915 1023; x_wconf 79' lang='lat' dir='ltr'><strong>Adamum,</strong></span> 
     </span>
    </p>
   </div>
   <div class='ocr_carea' id='block_1_64' title="bbox 1120 1035 1914 1070">
    <p class='ocr_par' dir='ltr' id='par_1_64' title="bbox 1120 1035 1914 1070">
     <span class='ocr_line' id='line_1_64' title="bbox 1120 1035 1914 1070; baseline 0.003 -9"><span class='ocrx_word' id='word_1_467' title='bbox 1120 1039 1149 1061; x_wconf 86' lang='lat' dir='ltr'><strong>et</strong></span> <span class='ocrx_word' id='word_1_468' title='bbox 1175 1035 1261 1062; x_wconf 93' lang='lat' dir='ltr'><strong>veluti</strong></span> <span class='ocrx_word' id='word_1_469' title='bbox 1279 1035 1528 1070; x_wconf 85' lang='lat' dir='ltr'><strong>quadam‘mcdici</strong></span> <span class='ocrx_word' id='word_1_470' title='bbox 1550 1041 1619 1068; x_wconf 84' lang='lat' dir='ltr'><strong>arte,</strong></span> <span class='ocrx_word' id='word_1_471' title='bbox 1644 1040 1675 1063; x_wconf 93' lang='lat' dir='ltr'><strong>ut</strong></span> <span class='ocrx_word' id='word_1_472' title='bbox 1701 1041 1731 1063; x_wconf 85' lang='lat' dir='ltr'><strong>tu</strong></span> <span class='ocrx_word' id='word_1_473' title='bbox 1755 1037 1914 1068; x_wconf 78' lang='lat' dir='ltr'><strong>existimas,</strong></span> 
     </span>
    </p>
   </div>
   <div class='ocr_carea' id='block_1_65' title="bbox 1119 1080 1914 1116">
    <p class='ocr_par' dir='ltr' id='par_1_65' title="bbox 1119 1080 1914 1116">
     <span class='ocr_line' id='line_1_65' title="bbox 1119 1080 1914 1116; baseline 0.003 -10"><span class='ocrx_word' id='word_1_474' title='bbox 1119 1084 1228 1106; x_wconf 86' lang='lat' dir='ltr'><strong>secaret</strong></span> <span class='ocrx_word' id='word_1_475' title='bbox 1244 1080 1305 1115; x_wconf 79' lang='lat' dir='ltr'><strong>ejus</strong></span> <span class='ocrx_word' id='word_1_476' title='bbox 1318 1085 1433 1112; x_wconf 79' lang='lat' dir='ltr'><strong>costam,</strong></span> <span class='ocrx_word' id='word_1_477' title='bbox 1453 1080 1521 1108; x_wconf 89' lang='lat' dir='ltr'><strong>dicit</strong></span> <span class='ocrx_word' id='word_1_478' title='bbox 1532 1080 1694 1116; x_wconf 86' lang='lat' dir='ltr'><strong>Scriptura:</strong></span> <span class='ocrx_word' id='word_1_479' title='bbox 1719 1081 1836 1116; x_wconf 75' lang='lat' dir='ltr'><strong>Replevit</strong></span> <span class='ocrx_word' id='word_1_480' title='bbox 1850 1090 1914 1108; x_wconf 80' lang='lat' dir='ltr'><strong>car-</strong></span> 
     </span>
    </p>
   </div>
   <div class='ocr_carea' id='block_1_66' title="bbox 1120 1125 1914 1162">
    <p class='ocr_par' dir='ltr' id='par_1_66' title="bbox 1120 1125 1914 1162">
     <span class='ocr_line' id='line_1_66' title="bbox 1120 1125 1914 1162; baseline 0.005 -12"><span class='ocrx_word' id='word_1_481' title='bbox 1120 1132 1178 1150; x_wconf 79' lang='lat' dir='ltr'><strong>nem</strong></span> <span class='ocrx_word' id='word_1_482' title='bbox 1190 1133 1238 1159; x_wconf 84' lang='lat' dir='ltr'><strong>pro</strong></span> <span class='ocrx_word' id='word_1_483' title='bbox 1248 1133 1290 1157; x_wconf 83' lang='lat' dir='ltr'><strong>ea,</strong></span> <span class='ocrx_word' id='word_1_484' title='bbox 1302 1129 1326 1151; x_wconf 80' lang='lat' dir='ltr'><strong>et</strong></span> <span class='ocrx_word' id='word_1_485' title='bbox 1338 1125 1450 1152; x_wconf 72' lang='lat' dir='ltr'><strong>adduxit</strong></span> <span class='ocrx_word' id='word_1_486' title='bbox 1461 1134 1520 1152; x_wconf 84' lang='lat' dir='ltr'><strong>eam</strong></span> <span class='ocrx_word' id='word_1_487' title='bbox 1531 1126 1565 1152; x_wconf 82' lang='lat' dir='ltr'><strong>ad</strong></span> <span class='ocrx_word' id='word_1_488' title='bbox 1581 1126 1729 1159; x_wconf 79' lang='lat' dir='ltr'><strong>Adamum;</strong></span> <span class='ocrx_word' id='word_1_489' title='bbox 1740 1134 1803 1153; x_wconf 87' lang='lat' dir='ltr'><strong>cum</strong></span> <span class='ocrx_word' id='word_1_490' title='bbox 1818 1135 1914 1162; x_wconf 81' lang='lat' dir='ltr'><strong>neque</strong></span> 
     </span>
    </p>
   </div>
   <div class='ocr_carea' id='block_1_67' title="bbox 1119 1169 1916 1207">
    <p class='ocr_par' dir='ltr' id='par_1_67' title="bbox 1119 1169 1916 1207">
     <span class='ocr_line' id='line_1_67' title="bbox 1119 1169 1916 1207; baseline 0.004 -10"><span class='ocrx_word' id='word_1_491' title='bbox 1119 1169 1192 1197; x_wconf 89' lang='lat' dir='ltr'><strong>Deus</strong></span> <span class='ocrx_word' id='word_1_492' title='bbox 1207 1173 1389 1203; x_wconf 85' lang='lat' dir='ltr'><strong>recessisset,</strong></span> <span class='ocrx_word' id='word_1_493' title='bbox 1406 1179 1496 1206; x_wconf 85' lang='lat' dir='ltr'><strong>neque</strong></span> <span class='ocrx_word' id='word_1_494' title='bbox 1512 1172 1613 1199; x_wconf 85' lang='lat' dir='ltr'><strong>mulier</strong></span> <span class='ocrx_word' id='word_1_495' title='bbox 1635 1180 1696 1207; x_wconf 70' lang='lat' dir='ltr'><strong>qua:</strong></span> <span class='ocrx_word' id='word_1_496' title='bbox 1710 1173 1780 1200; x_wconf 87' lang='lat' dir='ltr'><strong>facta</strong></span> <span class='ocrx_word' id='word_1_497' title='bbox 1795 1178 1856 1200; x_wconf 82' lang='lat' dir='ltr'><strong>erat</strong></span> <span class='ocrx_word' id='word_1_498' title='bbox 1876 1180 1916 1200; x_wconf 80' lang='lat' dir='ltr'><strong>ex</strong></span> 
     </span>
    </p>
   </div>
   <div class='ocr_carea' id='block_1_68' title="bbox 1118 1214 1913 1249">
    <p class='ocr_par' dir='ltr' id='par_1_68' title="bbox 1118 1214 1913 1249">
     <span class='ocr_line' id='line_1_68' title="bbox 1118 1214 1913 1249; baseline 0.005 -8"><span class='ocrx_word' id='word_1_499' title='bbox 1118 1214 1234 1246; x_wconf 78' lang='lat' dir='ltr'><strong>Adamo,</strong></span> <span class='ocrx_word' id='word_1_500' title='bbox 1249 1215 1298 1242; x_wconf 84' lang='lat' dir='ltr'><strong>sed</strong></span> <span class='ocrx_word' id='word_1_501' title='bbox 1309 1215 1392 1242; x_wconf 90' lang='lat' dir='ltr'><strong>ambo</strong></span> <span class='ocrx_word' id='word_1_502' title='bbox 1404 1216 1487 1243; x_wconf 84' lang='lat' dir='ltr'><strong>simul</strong></span> <span class='ocrx_word' id='word_1_503' title='bbox 1504 1220 1618 1249; x_wconf 90' lang='lat' dir='ltr'><strong>essent,</strong></span> <span class='ocrx_word' id='word_1_504' title='bbox 1635 1217 1709 1244; x_wconf 88' lang='lat' dir='ltr'><strong>unde</strong></span> <span class='ocrx_word' id='word_1_505' title='bbox 1721 1217 1837 1244; x_wconf 70' lang='lat' dir='ltr'><strong>adduxit</strong></span> <span class='ocrx_word' id='word_1_506' title='bbox 1847 1225 1913 1245; x_wconf 85' lang='lat' dir='ltr'><strong>eam</strong></span> 
     </span>
    </p>
   </div>
   <div class='ocr_carea' id='block_1_69' title="bbox 1119 1261 1917 1297">
    <p class='ocr_par' dir='ltr' id='par_1_69' title="bbox 1119 1261 1917 1297">
     <span class='ocr_line' id='line_1_69' title="bbox 1119 1261 1917 1297; baseline 0.003 -9"><span class='ocrx_word' id='word_1_507' title='bbox 1119 1261 1193 1288; x_wconf 88' lang='lat' dir='ltr'><strong>Deus</strong></span> <span class='ocrx_word' id='word_1_508' title='bbox 1205 1261 1238 1288; x_wconf 89' lang='lat' dir='ltr'><strong>ad</strong></span> <span class='ocrx_word' id='word_1_509' title='bbox 1252 1261 1405 1289; x_wconf 85' lang='lat' dir='ltr'><strong>Adamum?</strong></span> <span class='ocrx_word' id='word_1_510' title='bbox 1416 1261 1569 1297; x_wconf 86' lang='lat' dir='ltr'><strong>Oportebat</strong></span> <span class='ocrx_word' id='word_1_511' title='bbox 1587 1263 1661 1290; x_wconf 87' lang='lat' dir='ltr'><strong>enim</strong></span> <span class='ocrx_word' id='word_1_512' title='bbox 1676 1263 1786 1290; x_wconf 80' lang='lat' dir='ltr'><strong>dicere:</strong></span> <span class='ocrx_word' id='word_1_513' title='bbox 1813 1263 1917 1297; x_wconf 54' lang='lat' dir='ltr'><strong>ﬁdi/i-</strong></span> 
     </span>
    </p>
   </div>
   <div class='ocr_carea' id='block_1_70' title="bbox 1118 1307 1915 1341">
    <p class='ocr_par' dir='ltr' id='par_1_70' title="bbox 1118 1307 1915 1341">
     <span class='ocr_line' id='line_1_70' title="bbox 1118 1307 1915 1341; baseline 0.001 -8"><span class='ocrx_word' id='word_1_514' title='bbox 1118 1307 1187 1333; x_wconf 77' lang='lat' dir='ltr'><strong>cavit</strong></span> <span class='ocrx_word' id='word_1_515' title='bbox 1200 1307 1329 1334; x_wconf 76' lang='lat' dir='ltr'><strong>Dominus</strong></span> <span class='ocrx_word' id='word_1_516' title='bbox 1341 1307 1412 1334; x_wconf 78' lang='lat' dir='ltr'><strong>Deus</strong></span> <span class='ocrx_word' id='word_1_517' title='bbox 1422 1313 1521 1335; x_wconf 74' lang='lat' dir='ltr'><strong>castam</strong></span> <span class='ocrx_word' id='word_1_518' title='bbox 1535 1310 1563 1335; x_wconf 86' lang='lat' dir='ltr'><strong>in</strong></span> <span class='ocrx_word' id='word_1_519' title='bbox 1579 1308 1726 1341; x_wconf 74' lang='lat' dir='ltr'><strong>mulierem,</strong></span> <span class='ocrx_word' id='word_1_520' title='bbox 1743 1313 1769 1335; x_wconf 76' lang='lat' dir='ltr'><strong>et</strong></span> <span class='ocrx_word' id='word_1_521' title='bbox 1794 1310 1915 1337; x_wconf 69' lang='lat' dir='ltr'><strong>ostendit</strong></span> 
     </span>
    </p>
   </div>
   <div class='ocr_carea' id='block_1_71' title="bbox 1119 1353 1912 1390">
    <p class='ocr_par' dir='ltr' id='par_1_71' title="bbox 1119 1353 1912 1390">
     <span class='ocr_line' id='line_1_71' title="bbox 1119 1353 1912 1390; baseline 0.005 -12"><span class='ocrx_word' id='word_1_522' title='bbox 1119 1360 1177 1384; x_wconf 79' lang='lat' dir='ltr'><strong>eam</strong></span> <span class='ocrx_word' id='word_1_523' title='bbox 1188 1353 1301 1380; x_wconf 79' lang='lat' dir='ltr'><strong>Adanw.</strong></span> <span class='ocrx_word' id='word_1_524' title='bbox 1312 1353 1383 1380; x_wconf 83' lang='lat' dir='ltr'><strong>lllud</strong></span> <span class='ocrx_word' id='word_1_525' title='bbox 1392 1354 1477 1386; x_wconf 87' lang='lat' dir='ltr'><strong>enim,</strong></span> <span class='ocrx_word' id='word_1_526' title='bbox 1495 1354 1605 1381; x_wconf 69' lang='lat' dir='ltr'><strong>adduxit</strong></span> <span class='ocrx_word' id='word_1_527' title='bbox 1617 1355 1823 1390; x_wconf 78' lang='lat' dir='ltr'><strong>eam,significat</strong></span> <span class='ocrx_word' id='word_1_528' title='bbox 1834 1355 1912 1390; x_wconf 89' lang='lat' dir='ltr'><strong>quod</strong></span> 
     </span>
    </p>
   </div>
   <div class='ocr_carea' id='block_1_72' title="bbox 1117 1399 1912 1436">
    <p class='ocr_par' dir='ltr' id='par_1_72' title="bbox 1117 1399 1912 1436">
     <span class='ocr_line' id='line_1_72' title="bbox 1117 1399 1912 1436; baseline 0.001 -10"><span class='ocrx_word' id='word_1_529' title='bbox 1117 1403 1265 1433; x_wconf 87' lang='lat' dir='ltr'><strong>postquam</strong></span> <span class='ocrx_word' id='word_1_530' title='bbox 1279 1399 1338 1434; x_wconf 79' lang='lat' dir='ltr'><strong>ipsa</strong></span> <span class='ocrx_word' id='word_1_531' title='bbox 1364 1399 1438 1427; x_wconf 87' lang='lat' dir='ltr'><strong>facta</strong></span> <span class='ocrx_word' id='word_1_532' title='bbox 1461 1404 1514 1432; x_wconf 88' lang='lat' dir='ltr'><strong>est,</strong></span> <span class='ocrx_word' id='word_1_533' title='bbox 1529 1400 1745 1435; x_wconf 73' lang='lat' dir='ltr'><strong>aliquo‘aufugit</strong></span> <span class='ocrx_word' id='word_1_534' title='bbox 1769 1405 1797 1428; x_wconf 85' lang='lat' dir='ltr'><strong>et</strong></span> <span class='ocrx_word' id='word_1_535' title='bbox 1810 1402 1912 1436; x_wconf 74' lang='lat' dir='ltr'><strong>proeut</strong></span> 
     </span>
    </p>
   </div>
   <div class='ocr_carea' id='block_1_73' title="bbox 1118 1445 1913 1479">
    <p class='ocr_par' dir='ltr' id='par_1_73' title="bbox 1118 1445 1913 1479">
     <span class='ocr_line' id='line_1_73' title="bbox 1118 1445 1913 1479; baseline 0.003 -8"><span class='ocrx_word' id='word_1_536' title='bbox 1118 1449 1246 1479; x_wconf 87' lang='lat' dir='ltr'><strong>separata</strong></span> <span class='ocrx_word' id='word_1_537' title='bbox 1265 1445 1318 1472; x_wconf 89' lang='lat' dir='ltr'><strong>fuit</strong></span> <span class='ocrx_word' id='word_1_538' title='bbox 1333 1453 1348 1473; x_wconf 90' lang='lat' dir='ltr'><strong>a</strong></span> <span class='ocrx_word' id='word_1_539' title='bbox 1375 1454 1428 1473; x_wconf 87' lang='lat' dir='ltr'><strong>suo</strong></span> <span class='ocrx_word' id='word_1_540' title='bbox 1443 1446 1515 1478; x_wconf 88' lang='lat' dir='ltr'><strong>viro,</strong></span> <span class='ocrx_word' id='word_1_541' title='bbox 1533 1446 1634 1473; x_wconf 88' lang='lat' dir='ltr'><strong>deinde</strong></span> <span class='ocrx_word' id='word_1_542' title='bbox 1662 1447 1735 1474; x_wconf 89' lang='lat' dir='ltr'><strong>Deus</strong></span> <span class='ocrx_word' id='word_1_543' title='bbox 1764 1454 1824 1473; x_wconf 84' lang='lat' dir='ltr'><strong>eam</strong></span> <span class='ocrx_word' id='word_1_544' title='bbox 1842 1454 1913 1473; x_wconf 88' lang='lat' dir='ltr'><strong>con-</strong></span> 
     </span>
    </p>
   </div>
   <div class='ocr_carea' id='block_1_74' title="bbox 1117 1490 1912 1526">
    <p class='ocr_par' dir='ltr' id='par_1_74' title="bbox 1117 1490 1912 1526">
     <span class='ocr_line' id='line_1_74' title="bbox 1117 1490 1912 1526; baseline 0.003 -9"><span class='ocrx_word' id='word_1_545' title='bbox 1117 1498 1227 1518; x_wconf 83' lang='lat' dir='ltr'><strong>versam</strong></span> <span class='ocrx_word' id='word_1_546' title='bbox 1240 1490 1352 1518; x_wconf 77' lang='lat' dir='ltr'><strong>reduxit</strong></span> <span class='ocrx_word' id='word_1_547' title='bbox 1365 1491 1399 1518; x_wconf 87' lang='lat' dir='ltr'><strong>ad</strong></span> <span class='ocrx_word' id='word_1_548' title='bbox 1412 1490 1547 1518; x_wconf 85' lang='lat' dir='ltr'><strong>Adamum</strong></span> <span class='ocrx_word' id='word_1_549' title='bbox 1559 1491 1643 1526; x_wconf 73' lang='lat'><strong>906</strong></span> <span class='ocrx_word' id='word_1_550' title='bbox 1653 1491 1806 1526; x_wconf 88' lang='lat' dir='ltr'><strong>spiritalem</strong></span> <span class='ocrx_word' id='word_1_551' title='bbox 1819 1496 1848 1518; x_wconf 91' lang='lat' dir='ltr'><strong>et</strong></span> <span class='ocrx_word' id='word_1_552' title='bbox 1865 1499 1912 1519; x_wconf 87' lang='lat' dir='ltr'><strong>se-</strong></span> 
     </span>
    </p>
   </div>
   <div class='ocr_carea' id='block_1_75' title="bbox 1117 1537 1907 1572">
    <p class='ocr_par' dir='ltr' id='par_1_75' title="bbox 1117 1537 1907 1572">
     <span class='ocr_line' id='line_1_75' title="bbox 1117 1537 1907 1572; baseline -0.001 -8"><span class='ocrx_word' id='word_1_553' title='bbox 1117 1541 1255 1570; x_wconf 84' lang='lat' dir='ltr'><strong>natorem,</strong></span> <span class='ocrx_word' id='word_1_554' title='bbox 1269 1537 1443 1572; x_wconf 82' lang='lat' dir='ltr'><strong>corporalem</strong></span> <span class='ocrx_word' id='word_1_555' title='bbox 1460 1542 1488 1564; x_wconf 91' lang='lat' dir='ltr'><strong>ct</strong></span> <span class='ocrx_word' id='word_1_556' title='bbox 1502 1537 1563 1572; x_wconf 84' lang='lat' dir='ltr'><strong>ejus</strong></span> <span class='ocrx_word' id='word_1_557' title='bbox 1578 1538 1723 1572; x_wconf 76' lang='lat' dir='ltr'><strong>conjugein</strong></span> <span class='ocrx_word' id='word_1_558' title='bbox 1743 1537 1907 1565; x_wconf 85' lang='lat' dir='ltr'><strong>Ecclesiam.</strong></span> 
     </span>
    </p>
   </div>
   <div class='ocr_carea' id='block_1_76' title="bbox 1079 1583 1908 1622">
    <p class='ocr_par' dir='ltr' id='par_1_76' title="bbox 1079 1583 1908 1622">
     <span class='ocr_line' id='line_1_76' title="bbox 1079 1583 1908 1622; baseline 0.001 -13"><span class='ocrx_word' id='word_1_559' title='bbox 1079 1594 1100 1622; x_wconf 72' lang='grc' dir='ltr'>ο</span> <span class='ocrx_word' id='word_1_560' title='bbox 1117 1583 1261 1615; x_wconf 87' lang='lat' dir='ltr'><strong>Quomodo</strong></span> <span class='ocrx_word' id='word_1_561' title='bbox 1279 1583 1354 1610; x_wconf 89' lang='lat' dir='ltr'><strong>enim</strong></span> <span class='ocrx_word' id='word_1_562' title='bbox 1372 1583 1454 1617; x_wconf 88' lang='lat' dir='ltr'><strong>paulo</strong></span> <span class='ocrx_word' id='word_1_563' title='bbox 1482 1588 1547 1610; x_wconf 81' lang='lat' dir='ltr'><strong>ante</strong></span> <span class='ocrx_word' id='word_1_564' title='bbox 1570 1583 1640 1610; x_wconf 81' lang='lat' dir='ltr'><strong>dixit</strong></span> <span class='ocrx_word' id='word_1_565' title='bbox 1654 1583 1800 1618; x_wconf 84' lang='lat' dir='ltr'><strong>Scriptura</strong></span> <span class='ocrx_word' id='word_1_566' title='bbox 1819 1591 1908 1618; x_wconf 88' lang='lat' dir='ltr'><strong>equo-</strong></span> 
     </span>
    </p>
   </div>
   <div class='ocr_carea' id='block_1_77' title="bbox 1117 1627 1906 1664">
    <p class='ocr_par' dir='ltr' id='par_1_77' title="bbox 1117 1627 1906 1664">
     <span class='ocr_line' id='line_1_77' title="bbox 1117 1627 1906 1664; baseline 0.001 -10"><span class='ocrx_word' id='word_1_567' title='bbox 1117 1635 1179 1655; x_wconf 83' lang='lat' dir='ltr'><strong>i-um</strong></span> <span class='ocrx_word' id='word_1_568' title='bbox 1190 1632 1220 1655; x_wconf 87' lang='lat' dir='ltr'><strong>et</strong></span> <span class='ocrx_word' id='word_1_569' title='bbox 1246 1627 1400 1655; x_wconf 79' lang='lat' dir='ltr'><strong>bestiarum</strong></span> <span class='ocrx_word' id='word_1_570' title='bbox 1419 1629 1649 1664; x_wconf 84' lang='lat' dir='ltr'><strong>etjumentoruin</strong></span> <span class='ocrx_word' id='word_1_571' title='bbox 1661 1628 1806 1656; x_wconf 86' lang='lat' dir='ltr'><strong>ductorem</strong></span> <span class='ocrx_word' id='word_1_572' title='bbox 1820 1629 1906 1656; x_wconf 88' lang='lat' dir='ltr'><strong>Deum</strong></span> 
     </span>
    </p>
   </div>
   <div class='ocr_carea' id='block_1_78' title="bbox 1117 1673 1905 1706">
    <p class='ocr_par' dir='ltr' id='par_1_78' title="bbox 1117 1673 1905 1706">
     <span class='ocr_line' id='line_1_78' title="bbox 1117 1673 1905 1706; baseline 0.003 -6"><span class='ocrx_word' id='word_1_573' title='bbox 1117 1673 1303 1701; x_wconf 85' lang='lat' dir='ltr'><strong>adducentem</strong></span> <span class='ocrx_word' id='word_1_574' title='bbox 1316 1674 1350 1701; x_wconf 89' lang='lat' dir='ltr'><strong>ad</strong></span> <span class='ocrx_word' id='word_1_575' title='bbox 1364 1673 1501 1701; x_wconf 84' lang='lat' dir='ltr'><strong>Adainum</strong></span> <span class='ocrx_word' id='word_1_576' title='bbox 1517 1678 1545 1701; x_wconf 92' lang='lat' dir='ltr'><strong>et</strong></span> <span class='ocrx_word' id='word_1_577' title='bbox 1556 1674 1662 1702; x_wconf 81' lang='lat' dir='ltr'><strong>bestias</strong></span> <span class='ocrx_word' id='word_1_578' title='bbox 1671 1679 1699 1701; x_wconf 89' lang='lat' dir='ltr'><strong>et</strong></span> <span class='ocrx_word' id='word_1_579' title='bbox 1715 1675 1853 1706; x_wconf 87' lang='lat' dir='ltr'><strong>volucres,</strong></span> <span class='ocrx_word' id='word_1_580' title='bbox 1869 1675 1905 1702; x_wconf 83' lang='lat' dir='ltr'><strong>ita</strong></span> 
     </span>
    </p>
   </div>
   <div class='ocr_carea' id='block_1_79' title="bbox 1116 1713 1905 1754">
    <p class='ocr_par' dir='ltr' id='par_1_79' title="bbox 1116 1713 1905 1754">
     <span class='ocr_line' id='line_1_79' title="bbox 1116 1713 1905 1754; baseline 0 -8"><span class='ocrx_word' id='word_1_581' title='bbox 1116 1726 1193 1746; x_wconf 88' lang='lat' dir='ltr'><strong>nunc</strong></span> <span class='ocrx_word' id='word_1_582' title='bbox 1208 1727 1272 1746; x_wconf 88' lang='lat' dir='ltr'><strong>eum</strong></span> <span class='ocrx_word' id='word_1_583' title='bbox 1289 1719 1374 1746; x_wconf 86' lang='lat' dir='ltr'><strong>refert</strong></span> <span class='ocrx_word' id='word_1_584' title='bbox 1389 1727 1495 1754; x_wconf 73' lang='lat' dir='ltr'><strong>sponsa:</strong></span> <span class='ocrx_word' id='word_1_585' title='bbox 1509 1719 1692 1747; x_wconf 87' lang='lat' dir='ltr'><strong>deductorem</strong></span> <span class='ocrx_word' id='word_1_586' title='bbox 1721 1713 1905 1746; x_wconf 83' lang='lat' dir='ltr'><strong>adducentem</strong></span> 
     </span>
    </p>
   </div>
   <div class='ocr_carea' id='block_1_80' title="bbox 1116 1764 1904 1800">
    <p class='ocr_par' dir='ltr' id='par_1_80' title="bbox 1116 1764 1904 1800">
     <span class='ocr_line' id='line_1_80' title="bbox 1116 1764 1904 1800; baseline 0 -9"><span class='ocrx_word' id='word_1_587' title='bbox 1116 1772 1245 1799; x_wconf 87' lang='lat' dir='ltr'><strong>sponsam</strong></span> <span class='ocrx_word' id='word_1_588' title='bbox 1269 1765 1304 1792; x_wconf 85' lang='lat' dir='ltr'><strong>ad</strong></span> <span class='ocrx_word' id='word_1_589' title='bbox 1330 1772 1463 1800; x_wconf 89' lang='lat' dir='ltr'><strong>sponsum</strong></span> <span class='ocrx_word' id='word_1_590' title='bbox 1486 1764 1640 1792; x_wconf 89' lang='lat' dir='ltr'><strong>Christum.</strong></span> <span class='ocrx_word' id='word_1_591' title='bbox 1658 1764 1711 1791; x_wconf 89' lang='lat' dir='ltr'><strong>Sed</strong></span> <span class='ocrx_word' id='word_1_592' title='bbox 1733 1769 1904 1791; x_wconf 86' lang='lat' dir='ltr'><strong>revertamur</strong></span> 
     </span>
    </p>
   </div>
   <div class='ocr_carea' id='block_1_81' title="bbox 1116 1808 1905 1844">
    <p class='ocr_par' dir='ltr' id='par_1_81' title="bbox 1116 1808 1905 1844">
     <span class='ocr_line' id='line_1_81' title="bbox 1116 1808 1905 1844; baseline 0.003 -10"><span class='ocrx_word' id='word_1_593' title='bbox 1116 1808 1151 1835; x_wconf 87' lang='lat' dir='ltr'><strong>ad</strong></span> <span class='ocrx_word' id='word_1_594' title='bbox 1167 1808 1279 1835; x_wconf 90' lang='lat' dir='ltr'><strong>initium</strong></span> <span class='ocrx_word' id='word_1_595' title='bbox 1309 1809 1456 1841; x_wconf 87' lang='lat' dir='ltr'><strong>orationis,</strong></span> <span class='ocrx_word' id='word_1_596' title='bbox 1470 1813 1627 1843; x_wconf 64' lang='lat' dir='ltr'><strong>quaerentes</strong></span> <span class='ocrx_word' id='word_1_597' title='bbox 1644 1817 1678 1844; x_wconf 59' lang='lat' dir='ltr'><strong>es</strong></span> <span class='ocrx_word' id='word_1_598' title='bbox 1693 1816 1727 1836; x_wconf 89' lang='lat' dir='ltr'><strong>eo</strong></span> <span class='ocrx_word' id='word_1_599' title='bbox 1738 1809 1844 1836; x_wconf 88' lang='lat' dir='ltr'><strong>discere</strong></span> <span class='ocrx_word' id='word_1_600' title='bbox 1857 1810 1905 1843; x_wconf 86' lang='lat' dir='ltr'><strong>qui</strong></span> 
     </span>
    </p>
   </div>
   <div class='ocr_carea' id='block_1_82' title="bbox 1113 1854 1902 1889">
    <p class='ocr_par' dir='ltr' id='par_1_82' title="bbox 1113 1854 1902 1889">
     <span class='ocr_line' id='line_1_82' title="bbox 1113 1854 1902 1889; baseline 0.001 -8"><span class='ocrx_word' id='word_1_601' title='bbox 1113 1854 1193 1889; x_wconf 84' lang='lat' dir='ltr'><strong>jubet</strong></span> <span class='ocrx_word' id='word_1_602' title='bbox 1217 1858 1246 1881; x_wconf 90' lang='lat' dir='ltr'><strong>et</strong></span> <span class='ocrx_word' id='word_1_603' title='bbox 1269 1854 1353 1881; x_wconf 85' lang='lat' dir='ltr'><strong>dicit:</strong></span> <span class='ocrx_word' id='word_1_604' title='bbox 1365 1854 1480 1886; x_wconf 69' lang='lat' dir='ltr'><strong>Quazrita</strong></span> <span class='ocrx_word' id='word_1_605' title='bbox 1499 1859 1523 1881; x_wconf 82' lang='lat' dir='ltr'><strong>et</strong></span> <span class='ocrx_word' id='word_1_606' title='bbox 1544 1855 1680 1882; x_wconf 78' lang='lat' dir='ltr'><strong>invenietis</strong></span> <span class='ocrx_word' id='word_1_607' title='bbox 1697 1855 1731 1882; x_wconf 82' lang='grc'><strong>⁸⁷.</strong></span> <span class='ocrx_word' id='word_1_608' title='bbox 1749 1855 1902 1887; x_wconf 79' lang='lat' dir='ltr'><strong>Quomodo.</strong></span> 
     </span>
    </p>
   </div>
   <div class='ocr_carea' id='block_1_83' title="bbox 1116 1901 1904 1936">
    <p class='ocr_par' dir='ltr' id='par_1_83' title="bbox 1116 1901 1904 1936">
     <span class='ocr_line' id='line_1_83' title="bbox 1116 1901 1904 1936; baseline 0.003 -9"><span class='ocrx_word' id='word_1_609' title='bbox 1116 1907 1179 1927; x_wconf 86' lang='lat' dir='ltr'><strong>cuni</strong></span> <span class='ocrx_word' id='word_1_610' title='bbox 1198 1905 1340 1928; x_wconf 82' lang='lat' dir='ltr'><strong>narrasset</strong></span> <span class='ocrx_word' id='word_1_611' title='bbox 1367 1901 1448 1928; x_wconf 88' lang='lat' dir='ltr'><strong>nobis</strong></span> <span class='ocrx_word' id='word_1_612' title='bbox 1462 1901 1603 1936; x_wconf 88' lang='lat' dir='ltr'><strong>Scriptura</strong></span> <span class='ocrx_word' id='word_1_613' title='bbox 1620 1909 1794 1928; x_wconf 89' lang='lat' dir='ltr'><strong>communem</strong></span> <span class='ocrx_word' id='word_1_614' title='bbox 1810 1905 1839 1929; x_wconf 88' lang='lat' dir='ltr'><strong>et</strong></span> <span class='ocrx_word' id='word_1_615' title='bbox 1863 1901 1904 1929; x_wconf 75' lang='lat' dir='ltr'><strong>in~</strong></span> 
     </span>
    </p>
   </div>
   <div class='ocr_carea' id='block_1_84' title="bbox 1117 1945 1904 1980">
    <p class='ocr_par' dir='ltr' id='par_1_84' title="bbox 1117 1945 1904 1980">
     <span class='ocr_line' id='line_1_84' title="bbox 1117 1945 1904 1980; baseline 0 -8"><span class='ocrx_word' id='word_1_616' title='bbox 1117 1945 1260 1972; x_wconf 84' lang='lat' dir='ltr'><strong>dividuam</strong></span> <span class='ocrx_word' id='word_1_617' title='bbox 1296 1950 1325 1972; x_wconf 88' lang='lat' dir='ltr'><strong>et</strong></span> <span class='ocrx_word' id='word_1_618' title='bbox 1357 1946 1546 1980; x_wconf 83' lang='lat' dir='ltr'><strong>incorruptam</strong></span> <span class='ocrx_word' id='word_1_619' title='bbox 1578 1945 1702 1973; x_wconf 90' lang='lat' dir='ltr'><strong>hominis</strong></span> <span class='ocrx_word' id='word_1_620' title='bbox 1721 1949 1750 1972; x_wconf 83' lang='lat' dir='ltr'><strong>et</strong></span> <span class='ocrx_word' id='word_1_621' title='bbox 1778 1946 1904 1975; x_wconf 81' lang='lat' dir='ltr'><strong>mulieris</strong></span> 
     </span>
    </p>
   </div>
   <div class='ocr_carea' id='block_1_85' title="bbox 1116 1989 1905 2025">
    <p class='ocr_par' dir='ltr' id='par_1_85' title="bbox 1116 1989 1905 2025">
     <span class='ocr_line' id='line_1_85' title="bbox 1116 1989 1905 2025; baseline 0.003 -8"><span class='ocrx_word' id='word_1_622' title='bbox 1116 1990 1506 2024; x_wconf 80' lang='lat' dir='ltr'><strong>creationem,quandodixit:</strong></span> <span class='ocrx_word' id='word_1_623' title='bbox 1522 1989 1557 2017; x_wconf 90' lang='lat' dir='ltr'><strong>Et</strong></span> <span class='ocrx_word' id='word_1_624' title='bbox 1571 1990 1630 2025; x_wconf 78' lang='lat' dir='ltr'><strong>fecit</strong></span> <span class='ocrx_word' id='word_1_625' title='bbox 1646 1990 1905 2024; x_wconf 59' lang='lat' dir='ltr'><strong>Deusliominemmd</strong></span> 
     </span>
    </p>
   </div>
   <div class='ocr_carea' id='block_1_86' title="bbox 1115 2035 1904 2071">
    <p class='ocr_par' dir='ltr' id='par_1_86' title="bbox 1115 2035 1904 2071">
     <span class='ocr_line' id='line_1_86' title="bbox 1115 2035 1904 2071; baseline 0.003 -8"><span class='ocrx_word' id='word_1_626' title='bbox 1115 2037 1260 2071; x_wconf 82' lang='lat' dir='ltr'><strong>imaginem</strong></span> <span class='ocrx_word' id='word_1_627' title='bbox 1282 2035 1331 2063; x_wconf 82' lang='lat' dir='ltr'><strong>Dei</strong></span> <span class='ocrx_word' id='word_1_628' title='bbox 1346 2036 1405 2071; x_wconf 83' lang='lat' dir='ltr'><strong>fecit</strong></span> <span class='ocrx_word' id='word_1_629' title='bbox 1432 2037 1529 2071; x_wconf 81' lang='lat' dir='ltr'><strong>ipsum,</strong></span> <span class='ocrx_word' id='word_1_630' title='bbox 1547 2036 1696 2063; x_wconf 79' lang='lat' dir='ltr'><strong>masculum</strong></span> <span class='ocrx_word' id='word_1_631' title='bbox 1721 2040 1745 2064; x_wconf 85' lang='lat' dir='ltr'><strong>et</strong></span> <span class='ocrx_word' id='word_1_632' title='bbox 1777 2038 1904 2071; x_wconf 72' lang='lat' dir='ltr'><strong>feminam</strong></span> 
     </span>
    </p>
   </div>
   <div class='ocr_carea' id='block_1_87' title="bbox 1116 2081 1904 2118">
    <p class='ocr_par' dir='ltr' id='par_1_87' title="bbox 1116 2081 1904 2118">
     <span class='ocr_line' id='line_1_87' title="bbox 1116 2081 1904 2118; baseline 0.001 -9"><span class='ocrx_word' id='word_1_633' title='bbox 1116 2082 1174 2117; x_wconf 81' lang='lat' dir='ltr'><strong>fecit</strong></span> <span class='ocrx_word' id='word_1_634' title='bbox 1192 2083 1260 2118; x_wconf 81' lang='lat' dir='ltr'><strong>ipsos</strong></span> <span class='ocrx_word' id='word_1_635' title='bbox 1272 2091 1280 2115; x_wconf 89' lang='lat'><em>;</em></span> <span class='ocrx_word' id='word_1_636' title='bbox 1293 2086 1390 2117; x_wconf 90' lang='lat' dir='ltr'><strong>postea</strong></span> <span class='ocrx_word' id='word_1_637' title='bbox 1399 2087 1493 2108; x_wconf 88' lang='lat' dir='ltr'><strong>narrat</strong></span> <span class='ocrx_word' id='word_1_638' title='bbox 1501 2081 1630 2116; x_wconf 83' lang='lat' dir='ltr'><strong>privatim</strong></span> <span class='ocrx_word' id='word_1_639' title='bbox 1642 2090 1675 2109; x_wconf 88' lang='lat' dir='ltr'><strong>ac</strong></span> <span class='ocrx_word' id='word_1_640' title='bbox 1687 2082 1824 2117; x_wconf 76' lang='lat' dir='ltr'><strong>sigillatim</strong></span> <span class='ocrx_word' id='word_1_641' title='bbox 1834 2083 1904 2110; x_wconf 83' lang='lat' dir='ltr'><strong>duas</strong></span> 
     </span>
    </p>
   </div>
   <div class='ocr_carea' id='block_1_88' title="bbox 1116 2128 1903 2164">
    <p class='ocr_par' dir='ltr' id='par_1_88' title="bbox 1116 2128 1903 2164">
     <span class='ocr_line' id='line_1_88' title="bbox 1116 2128 1903 2164; baseline 0 -9"><span class='ocrx_word' id='word_1_642' title='bbox 1116 2133 1258 2164; x_wconf 91' lang='lat' dir='ltr'><strong>separatas</strong></span> <span class='ocrx_word' id='word_1_643' title='bbox 1270 2129 1465 2164; x_wconf 78' lang='lat' dir='ltr'><strong>generationes</strong></span> <span class='ocrx_word' id='word_1_644' title='bbox 1481 2129 1596 2163; x_wconf 87' lang='lat' dir='ltr'><strong>penitus</strong></span> <span class='ocrx_word' id='word_1_645' title='bbox 1618 2128 1743 2155; x_wconf 83' lang='lat' dir='ltr'><strong>diversas</strong></span> <span class='ocrx_word' id='word_1_646' title='bbox 1766 2136 1798 2156; x_wconf 90' lang='lat' dir='ltr'><strong>ac</strong></span> <span class='ocrx_word' id='word_1_647' title='bbox 1820 2129 1903 2156; x_wconf 87' lang='lat' dir='ltr'><strong>dissi-</strong></span> 
     </span>
    </p>
   </div>
   <div class='ocr_carea' id='block_1_89' title="bbox 1115 2174 1904 2209">
    <p class='ocr_par' dir='ltr' id='par_1_89' title="bbox 1115 2174 1904 2209">
     <span class='ocr_line' id='line_1_89' title="bbox 1115 2174 1904 2209; baseline 0.001 -8"><span class='ocrx_word' id='word_1_648' title='bbox 1115 2174 1206 2206; x_wconf 89' lang='lat' dir='ltr'><strong>miles,</strong></span> <span class='ocrx_word' id='word_1_649' title='bbox 1218 2178 1245 2201; x_wconf 91' lang='lat' dir='ltr'><strong>et</strong></span> <span class='ocrx_word' id='word_1_650' title='bbox 1260 2182 1322 2209; x_wconf 63' lang='lat' dir='ltr'><strong>quae</strong></span> <span class='ocrx_word' id='word_1_651' title='bbox 1338 2175 1411 2201; x_wconf 89' lang='lat' dir='ltr'><strong>inter</strong></span> <span class='ocrx_word' id='word_1_652' title='bbox 1433 2181 1462 2202; x_wconf 86' lang='lat' dir='ltr'><strong>se</strong></span> <span class='ocrx_word' id='word_1_653' title='bbox 1485 2174 1591 2201; x_wconf 88' lang='lat' dir='ltr'><strong>nullam</strong></span> <span class='ocrx_word' id='word_1_654' title='bbox 1616 2174 1720 2201; x_wconf 86' lang='lat' dir='ltr'><strong>habent</strong></span> <span class='ocrx_word' id='word_1_655' title='bbox 1745 2174 1904 2202; x_wconf 88' lang='lat' dir='ltr'><strong>similitudi-</strong></span> 
     </span>
    </p>
   </div>
   <div class='ocr_carea' id='block_1_90' title="bbox 1116 2219 1902 2255">
    <p class='ocr_par' dir='ltr' id='par_1_90' title="bbox 1116 2219 1902 2255">
     <span class='ocr_line' id='line_1_90' title="bbox 1116 2219 1902 2255; baseline 0.003 -9"><span class='ocrx_word' id='word_1_656' title='bbox 1116 2227 1286 2254; x_wconf 87' lang='lat' dir='ltr'><strong>nem,neque</strong></span> <span class='ocrx_word' id='word_1_657' title='bbox 1296 2219 1370 2254; x_wconf 90' lang='lat' dir='ltr'><strong>quod</strong></span> <span class='ocrx_word' id='word_1_658' title='bbox 1386 2220 1487 2247; x_wconf 87' lang='lat' dir='ltr'><strong>attinet</strong></span> <span class='ocrx_word' id='word_1_659' title='bbox 1502 2220 1535 2246; x_wconf 87' lang='lat' dir='ltr'><strong>ad</strong></span> <span class='ocrx_word' id='word_1_660' title='bbox 1546 2219 1764 2254; x_wconf 81' lang='lat' dir='ltr'><strong>modum,neque</strong></span> <span class='ocrx_word' id='word_1_661' title='bbox 1779 2220 1853 2255; x_wconf 86' lang='lat' dir='ltr'><strong>quod</strong></span> <span class='ocrx_word' id='word_1_662' title='bbox 1869 2221 1902 2248; x_wconf 83' lang='lat' dir='ltr'><strong>ad</strong></span> 
     </span>
    </p>
   </div>
   <div class='ocr_carea' id='block_1_91' title="bbox 277 2262 1903 2305">
    <p class='ocr_par' dir='ltr' id='par_1_91' title="bbox 277 2262 1903 2305">
     <span class='ocr_line' id='line_1_91' title="bbox 277 2262 1903 2305; baseline -0.002 -7"><span class='ocrx_word' id='word_1_663' title='bbox 277 2276 343 2299; x_wconf 80' lang='lat' dir='ltr'><strong>sunt</strong></span> <span class='ocrx_word' id='word_1_664' title='bbox 377 2271 470 2298; x_wconf 89' lang='lat' dir='ltr'><strong>omnia</strong></span> <span class='ocrx_word' id='word_1_665' title='bbox 501 2270 625 2304; x_wconf 87' lang='lat' dir='ltr'><strong>subjecta</strong></span> <span class='ocrx_word' id='word_1_666' title='bbox 652 2270 703 2296; x_wconf 90' lang='lat' dir='ltr'><strong>sub</strong></span> <span class='ocrx_word' id='word_1_667' title='bbox 721 2269 840 2304; x_wconf 85' lang='lat' dir='ltr'><strong>pedibus</strong></span> <span class='ocrx_word' id='word_1_668' title='bbox 855 2271 932 2305; x_wconf 88' lang='lat' dir='ltr'><strong>ejus;</strong></span> <span class='ocrx_word' id='word_1_669' title='bbox 952 2277 1008 2297; x_wconf 90' lang='lat' dir='ltr'><strong>non</strong></span> <span class='ocrx_word' id='word_1_670' title='bbox 1022 2275 1064 2298; x_wconf 88' lang='lat' dir='ltr'><strong>est</strong></span> <span class='ocrx_word' id='word_1_671' title='bbox 1081 2262 1101 2289; x_wconf 84' lang='lat' dir='ltr'><strong>D</strong></span> <span class='ocrx_word' id='word_1_672' title='bbox 1116 2266 1218 2293; x_wconf 72' lang='grc' dir='ltr'><strong>Ιοευω·</strong></span> <span class='ocrx_word' id='word_1_673' title='bbox 1237 2265 1373 2292; x_wconf 74' lang='lat' dir='ltr'><strong>Adamum</strong></span> <span class='ocrx_word' id='word_1_674' title='bbox 1393 2265 1531 2300; x_wconf 80' lang='lat' dir='ltr'><strong>siquidem</strong></span> <span class='ocrx_word' id='word_1_675' title='bbox 1556 2265 1624 2292; x_wconf 79' lang='lat' dir='ltr'><strong>feeit</strong></span> <span class='ocrx_word' id='word_1_676' title='bbox 1639 2271 1717 2293; x_wconf 72' lang='lat' dir='ltr'><strong>extra</strong></span> <span class='ocrx_word' id='word_1_677' title='bbox 1746 2266 1903 2300; x_wconf 73' lang='lat' dir='ltr'><strong>paradisum</strong></span> 
     </span>
    </p>
   </div>
   <div class='ocr_carea' id='block_1_92' title="bbox 278 2315 1064 2351">
    <p class='ocr_par' dir='ltr' id='par_1_92' title="bbox 278 2315 1064 2351">
     <span class='ocr_line' id='line_1_92' title="bbox 278 2315 1064 2351; baseline -0.003 -6"><span class='ocrx_word' id='word_1_678' title='bbox 278 2318 408 2345; x_wconf 83' lang='lat' dir='ltr'><strong>inventus</strong></span> <span class='ocrx_word' id='word_1_679' title='bbox 427 2317 537 2351; x_wconf 89' lang='lat' dir='ltr'><strong>adjutor</strong></span> <span class='ocrx_word' id='word_1_680' title='bbox 559 2315 724 2350; x_wconf 84' lang='lat' dir='ltr'><strong>spiritualis,</strong></span> <span class='ocrx_word' id='word_1_681' title='bbox 749 2315 860 2350; x_wconf 89' lang='lat' dir='ltr'><strong>adjutor</strong></span> <span class='ocrx_word' id='word_1_682' title='bbox 873 2316 946 2350; x_wconf 83' lang='lat' dir='ltr'><strong>apud</strong></span> <span class='ocrx_word' id='word_1_683' title='bbox 966 2317 1064 2349; x_wconf 86' lang='lat' dir='ltr'><strong>Deum,</strong></span> 
     </span>
    </p>
   </div>
   <div class='ocr_carea' id='block_1_93' title="bbox 278 2361 1066 2398">
    <p class='ocr_par' dir='ltr' id='par_1_93' title="bbox 278 2361 1066 2398">
     <span class='ocr_line' id='line_1_93' title="bbox 278 2361 1066 2398; baseline -0.001 -8"><span class='ocrx_word' id='word_1_684' title='bbox 278 2365 387 2398; x_wconf 78' lang='lat' dir='ltr'><strong>adjutor</strong></span> <span class='ocrx_word' id='word_1_685' title='bbox 401 2364 509 2394; x_wconf 68' lang='lat' dir='ltr'><strong>animae,</strong></span> <span class='ocrx_word' id='word_1_686' title='bbox 521 2367 596 2389; x_wconf 80' lang='lat' dir='ltr'><strong>recte</strong></span> <span class='ocrx_word' id='word_1_687' title='bbox 609 2368 704 2388; x_wconf 88' lang='lat' dir='ltr'><strong>curam</strong></span> <span class='ocrx_word' id='word_1_688' title='bbox 718 2369 819 2395; x_wconf 76' lang='lat' dir='ltr'><strong>gerens</strong></span> <span class='ocrx_word' id='word_1_689' title='bbox 837 2361 911 2389; x_wconf 86' lang='lat' dir='ltr'><strong>illius</strong></span> <span class='ocrx_word' id='word_1_690' title='bbox 927 2361 1066 2389; x_wconf 86' lang='lat' dir='ltr'><strong>hominis:</strong></span> 
     </span>
    </p>
   </div>
   <div class='ocr_carea' id='block_1_94' title="bbox 279 2406 1068 2442">
    <p class='ocr_par' dir='ltr' id='par_1_94' title="bbox 279 2406 1068 2442">
     <span class='ocr_line' id='line_1_94' title="bbox 279 2406 1068 2442; baseline -0.001 -6"><span class='ocrx_word' id='word_1_691' title='bbox 279 2410 364 2439; x_wconf 86' lang='lat' dir='ltr'><strong>illius,</strong></span> <span class='ocrx_word' id='word_1_692' title='bbox 381 2407 564 2442; x_wconf 83' lang='lat' dir='ltr'><strong>inquam,qni</strong></span> <span class='ocrx_word' id='word_1_693' title='bbox 592 2406 693 2434; x_wconf 87' lang='lat' dir='ltr'><strong>cecidit</strong></span> <span class='ocrx_word' id='word_1_694' title='bbox 710 2406 736 2432; x_wconf 92' lang='lat' dir='ltr'><strong>in</strong></span> <span class='ocrx_word' id='word_1_695' title='bbox 768 2406 901 2439; x_wconf 87' lang='lat' dir='ltr'><strong>latrones,</strong></span> <span class='ocrx_word' id='word_1_696' title='bbox 928 2413 956 2435; x_wconf 89' lang='lat' dir='ltr'><strong>et</strong></span> <span class='ocrx_word' id='word_1_697' title='bbox 973 2416 988 2435; x_wconf 91' lang='lat' dir='ltr'><strong>a</strong></span> <span class='ocrx_word' id='word_1_698' title='bbox 1012 2409 1068 2435; x_wconf 86' lang='lat' dir='ltr'><strong>Deo</strong></span> 
     </span>
    </p>
   </div>
   <div class='ocr_carea' id='block_1_95' title="bbox 278 2452 1067 2490">
    <p class='ocr_par' dir='ltr' id='par_1_95' title="bbox 278 2452 1067 2490">
     <span class='ocr_line' id='line_1_95' title="bbox 278 2452 1067 2490; baseline -0.003 -7"><span class='ocrx_word' id='word_1_699' title='bbox 278 2456 394 2490; x_wconf 71' lang='lat' dir='ltr'><strong>aufugit,</strong></span> <span class='ocrx_word' id='word_1_700' title='bbox 407 2459 434 2482; x_wconf 86' lang='lat' dir='ltr'><strong>et</strong></span> <span class='ocrx_word' id='word_1_701' title='bbox 447 2454 499 2480; x_wconf 88' lang='lat' dir='ltr'><strong>fuit</strong></span> <span class='ocrx_word' id='word_1_702' title='bbox 517 2453 690 2484; x_wconf 86' lang='lat' dir='ltr'><strong>vulneratus,</strong></span> <span class='ocrx_word' id='word_1_703' title='bbox 705 2456 733 2479; x_wconf 85' lang='lat' dir='ltr'><strong>et</strong></span> <span class='ocrx_word' id='word_1_704' title='bbox 749 2452 836 2479; x_wconf 86' lang='lat' dir='ltr'><strong>evasit</strong></span> <span class='ocrx_word' id='word_1_705' title='bbox 854 2453 996 2488; x_wconf 83' lang='lat' dir='ltr'><strong>prodigus.</strong></span> <span class='ocrx_word' id='word_1_706' title='bbox 1015 2454 1067 2487; x_wconf 88' lang='lat' dir='ltr'><strong>Qui</strong></span> 
     </span>
    </p>
   </div>
   <div class='ocr_carea' id='block_1_96' title="bbox 279 2498 1065 2534">
    <p class='ocr_par' dir='ltr' id='par_1_96' title="bbox 279 2498 1065 2534">
     <span class='ocr_line' id='line_1_96' title="bbox 279 2498 1065 2534; baseline -0.001 -5"><span class='ocrx_word' id='word_1_707' title='bbox 279 2507 371 2529; x_wconf 71' lang='lat' dir='ltr'><strong>autem</strong></span> <span class='ocrx_word' id='word_1_708' title='bbox 389 2505 519 2534; x_wconf 81' lang='lat' dir='ltr'><strong>tanquam</strong></span> <span class='ocrx_word' id='word_1_709' title='bbox 548 2499 694 2526; x_wconf 61' lang='lat' dir='ltr'><strong>haereticus</strong></span> <span class='ocrx_word' id='word_1_710' title='bbox 705 2502 733 2525; x_wconf 89' lang='lat' dir='ltr'><strong>et</strong></span> <span class='ocrx_word' id='word_1_711' title='bbox 754 2498 864 2526; x_wconf 88' lang='lat' dir='ltr'><strong>invidus</strong></span> <span class='ocrx_word' id='word_1_712' title='bbox 878 2499 1010 2527; x_wconf 86' lang='lat' dir='ltr'><strong>adversus</strong></span> <span class='ocrx_word' id='word_1_713' title='bbox 1033 2508 1065 2528; x_wconf 79' lang='lat' dir='ltr'><strong>ea</strong></span> 
     </span>
    </p>
   </div>
   <div class='ocr_carea' id='block_1_97' title="bbox 279 2544 1063 2581">
    <p class='ocr_par' dir='ltr' id='par_1_97' title="bbox 279 2544 1063 2581">
     <span class='ocr_line' id='line_1_97' title="bbox 279 2544 1063 2581; baseline 0 -9"><span class='ocrx_word' id='word_1_714' title='bbox 279 2555 340 2581; x_wconf 63' lang='lat' dir='ltr'><strong>quae</strong></span> <span class='ocrx_word' id='word_1_715' title='bbox 368 2547 500 2573; x_wconf 89' lang='lat' dir='ltr'><strong>dicuntur</strong></span> <span class='ocrx_word' id='word_1_716' title='bbox 520 2545 698 2575; x_wconf 88' lang='lat' dir='ltr'><strong>contradicit,</strong></span> <span class='ocrx_word' id='word_1_717' title='bbox 729 2544 777 2571; x_wconf 85' lang='lat' dir='ltr'><strong>sed</strong></span> <span class='ocrx_word' id='word_1_718' title='bbox 809 2550 905 2571; x_wconf 91' lang='lat' dir='ltr'><strong>contra</strong></span> <span class='ocrx_word' id='word_1_719' title='bbox 930 2545 1063 2579; x_wconf 88' lang='lat' dir='ltr'><strong>Spiritum</strong></span> 
     </span>
    </p>
   </div>
   <div class='ocr_carea' id='block_1_98' title="bbox 280 2590 1064 2625">
    <p class='ocr_par' dir='ltr' id='par_1_98' title="bbox 280 2590 1064 2625">
     <span class='ocr_line' id='line_1_98' title="bbox 280 2590 1064 2625; baseline -0.001 -6"><span class='ocrx_word' id='word_1_720' title='bbox 280 2598 405 2620; x_wconf 74' lang='lat' dir='ltr'><strong>sanctum</strong></span> <span class='ocrx_word' id='word_1_721' title='bbox 418 2596 446 2618; x_wconf 84' lang='lat' dir='ltr'><strong>et</strong></span> <span class='ocrx_word' id='word_1_722' title='bbox 459 2591 600 2619; x_wconf 86' lang='lat' dir='ltr'><strong>Christum</strong></span> <span class='ocrx_word' id='word_1_723' title='bbox 616 2591 726 2625; x_wconf 79' lang='lat' dir='ltr'><strong>quipcr</strong></span> <span class='ocrx_word' id='word_1_724' title='bbox 740 2598 772 2617; x_wconf 83' lang='lat' dir='ltr'><strong>os</strong></span> <span class='ocrx_word' id='word_1_725' title='bbox 789 2590 878 2621; x_wconf 85' lang='lat' dir='ltr'><strong>Pauli,</strong></span> <span class='ocrx_word' id='word_1_726' title='bbox 892 2598 1064 2625; x_wconf 63' lang='lat' dir='ltr'><strong>quaecunque</strong></span> 
     </span>
    </p>
   </div>
   <div class='ocr_carea' id='block_1_99' title="bbox 280 2635 1065 2668">
    <p class='ocr_par' dir='ltr' id='par_1_99' title="bbox 280 2635 1065 2668">
     <span class='ocr_line' id='line_1_99' title="bbox 280 2635 1065 2668; baseline -0.003 -2"><span class='ocrx_word' id='word_1_727' title='bbox 280 2638 454 2666; x_wconf 74' lang='lat' dir='ltr'><strong>.ficuuturde</strong></span> <span class='ocrx_word' id='word_1_728' title='bbox 472 2637 578 2664; x_wconf 73' lang='lat' dir='ltr'><strong>Adamo</strong></span> <span class='ocrx_word' id='word_1_729' title='bbox 593 2641 621 2664; x_wconf 90' lang='lat' dir='ltr'><strong>et</strong></span> <span class='ocrx_word' id='word_1_730' title='bbox 639 2637 705 2668; x_wconf 85' lang='lat' dir='ltr'><strong>Eva,</strong></span> <span class='ocrx_word' id='word_1_731' title='bbox 723 2636 809 2663; x_wconf 82' lang='lat' dir='ltr'><strong>refert</strong></span> <span class='ocrx_word' id='word_1_732' title='bbox 832 2635 866 2662; x_wconf 88' lang='lat' dir='ltr'><strong>ad</strong></span> <span class='ocrx_word' id='word_1_733' title='bbox 883 2635 1024 2663; x_wconf 86' lang='lat' dir='ltr'><strong>Christum</strong></span> <span class='ocrx_word' id='word_1_734' title='bbox 1037 2641 1065 2664; x_wconf 89' lang='lat' dir='ltr'><strong>et</strong></span> 
     </span>
    </p>
   </div>
   <div class='ocr_carea' id='block_1_100' title="bbox 279 2680 1069 2716">
    <p class='ocr_par' dir='ltr' id='par_1_100' title="bbox 279 2680 1069 2716">
     <span class='ocr_line' id='line_1_100' title="bbox 279 2680 1069 2716; baseline -0.006 -3"><span class='ocrx_word' id='word_1_735' title='bbox 279 2685 440 2713; x_wconf 80' lang='lat' dir='ltr'><strong>Ecclesiam.</strong></span> <span class='ocrx_word' id='word_1_736' title='bbox 459 2683 592 2711; x_wconf 80' lang='lat' dir='ltr'><strong>Siautem</strong></span> <span class='ocrx_word' id='word_1_737' title='bbox 608 2682 676 2709; x_wconf 86' lang='lat' dir='ltr'><strong>dicit</strong></span> <span class='ocrx_word' id='word_1_738' title='bbox 690 2680 976 2715; x_wconf 71' lang='lat' dir='ltr'><strong>Judaeus,legitimnm</strong></span> <span class='ocrx_word' id='word_1_739' title='bbox 999 2690 1069 2716; x_wconf 92' lang='lat' dir='ltr'><strong>quo-</strong></span> 
     </span>
    </p>
   </div>
   <div class='ocr_carea' id='block_1_101' title="bbox 280 2725 1067 2764">
    <p class='ocr_par' dir='ltr' id='par_1_101' title="bbox 280 2725 1067 2764">
     <span class='ocr_line' id='line_1_101' title="bbox 280 2725 1067 2764; baseline -0.005 -8"><span class='ocrx_word' id='word_1_740' title='bbox 280 2737 334 2764; x_wconf 88' lang='lat' dir='ltr'><strong>que</strong></span> <span class='ocrx_word' id='word_1_741' title='bbox 347 2729 451 2756; x_wconf 86' lang='lat' dir='ltr'><strong>cultum</strong></span> <span class='ocrx_word' id='word_1_742' title='bbox 470 2735 531 2754; x_wconf 85' lang='lat' dir='ltr'><strong>esse</strong></span> <span class='ocrx_word' id='word_1_743' title='bbox 547 2727 702 2760; x_wconf 80' lang='lat' dir='ltr'><strong>adjutorem</strong></span> <span class='ocrx_word' id='word_1_744' title='bbox 726 2725 867 2752; x_wconf 84' lang='lat' dir='ltr'><strong>hominis:</strong></span> <span class='ocrx_word' id='word_1_745' title='bbox 901 2726 1067 2760; x_wconf 86' lang='lat' dir='ltr'><strong>cnjiismodi,</strong></span> 
     </span>
    </p>
   </div>
   <div class='ocr_carea' id='block_1_102' title="bbox 280 2770 1070 2809">
    <p class='ocr_par' dir='ltr' id='par_1_102' title="bbox 280 2770 1070 2809">
     <span class='ocr_line' id='line_1_102' title="bbox 280 2770 1070 2809; baseline -0.006 -7"><span class='ocrx_word' id='word_1_746' title='bbox 280 2782 383 2809; x_wconf 72' lang='lat' dir='ltr'><strong>qiizeso,</strong></span> <span class='ocrx_word' id='word_1_747' title='bbox 398 2778 441 2801; x_wconf 88' lang='lat' dir='ltr'><strong>est</strong></span> <span class='ocrx_word' id='word_1_748' title='bbox 460 2773 485 2800; x_wconf 87' lang='lat' dir='ltr'><strong>is</strong></span> <span class='ocrx_word' id='word_1_749' title='bbox 508 2772 629 2807; x_wconf 81' lang='lat' dir='ltr'><strong>adjutor,</strong></span> <span class='ocrx_word' id='word_1_750' title='bbox 643 2770 690 2805; x_wconf 60' lang='lat' dir='ltr'><strong>qui</strong></span> <span class='ocrx_word' id='word_1_751' title='bbox 708 2777 817 2797; x_wconf 89' lang='lat' dir='ltr'><strong>omnem</strong></span> <span class='ocrx_word' id='word_1_752' title='bbox 847 2774 1006 2804; x_wconf 78' lang='lat' dir='ltr'><strong>peccantem</strong></span> <span class='ocrx_word' id='word_1_753' title='bbox 1019 2770 1070 2797; x_wconf 89' lang='lat' dir='ltr'><strong>ho-</strong></span> 
     </span>
    </p>
   </div>
   <div class='ocr_carea' id='block_1_103' title="bbox 280 2815 1069 2854">
    <p class='ocr_par' dir='ltr' id='par_1_103' title="bbox 280 2815 1069 2854">
     <span class='ocr_line' id='line_1_103' title="bbox 280 2815 1069 2854; baseline -0.009 -6"><span class='ocrx_word' id='word_1_754' title='bbox 280 2821 382 2848; x_wconf 89' lang='lat' dir='ltr'><strong>minem</strong></span> <span class='ocrx_word' id='word_1_755' title='bbox 395 2820 486 2847; x_wconf 82' lang='lat' dir='ltr'><strong>statim</strong></span> <span class='ocrx_word' id='word_1_756' title='bbox 502 2818 620 2854; x_wconf 87' lang='lat' dir='ltr'><strong>puniens</strong></span> <span class='ocrx_word' id='word_1_757' title='bbox 637 2818 707 2845; x_wconf 83' lang='lat' dir='ltr'><strong>citra</strong></span> <span class='ocrx_word' id='word_1_758' title='bbox 725 2815 970 2850; x_wconf 82' lang='lat' dir='ltr'><strong>coiidonationein,</strong></span> <span class='ocrx_word' id='word_1_759' title='bbox 993 2816 1069 2843; x_wconf 87' lang='lat' dir='ltr'><strong>nulla</strong></span> 
     </span>
    </p>
   </div>
   <div class='ocr_carea' id='block_1_104' title="bbox 316 2910 569 2944">
    <p class='ocr_par' dir='ltr' id='par_1_104' title="bbox 316 2910 569 2944">
     <span class='ocr_line' id='line_1_104' title="bbox 316 2910 569 2944; baseline -0.004 -5"><span class='ocrx_word' id='word_1_760' title='bbox 316 2910 339 2930; x_wconf 76' lang='lat'><strong>°’</strong></span> <span class='ocrx_word' id='word_1_761' title='bbox 369 2911 465 2939; x_wconf 81' lang='lat' dir='ltr'><strong>Matth.</strong></span> <span class='ocrx_word' id='word_1_762' title='bbox 485 2911 569 2944; x_wconf 87' lang='lat' dir='ltr'><strong>vu,7.</strong></span> 
     </span>
    </p>
   </div>
   <div class='ocr_carea' id='block_1_105' title="bbox 1116 2311 1904 2347">
    <p class='ocr_par' dir='ltr' id='par_1_105' title="bbox 1116 2311 1904 2347">
     <span class='ocr_line' id='line_1_105' title="bbox 1116 2311 1904 2347; baseline 0.001 -8"><span class='ocrx_word' id='word_1_763' title='bbox 1116 2312 1144 2339; x_wconf 93' lang='lat' dir='ltr'><strong>in</strong></span> <span class='ocrx_word' id='word_1_764' title='bbox 1162 2311 1358 2346; x_wconf 65' lang='lat' dir='ltr'><strong>quodamJoco</strong></span> <span class='ocrx_word' id='word_1_765' title='bbox 1369 2311 1561 2343; x_wconf 87' lang='lat' dir='ltr'><strong>inenarrabili,</strong></span> <span class='ocrx_word' id='word_1_766' title='bbox 1573 2316 1603 2339; x_wconf 89' lang='lat' dir='ltr'><strong>et</strong></span> <span class='ocrx_word' id='word_1_767' title='bbox 1617 2312 1864 2347; x_wconf 87' lang='lat' dir='ltr'><strong>iiiinterpretabili,</strong></span> <span class='ocrx_word' id='word_1_768' title='bbox 1877 2317 1904 2341; x_wconf 87' lang='lat' dir='ltr'><strong>et</strong></span> 
     </span>
    </p>
   </div>
   <div class='ocr_carea' id='block_1_106' title="bbox 1115 2357 1904 2392">
    <p class='ocr_par' dir='ltr' id='par_1_106' title="bbox 1115 2357 1904 2392">
     <span class='ocr_line' id='line_1_106' title="bbox 1115 2357 1904 2392; baseline 0.001 -7"><span class='ocrx_word' id='word_1_769' title='bbox 1115 2357 1408 2392; x_wconf 85' lang='lat' dir='ltr'><strong>incomprehensibili,</strong></span> <span class='ocrx_word' id='word_1_770' title='bbox 1436 2357 1509 2385; x_wconf 82' lang='lat' dir='ltr'><strong>sicut</strong></span> <span class='ocrx_word' id='word_1_771' title='bbox 1525 2357 1609 2384; x_wconf 85' lang='lat' dir='ltr'><strong>etiam</strong></span> <span class='ocrx_word' id='word_1_772' title='bbox 1640 2358 1706 2384; x_wconf 87' lang='lat' dir='ltr'><strong>alibi</strong></span> <span class='ocrx_word' id='word_1_773' title='bbox 1722 2358 1791 2390; x_wconf 73' lang='lat' dir='ltr'><strong>dixi,</strong></span> <span class='ocrx_word' id='word_1_774' title='bbox 1804 2358 1904 2386; x_wconf 80' lang='lat' dir='ltr'><strong>deinde</strong></span> 
     </span>
    </p>
   </div>
   <div class='ocr_carea' id='block_1_107' title="bbox 1117 2403 1903 2439">
    <p class='ocr_par' dir='ltr' id='par_1_107' title="bbox 1117 2403 1903 2439">
     <span class='ocr_line' id='line_1_107' title="bbox 1117 2403 1903 2439; baseline -0.001 -7"><span class='ocrx_word' id='word_1_775' title='bbox 1117 2411 1268 2437; x_wconf 89' lang='lat' dir='ltr'><strong>eum,cnm</strong></span> <span class='ocrx_word' id='word_1_776' title='bbox 1298 2408 1373 2431; x_wconf 91' lang='lat' dir='ltr'><strong>esset</strong></span> <span class='ocrx_word' id='word_1_777' title='bbox 1395 2408 1487 2436; x_wconf 78' lang='lat' dir='ltr'><strong>extra,</strong></span> <span class='ocrx_word' id='word_1_778' title='bbox 1511 2403 1666 2431; x_wconf 78' lang='lat' dir='ltr'><strong>introduxit</strong></span> <span class='ocrx_word' id='word_1_779' title='bbox 1687 2404 1715 2431; x_wconf 93' lang='lat' dir='ltr'><strong>in</strong></span> <span class='ocrx_word' id='word_1_780' title='bbox 1728 2404 1903 2439; x_wconf 86' lang='lat' dir='ltr'><strong>paradisum:</strong></span> 
     </span>
    </p>
   </div>
   <div class='ocr_carea' id='block_1_108' title="bbox 1117 2450 1904 2485">
    <p class='ocr_par' dir='ltr' id='par_1_108' title="bbox 1117 2450 1904 2485">
     <span class='ocr_line' id='line_1_108' title="bbox 1117 2450 1904 2485; baseline -0.001 -7"><span class='ocrx_word' id='word_1_781' title='bbox 1117 2451 1264 2478; x_wconf 81' lang='lat' dir='ltr'><strong>mulierem</strong></span> <span class='ocrx_word' id='word_1_782' title='bbox 1278 2455 1370 2477; x_wconf 88' lang='lat' dir='ltr'><strong>autem</strong></span> <span class='ocrx_word' id='word_1_783' title='bbox 1382 2450 1458 2478; x_wconf 88' lang='lat' dir='ltr'><strong>intus</strong></span> <span class='ocrx_word' id='word_1_784' title='bbox 1474 2450 1540 2478; x_wconf 90' lang='lat' dir='ltr'><strong>fecit</strong></span> <span class='ocrx_word' id='word_1_785' title='bbox 1562 2450 1590 2477; x_wconf 92' lang='lat' dir='ltr'><strong>in</strong></span> <span class='ocrx_word' id='word_1_786' title='bbox 1620 2450 1760 2485; x_wconf 84' lang='lat' dir='ltr'><strong>paradiso.</strong></span> <span class='ocrx_word' id='word_1_787' title='bbox 1775 2450 1904 2483; x_wconf 80' lang='lat' dir='ltr'><strong>Quando-</strong></span> 
     </span>
    </p>
   </div>
   <div class='ocr_carea' id='block_1_109' title="bbox 1118 2495 1905 2532">
    <p class='ocr_par' dir='ltr' id='par_1_109' title="bbox 1118 2495 1905 2532">
     <span class='ocr_line' id='line_1_109' title="bbox 1118 2495 1905 2532; baseline -0.003 -8"><span class='ocrx_word' id='word_1_788' title='bbox 1118 2497 1232 2532; x_wconf 89' lang='lat' dir='ltr'><strong>quidem</strong></span> <span class='ocrx_word' id='word_1_789' title='bbox 1259 2496 1387 2523; x_wconf 89' lang='lat' dir='ltr'><strong>Christus</strong></span> <span class='ocrx_word' id='word_1_790' title='bbox 1411 2503 1523 2530; x_wconf 85' lang='lat' dir='ltr'><strong>quoque</strong></span> <span class='ocrx_word' id='word_1_791' title='bbox 1542 2496 1713 2523; x_wconf 83' lang='lat' dir='ltr'><strong>intrinsecus</strong></span> <span class='ocrx_word' id='word_1_792' title='bbox 1737 2504 1752 2522; x_wconf 87' lang='lat' dir='ltr'><strong>a</strong></span> <span class='ocrx_word' id='word_1_793' title='bbox 1768 2495 1847 2522; x_wconf 86' lang='lat' dir='ltr'><strong>Patre</strong></span> <span class='ocrx_word' id='word_1_794' title='bbox 1872 2503 1905 2522; x_wconf 80' lang='lat' dir='ltr'><strong>ex</strong></span> 
     </span>
    </p>
   </div>
   <div class='ocr_carea' id='block_1_110' title="bbox 1118 2541 1904 2578">
    <p class='ocr_par' dir='ltr' id='par_1_110' title="bbox 1118 2541 1904 2578">
     <span class='ocr_line' id='line_1_110' title="bbox 1118 2541 1904 2578; baseline -0.004 -7"><span class='ocrx_word' id='word_1_795' title='bbox 1118 2544 1180 2571; x_wconf 89' lang='lat' dir='ltr'><strong>loco</strong></span> <span class='ocrx_word' id='word_1_796' title='bbox 1208 2543 1303 2578; x_wconf 74' lang='lat' dir='ltr'><strong>ignoto</strong></span> <span class='ocrx_word' id='word_1_797' title='bbox 1331 2547 1360 2569; x_wconf 88' lang='lat' dir='ltr'><strong>et</strong></span> <span class='ocrx_word' id='word_1_798' title='bbox 1383 2541 1617 2576; x_wconf 87' lang='lat' dir='ltr'><strong>iniiiterpretabili</strong></span> <span class='ocrx_word' id='word_1_799' title='bbox 1633 2542 1707 2576; x_wconf 86' lang='lat' dir='ltr'><strong>(cum</strong></span> <span class='ocrx_word' id='word_1_800' title='bbox 1731 2546 1806 2569; x_wconf 83' lang='lat' dir='ltr'><strong>esset</strong></span> <span class='ocrx_word' id='word_1_801' title='bbox 1833 2542 1904 2569; x_wconf 84' lang='lat' dir='ltr'><strong>Deus</strong></span> 
     </span>
    </p>
   </div>
   <div class='ocr_carea' id='block_1_111' title="bbox 1118 2587 1903 2622">
    <p class='ocr_par' dir='ltr' id='par_1_111' title="bbox 1118 2587 1903 2622">
     <span class='ocr_line' id='line_1_111' title="bbox 1118 2587 1903 2622; baseline -0.003 -6"><span class='ocrx_word' id='word_1_802' title='bbox 1118 2588 1252 2622; x_wconf 81' lang='lat' dir='ltr'><strong>Verbum)</strong></span> <span class='ocrx_word' id='word_1_803' title='bbox 1280 2588 1314 2616; x_wconf 82' lang='lat' dir='ltr'><strong>ad</strong></span> <span class='ocrx_word' id='word_1_804' title='bbox 1329 2595 1381 2615; x_wconf 86' lang='lat' dir='ltr'><strong>nos</strong></span> <span class='ocrx_word' id='word_1_805' title='bbox 1394 2591 1438 2614; x_wconf 86' lang='lat' dir='ltr'><strong>est</strong></span> <span class='ocrx_word' id='word_1_806' title='bbox 1461 2587 1613 2622; x_wconf 76' lang='lat' dir='ltr'><strong>ingressus.</strong></span> <span class='ocrx_word' id='word_1_807' title='bbox 1630 2587 1734 2615; x_wconf 87' lang='lat' dir='ltr'><strong>Deinde</strong></span> <span class='ocrx_word' id='word_1_808' title='bbox 1756 2587 1903 2615; x_wconf 84' lang='lat' dir='ltr'><strong>Ecclesiam</strong></span> 
     </span>
    </p>
   </div>
   <div class='ocr_carea' id='block_1_112' title="bbox 1119 2633 1904 2670">
    <p class='ocr_par' dir='ltr' id='par_1_112' title="bbox 1119 2633 1904 2670">
     <span class='ocr_line' id='line_1_112' title="bbox 1119 2633 1904 2670; baseline -0.003 -8"><span class='ocrx_word' id='word_1_809' title='bbox 1119 2643 1180 2669; x_wconf 65' lang='lat' dir='ltr'><strong>qua;</strong></span> <span class='ocrx_word' id='word_1_810' title='bbox 1197 2635 1310 2666; x_wconf 81' lang='lat' dir='ltr'><strong>dicitur,</strong></span> <span class='ocrx_word' id='word_1_811' title='bbox 1334 2634 1500 2670; x_wconf 84' lang='lat' dir='ltr'><strong>adjutricein</strong></span> <span class='ocrx_word' id='word_1_812' title='bbox 1518 2633 1583 2661; x_wconf 82' lang='lat' dir='ltr'><strong>fecit</strong></span> <span class='ocrx_word' id='word_1_813' title='bbox 1604 2641 1638 2661; x_wconf 73' lang='lat' dir='ltr'><strong>ex</strong></span> <span class='ocrx_word' id='word_1_814' title='bbox 1667 2634 1780 2668; x_wconf 78' lang='lat' dir='ltr'><strong>propria</strong></span> <span class='ocrx_word' id='word_1_815' title='bbox 1802 2634 1828 2660; x_wconf 86' lang='lat' dir='ltr'><strong>in</strong></span> <span class='ocrx_word' id='word_1_816' title='bbox 1847 2634 1904 2667; x_wconf 78' lang='lat' dir='ltr'><strong>ipso</strong></span> 
     </span>
    </p>
   </div>
   <div class='ocr_carea' id='block_1_113' title="bbox 1119 2676 1904 2709">
    <p class='ocr_par' dir='ltr' id='par_1_113' title="bbox 1119 2676 1904 2709">
     <span class='ocr_line' id='line_1_113' title="bbox 1119 2676 1904 2709; baseline -0.003 -1"><span class='ocrx_word' id='word_1_817' title='bbox 1119 2686 1204 2708; x_wconf 82' lang='lat' dir='ltr'><strong>costa.</strong></span> <span class='ocrx_word' id='word_1_818' title='bbox 1218 2681 1253 2708; x_wconf 89' lang='lat' dir='ltr'><strong>Et</strong></span> <span class='ocrx_word' id='word_1_819' title='bbox 1268 2676 1331 2708; x_wconf 84' lang='lat' dir='ltr'><strong>ideo</strong></span> <span class='ocrx_word' id='word_1_820' title='bbox 1342 2680 1447 2709; x_wconf 83' lang='lat' dir='ltr'><strong>divisas</strong></span> <span class='ocrx_word' id='word_1_821' title='bbox 1464 2684 1492 2708; x_wconf 85' lang='lat' dir='ltr'><strong>et</strong></span> <span class='ocrx_word' id='word_1_822' title='bbox 1509 2680 1661 2708; x_wconf 76' lang='lat' dir='ltr'><strong>dissimiles</strong></span> <span class='ocrx_word' id='word_1_823' title='bbox 1684 2680 1782 2708; x_wconf 79' lang='lat' dir='ltr'><strong>Adami</strong></span> <span class='ocrx_word' id='word_1_824' title='bbox 1798 2684 1825 2707; x_wconf 84' lang='lat' dir='ltr'><strong>et</strong></span> <span class='ocrx_word' id='word_1_825' title='bbox 1844 2680 1904 2706; x_wconf 74' lang='lat' dir='ltr'><strong>Eva:</strong></span> 
     </span>
    </p>
   </div>
   <div class='ocr_carea' id='block_1_114' title="bbox 1119 2725 1903 2761">
    <p class='ocr_par' dir='ltr' id='par_1_114' title="bbox 1119 2725 1903 2761">
     <span class='ocr_line' id='line_1_114' title="bbox 1119 2725 1903 2761; baseline -0.004 -7"><span class='ocrx_word' id='word_1_826' title='bbox 1119 2726 1410 2761; x_wconf 74' lang='lat' dir='ltr'><strong>generationesnobis</strong></span> <span class='ocrx_word' id='word_1_827' title='bbox 1434 2726 1520 2753; x_wconf 82' lang='lat' dir='ltr'><strong>refert</strong></span> <span class='ocrx_word' id='word_1_828' title='bbox 1535 2734 1613 2753; x_wconf 80' lang='lat' dir='ltr'><strong>sacra</strong></span> <span class='ocrx_word' id='word_1_829' title='bbox 1630 2726 1784 2761; x_wconf 82' lang='lat' dir='ltr'><strong>Scriptura,</strong></span> <span class='ocrx_word' id='word_1_830' title='bbox 1813 2730 1844 2752; x_wconf 80' lang='lat' dir='ltr'><strong>ut</strong></span> <span class='ocrx_word' id='word_1_831' title='bbox 1857 2725 1903 2760; x_wconf 90' lang='lat' dir='ltr'><strong>qui</strong></span> 
     </span>
    </p>
   </div>
   <div class='ocr_carea' id='block_1_115' title="bbox 1119 2771 1905 2806">
    <p class='ocr_par' dir='ltr' id='par_1_115' title="bbox 1119 2771 1905 2806">
     <span class='ocr_line' id='line_1_115' title="bbox 1119 2771 1905 2806; baseline 0 -8"><span class='ocrx_word' id='word_1_832' title='bbox 1119 2772 1197 2798; x_wconf 89' lang='lat' dir='ltr'><strong>illum</strong></span> <span class='ocrx_word' id='word_1_833' title='bbox 1213 2772 1326 2806; x_wconf 87' lang='lat' dir='ltr'><strong>quidem</strong></span> <span class='ocrx_word' id='word_1_834' title='bbox 1343 2779 1376 2799; x_wconf 83' lang='lat' dir='ltr'><strong>ex</strong></span> <span class='ocrx_word' id='word_1_835' title='bbox 1393 2776 1465 2799; x_wconf 85' lang='lat' dir='ltr'><strong>terra</strong></span> <span class='ocrx_word' id='word_1_836' title='bbox 1480 2771 1601 2799; x_wconf 78' lang='lat' dir='ltr'><strong>inanima</strong></span> <span class='ocrx_word' id='word_1_837' title='bbox 1625 2772 1702 2806; x_wconf 78' lang='lat' dir='ltr'><strong>prius</strong></span> <span class='ocrx_word' id='word_1_838' title='bbox 1718 2771 1827 2798; x_wconf 72' lang='lat' dir='ltr'><strong>[inserit</strong></span> <span class='ocrx_word' id='word_1_839' title='bbox 1846 2771 1905 2798; x_wconf 91' lang='lat' dir='ltr'><strong>iiia-</strong></span> 
     </span>
    </p>
   </div>
   <div class='ocr_carea' id='block_1_116' title="bbox 1120 2817 1905 2850">
    <p class='ocr_par' dir='ltr' id='par_1_116' title="bbox 1120 2817 1905 2850">
     <span class='ocr_line' id='line_1_116' title="bbox 1120 2817 1905 2850; baseline 0.001 -6"><span class='ocrx_word' id='word_1_840' title='bbox 1120 2817 1242 2850; x_wconf 56' lang='lat' dir='ltr'><strong>ninium‘;</strong></span> <span class='ocrx_word' id='word_1_841' title='bbox 1261 2821 1288 2844; x_wconf 89' lang='lat' dir='ltr'><strong>et</strong></span> <span class='ocrx_word' id='word_1_842' title='bbox 1311 2817 1412 2845; x_wconf 75' lang='lat' dir='ltr'><strong>deinde.</strong></span> <span class='ocrx_word' id='word_1_843' title='bbox 1426 2817 1547 2844; x_wconf 78' lang='lat' dir='ltr'><strong>Verbum</strong></span> <span class='ocrx_word' id='word_1_844' title='bbox 1572 2825 1652 2844; x_wconf 91' lang='lat' dir='ltr'><strong>suum</strong></span> <span class='ocrx_word' id='word_1_845' title='bbox 1670 2823 1698 2844; x_wconf 87' lang='lat' dir='ltr'><strong>et</strong></span> <span class='ocrx_word' id='word_1_846' title='bbox 1717 2817 1816 2849; x_wconf 89' lang='lat' dir='ltr'><strong>Deum,</strong></span> <span class='ocrx_word' id='word_1_847' title='bbox 1844 2823 1905 2845; x_wconf 85' lang='lat' dir='ltr'><strong>cum</strong></span> 
     </span>
    </p>
   </div>
  </div>
