1980 3272
85 223 145 255 1331

83 286 148 306 esset
162 278 297 305 inanimis
312 278 410 310 (ιινιι-ιςι
438 277 511 303 ezzizn
527 284 557 301 (ιχ

83 329 192 356 malum,
208 332 272 351 cum
292 332 343 350 non
359 329 431 350 esset
452 323 563 353 animal,
595 322 746 347 animatum
768 319 868 355 produ-

86 370 169 397 xerit:
182 374 211 396 et
229 369 329 396 deinde
346 369 485 398 animarit,
501 368 620 396 tinxerit.
650 373 675 393 et
699 366 847 393 \‘ivilteai'it
865 375 870 391 2

86 415 153 442 hanc
169 421 238 441 vero
257 421 288 440 ex
306 413 425 439 animata
448 413 609 443 animatum,
637 417 664 438 et
690 420 723 437 ex
751 411 873 446 perfecta

86 460 244 495 perfectam,
266 463 294 486 et
307 467 338 486 ex
365 458 425 484 viva
454 458 592 485 viventem
613 457 696 484 vitam
722 457 874 484 fabricatus~

87 506 118 533 sit
142 510 168 532 et
190 505 356 540 appellarit,
380 505 433 532 hoc
458 509 511 534 est.
537 496 715 539 ei~placuerit
734 508 762 530 ut
791 503 873 529 homo

88 557 175 578 mente
191 556 219 578 et
233 551 327 578 anima
350 550 483 585 przeditus
512 550 591 576 ﬁeret
611 549 742 576 Verbum.
775 549 874 576 Factus

88 598 156 625 enim
172 598 256 624 homo
282 597 432 626 animatus.
445 596 595 624 Ecclesium
626 603 658 622 ex
675 604 702 623 se
716 596 873 627 :chlicai‘il,

90 643 234 671 animatum
250 643 354 678 Spiritu
371 648 477 670 sancto.
691 645 694 647 λ

122 689 149 717 Si
183 694 277 717 autem
297 697 358 724 qtae
387 688 450 715 dico
484 687 593 719 irridet,
623 695 739 722 corpora
768 686 879 721 sapiens

89 735 210 766 Judmus,
230 736 289 770 ipse
312 735 393 762 nobis
410 734 484 761 dicat
500 733 640 769 quomodo
656 734 729 760 Deus
748 732 877 767 omnipo-

91 785 159 817 tens,
173 781 220 815 qui
235 787 331 807 omnes
345 779 472 806 cmlestes
483 779 602 806 virtutes
616 779 642 805 in
658 782 799 805 momento
810 781 877 803 tem-

91 827 162 861 poris
179 826 263 853 simul
289 826 325 852 ita
346 829 376 852 ut
392 833 443 860 per
468 832 497 852 se
517 830 613 852 essent
643 824 759 862 creavit,
789 823 877 850 solum

90 873 228 900 hominem
256 876 285 899 et
313 872 461 898 humanam
479 871 684 898 multitudinem
714 878 767 897 non
796 869 877 896 simul

91 918 177 949 tinxit,
204 925 294 952 neque
320 916 393 951 ipsos
419 916 502 947 duos,
533 915 679 948 Adamum,
700 915 821 950 inquam,
851 918 879 940 et

92 962 194 989 Evam?
214 962 292 990 Unde
307 962 390 989 etiam
407 969 470 988 cum
485 969 582 988 omnes
599 961 709 988 fecisset
734 960 838 987 bestias
852 963 880 985 et

92 1007 242 1034 animantia
253 1011 281 1034 et
300 1007 427 1033 volucres
440 1011 467 1033 et
494 1006 585 1040 pisces
601 1005 753 1033 secundum
781 1011 879 1039 genus,

93 1058 121 1081 ut
134 1057 298 1088 generarent
327 1053 470 1080 masculus
495 1057 522 1079 et
548 1051 649 1078 femina
678 1059 728 1086 per
753 1056 880 1078 mutuum

92 1100 165 1127 inter
185 1107 214 1126 se
229 1107 409 1134 congressum
426 1103 453 1126 et
468 1099 583 1130 coitum,
598 1094 771 1133 nequaquam
786 1097 814 1124 in
827 1097 883 1124 illis

91 1145 222 1173 omnibus
246 1135 398 1172 nominavit
413 1144 557 1179 Scriptura
571 1144 725 1171 masculum
749 1149 776 1171 et
795 1143 878 1170 femi-

92 1200 165 1222 nam,
181 1191 235 1218 nisi
250 1191 276 1217 in
289 1191 348 1217 sole
364 1191 477 1218 homine
496 1196 524 1217 et
541 1190 607 1219 Eva,
634 1190 751 1217 dierns:
777 1189 883 1216 linsm—

93 1239 145 1266 lum
172 1244 198 1265 et
213 1239 340 1273 feminam
362 1238 421 1273 fecit
439 1246 493 1264 eos.
512 1237 589 1270 Quo'l
604 1236 715 1272 quidem
738 1243 788 1262 nos
803 1235 884 1262 docet

93 1284 256 1312 admirabile
293 1285 470 1318 mysterium;
502 1284 565 1310 (lico
599 1287 690 1309 autem
721 1282 883 1317 mysterium

93 1331 196 1360 Christi
212 1335 241 1358 cl
258 1331 398 1358 Ecclesia).
425 1330 494 1357 Dicit
516 1330 590 1357 enim
610 1339 614 1355 :
638 1329 669 1355 Et
685 1329 794 1354 immisit
816 1328 884 1354 Deus

93 1379 216 1406 exstusim
233 1379 259 1404 in
274 1379 384 1404 Aduma.
400 1378 458 1405 Non
474 1377 554 1407 dixit,
584 1378 663 1409 misit,
689 1376 748 1407 sed,
761 1377 884 1408 immisit;

93 1425 145 1452 hoc
158 1429 216 1451 est:
233 1424 290 1450 Non
308 1423 340 1450 ad
364 1424 417 1450 hoc
445 1423 518 1458 quod
550 1422 670 1449 habebat
684 1422 883 1453 cssentialiter,

94 1471 207 1498 immisit
225 1471 297 1497 Deus
321 1475 346 1497 et
363 1470 454 1501 Pater,
471 1470 519 1496 sed
534 1469 567 1496 a1
586 1468 612 1496 id
638 1468 713 1504 (μιοᾶ
738 1477 788 1503 per
808 1468 885 1495 addi-

93 1516 199 1543 tionem
214 1524 248 1543 ex
262 1516 468 1550 dispensatione
477 1515 574 1542 habuit
586 1523 634 1550 per
645 1522 768 1542 carnem.
785 1514 886 1541 Exces-

94 1563 130 1590 sit
147 1563 222 1589 enim
238 1562 326 1589 factus
338 1561 410 1596 quod
429 1569 484 1588 non
504 1565 574 1593 erat,
602 1569 718 1588 manens
746 1565 839 1588 autem
858 1560 884 1587 id

618 222 655 251 IN
680 219 953 251 HliXAliXlEllON.
973 231 1003 235 -—
1021 219 1090 247 ΜΗ.
1117 219 1152 246 :x

574 284 599 300 <9
614 281 653 301 (“sl
668 275 782 301 animali
809 274 869 300 ani-
888 276 906 302 Λ
924 273 1086 307 (ἓῃιιλιμημει,
1102 273 1223 306 inquiin.
1240 272 1315 298 Jtz-im

1646 215 1711 244 ltiti!

1329 284 1332 294 ς
1353 272 1409 297 uini
1426 276 1552 296 manente
1574 279 1628 297 non
1645 274 1711 297 sult-

920 319 1002 353 jecla.
1022 319 1057 345 lia
1075 320 1107 346 dc
1124 327 1205 345 (“.tltslt
1222 318 1257 343 di-
1270 319 1286 344 it
1302 318 1374 351 quod
1390 317 1495 352 accepit
1513 325 1594 344 unam
1607 325 1639 344 ex
1653 318 1713 351 ejus

923 365 1008 390 costis
1022 375 1027 390 ἱ
1043 373 1096 390 una
1115 365 1188 391 enim
1210 364 1372 394 assumitur,
1389 363 1442 390 alia
1459 372 1523 389 \i-ro
1551 362 1713 390 dimittitur.

925 410 996 436 Duas
1014 417 1079 445 ergo
1094 415 1185 436 costus
1200 409 1331 440 diximus,
1352 409 1421 435 (luas
1442 408 1595 436 Ecclesias:
1615 417 1715 443 ricinpe

922 464 982 482 eam
1000 464 1060 490 qua:
1074 460 1116 481 est
1133 464 1164 482 ex
1175 455 1302 490 gentibus
1315 460 1340 480 et
1356 464 1415 482 eam
1430 463 1491 489 quia:
1506 460 1589 482 estex
1600 456 1715 486 Judaei.»

924 501 1146 537 quandoquidem
1163 506 1275 536 propter
1283 509 1342 528 eam
1358 506 1461 529 costam
1475 509 1535 536 quo!
1549 506 1660 537 sumpta
1673 507 1716 529 est

925 553 952 575 et
969 547 1102 574 :cdiﬁeula
1117 547 1143 574 in
1160 547 1316 578 mulierem,
1341 546 1445 574 dictum
1462 551 1504 574 est
1525 547 1560 575 de
1578 547 1692 575 Christo
1709 557 1716 574 :
1757 570 1760 573 .

930 593 1071 629 Relinquct
1082 598 1185 628 patrem
1199 602 1276 621 suum
1290 594 1443 621 secundum
1467 602 1592 627 carnem,
1620 602 1719 629 nempe

927 640 1059 675 populum
1086 639 1242 670 Judaicum,
1264 644 1288 664 et
1313 645 1425 666 matrem
1450 648 1527 667 suum
1538 647 1600 674 qua
1629 640 1719 674 ipsum

927 686 1037 722 peperit
1053 685 1225 721 Synagogam
1239 695 1244 710 :
1259 691 1283 712 ει
1308 685 1453 712 adlacrch
1469 686 1546 712 umori
1562 694 1627 717 suw,
1659 694 1720 720 quae

928 739 961 758 ex
976 739 1009 758 co
1024 735 1087 759 nata
1112 737 1155 759 est
1179 735 1273 763 costae,
1287 731 1419 759 Ecclesia:
1446 732 1555 759 scilicet
1578 732 1719 767 gentium:

929 782 953 804 et
972 783 1048 804 erunt
1069 778 1119 804 duo
1137 778 1163 804 in
1176 786 1284 805 carnem
1300 785 1382 804 unam
1405 777 1437 804 ⁷⁸.
1457 777 1586 805 Christus
1601 779 1677 805 enim
1693 783 1721 805 et

930 823 1053 850 Ecclesia
1071 831 1124 850 una
1149 828 1192 852 cst
1217 824 1366 851 consensio
1391 828 1419 851 et
1447 824 1641 851 consonantia.
1663 823 1717 851 Nos

930 869 1003 896 enim
1017 877 1114 897 sun‘ms
1123 878 1225 905 corpus
1233 870 1385 902 Christi,ct
1397 870 1521 898 membra
1532 878 1565 898 cx
1578 871 1720 902 membris,

930 919 958 942 et
974 923 1072 943 carnes
1097 921 1124 943 ct
1148 924 1220 944 ossa.
1237 917 1295 944 Dici
1312 922 1427 951 possunt
1443 917 1526 945 etiam
1556 917 1616 944 duae
1640 921 1722 945 costas

928 961 1033 998 _Cbristi
1052 963 1167 990 secundi
1196 963 1305 994 Adami,
1321 963 1381 998 ejus
1392 963 1527 990 divinitas
1542 968 1570 991 et
1594 964 1723 991 humani-

932 1015 983 1042 tas,
1004 1010 1090 1037 altera
1107 1010 1218 1045 quidem
1236 1010 1344 1045 (nempe
1360 1011 1435 1045 caro)
1451 1011 1575 1046 subjecta
1596 1017 1623 1038 et
1642 1020 1723 1046 supc-

933 1061 990 1083 rata
1005 1063 1020 1082 a
1035 1063 1134 1083 somno
1144 1055 1254 1088 mortis;
1270 1055 1404 1083 divinitas
1421 1064 1488 1082 vero
1514 1064 1569 1082 non
1599 1057 1722 1090 subjecta

932 1107 960 1129 et
981 1106 1112 1136 superata
1127 1110 1143 1129 a
1170 1110 1268 1129 somno
1287 1101 1395 1133 mortis,
1417 1101 1467 1129 sed
1491 1101 1574 1128 altior
1598 1102 1722 1137 subjecta

933 1147 1020 1174 altera
1034 1153 1110 1174 costa
1124 1147 1226 1174 carnis.
1242 1146 1330 1179 Quam
1357 1146 1468 1181 quidem
1485 1155 1549 1174 cum
1568 1147 1721 1182 accepisset

935 1194 1016 1226 Deus,
1037 1193 1260 1221 :cditicaviteam
1289 1193 1315 1219 in
1331 1193 1476 1220 mulierem
1499 1193 1668 1220 Ecclesium:
1697 1199 1724 1219 et

933 1247 984 1274 pro
1000 1247 1031 1266 ea
1042 1239 1158 1274 replevit
1169 1238 1271 1266 Christi
1279 1246 1401 1266 carnem.
1411 1238 1477 1265 Nam
1487 1247 1549 1266 cum
1559 1247 1609 1266 nos
1623 1239 1725 1273 imper-

935 1285 1026 1312 tiisset
1043 1285 1204 1317 divinitate,
1220 1284 1342 1311 vicissim
1354 1292 1369 1311 a
1382 1284 1464 1311 nobis
1481 1285 1588 1319 accepit
1601 1292 1723 1311 carnem.

935 1331 973 1358 De
993 1339 1047 1365 qua
1062 1331 1268 1366 permutatione
1289 1330 1345 1358 Deo
1369 1330 1480 1357 dicebat
1499 1329 1595 1361 David,
1626 1330 1725 1357 adver-

936 1384 983 1404 sus
994 1376 1105 1404 Judwos
1121 1377 1279 1404 exclamans
1299 1381 1328 1404 et
1343 1376 1440 1404 dicens
1463 1385 1469 1403 τ
1494 1376 1726 1411 Erprobravcnmt

937 1423 1168 1449 commutationem
1216 1420 1313 1448 Christi
1338 1421 1376 1447 ιιιὶ
1392 1422 1433 1453 τίς
1464 1421 1518 1448 hoc
1547 1426 1599 1451 est.
1616 1429 1726 1449 carnem

937 1467 1164 1494 Filiiall‘cceruut
1187 1467 1290 1502 probro
1317 1472 1345 1494 et
1367 1467 1545 1494 contumelia.
1570 1466 1604 1494 Et
1621 1468 1728 1495 immisit

938 1513 1008 1540 Deus
1021 1513 1145 1540 exstasim
1159 1513 1185 1539 in
1195 1512 1291 1542 Adam.
1304 1517 1328 1538 et
1339 1513 1428 1548 supiit,
1445 1517 1469 1538 et
1482 1514 1580 1548 accepit
1602 1522 1683 1540 unam
1697 1521 1729 1540 ατ

939 1559 1015 1586 costis
1024 1559 1092 1594 ejus.
1106 1559 1158 1585 Per
1172 1558 1225 1586 hoc
1239 1558 1371 1585 discimus
1388 1558 1462 1593 quod
1477 1558 1504 1585 in
1522 1558 1624 1586 Christi
1638 1564 1729 1587 morte

93 1609 168 1644 quod
187 1613 247 1635 erat
267 1608 337 1635 Deus
347 1608 480 1635 Verbum:
495 1607 612 1634 excessit
629 1614 695 1634 cum
708 1612 780 1634 esset
793 1606 884 1634 nudus
901 1613 922 1643 ρ
940 1611 1037 1633 exorta
1052 1609 1094 1632 est
1120 1608 1149 1632 et
1178 1605 1205 1631 in
1236 1605 1325 1632 lucem
1341 1605 1478 1639 processit
1502 1605 1643 1638 Ecclesia,
1667 1613 1729 1640 quae

93 1659 121 1681 et
135 1654 347 1688 incompositus,
360 1652 449 1681 factus
465 1653 637 1688 compositus
666 1654 738 1680 Deus
760 1653 841 1680 simul
859 1659 887 1681 et

94 1699 189 1726 homo.
206 1699 243 1726 De
256 1707 309 1734 qua
318 1700 420 1726 exstasi
435 1707 484 1726 seu
506 1707 622 1726 excessu
653 1703 680 1725 ct
695 1699 887 1726 incarnatione

93 1745 166 1772 dixit
181 1745 207 1772 ei
224 1742 358 1779 prepheta
386 1745 532 1773 ilabaeuc:
560 1745 714 1771 Diss"misli
743 1746 769 1771 in
788 1746 888 1772 cxstasi

94 1792 184 1827 capita
204 1796 340 1826 potentum
359 1792 392 1824 ⁵⁸,
408 1792 461 1819 hoc
491 1796 544 1824 est,
561 1792 742 1820 adversarum
768 1796 890 1827 potesta-

94 1841 166 1865 tum.
180 1838 234 1865 Pro
250 1838 351 1865 exstasi
367 1842 459 1865 autem
474 1838 546 1865 alius
561 1838 702 1872 interpres
715 1838 784 1865 dixit
799 1842 890 1873 torpo-

94 1892 171 1915 rem;
188 1883 272 1915 alius,
285 1888 448 1915 veternum;
463 1883 534 1911 alius
552 1891 692 1911 somnum.
713 1884 820 1920 Torpor
839 1893 889 1911 au-

94 1933 164 1960 tem,
177 1933 312 1956 veternus
322 1933 350 1955 et
364 1936 490 1960 somnus,
504 1934 570 1956 sunt
587 1930 652 1956 vita:
667 1935 696 1957 et
715 1931 814 1957 mortis
827 1939 891 1966 par-

95 1975 215 2009 ticipes;
232 1978 263 2001 ut
275 1974 298 2001 si
313 1974 421 2002 diceret
437 1983 443 2001 :
463 1975 544 2002 l‘rius
561 1975 726 2004 immortalis
743 1981 771 2003 et
786 1977 892 2003 insom-

95 2021 141 2048 nis
155 2021 229 2048 Deus
243 2020 366 2048 Verbum
383 2021 409 2047 in
424 2028 539 2048 excessu
552 2022 580 2048 et
593 2021 668 2048 exitu
687 2028 702 2047 e
717 2013 795 2048 caelis
808 2030 891 2055 carne

95 2071 326 2102 suscepta,carne
336 2067 419 2094 etiam
429 2066 550 2102 gustavit
559 2074 684 2094 somnum
693 2067 789 2094 mortis
803 2068 892 2094 factus

95 2112 408 2147 bomo.Sapicnti-.asime
422 2117 515 2139 autem
529 2113 634 2140 dictum
651 2117 693 2140 est
709 2113 783 2148 quod
800 2113 893 2140 Domi-

95 2162 151 2185 nus‘
163 2158 233 2184 Deus
247 2158 354 2184 immisit
371 2157 399 2184 in
414 2158 503 2192 ipsum
515 2158 587 2184 banc
602 2158 727 2184 cxstusim
739 2166 786 2184 seu
799 2166 893 2186 exces—

94 2210 170 2236 sum,
187 2203 318 2237 etsapiit.
335 2203 401 2230 Deus
416 2203 491 2230 cnim
505 2207 533 2230 ct
550 2203 631 2230 Pater
642 2203 747 2237 proprio
758 2201 825 2229 Filio
842 2210 893 2229 non

94 2249 232 2285 pepercit,
248 2247 295 2274 sed
310 2257 357 2282 pro
370 2248 442 2275 nobis
454 2248 572 2275 omnibus
596 2247 705 2275 tradidit
721 2249 805 2284 ipsum
822 2249 843 2264 ¹⁹
860 2249 893 2276 ad

93 2299 228 2324 mortem.
259 2293 286 2319 in
304 2301 357 2327 qua
372 2293 492 2321 excessit
515 2293 660 2328 impolluta
678 2294 739 2329 ejus
760 2294 852 2320 anima
877 2302 891 2321 a

92 2339 280 2367 sanctissimo
295 2347 411 2373 corpore
438 2344 581 2374 separata:
612 2347 675 2366 cum
699 2339 757 2374 ipse
780 2347 892 2374 quoque

94 2386 265 2413 excessisset
278 2393 292 2411 a
307 2386 486 2420 corruptione
512 2385 540 2413 in
569 2385 818 2420 incorruptionem,
836 2391 863 2413 et
878 2394 893 2413 a

94 2436 189 2458 morte
205 2431 238 2458 ad
254 2431 506 2463 immortalitatem,
529 2431 636 2458 habens
657 2439 722 2458 vere
740 2431 893 2459 admirabi—

96 2477 153 2504 lem
165 2482 194 2504 et
210 2477 387 2511 spiritualem
403 2477 535 2504 exstasim
552 2485 600 2504 seu
617 2484 775 2505 excessum.
789 2477 826 2504 De
839 2487 894 2513 quo

94 2523 167 2549 dicit
182 2523 277 2550 Deus:
307 2522 341 2549 Et
355 2523 464 2549 immisit
480 2521 608 2549 Dominus
631 2521 701 2549 Deus
722 2522 846 2549 exstasim
866 2523 893 2549 in

95 2567 243 2599 Adamum,
258 2571 282 2593 et
297 2567 387 2602 sopiit,
405 2571 429 2593 et
444 2567 634 2602 accepitunum
643 2574 675 2593 ea:
687 2567 763 2594 castis
779 2567 846 2602 ejus.
861 2567 895 2594 Et

95 2619 150 2639 cur
163 2612 292 2639 costam?
319 2611 480 2647 Subjectum
498 2612 655 2640 membrum
667 2633 674 2645 ,
690 2612 840 2640 dormienti
853 2617 896 2640 est

96 2665 154 2684 una
175 2663 250 2686 costa
265 2662 370 2692 pra-ter
385 2661 486 2686 cetera
504 2658 630 2686 membra
645 2667 652 2685 :
670 2666 754 2693 super
768 2659 822 2686 alia
845 2667 896 2686 au-

95 2709 155 2731 tem
174 2705 302 2731 membra
318 2708 360 2731 cst
375 2704 505 2739 imposita
520 2713 651 2740 superne.
663 2704 820 2733 Ostendens
832 2713 897 2739 ergo

94 2750 175 2778 Deus
191 2751 264 2786 quod
281 2755 358 2778 costa
370 2759 432 2786 quae
448 2751 662 2787 fuitaliquando
673 2752 798 2788 subjecta
809 2752 898 2787 (nem-

94 2803 133 2830 pe
147 2796 285 2831 Ecclesia)
306 2797 471 2831 subjicietur
486 2797 610 2830 Christo,
632 2798 720 2826 altera
735 2798 796 2833 ejus
819 2803 896 2825 tosta

134 2897 159 2935 ξξ
177 2896 279 2935 ψώθια.
295 2904 334 2935 lu:
350 2896 393 2922 15.
432 2896 454 2911 ⁸³
469 2897 546 2924 Rom.
559 2905 616 2927 vni,
634 2897 678 2923 ΒΞ.
706 2897 728 2913 τυ
740 2897 808 2924 Gen.
830 2905 858 2929 ιι,
870 2897 885 2923 2

937 2897 1025 2925 tlatth.
1039 2905 1096 2932 vix,
1113 2900 1141 2929 5',
1162 2899 1258 2935 Ephes.
1275 2906 1301 2928 γ,
1318 2898 1362 2924 3|.

91 2931 114 2947 ⁷³
135 2932 158 2960 ΙΙ
176 2931 242 2959 Cor.
261 2940 299 2960 λι.
318 2932 347 2957 2.

244 2980 380 3010 Pyrum“
400 2980 458 3010 GR.
480 2980 647 3010 LXXXIX.

940 1653 1052 1688 quidem
1076 1658 1118 1679 est
1142 1657 1228 1679 costa.
1254 1652 1440 1685 Quamobrem
1468 1651 1597 1680 Christus
1619 1660 1729 1687 quoque

941 1704 1004 1735 post
1017 1703 1135 1726 mortem
1152 1704 1274 1733 punctus
1292 1699 1319 1725 in
1339 1706 1395 1725 uno
1421 1699 1519 1730 latere,
1551 1703 1681 1734 tanquam
1696 1707 1730 1726 ex

940 1746 1112 1781 scaturigine
1128 1745 1222 1772 emisit
1239 1745 1401 1780 sanguinem
1417 1750 1446 1772 et
1462 1753 1579 1780 aquam;
1611 1746 1664 1773 hoc
1676 1752 1730 1779 est,

941 1791 1104 1826 mysterium
1122 1795 1150 1818 et
1175 1793 1414 1826 regenerationem
1430 1791 1562 1819 Etclcsize
1577 1800 1626 1827 per
1640 1793 1731 1827 ignem

941 1842 969 1865 et
984 1845 1093 1872 aquam.
1112 1838 1146 1865 Et
1169 1837 1290 1865 nonfuit
1312 1838 1453 1866 sauciatus
1476 1838 1503 1866 in
1526 1839 1615 1865 altero
1628 1839 1729 1866 latere.

941 1883 1008 1918 quid
1029 1884 1103 1911 enim
1129 1883 1181 1910 fuit
1207 1884 1404 1919 impedimento
1414 1884 1573 1912 Jnd;eorum
1601 1885 1729 1915 insanite.

942 1929 1092 1964 quominus
1110 1933 1254 1964 pateretur
1272 1929 1407 1957 Dominus
1431 1931 1460 1956 in
1472 1930 1620 1964 utrisque?
1636 1931 1689 1958 Sed
1701 1936 1731 1958 ut

942 1975 1082 2002 discentes
1108 1975 1181 2009 quod
1204 1980 1279 2002 costa
1292 1975 1450 2003 Judteorum
1485 1984 1547 2003 eam
1571 1984 1627 2003 non
1654 1977 1732 2003 novit

945 2021 1078 2055 inulgcrc.
1104 2028 1136 2047 ea
1155 2020 1188 2046 de
1204 2028 1286 2047 causa
1302 2020 1430 2048 Christus
1444 2021 1604 2049 vulneratur
1621 2023 1647 2049 in
1665 2030 1730 2051 una.

944 2067 1029 2094 Unam
1056 2071 1146 2093 autem
1162 2071 1266 2094 costam
1281 2066 1388 2101 accepit
1410 2067 1484 2094 Deus
1496 2067 1628 2095 Verbum.
1656 2068 1729 2102 Quo-

943 2111 1017 2139 niam
1035 2116 1128 2138 autem
1145 2120 1178 2138 ex
1195 2111 1253 2139 sola
1269 2115 1358 2139 matre
1390 2111 1485 2147 (super
1509 2113 1648 2149 naturam)
1671 2122 1732 2142 car-

944 2165 1007 2185 nem
1027 2157 1150 2192 suscepit
1171 2158 1276 2192 absque.
1297 2157 1367 2190 viro,
1379 2159 1463 2186 etiam
1480 2159 1596 2194 replevit
1621 2167 1731 2188 carnem

945 2212 999 2232 non
1025 2204 1187 2232 scminatam
1210 2212 1261 2239 pro
1276 2204 1323 2231 illa
1339 2209 1416 2232 costa
1432 2212 1494 2240 qua:
1509 2210 1619 2241 sumpta
1640 2212 1684 2235 est
1698 2215 1732 2235 ex

947 2251 1051 2278 Adamo
1065 2251 1092 2278 in
1108 2258 1231 2278 uxorem.
1249 2251 1398 2285 Postquam
1423 2252 1513 2279 dixit:
1531 2253 1568 2280 Et
1592 2254 1732 2288 wa’iﬁcarit

910 2287 930 2314 ί)
945 2295 1074 2323 Dominus
1092 2295 1161 2323 Deus
1178 2300 1292 2328 costum,
1304 2295 1408 2323 faciens
1423 2297 1577 2331 perfectum
1599 2304 1732 2333 punctum

945 2349 1060 2376 magnus
1074 2341 1211 2372 Clemens.
1227 2346 1255 2368 et
1277 2346 1343 2369 tunc
1355 2349 1454 2370 versus
1481 2343 1584 2371 faciens
1610 2345 1731 2377 initium,

946 2387 1104 2422 subiunxit:
1122 2386 1209 2419 Quam
1220 2388 1319 2423 accepit
1335 2387 1368 2414 ab
1390 2388 1477 2415 Adam
1490 2389 1517 2415 in
1535 2389 1690 2421 mulierem,-
1706 2396 1747 2419 et.

947 2433 1014 2460 mihi
1032 2433 1142 2460 videtur
1168 2434 1212 2468 pic
1224 2433 1372 2461 admodum
1396 2435 1548 2463 attendisse
1571 2436 1732 2465 dictionem.

948 2479 1016 2506 Nam
1032 2478 1206 2506 Theodotion
1234 2487 1345 2514 quoque
1370 2479 1410 2507 sic
1426 2479 1556 2507 distinxit
1572 2481 1644 2509 idem
1670 2490 1734 2509 ver-

949 2524 1025 2555 bum,
1039 2527 1069 2551 ut
1092 2523 1127 2550 sit
1146 2523 1173 2550 id
1200 2523 1273 2557 quod
1294 2523 1416 2550 dicitur:
1437 2523 1471 2551 Et
1490 2524 1631 2558 wdiﬁcavit
1647 2525 1736 2553 Domi—

949 2577 998 2596 nus
1014 2568 1095 2601 Deus,
1111 2573 1135 2595 et
1149 2570 1262 2600 ornavit,
1285 2574 1473 2604 vennstamque
1490 2574 1514 2596 et
1541 2570 1655 2606 lepidam
1679 2573 1737 2607 effe-

950 2617 994 2647 n't,
1024 2619 1047 2641 et
1067 2615 1241 2649 snnrtiﬁcavit
1271 2619 1370 2641 costam
1388 2616 1476 2642 carnis
1492 2624 1573 2651 quam
1592 2618 1690 2652 accepit
1705 2619 1737 2644 ab

952 2662 1051 2688 Adamn
1068 2661 1120 2688 sibi
1137 2662 1164 2688 in
1178 2668 1302 2692 uxorem,
1316 2668 1414 2696 nempe
1428 2661 1592 2690 Ecclesium.
1603 2663 1659 2690 Cur
1671 2663 1738 2691 dicit

950 2707 1068 2735 Paulus:
1090 2707 1222 2742 Despondi
1235 2716 1278 2734 vos
1293 2708 1338 2734 uni
1352 2709 1408 2735 uiro
1424 2709 1544 2736 exhibere
1559 2710 1687 2744 uirginem
1704 2710 1735 2735 τ’.

952 2753 1027 2781 Unde
1039 2757 1122 2780 etiam
1147 2753 1220 2781 Deus
1233 2753 1327 2780 unitus
1339 2759 1367 2780 et
1386 2754 1542 2789 desponsus
1563 2754 1628 2781 huic
1642 2759 1736 2785 casce,

951 2799 990 2825 ait
1002 2806 1050 2833 per
1067 2799 1230 2834 prophetam
1253 2799 1385 2827 adnitente
1415 2799 1580 2835 Synagogz:
1600 2799 1660 2826 Non
1675 2807 1737 2826 sum

1418 2897 1440 2912 ⁷¹
1460 2897 1532 2924 Psal.
1551 2905 1679 2929 Lxxxvln,
1693 2898 1736 2927 52.

1522 2980 1560 3010 32
