1980 3241
272 228 310 260 illi
323 231 339 261 3

872 230 902 258 S.
926 223 1122 257 ANASTASH
1145 227 1306 256 SlNAl'l'll‘.

1835 224 1910 256 ιωι

270 283 389 319 amplius
401 280 566 314 virtuus,'et
585 287 612 310 tu
624 290 678 308 non
695 290 724 308 es
739 283 856 316 amplius
873 290 940 307 uxor
955 280 1056 307 mea”.
1074 281 1095 310 Α
1111 279 1234 306 membra
1251 278 1377 313 corporis
1389 283 1453 305 :utll
1470 278 1546 305 unita
1569 279 1595 305 in
1610 287 1736 314 corpore
1753 279 1909 313 ’προεδη-

269 327 346 361 Quod
363 328 385 355 si
407 327 447 354 vis
463 327 545 354 etiam
561 326 669 353 discere
685 325 831 352 aediﬁcium
853 325 935 359 hujus
949 329 1030 350 costa:
1043 331 1057 350 a

271 374 326 400 Deo
341 373 496 408 conjunctm
512 379 572 406 qua:
588 371 640 398 fuit
653 369 801 404 aliquando
818 370 927 396 deserta
940 374 968 395 et
980 368 1059 395 dere-

269 419 345 451 licia,
361 418 425 445 audi
442 418 468 445 ei
486 418 593 444 unitum
616 417 776 452 angularem
801 414 919 450 lapidem
937 415 1058 449 (ﬁrmum

270 469 298 492 et
323 464 537 492 illahefaclahile
567 462 788 496 fundamentum)
811 460 950 488 Christum
967 460 1060 487 dicen-

272 516 326 538 tem
337 519 345 538 ξ
358 510 442 545 Super
455 510 521 537 hanc
533 513 634 544 petram
646 507 780 541 wdiﬁcabo
802 506 946 534 Ecclesium
962 513 1058 536 meam,

272 562 296 583 rt
313 562 394 591 parun
411 557 509 591 inferni
534 563 585 582 non
613 553 792 589 prmvalebunt
811 553 933 580 adversus
951 560 1010 579 eam
1025 552 1057 578 ⁷⁸.

272 602 335 628 Fuit
351 601 425 628 enim
443 600 575 634 a‘diﬁcatn
604 607 682 633 super
702 597 905 632 fundamentum
921 595 983 622 ﬁdei
999 603 1060 630 pro-

273 648 410 681 phetarum
421 647 445 671 el
455 643 636 679 apostolorum
647 642 681 674 ⁷⁸,
698 641 746 676 qui
768 645 833 669 sunt
857 640 922 667 boni
939 639 1058 674 operarii

273 691 468 726 sapientissimi
484 689 670 717 :ediﬁcatoris.
682 687 799 721 Quando
812 690 903 714 autem
932 685 990 712 hzec
1004 692 1058 712 una

272 742 348 765 costa
382 735 504 763 Ecclesia
543 734 596 761 fuit
625 732 776 760 aediﬁcata?
808 732 856 759 Est
881 730 1058 766 perspicuum

270 783 344 818 quod
367 781 479 817 quando
490 780 576 807 altera
601 783 677 805 costa
692 778 746 804 fuit
760 777 941 808 derelicta,et
969 775 1060 803 disso~

270 831 357 856 tutum
371 828 422 856 l'uit
439 827 562 854 secundo
575 825 707 860 templum
718 824 875 850 Judaicum.
903 821 982 855 Quod
997 820 1060 856 qui-

271 876 332 902 dem
353 883 416 902 cum
431 877 506 900 esset
523 876 652 906 tanquam
667 878 720 898 una
739 874 816 898 costa
834 869 928 896 Adami
943 867 1058 899 Christi,

272 920 417 948 manifeste
434 919 459 946 id
476 918 553 954 prius
564 916 740 944 describebat
751 923 852 942 nomen
865 914 947 949 primi
962 921 1063 949 paren‘

274 967 308 993 tis
322 974 329 997 ς
345 970 411 992 nam
430 964 452 991 si
464 964 498 990 ad
514 963 651 990 calculum
670 961 820 989 reducatur
832 968 932 987 nomen
952 959 1059 991 Adami,

273 1012 383 1039 conﬁcit
414 1016 562 1037 numerum
593 1008 774 1044 quadraginta
798 1012 826 1034 et
851 1014 909 1036 sex.
929 1006 1062 1041 templum

272 1058 347 1084 enim
373 1056 531 1087 Judaicum,
557 1054 631 1089 quod
660 1053 820 1081 allomanis
847 1051 896 1079 fuit
926 1051 1061 1082 dirutum,

273 1103 440 1131 aediﬁcatum
455 1101 739 1137 l’ueratquadraginta
751 1107 797 1126 sex
812 1099 902 1126 annis.

311 1150 342 1177 Et
353 1149 494 1183 mliﬁcavit
508 1148 634 1176 Dominus
647 1147 715 1174 Deus
726 1150 825 1173 costam
855 1153 935 1180 quam
965 1145 1063 1179 accepit

273 1195 322 1222 sibi
336 1195 368 1222 ab
382 1195 486 1222 Atlanta
499 1194 525 1220 in
535 1201 655 1224 uxmem,
672 1195 696 1218 et
710 1191 784 1217 duxit
799 1198 857 1216 eam
872 1190 907 1216 ad
921 1189 1062 1219 Adamum,

274 1240 403 1268 videlicet
414 1243 476 1274 post
489 1239 700 1266 suscitationem
715 1244 769 1271 qua
777 1236 898 1270 seipsum
909 1232 1062 1262 suscitavit.

275 1288 332 1314 Non
348 1287 480 1320 scriptum
498 1289 540 1312 est
557 1284 648 1311 enim:
669 1283 702 1310 Et
715 1282 837 1309 ercitavit
853 1281 978 1308 Dominus
994 1281 1063 1307 Deus

275 1333 416 1362 Adantltm.
427 1337 450 1358 et
466 1331 541 1358 duxit
559 1330 594 1357 ad
608 1330 694 1365 ipsum
707 1328 856 1355 mulierem.
870 1327 956 1354 Habet
974 1325 1065 1354 ﬁdelis

274 1377 357 1404 etiam
376 1377 409 1403 de
431 1376 515 1410 hujus
537 1376 610 1410 (post
623 1373 728 1402 Christi
751 1372 996 1405 resurrectionem)
1015 1371 1065 1399 Ec-

275 1423 366 1450 clesia:
381 1422 414 1449 ad
436 1422 526 1456 ipsum
558 1420 690 1452 adventu,
715 1419 742 1446 in
763 1418 918 1452 Evangeliis
943 1421 1064 1452 apertam

275 1467 553 1495 demonstrationem.
564 1465 679 1499 Quando
686 1464 759 1492 enim
771 1463 893 1491 surrexit
908 1471 923 1490 a
935 1463 1064 1495 mortuis,

277 1520 344 1541 tunc
357 1513 488 1549 praecepit
498 1511 640 1546 apostolis,
658 1510 770 1538 dicens:
785 1510 885 1537 Enntes
896 1510 924 1536 in
937 1509 1065 1536 mundum

276 1561 365 1587 docete
381 1567 471 1587 omnes
485 1562 584 1593 gentes,
594 1557 759 1592 baptizantea
768 1564 811 1583 eos
820 1556 848 1582 in
858 1555 963 1582 nomine
974 1554 1065 1582 Patris

277 1610 303 1632 et
321 1605 383 1633 Filii
399 1609 424 1633 et
438 1603 554 1640 Spiritus
571 1603 657 1630 sancti
670 1602 703 1628 ".
721 1601 827 1629 Euntes
838 1601 920 1637 901
942 1601 1065 1636 colligite

277 1658 355 1679 meos
367 1650 439 1678 ﬁlios
471 1650 633 1684 dispersos,
659 1648 784 1675 membra
811 1648 964 1683 dispersa;
989 1646 1066 1673 unite

278 1703 354 1724 tuens
372 1702 472 1723 carnes
486 1694 613 1727 divisas;
631 1693 792 1728 conjungite
811 1701 873 1721 mea
897 1700 960 1720 ossa
975 1692 1066 1720 disso-

277 1742 353 1774 luta;
365 1740 494 1768 adducite
509 1739 543 1767 ad
570 1746 612 1767 me
628 1742 732 1766 costam
757 1746 818 1773 quae
832 1742 875 1765 est
892 1746 907 1764 ιι
928 1746 970 1765 me
989 1745 1067 1772 sepa-

275 1791 357 1820 rata;
383 1790 479 1814 vocate
509 1785 544 1812 ad
574 1792 617 1813 me
647 1791 761 1812 uxorem
790 1791 879 1812 meam
898 1804 905 1817 ,
938 1791 999 1819 qua».
1020 1782 1068 1811 ab-

278 1833 361 1861 ducta
383 1837 427 1861 est
442 1833 565 1868 captiva;
591 1831 724 1859 aediﬁcato
749 1838 809 1858 eam
823 1838 919 1858 rursus
937 1830 965 1857 in
979 1837 1067 1858 meam

279 1880 426 1915 coniugem
446 1878 609 1906 Ecclesium.
637 1878 802 1914 Conjungite
823 1877 904 1907 mihi.
938 1877 986 1912 qui
1005 1884 1066 1904 sum

279 1925 350 1962 lapis
364 1926 466 1952 cuius
477 1932 510 1952 ea:
527 1928 616 1952 monte
642 1928 739 1952 sancto
754 1925 811 1951 sine
826 1923 945 1950 manibus
957 1922 991 1955 ⁷⁷,
1008 1922 1069 1949 illos

281 1972 386 2008 lapides
402 1972 436 1999 de
449 1971 555 2006 quibus
575 1971 644 1998 dicit
658 1970 742 1998 Isaias
759 1979 765 1996 :
782 1969 875 1997 Sancti
891 1968 998 2003 lapides
1011 1968 1070 1995 vol-

280 2023 383 2045 vuntur
409 2024 494 2052 super
520 2022 641 2044 terram:
665 2024 715 2052 per
745 2023 816 2051 quos
844 2015 978 2042 aediﬁcata
993 2019 1068 2042 costa

281 2063 385 2092 Christi
409 2063 550 2095 Ecclesiae,
569 2066 597 2090 et
613 2062 770 2098 conjunctis
787 2060 920 2088 membris
944 2060 1070 2095 cognatis

282 2109 373 2137 carnis
399 2116 467 2142 suae,
494 2112 523 2136 et
550 2108 656 2135 coactis
675 2115 708 2135 ac
732 2106 892 2134 constrictis
918 2104 998 2131 nobis
1021 2103 1069 2136 qui

284 2163 382 2183 sumus
393 2155 453 2190 ejus
470 2162 533 2181 ossa
545 2154 660 2189 (unione
672 2154 706 2180 ad
725 2154 815 2188 ipsum
837 2155 865 2179 et
885 2149 1071 2179 eoalescentia

284 2201 371 2237 ﬁdei),
390 2201 490 2229 videns
506 2200 576 2228 adeo
586 2200 703 2235 pulchre
723 2207 738 2227 a
754 2200 810 2226 Deo
820 2197 983 2226 aediﬁcatam
1004 2204 1072 2224 con-

282 2247 455 2283 corporalem
469 2251 497 2274 et
507 2247 653 2281 conjugem
676 2252 754 2273 suam
780 2248 885 2272 costam
908 2243 1070 2274 Eeclesiam,

1111 332 1171 352 tuus
1193 325 1286 352 dicere
1313 324 1347 351 de
1373 331 1539 358 unoquoque
1560 332 1675 352 eorum:
1702 325 1756 352 "ac
1784 333 1860 352 nunc
1875 334 1910 352 ω

1110 370 1211 398 ossibus
1225 371 1299 401 meis,
1319 373 1344 396 et
1360 377 1422 396 caro
1437 377 1468 396 ex
1489 377 1570 396 carne
1586 370 1787 403 mea..Quando
1808 375 1908 398 autem

1112 424 1145 445 ex
1162 424 1244 444 causa
1273 416 1363 451 aliqua
1379 415 1460 442 luerit
1487 415 1589 444 ablatio
1608 421 1636 443 et
1652 416 1754 443 divisio
1780 417 1909 452 alicujus

1113 462 1230 490 membri
1251 470 1266 489 a
1288 469 1413 496 corpore,
1431 468 1486 488 non
1505 461 1589 488 habet
1613 462 1731 496 amplius
1745 462 1840 493 locum
1865 462 1910 489 di-

1111 515 1191 534 cere:
1205 507 1259 534 lloc
1270 514 1340 534 nunc
1358 514 1385 533 ot
1401 514 1432 533 ea:
1445 506 1545 532 ossibus
1559 507 1632 538 meis,
1647 511 1670 533 et
1688 515 1751 533 caro
1773 515 1805 534 ea:
1823 515 1910 534 curua

1112 560 1188 579 mea:
1206 553 1252 579 sed
1274 552 1326 580 hoc
1341 552 1392 579 fuit
1414 551 1564 586 aliquando
1578 560 1606 579 os
1617 560 1649 578 ex
1669 553 1768 579 auibus
1785 553 1864 583 meis.
1880 558 1911 579 ct

1112 606 1176 626 caro
1193 606 1226 625 ex
1241 605 1357 633 corpore
1372 606 1444 625 meo.
1459 599 1537 625 Nunc
1554 603 1646 625 autem
1657 606 1712 626 non
1729 603 1771 625 est
1781 599 1910 633 amplius

1111 653 1142 672 os
1153 652 1244 672 meum
1259 641 1430 679 nequecaro
1442 652 1515 677 mea,
1530 644 1579 672 sed
1597 645 1706 672 diversa
1729 649 1782 677 est,
1800 645 1908 676 ablata.

1111 691 1214 723 excisa,
1239 691 1395 718 abalienata
1416 695 1459 718 est
1484 690 1519 718 ab
1543 690 1654 718 ossibus
1673 691 1742 718 meis
1765 695 1793 718 et
1818 698 1910 718 carne

1112 742 1181 762 mea.

1149 781 1199 808 llic
1214 784 1307 808 autem
1318 781 1346 808 in
1358 781 1575 809 hacadmirabili
1590 780 1727 816 stupenda
1741 786 1819 808 costa
1833 771 1912 809 Ada—

1113 827 1150 854 mi
1167 827 1215 861 qui
1233 827 1347 859 dicitur,
1362 834 1378 854 e
1395 827 1535 854 contrario
1545 834 1590 855 res
1604 827 1747 855 dicuntur.
1758 827 1827 855 Nam
1842 832 1910 854 ante

1113 871 1279 898 ablutionem
1291 876 1319 898 et
1335 871 1500 899 divisionem
1523 875 1607 899 costae
1620 879 1681 906 quae
1696 877 1806 907 sumpta
1820 877 1866 899 est
1881 877 1909 899 et

1114 925 1224 952 egressa
1240 926 1273 946 ex
1289 925 1406 953 corpore
1419 919 1490 954 ejus,
1507 925 1563 945 non
1581 917 1703 945 diximus
1729 919 1818 953 ipsam
1831 926 1862 945 σε
1877 925 1909 944 ex

1115 965 1213 992 ossibus
1230 965 1300 1001 ejus,
1318 972 1408 1000 neque
1423 971 1534 992 carnem
1549 972 1584 991 ex
1598 971 1683 995 carne
1699 965 1772 999 ejus.
1788 963 1909 998 Quando

1114 1016 1205 1038 autem
1221 1016 1330 1046 sumpta
1341 1016 1383 1040 est
1397 1015 1426 1038 et
1441 1015 1505 1039 nata
1520 1019 1553 1038 ex
1568 1018 1684 1046 corpore
1698 1012 1771 1046 ejus,
1787 1015 1818 1038 et
1836 1011 1910 1038 facta

1114 1063 1156 1086 est
1173 1064 1299 1094 tanquam
1316 1066 1417 1093 corpus
1431 1058 1502 1093 ejus,
1519 1057 1553 1085 ad
1570 1058 1660 1092 ipsum
1672 1061 1715 1084 est
1728 1057 1865 1088 adducta,
1883 1062 1911 1084 et

1116 1109 1181 1131 tunc
1193 1105 1259 1131 dicit
1276 1114 1282 1130 :
1297 1104 1352 1131 Hoc
1367 1112 1435 1130 nunc
1447 1111 1475 1130 os
1493 1111 1525 1130 ex
1541 1103 1642 1130 ossibus
1658 1103 1731 1134 meis,
1749 1107 1774 1129 el
1794 1111 1862 1129 caro
1880 1111 1912 1128 ea

1115 1158 1194 1177 carne
1213 1158 1281 1182 mea,
1297 1150 1402 1177 scilicet
1419 1149 1542 1185 ejusdem
1553 1149 1672 1184 generis.
1687 1148 1764 1175 Unde
1775 1156 1829 1182 per
1842 1149 1910 1181 hoc,

1115 1196 1187 1230 quod
1205 1195 1272 1222 dicit
1299 1200 1327 1222 et
1341 1195 1417 1222 addit
1448 1195 1527 1226 illud,
1555 1194 1638 1225 Nunc,
1669 1194 1793 1220 ostendit
1813 1194 1913 1223 nobis.

1115 1242 1187 1277 quod
1203 1242 1279 1277 prius
1295 1250 1349 1269 non
1365 1245 1424 1270 erat
1451 1242 1509 1268 hzec
1525 1246 1601 1268 costa
1618 1240 1786 1270 Judaaorum,
1817 1246 1914 1274 neque

1115 1295 1147 1314 os
1163 1296 1196 1314 ex
1211 1287 1320 1314 ossibus
1339 1287 1408 1322 ejus,
1428 1294 1517 1321 neque
1530 1294 1594 1313 caro
1605 1294 1637 1313 ex
1655 1293 1735 1312 carne
1748 1285 1823 1318 ejus,
1836 1286 1912 1315 veri.

1117 1333 1239 1367 inquam,
1252 1332 1359 1359 Adami.
1377 1332 1410 1359 Et
1427 1332 1450 1358 si
1462 1331 1576 1359 dixisset
1589 1330 1701 1366 quidem
1718 1339 1724 1356 :
1745 1330 1801 1357 lloc
1823 1339 1854 1357 οε
1871 1338 1914 1357 ex

1116 1379 1214 1406 ossibus
1239 1379 1313 1410 meis,
1331 1378 1422 1404 locum
1446 1377 1561 1404 haberet
1594 1376 1706 1403 .ludteus
1734 1375 1913 1411 intelligendi

1116 1424 1150 1452 ad
1165 1425 1284 1451 litteram
1312 1423 1338 1450 id
1365 1422 1439 1458 quod
1454 1422 1567 1449 dicitur.
1596 1421 1698 1449 Addilo
1729 1426 1825 1448 autem
1853 1422 1912 1451 illo.

1116 1469 1202 1501 Nunc.
1216 1473 1311 1505 aperte
1326 1468 1407 1495 nobis
1420 1467 1541 1495 ostendit
1552 1467 1638 1502 quod,
1655 1475 1689 1494 ex
1710 1474 1766 1501 quo
1792 1467 1914 1495 excessit

1117 1516 1256 1543 secundus
1282 1514 1379 1546 Adam,
1406 1514 1524 1549 pulchro
1553 1518 1582 1541 et
1597 1514 1678 1541 beato
1693 1517 1722 1540 et
1741 1513 1911 1540 immutabili

1117 1569 1244 1593 excessu,
1257 1565 1284 1588 et
1295 1560 1408 1589 dormiit
1418 1559 1479 1595 (nos
1489 1567 1586 1587 omnes
1595 1559 1792 1593 viviﬁcantem)
1807 1558 1913 1586 triduu—

1079 1614 1100 1642 (ζ
1116 1613 1180 1633 nam
1193 1612 1271 1632 suam
1289 1609 1418 1636 mortem,
1433 1608 1461 1632 et
1478 1604 1586 1639 peperit
1600 1603 1744 1638 pulchram
1762 1610 1842 1630 suam
1859 1602 1911 1630 Ec-

1118 1651 1241 1684 clesiam,
1258 1655 1362 1679 costam
1382 1650 1620 1685 concorporaletn,
1636 1654 1665 1677 et
1687 1648 1837 1676 aediﬁcavit
1847 1656 1911 1676 eam

1118 1697 1146 1724 in
1162 1705 1239 1724 suam
1251 1704 1376 1729 uxorem,
1398 1701 1426 1724 et
1444 1696 1560 1725 adduxit
1584 1703 1644 1724 eam
1661 1695 1735 1722 Deus
1758 1694 1795 1722 ab
1816 1701 1912 1721 errore

1118 1751 1281 1772 conversam
1307 1743 1342 1770 ad
1363 1743 1517 1776 Christum,
1533 1742 1623 1769 donec
1646 1741 1706 1768 haec
1731 1739 1826 1768 omnia
1841 1739 1912 1768 facta

1119 1795 1194 1823 sunt,
1216 1788 1339 1817 nondum
1357 1793 1417 1817 erat
1439 1797 1467 1816 ot
1487 1797 1518 1816 ea:
1539 1788 1639 1815 auibus
1653 1788 1725 1823 ejus,
1745 1790 1770 1813 et
1796 1794 1861 1813 cura
1881 1793 1912 1812 ea

1119 1843 1198 1863 carne
1215 1836 1285 1871 ejus.
1301 1835 1370 1862 Illud
1391 1842 1474 1870 ergo,
1494 1834 1581 1866 Nunc.
1603 1834 1706 1861 dicitur
1731 1836 1848 1867 propter
1863 1831 1909 1858 ad-

1118 1887 1243 1914 ventum,
1258 1881 1370 1917 quando
1388 1889 1451 1908 cum
1470 1885 1543 1908 esset
1556 1888 1642 1915 prope
1660 1879 1810 1910 Adamum,
1828 1878 1855 1904 ei
1868 1879 1910 1904 est

1119 1928 1324 1963 propinquitate
1345 1927 1503 1961 conjuncta,
1520 1930 1548 1954 et
1570 1926 1658 1958 unita,
1673 1929 1701 1952 et
1717 1924 1866 1958 desponsa,
1885 1927 1912 1950 et

1119 1973 1258 2008 copulata.
1275 1973 1309 2000 Et
1327 1972 1389 2005 ideo
1402 1972 1437 2000 ab
1452 1971 1511 2006 ipso
1527 1980 1535 1998 ;
1555 1971 1610 1998 Hoc
1628 1979 1698 1998 nunc
1714 1976 1742 1996 os
1768 1970 1802 1996 de
1813 1969 1911 1996 ossibus

1120 2019 1195 2050 meis,
1208 2023 1232 2045 et
1245 2027 1307 2045 cura
1328 2018 1358 2044 de
1371 2026 1451 2045 carne
1467 2025 1525 2044 mea
1538 2025 1548 2044 :
1563 2024 1634 2048 mea.
1655 2017 1778 2050 inquam,
1797 2014 1910 2045 Christi.

1120 2071 1153 2091 ex
1169 2071 1224 2098 quo
1236 2063 1320 2090 etiam
1332 2067 1397 2089 nata
1406 2066 1458 2089 est.
1472 2061 1506 2088 Et
1522 2060 1585 2088 ideo
1608 2059 1685 2087 audit
1698 2059 1794 2091 etiam,
1819 2057 1861 2085 Ad
1874 2066 1912 2084 ω-

1121 2117 1180 2135 rum
1199 2113 1272 2135 tuum
1291 2108 1424 2134 conversio
1437 2112 1493 2139 tua,
1508 2111 1533 2133 et
1545 2107 1600 2139 ipse
1626 2110 1756 2140 tanquam
1781 2104 1913 2133 Dominus

1121 2155 1244 2181 omnium
1267 2153 1457 2180 dominabitur.
1484 2151 1537 2179 Sed
1554 2151 1581 2178 in
1600 2158 1647 2178 sex
1669 2150 1782 2185 quidem
1806 2149 1912 2176 dierum

1122 2201 1272 2232 creatione,
1285 2199 1413 2226 ultimum
1439 2201 1515 2225 creat
1530 2201 1558 2224 et
1576 2197 1653 2232 lingit
1669 2196 1829 2227 hominem;
1846 2195 1872 2222 in
1883 2202 1913 2221 ea

1123 2250 1215 2273 autem
1235 2253 1296 2280 qua:
1326 2245 1378 2272 fuit
1406 2248 1510 2279 postea,
1529 2250 1593 2270 eum
1616 2242 1737 2277 primum
1753 2241 1871 2272 inducit,
1888 2244 1913 2267 et

282 2293 394 2328 quando
405 2300 466 2320 eam
484 2292 518 2320 ad
535 2300 565 2319 se
584 2292 664 2319 duxit
686 2291 760 2318 Deus
775 2295 804 2318 et
823 2290 915 2322 Pater,
941 2288 1011 2316 dixit
1027 2297 1071 2316 se-
1090 2286 1112 2314 Ι)
1126 2291 1226 2319 deinde
1240 2298 1283 2318 res
1299 2298 1360 2325 qua:
1374 2289 1504 2316 Ecclesia:
1520 2287 1645 2315 referunt
1661 2286 1820 2321 imaginem.
1849 2285 1912 2312 Nam

285 2339 395 2367 cundus
410 2338 497 2366 Adam
512 2343 575 2373 post
591 2339 650 2373 ejus
667 2345 682 2364 a
705 2336 823 2364 mortuis
842 2336 1050 2363 suscitationem
1064 2345 1070 2364 :

283 2384 340 2413 Hoc
353 2393 423 2412 nunc
436 2393 466 2412 οε
473 2393 505 2411 ea:
522 2384 621 2411 auibus
636 2385 710 2416 meis,
738 2387 763 2410 et
783 2391 845 2410 caro
868 2391 898 2410 ea:
911 2391 990 2410 carne
1003 2391 1071 2410 mea.

283 2431 318 2458 Ei
329 2438 397 2465 ergo
418 2430 465 2465 qui
482 2431 517 2458 ad
535 2430 656 2458 litteram
681 2430 770 2457 solum
794 2429 884 2457 nudas
898 2430 1017 2457 attendit
1032 2430 1075 2457 di-

285 2476 394 2504 ctiones
404 2484 467 2511 quae
486 2476 569 2503 dictae
584 2481 659 2508 sunt,
673 2475 753 2504 valde
765 2475 952 2511 discrepantia
969 2480 997 2504 et
1009 2484 1076 2503 con—

281 2521 368 2548 traria
389 2525 454 2548 sunt
483 2521 572 2549 verba
592 2521 686 2549 rebus.
716 2522 785 2549 Nam
811 2521 935 2556 quandiu
962 2520 1073 2556 quidem

321 2622 423 2658 ’stce
441 2631 471 2658 ιι,
491 2623 518 2650 ‘2.

288 2664 316 2691 v,
333 2657 381 2684 50.

557 2622 684 2650 ".‘tiaéth.
708 2631 763 2653 xvn,
795 2622 834 2649 l8.
870 2620 1009 2656 i'JEphes.
1034 2628 1062 2652 ll,

1127 2338 1246 2373 primum
1275 2336 1388 2371 quidem
1417 2342 1530 2364 carnem
1559 2333 1684 2368 suscepit
1713 2332 1862 2364 Christus,
1887 2335 1912 2358 et

1125 2383 1227 2410 deinde
1244 2383 1316 2410 facta
1337 2387 1380 2409 est
1398 2381 1530 2414 Ecclesia,
1548 2381 1575 2408 in
1587 2388 1641 2415 qua
1660 2379 1756 2407 bestia
1787 2378 1912 2414 ingressa

1126 2433 1193 2457 sunt
1206 2429 1319 2457 ultimae.
1335 2428 1389 2463 Ipsi
1403 2427 1516 2456 Christo
1531 2427 1580 2462 qui
1598 2425 1766 2458 introduxit,
1778 2425 1817 2452 sit
1832 2425 1913 2461 gloria

1126 2476 1154 2502 in
1173 2475 1271 2502 secula
1285 2474 1459 2502 saeculorum.
1479 2474 1566 2503 Amen

1167 2620 1189 2634 "
1209 2619 1304 2646 Matth.
1326 2627 1418 2651 xxvm,
1437 2618 1481 2646 19.
1522 2618 1543 2633 ⁷⁷
1558 2618 1626 2645 Dan.
1643 2625 1672 2647 η,
1688 2617 1732 2643 Μ.

1772 2616 1797 2632 Si
