1980 3278
62 229 125 262 1005

613 227 655 259 ΙΝ
675 229 950 259 ῘΙΕΧΑΕΜΕΒΟΝ.
966 242 1001 246 -
1014 230 1085 259 LIB.
1103 230 1141 261 Χ.

1620 231 1688 268 lam

627 401 803 445 LIBER
844 394 1125 446 DECIMUS.

552 499 592 519 DE
617 498 768 519 IIL‘LIERIS
789 497 966 520 CREATXONE
988 499 1028 520 ετ
1047 499 1198 521 ΡΕΕΕΑΤΟ.

98 630 158 665 Ipsa
176 628 315 656 vocabitur
330 627 434 658 mulier,
444 628 570 662 quoniam
584 632 690 662 sumpta
702 632 739 653 est
754 627 850 653 θεοινὶνο
869 629 888 656 Α
904 635 972 657 mea,
990 627 1115 661 quoniam
1143 627 1307 661 ampliﬁcata
1330 632 1366 654 est
1386 627 1524 662 {arnimtio
1542 633 1588 654 tua
1612 637 1690 665 super

63 684 114 703 suo.
136 675 170 702 Et
187 683 238 701 cur
255 673 348 701 statim
376 672 486 700 mulier.
512 678 540 700 et
568 678 622 700 non
649 671 734 707 magis
747 679 847 699 conve-

62 722 164 749 nienter
179 719 270 747 ordini
290 718 453 745 incrementi
479 725 637 752 corporum,
655 718 772 752 primum
805 717 847 744 in-

62 767 126 796 fans,
141 765 243 793 deinde
258 764 360 799 puella,
376 763 477 790 deinde
499 763 715 793 adolescentulo,
742 767 769 791 ct
782 767 849 789 tunc

61 813 167 844 mulier,
180 812 228 840 sed
240 806 332 838 statim
347 809 499 845 perfectam
516 814 597 836 vocat
612 809 768 838 mulierem,
797 809 849 835 hoc

60 863 108 890 est,
128 865 187 885 rem
218 855 379 892 perfectam,
408 858 574 885 matronam,
601 851 847 883 matremfamilias,

59 908 185 932 matrem.
213 902 352 929 nutricem
379 905 407 927 et
433 900 607 935 genitricem,
625 904 654 927 et
680 899 781 926 multos
800 898 850 925 ha-

59 951 167 978 bentem
191 948 281 976 ﬁlios?
305 946 489 980 Quamobrem
515 946 582 974 dicit
609 953 615 973 :
636 945 698 981 ιρδα
715 945 850 973 vocabitur

58 995 174 1022 mulier?
190 994 274 1028 Atqui
288 993 343 1028 jam
362 992 432 1019 dixit
443 999 504 1019 eam
519 999 534 1018 a
557 991 614 1018 Deo
637 990 801 1018 aedificatam
820 989 848 1016 in

58 1042 212 1072 mulierem,
238 1045 266 1067 et
281 1038 382 1066 deinde
396 1037 542 1065 adductam
572 1036 605 1065 ad
631 1036 776 1064 Adamnm.
794 1035 848 1063 Sed

61 1092 89 1114 ut
102 1083 263 1113 ostenderet
289 1082 362 1118 quod
375 1083 434 1109 h:ec
450 1082 610 1109 referuntur
633 1081 666 1108 ad
686 1080 849 1110 Ecclesium,

59 1139 117 1166 quae
130 1130 159 1157 in
176 1127 283 1156 ultimis
295 1127 402 1154 saeculis
414 1126 468 1154 fuit
480 1126 616 1160 desponsa
632 1124 754 1155 Christo,
770 1131 802 1151 ea
816 1123 850 1150 de

58 1183 137 1204 causa
152 1176 180 1202 in
192 1174 278 1202 verbo
292 1173 386 1200 futuro
395 1171 482 1207 ponit.
495 1172 590 1199 dicens
606 1179 611 1196 :
627 1170 689 1205 Ipsa
702 1169 851 1204 aliquando

57 1221 192 1250 vocabitur
211 1219 318 1250 mulier,
341 1218 466 1253 quoniam
480 1218 538 1252 ipsa
556 1221 661 1252 sumptu
684 1221 721 1242 est
743 1223 779 1242 ex
795 1216 851 1242 viro

57 1276 112 1295 sua.
128 1266 216 1301 ‘Atqui
232 1265 305 1300 quod
322 1272 355 1292 ex
371 1264 432 1291 viro
445 1263 565 1291 sumitur
583 1267 632 1290 aut
646 1262 779 1292 nascitur,
795 1255 850 1289 no‘n

900 671 1043 700 Sodomam
1053 681 1172 699 sororem
1185 677 1261 700 tuum
1277 673 1309 700 *°.
1326 673 1358 700 Et
1384 674 1459 701 mille
1474 675 1525 702 alia
1542 675 1688 709 ejusmodi,

901 722 1029 752 tanquam
1048 718 1180 745 adultera:
1192 719 1315 746 cernitur
1337 720 1407 747 Dens
1424 721 1517 748 dicere
1541 722 1690 757 Synagogze

899 764 925 790 in
952 764 1021 798 lege.
1037 763 1115 796 Quod
1133 764 1154 791 si
1177 764 1289 792 Iudaeus
1305 773 1337 792 ea
1365 774 1425 800 qua:
1448 775 1462 794 a
1478 775 1521 795 me
1547 767 1689 799 dicuntur.

900 808 1051 835 toleranter
1061 809 1138 835 audit
1148 813 1176 837 et
1189 809 1294 844 patitur
1310 820 1316 836 π
1334 811 1452 838 ostendo
1471 812 1496 839 ei
1510 813 1585 847 quod
1607 814 1689 840 etiam

898 854 959 889 ejus
972 861 1039 880 uxor
1051 853 1193 889 Synagoga
1206 863 1239 882 ex
1249 863 1332 883 carne
1344 862 1503 893 est'creata,
1518 859 1591 886 sicut
1605 860 1690 887 etiam

900 898 1034 929 Ecclesia,
1051 902 1152 933 utqua:
1163 899 1198 926 sit
1211 905 1271 927 orta
1288 908 1321 927 ex
1337 901 1552 932 circumcisione
1562 906 1690 940 prteputii

899 944 1016 972 Abrahzc
1027 945 1107 980 primi
1122 946 1412 980 parcntisJudu'orum
1431 957 1436 974 :
1455 950 1595 983 quomodo
1610 951 1692 977 lli-ri-

900 989 935 1016 sti
960 989 1084 1017 Ecclesia
1115 997 1149 1017 ex
1172 998 1255 1018 carne
1287 996 1371 1019 costa:
1403 992 1511 1020 Adami.
1548 994 1600 1021 Sed
1628 1002 1692 1021 caro

901 1035 946 1063 illa
977 1036 1166 1071 (prmpntium,
1200 1037 1322 1071 inquam,
1351 1037 1479 1070 Abrahae)
1505 1038 1611 1073 objecta
1639 1040 1692 1067 fuit

899 1090 962 1109 cum
973 1082 1090 1118 primum
1105 1087 1148 1110 est
1164 1083 1339 1113 circumcisa.
1354 1088 1383 1110 ct
1397 1083 1473 1110 humi
1492 1084 1545 1111 fuit
1576 1086 1691 1114 concul-

900 1132 961 1154 cata
985 1135 991 1153 :
1011 1127 1164 1161 praedicens
1189 1128 1353 1163 cjectionem
1381 1128 1556 1157 Abrahamici
1582 1132 1692 1166 generis

901 1171 1055 1198 lsraelitici.
1069 1171 1140 1199 Caro
1150 1176 1243 1200 autem
1260 1178 1343 1200 costae
1356 1181 1370 1199 a
1395 1173 1450 1200 Deo
1465 1173 1611 1204 honorata.
1633 1178 1692 1202 tan—

901 1225 983 1252 quam
1011 1216 1077 1247 vita.
1098 1217 1216 1245 nonfuit
1238 1218 1342 1253 ejecta;
1367 1217 1414 1244 sed
1432 1218 1524 1245 statim
1546 1227 1628 1246 manu
1644 1220 1690 1246 Dei

900 1262 953 1290 fuit
967 1262 1102 1291 aediﬁcata
1128 1263 1154 1290 in
1173 1264 1317 1291 mulierem
1341 1264 1503 1299 perfectam.
1522 1273 1620 1300 netnpc
1643 1266 1692 1293 Dei

57 1313 158 1341 dicitur
172 1299 227 1339 siri
241 1299 341 1338 mulier
354 1314 403 1338 aut
411 1317 492 1341 uxor,
507 1309 554 1337 sed
572 1308 636 1340 ﬁlia,
651 1311 783 1338 autnata,
802 1311 850 1334 aut
866 1299 887 1328 Β
901 1309 1064 1337 Ecclesiam.
1093 1309 1277 1342 Quamobrem
1299 1309 1371 1336 sicut
1397 1317 1460 1337 caro
1475 1311 1520 1338 illa
1554 1316 1581 1339 et
1598 1319 1691 1339 semen

58 1361 139 1393 ﬁlius,
152 1363 201 1387 aut
224 1358 298 1386 fetus
313 1367 319 1385 :
332 1356 471 1392 quomodo
484 1356 567 1383 etiam
592 1355 618 1382 in
641 1354 806 1382 animalibus
823 1358 850 1380 ct

56 1406 216 1434 volucribus
234 1409 262 1432 et
278 1403 384 1436 bestiis,
399 1402 489 1430 omnis
503 1409 568 1429 caro
578 1409 638 1436 qua:
646 1409 679 1428 ex
693 1407 851 1435 carne-pro-

57 1452 130 1480 cedit
160 1450 302 1486 (videlicet
327 1448 481 1477 Substantia
495 1455 528 1475 ex
548 1447 704 1474 substantia
726 1447 849 1482 ejusdem

57 1497 140 1524 simul
161 1495 302 1528 essentne)
317 1495 390 1522 fctus
414 1493 518 1521 dicitur
534 1498 562 1521 et
579 1493 669 1526 ﬁlius;
688 1493 738 1534 hic.
759 1497 850 1521 autem

56 1551 110 1570 non
124 1542 244 1569 dicitita
273 1540 307 1567 de
322 1547 405 1568 carne
423 1544 506 1568 costae
530 1547 592 1574 quae
621 1544 740 1574 sumptae
762 1542 850 1566 estex

55 1589 116 1615 viro
125 1588 199 1622 ejus.
213 1586 285 1614 Ecce
298 1585 351 1613 alia
366 1592 463 1613 rursus
475 1584 623 1612 dubitatio.
635 1584 761 1611 Nondum
775 1584 849 1611 enim

55 1637 115 1660 erat
129 1633 172 1660 vir
184 1632 246 1667 ejus
264 1631 361 1662 Adam,
379 1630 502 1658 nondum
518 1629 608 1657 fuerat
631 1630 721 1657 coitus
742 1634 789 1656 aut
805 1637 851 1656 co-

55 1679 119 1713 pula
138 1681 188 1705 :et
208 1676 349 1712 quomodo
378 1676 448 1704 dicit
471 1676 545 1711 quod
561 1684 594 1703 ea
620 1681 728 1711 sumpta
751 1676 788 1703 sit
817 1684 850 1703 ex

54 1726 115 1753 viro
124 1732 178 1752 suo
186 1724 200 1751 ?
209 1724 257 1751 Est
267 1731 334 1758 ergo
342 1722 472 1750 omnibus
485 1722 576 1750 modis
588 1722 765 1757 perspicuum
776 1722 849 1757 quod

54 1771 87 1798 ad
102 1770 250 1798 Christum
262 1768 366 1804 potius,
379 1772 407 1795 et
422 1768 457 1795 ah
472 1768 532 1803 ipso
543 1768 664 1803 genitam
679 1772 708 1795 et
737 1767 763 1796 ei
787 1767 850 1795 uni-

54 1821 109 1854 tatn
123 1815 281 1844 Ecclesiam
293 1814 350 1842 hac
362 1813 522 1841 referuntur
532 1818 560 1840 et
579 1813 776 1848 praadicuntur.
804 1814 851 1841 Et-
867 1850 870 1853 ί

53 1863 129 1890 enim
143 1861 223 1889 solus
236 1860 365 1888 Christus
384 1863 426 1887 est
440 1863 469 1886 et
481 1859 601 1894 genitor,
614 1863 645 1887 et
655 1859 698 1887 vir
714 1867 770 1888 sua:
783 1867 851 1887 uxo-

54 1908 92 1935 ris
116 1911 146 1934 et.
162 1913 275 1941 sponsa:
300 1905 440 1932 Ecclesia.
456 1904 586 1931 Nounulli
603 1907 694 1932 autem
710 1913 743 1932 ex
773 1912 849 1932 com-

53 1951 274 1982 mentatoribus,
292 1951 348 1997 haec
364 1957 474 1985 quoque
487 1951 527 1997 sic
542 1949 594 1977 visi
608 1953 673 1978 sunt
694 1950 790 1978 audire
814 1951 848 1978 de
863 1969 885 1997 ε

53 1998 192 2025 Ecclesia.
217 1997 296 2028 Erat,
323 1996 463 2031 inquiunt,
479 1996 557 2031 prius
579 1997 656 2023 unita
671 1997 727 2024 Deo
740 1997 851 2032 quando

53 2043 126 2071 facta
158 2047 203 2070 est
226 2043 375 2069 hominum
397 2047 506 2069 natura.
531 2042 636 2070 Deinde
653 2049 687 2069 cx
707 2043 768 2069 viro
793 2043 853 2078 ejus

53 2094 169 2125 sumpta
185 2094 229 2116 est
248 2088 317 2123 ipsa,
333 2095 382 2115 seu
395 2088 531 2115 abstracta
545 2092 573 2115 et
587 2088 682 2115 evulsa
694 2097 701 2120 ;
718 2096 732 2115 a
743 2088 852 2116 diabolo

52 2136 128 2163 enim
144 2135 240 2162 fuerat
264 2134 382 2161 adducta
404 2134 434 2161 in
464 2134 652 2169 captivitatem
681 2134 851 2162 idololatriae.

87 2181 214 2215 Quando
226 2188 294 2215 ergo
310 2187 370 2206 eam
389 2187 551 2208 conversam
577 2180 692 2207 deduxit
705 2181 777 2207 Deus
794 2180 851 2215 (qui

52 2226 148 2254 fuerat
158 2225 315 2260 aliquando
327 2225 370 2252 vir
387 2225 457 2260 ejus)
472 2225 507 2252 ad
537 2225 659 2260 seipsum
676 2225 851 2260 (secundum,

53 2274 185 2308 inquam,
201 2271 362 2305 Adamnm),
373 2271 443 2298 dixit
458 2281 464 2298 :
476 2271 531 2299 Hoc
544 2279 613 2298 nunc
624 2276 684 2306 post
693 2272 852 2299 eonversio~

52 2327 118 2346 nem
137 2327 169 2346 os
181 2327 214 2344 ea:
233 2318 334 2345 ossibus
348 2318 422 2349 meis,
439 2322 463 2344 et
475 2326 538 2344 caro
562 2325 594 2344 ea:
608 2326 687 2345 carne
701 2326 778 2350 mea;
795 2319 853 2354 ipsa

51 2365 196 2392 vocabitur
223 2363 322 2390 mulier
350 2371 399 2390 seu
424 2371 494 2390 uxor
517 2371 588 2396 mea,
601 2364 648 2398 qui
669 2372 728 2391 sum
747 2365 854 2399 primus

46 2403 113 2445 ejus
131 2417 238 2445 parens
257 2415 286 2436 et
310 2410 410 2444 oonjux
435 2409 571 2436 Christus.
595 2409 730 2443 Quoniam
746 2407 788 2436 'ex
811 2418 854 2437 me

52 2456 171 2483 Christo
185 2456 234 2490 qui
251 2463 312 2482 sum
327 2455 439 2490 vircjns
465 2460 573 2490 sumpta
588 2461 640 2488 est,
666 2457 739 2483 furto
755 2457 854 2484 subre-

54 2507 113 2536 pta,
139 2507 171 2530 et
189 2508 265 2528 nunc
288 2501 447 2532 revertitur,
473 2501 530 2528 fuit
548 2501 623 2528 enim
646 2502 698 2529 sub
720 2502 773 2529 alio
793 2502 854 2529 viro

55 2549 173 2583 (nempe
188 2546 313 2579 diabolo)
339 2551 368 2574 et
383 2546 518 2574 adultera.
540 2547 568 2574 Si
584 2552 676 2574 autem
690 2548 854 2575 contradicit

51 2593 182 2625 Judaeus,
199 2593 305 2620 debent
317 2592 405 2620 nostri
419 2593 472 2620 hoc
488 2593 570 2624 scire,
583 2593 727 2620 audientes
740 2593 854 2620 omnino

901 1355 1131 1387 circumcisionis,
1145 1356 1214 1383 duas
1225 1356 1425 1391 appellationes
1440 1356 1538 1383 habuit
1553 1364 1601 1391 per
1635 1366 1694 1384 mu-

901 1400 996 1428 lierem
1016 1400 1132 1436 (Saram,
1153 1399 1277 1436 inquam,
1293 1401 1535 1436 primum,dcinde
1550 1403 1692 1439 Sarram);

902 1446 939 1474 ita
954 1447 1036 1474 etiam
1064 1447 1113 1475 Dei
1133 1446 1255 1475 Ecclesia
1283 1447 1339 1475 Eva
1363 1447 1419 1475 duo
1434 1448 1539 1483 accepit
1553 1450 1666 1477 nomina
1683 1458 1693 1478 :

901 1491 1052 1519 secundum
1072 1497 1164 1519 autem
1192 1492 1279 1527 priori
1300 1500 1383 1528 supra
1409 1493 1521 1520 modum
1547 1494 1646 1522 melius
1665 1500 1692 1522 et

901 1537 1089 1565 excellentius.
1115 1538 1207 1565 Primo
1226 1538 1301 1566 enim
1328 1539 1468 1566 nominata
1495 1538 1548 1566 fuit
1579 1540 1691 1571 mulier,

901 1585 997 1616 postea
1036 1582 1092 1610 vita
1122 1591 1128 1608 :
1158 1590 1240 1617 quam
1268 1582 1352 1609 etiam
1391 1590 1440 1618 per
1472 1588 1566 1618 typum
1598 1584 1693 1619 expri-

901 1635 980 1656 mens
1006 1636 1075 1656 uxor
1103 1628 1236 1662 Abrahre,
1265 1633 1362 1657 vocata
1392 1634 1434 1657 est
1464 1631 1584 1666 primum
1607 1631 1692 1664 Sara.

901 1674 954 1702 hoc
969 1679 1011 1703 est
1039 1674 1094 1702 dux
1111 1680 1139 1703 et
1164 1676 1310 1711 princeps;
1341 1676 1440 1705 deinde
1468 1677 1559 1709 Sarra,
1587 1677 1614 1705 id
1639 1683 1692 1710 est,

902 1720 1048 1748 abundans
1064 1721 1169 1749 liberis.
1192 1721 1342 1757 Imperavit
1357 1723 1431 1750 enim
1450 1723 1580 1751 omnibus
1597 1723 1694 1751 Eccle-

902 1765 950 1796 sia,
969 1772 1032 1792 cum
1057 1766 1158 1793 multos
1174 1767 1329 1801 peperisset
1345 1766 1451 1795 ﬁdeles.
1480 1767 1543 1803 Ipsa
1559 1769 1694 1796 vocabitur

902 1809 997 1838 mulier
1009 1813 1135 1846 quoniam
1153 1820 1184 1839 ea:
1198 1813 1254 1839 viro
1265 1821 1312 1840 suo
1325 1818 1432 1849 sumpta
1444 1818 1493 1847 est,
1525 1820 1633 1851 propter
1648 1815 1695 1842 hoc

902 1856 1033 1892 relinquet
1044 1859 1121 1885 homo
1135 1863 1239 1894 putrem
1252 1863 1276 1885 et
1288 1863 1412 1892 matrem,
1424 1864 1448 1887 et
1461 1861 1604 1888 udhcerebit
1618 1861 1696 1888 uxori

900 1911 965 1931 sure.
980 1904 1093 1940 Propter
1109 1906 1156 1932 hoc
1174 1914 1182 1932 :
1195 1905 1261 1940 quid
1277 1909 1319 1932 est
1343 1905 1406 1938 hoc,
1419 1906 1532 1942 Propter
1545 1907 1615 1934 hoc?
1638 1906 1695 1937 lloc

900 1954 951 1981 est,
970 1955 1083 1985 propter
1098 1949 1124 1977 id
1141 1950 1214 1985 quod
1225 1955 1334 1985 sumpta
1349 1956 1392 1978 est
1414 1959 1448 1978 ex
1465 1952 1524 1979 viro
1542 1960 1548 1978 :
1565 1957 1694 1987 propter-

903 2003 935 2022 ea
968 1995 1040 2030 quod
1058 1995 1093 2023 sit
1108 1996 1168 2031 ejus
1180 2001 1266 2029 costa,
1284 2004 1359 2028 caro,
1372 2001 1399 2024 et
1417 2005 1457 2027 os,
1476 2003 1505 2024 et
1529 1998 1693 2030 membrum,

903 2047 931 2069 ct
947 2049 1019 2076 pars,
1033 2047 1060 2068 ct
1071 2042 1155 2069 veluti
1171 2047 1266 2077 partus
1288 2042 1348 2077 ejus
1369 2048 1397 2069 et
1412 2043 1485 2070 fetus
1498 2048 1526 2070 et
1540 2044 1691 2079 generatio.

904 2088 1020 2123 Propter
1036 2088 1088 2115 hoc
1102 2096 1186 2116 verus
1202 2088 1247 2116 ille
1262 2094 1289 2116 ct
1309 2089 1386 2116 solus
1403 2089 1477 2117 Deus
1491 2094 1518 2117 et
1545 2090 1628 2117 homo
1644 2099 1694 2118 ne-

903 2140 948 2170 gat
964 2139 1069 2170 patrem
1100 2139 1127 2162 ct
1147 2140 1262 2163 matrem
1287 2143 1376 2163 suam.
1404 2136 1477 2163 Dixit
1491 2136 1566 2164 enim
1583 2146 1589 2163 :
1608 2137 1694 2165 Mater

905 2189 962 2207 mea
993 2185 1017 2207 et
1044 2180 1139 2215 fratres
1155 2182 1205 2207 mei
1221 2181 1240 2208 ii
1255 2185 1316 2208 sunt
1332 2182 1376 2216 qui
1408 2182 1510 2217 faciunt
1531 2182 1693 2210 uoluntatem

906 2234 991 2252 meum
1006 2225 1039 2252 ⁸¹.
1054 2225 1087 2253 Et
1105 2226 1248 2253 adhaerebit
1262 2227 1338 2253 uxori
1351 2234 1414 2253 sum.
1435 2226 1552 2254 Uxorem
1570 2228 1630 2262 ejus
1659 2227 1692 2254 il-

904 2270 958 2298 lam
977 2270 1039 2297 dico
1052 2279 1112 2306 qnae
1123 2271 1259 2306 processit
1272 2278 1305 2298 ex
1323 2271 1383 2306 ejus
1408 2271 1495 2297 latere
1511 2276 1539 2298 ct
1564 2279 1647 2299 carne
1665 2277 1694 2300 ct

904 2317 963 2343 suis
978 2316 1096 2348 ossibus,
1109 2325 1170 2352 quae
1181 2321 1223 2343 est
1243 2317 1300 2343 sola
1316 2324 1385 2343 uxor
1400 2317 1495 2344 Adami
1515 2317 1667 2352 spiritualis
1685 2327 1693 2346 :

905 2363 979 2389 nulla
995 2363 1069 2390 enim
1089 2363 1141 2389 alia
1154 2363 1255 2389 mulier
1271 2363 1406 2398 processit
1432 2371 1465 2390 ex
1485 2363 1545 2390 viro
1563 2372 1614 2391 suo
1641 2365 1694 2392 nisi

905 2409 950 2436 illa
972 2410 1040 2436 sola.
1054 2409 1122 2436 Nam
1139 2413 1245 2436 caetera:
1260 2416 1355 2435 omnes
1382 2408 1410 2436 in
1435 2409 1537 2436 mundo
1565 2409 1695 2437 mulieres

905 2454 1059 2489 procedunt
1086 2458 1114 2480 et
1137 2459 1304 2487 generantur
1330 2461 1363 2480 ex
1387 2453 1563 2486 mulieribus,
1593 2454 1694 2482 deinde

905 2499 1004 2526 alienis
1013 2504 1041 2526 ct
1049 2500 1171 2526 externis
1181 2499 1230 2526 viri
1240 2500 1394 2535 junguntur
1405 2501 1592 2531 matrimonio,
1603 2510 1693 2537 neque

905 2549 996 2572 tamen
1009 2545 1149 2573 adhaerent
1158 2550 1184 2572 et
1193 2546 1428 2581 conglutinantur.
1438 2546 1505 2574 Nam
1521 2547 1593 2581 quod
1603 2547 1695 2576 adlue-

905 2595 948 2617 ret
977 2590 1234 2626 etconglutinatur,
1262 2592 1363 2618 nullam
1393 2600 1483 2627 neque
1512 2593 1574 2620 loco
1603 2601 1692 2629 neque

55 2639 146 2667 Deum
163 2640 193 2667 in
212 2639 286 2674 Lege
299 2647 414 2667 uxorem
429 2639 579 2674 aliquando
597 2640 785 2668 nominantem
802 2634 852 2675 Sy-
869 2637 890 2663 D
906 2637 988 2663 modo
1003 2636 1086 2664 habet
1097 2637 1180 2671 908
1193 2637 1355 2665 divisionem
1378 2646 1467 2673 neque
1481 2638 1693 2674 disjunctionem

52 2693 206 2721 nagogam,
223 2689 253 2712 et
266 2693 341 2712 nunc
367 2686 479 2720 quidem
493 2686 518 2713 ei
540 2685 679 2713 dicentem
698 2695 704 2713 :
721 2686 853 2713 Pudorem

54 2733 155 2759 eruisti
164 2731 240 2767 apud
254 2739 344 2758 omnes
357 2732 378 2747 ⁷³
393 2741 399 2758 :
412 2732 464 2759 hoc
475 2736 528 2763 est,
545 2739 560 2758 a
571 2732 759 2764 medefecisti,
777 2732 852 2758 unita

53 2777 192 2805 omnibus
219 2777 275 2804 diis
294 2777 429 2804 idolorum
453 2777 588 2805 fornicata
616 2782 657 2808 es,
677 2781 705 2804 et
733 2777 852 2804 adorasti

54 2828 172 2850 omnem
186 2826 357 2850 creaturam.
368 2822 403 2850 Et
418 2823 480 2850 ideo
493 2830 591 2853 rursus
606 2822 632 2849 ei
643 2822 754 2849 dicebat
772 2831 778 2848 :
796 2822 852 2848 Non

54 2873 119 2893 um
147 2867 267 2902 amplius
288 2867 328 2893 air
348 2871 419 2901 tuus,
445 2873 470 2894 et
489 2872 518 2894 tu
540 2874 592 2893 non
610 2875 636 2894 ea
652 2867 766 2902 amplius
787 2873 854 2892 arar

93 2949 118 2966 τ’
135 2950 239 2978 let-em.
258 2957 299 2981 tn,
333 2949 359 2976 '5.
406 2950 428 2966 ⁸ο
443 2949 508 2977 Ose.
535 2958 565 2980 ιι,
591 2950 618 2976 2.

908 2682 942 2709 ab
954 2682 1019 2713 alio,
1045 2683 1093 2709 sed
1112 2684 1196 2710 semel
1221 2683 1257 2710 ita
1281 2687 1323 2710 est
1338 2684 1570 2719 conglutinatum,
1595 2691 1624 2711 ut
1649 2693 1696 2711 aer

908 2727 963 2755 luci
983 2727 1089 2760 unitur,
1106 2733 1133 2755 et
1149 2728 1252 2756 ferrum
1271 2728 1337 2763 igni,
1362 2733 1390 2756 et
1419 2729 1536 2758 tinctura
1564 2737 1696 2765 purpura:

907 2773 1068 2810 (chlamydis,
1087 2777 1114 2800 et
1125 2773 1215 2801 anima
1231 2774 1373 2802 individue
1399 2779 1441 2802 est
1468 2775 1544 2801 unita
1573 2774 1695 2810 corpori.

907 2818 1047 2853 intelliges
1062 2825 1154 2847 autem
1171 2828 1220 2856 per
1236 2821 1308 2848 hanc
1321 2829 1433 2848 uxorem
1462 2825 1490 2847 et
1504 2820 1556 2847 viri
1585 2829 1649 2848 cum
1663 2829 1694 2848 ea

907 2865 1152 2900 agglutinationem
1187 2871 1214 2894 et
1246 2862 1452 2898 adbiesiouem,
1492 2874 1553 2893 eam
1593 2867 1694 2903 agglu-

658 2949 681 2965 "
698 2948 793 2976 Matth.
812 2955 858 2979 xtl,
874 2947 918 2974 50.
