1980 3269
67 218 129 250 ibi.)

617 221 658 251 ΙΝ
678 221 1004 253 ΗΕΧᾹΕΜΕΗΟΝὝ-
1021 223 1094 253 LIB.
1116 224 1152 253 Χ.

1629 223 1695 253 tatu

65 283 141 302 sonas
155 274 297 302 nominari
314 282 397 301 unum
417 273 567 306 hmninem,
587 275 640 303 ltoc
655 280 707 307 est,
723 276 856 303 nnitatetn
872 282 894 309 Α
909 282 937 304 et
958 277 1076 313 dispergi
1093 283 1218 312 possunt,
1232 278 1411 310 conveniunt,
1432 278 1530 311 inquit,
1547 279 1579 305 iis
1595 280 1640 312 qui
1658 280 1694 305 vi-

65 320 173 356 agnosci
189 319 219 347 in
237 320 356 352 binario,
375 324 490 355 propter
503 325 606 348 naturae
634 321 854 349 stmilitudinem.

66 366 114 393 llic
128 366 258 398 docetur,
272 366 425 401 dogmaque
440 371 468 393 et
479 374 575 401 magna
592 374 666 395 arma
680 367 857 402 validumque

67 417 199 446 tropzeum
214 411 300 439 refert
318 411 443 439 Ecclesia
468 411 601 439 adversus
620 411 730 440 Judzcos
744 413 792 448 qui
807 421 857 440 nos

66 463 195 486 accusant
222 457 297 493 quod
321 462 475 485 statuamus
494 462 549 485 tias
569 459 650 491 Deos.
680 463 708 486 et
724 459 859 486 Barbaros

66 505 111 540 qui
128 505 212 532 nobis
229 505 348 532 dicunt:
364 504 392 532 Si
407 505 480 532 Deus
490 509 532 532 est
551 513 585 532 ex
599 505 666 537 Deo,
683 513 717 532 ex
739 506 794 532 Deo
808 514 858 532 au-

68 555 119 578 tem
133 555 177 578 est
190 551 278 578 Filius
296 559 303 577 :
318 550 456 585 quomodo
478 550 536 578 fieri
553 556 654 585 potest,
680 555 710 578 ut
734 551 790 578 duo
803 551 859 578 sint

68 604 137 624 unus
152 597 243 624 Deus?
257 596 365 628 Quibus
381 602 455 624 recte
477 600 596 631 apteque
618 601 646 624 et
659 596 783 631 apposite
803 596 858 624 dici

58 647 156 678 'potest
174 651 181 669 :
201 643 229 670 Si
247 643 303 670 Eva‘
326 650 359 669 ex
387 642 492 669 Adanto
510 646 561 675 cst,
578 643 661 669 homo
675 650 709 669 ex
735 643 856 674 homine,

68 687 207 722 quomodo
229 687 298 714 dicit
312 687 383 714 Deus
410 687 481 714 duos
505 695 590 714 unum
606 687 765 715 hominem?
784 688 811 714 Si
826 696 860 715 ex

69 740 110 760 mc
122 741 232 768 quairas
243 733 383 767 quomodo
401 731 523 759 Trinitas
536 733 563 760 in
581 734 699 766 unitate,
719 733 765 760 dic
779 734 858 766 mihi,

68 779 207 813 quomodo
221 778 347 806 binartus
361 779 388 805 in
409 779 515 806 unitate
529 779 662 806 dicuntur
679 779 735 806 duo
763 784 860 814 proto-

67 825 253 859 plasti?Dicit-
265 825 339 852 cnim
357 833 362 851 :
377 824 447 851 Fecit
465 824 533 852 Deus
546 825 688 856 hominem,
706 825 741 852 ad
765 826 861 860 imagi-

67 879 123 897 nem
135 870 183 897 Dei
197 871 258 905 fecit
276 871 374 905 ipsum.
389 870 442 898 hoc
455 875 509 902 est,
523 879 608 898 unum
621 871 761 898 hominem
780 881 786 898 :
802 871 861 898 Ma-

65 915 169 943 mulum
187 921 211 943 et
236 916 361 951 {cininam
377 916 436 952 fecit
466 925 519 944 eos.
539 917 610 944 Ecce
629 925 714 944 unum
737 917 807 944 dixit
819 917 861 944 di-

66 970 160 990 versas
178 970 321 996 personas.
349 962 435 998 Igitur
453 963 594 1001 quomodo
614 964 668 990 Eva
700 971 732 991 ex
756 964 862 991 Adamo

67 1015 225 1043 progressa,
241 1015 314 1039 unus
332 1008 417 1035 homo
436 1016 500 1035 eum
516 1008 575 1042 ipso
589 1017 604 1036 a
625 1009 681 1036 Deo
704 1013 747 1035 est
764 1009 860 1043 appel-

68 1055 131 1086 lata,
150 1053 188 1080 ita
199 1054 282 1081 etiam
299 1054 386 1081 Filius
401 1062 565 1089 progressus
589 1063 604 1081 a
623 1055 714 1086 Patre,
731 1059 759 1081 et
780 1055 860 1081 Pater

67 1103 109 1127 est
122 1107 197 1126 unus
211 1100 293 1127 Deus.
317 1100 370 1128 Sed
391 1108 481 1135 neque
509 1104 574 1128 sunt
592 1100 649 1128 duo
675 1101 728 1132 Dii,
755 1108 807 1128 nec
819 1101 862 1128 di-

68 1150 182 1172 runtur.
197 1145 259 1173 Haec
268 1150 360 1173 autem
376 1146 464 1174 fusius
479 1155 495 1174 a
509 1146 672 1174 nobisdicta
688 1152 751 1173 sunt
766 1147 792 1173 in
801 1154 863 1173 ver—

69 1191 111 1219 bis
127 1192 189 1219 :Ad
204 1192 362 1227 imaginem,
385 1193 412 1219 in
431 1193 534 1227 quibus
547 1192 714 1219 adduximus
743 1192 862 1226 plurima

69 1236 170 1264 divinae
190 1237 344 1272 Scriptum
358 1238 528 1270 testimonia,
546 1239 573 1265 in
598 1239 700 1273 quibus
726 1239 797 1266 Deus
813 1246 863 1266 no-

70 1283 156 1311 minat
169 1284 389 1311 innumerabiles
406 1285 550 1312 hominum
565 1293 696 1320 personas
713 1293 798 1312 unum
813 1286 864 1313 ho-

71 1331 184 1363 minem,
200 1335 230 1357 ut
241 1338 304 1358 cum
320 1331 388 1359 dicit
405 1339 410 1357 :
428 1331 523 1360 Delelw
537 1333 669 1360 hominem
679 1340 756 1367 quem
770 1332 817 1367 feci
829 1334 862 1361 9°.

72 1376 99 1403 Si
119 1381 212 1403 autem
229 1377 449 1404 innumerabiles
464 1385 591 1412 persontc
610 1382 715 1404 naturae
728 1377 783 1404 dici
803 1385 864 1412 pos-

72 1426 136 1449 sunt
148 1429 221 1449 unus
231 1423 324 1456 homo,
342 1428 488 1457 propterea
504 1423 577 1458 quod
590 1428 633 1450 est
654 1423 752 1450 eadem
770 1430 865 1450 essen-

74 1467 119 1498 tEa,
136 1467 224 1493 multo
238 1467 324 1502 magis
351 1473 406 1494 tres
430 1475 555 1502 personas
571 1468 725 1495 divinitatis
750 1471 865 1501 possunt

75 1512 188 1547 intelligi
205 1517 232 1540 et
262 1513 406 1547 praedicari
418 1521 490 1540 unus
517 1514 600 1545 Deus,
626 1518 772 1548 propterea
791 1513 865 1548 quod

72 1562 114 1585 cst
128 1559 226 1586 eadem
242 1565 342 1586 natura
358 1563 386 1586 et
399 1560 476 1586 nullo
487 1559 618 1586 distincta
633 1558 806 1586 discrimine.
827 1559 866 1586 Ita

73 1605 155 1632 etiam
170 1605 254 1632 Israel
281 1605 309 1632 in
339 1605 478 1632 sexcentis
505 1605 628 1632 millibus
643 1612 821 1640 personarum
837 1604 864 1631 in

74 1658 126 1677 una
143 1658 262 1685 persona
278 1652 437 1678 nominatur
451 1659 522 1678 unus
534 1651 636 1683 Israel;
659 1651 695 1678 ita
718 1650 802 1677 etiam
816 1650 866 1677 As-

72 1696 174 1731 syrius,
191 1697 227 1724 ita
236 1697 320 1724 etiam
339 1698 434 1728 Persa,
454 1697 497 1724 ita'
516 1697 600 1723 etiam
619 1696 714 1724 lsmael
729 1696 758 1723 in
775 1695 867 1723 infini-

74 1743 108 1770 tis
117 1742 242 1769 millibus
253 1751 434 1777 personarum
447 1743 577 1770 dicuntur
592 1750 645 1769 una
657 1749 786 1777 persona,
796 1749 868 1776 quo-

74 1787 157 1814 modo
177 1796 250 1815 unus
270 1789 430 1815 nominatur
450 1789 544 1819 homo,
559 1788 688 1823 quamvis
703 1787 797 1815 multm
811 1788 867 1814 sint

74 1833 239 1869 hypostases
253 1842 302 1862 seu
318 1842 454 1869 personae,
471 1835 564 1866 Persa,
582 1835 708 1868 inquam,
725 1834 867 1869 Assyrius,

74 1879 182 1907 lsmael.
199 1880 385 1914 Quamobrem
415 1881 483 1907 nulli
500 1885 544 1907 est
557 1880 765 1915 reprehensioni
779 1879 869 1908 atlinis

74 1927 144 1954 ﬁdes
159 1927 393 1959 Christianorum,
409 1927 556 1954 nominans
566 1931 621 1954 tres
631 1926 703 1962 (qua:
717 1930 783 1953 sunt
793 1927 868 1961 ejus-

73 1973 134 2000 dem
163 1974 248 2001 simul
256 1973 394 2008 essentne)
413 1973 568 2000 divinitatis
582 1972 746 2008 hypostases
757 1992 764 2004 ,
781 1980 867 1999 unum

72 2025 99 2047 et
111 2021 202 2047 soium
224 2020 323 2051 Deum,
354 2027 409 2046 non
431 2024 523 2046 autem
546 2023 603 2046 tres
618 2019 697 2046 deos.
731 2018 800 2047 Cum
813 2019 870 2046 huc

73 2073 162 2100 usque
175 2065 315 2093 orationis
324 2069 425 2092 nostra:
437 2073 513 2092 artua
527 2065 720 2092 strinxerimus
735 2066 869 2092 adversus

72 2119 120 2138 eos
135 2112 184 2146 qui
198 2117 255 2139 tres
265 2111 334 2138 deos
349 2112 456 2143 dicunt,
475 2111 622 2138 redeamus
635 2111 668 2138 ad
685 2111 786 2138 seriem
807 2119 870 2139 con-

72 2157 239 2192 scqttcntite.
255 2157 465 2184 considerantes
480 2163 605 2190 quamam
634 2155 670 2182 sit
686 2156 774 2182 virtus
801 2163 871 2190 prm-

71 2205 147 2240 cepti
161 2206 236 2240 quod
267 2206 310 2233 sic
338 2205 406 2232 dicit
420 2214 425 2232 :
439 2205 482 2232 E1:
505 2205 578 2231 omni
603 2204 675 2239 ligno
690 2204 759 2240 quod
780 2209 818 2231 est
843 2206 871 2232 in

70 2253 200 2286 paradiso
220 2252 349 2279 concedes.

108 2299 273 2326 Paradisum
297 2302 407 2328 autem,
425 2303 456 2325 ut
475 2298 620 2330 existimo,
645 2298 770 2324 nominat
792 2297 868 2324 illum

71 2344 164 2379 ipsum
181 2344 454 2379 Adamum-propter
465 2352 526 2371 eam
542 2352 604 2378 quae
617 2350 661 2371 est
687 2343 714 2370 in
731 2343 792 2378 ipso
816 2343 871 2370 cir-

71 2391 228 2418 cuitionem
246 2398 296 2424 per
321 2390 370 2418 Dei
399 2391 659 2425 participationem;
676 2390 748 2426 ligna
777 2393 870 2416 autem

72 2437 207 2470 paradisi,
222 2444 285 2471 quae
299 2437 326 2463 in
343 2437 403 2471 ipso
420 2441 486 2464 sunt
506 2437 638 2471 plantata,
668 2436 872 2471 intelligentias

73 2483 274 2517 percipiendas
293 2488 320 2510 et
333 2483 432 2510 vitales
460 2484 588 2510 virtutes.
617 2483 663 2510 Eis
678 2488 766 2514 utere,
780 2483 872 2510 Verbo

71 2529 201 2562 iubente.
217 2529 271 2556 Sed
289 2533 318 2556 ut
330 2529 379 2556 tibi
397 2529 460 2556 data
476 2534 552 2561 sunt,
568 2533 597 2556 et
608 2536 658 2563 pro
675 2532 772 2555 natura
788 2535 873 2563 quam

74 2574 180 2602 habent
195 2575 280 2605 liena,
296 2579 327 2601 ut
341 2582 402 2609 quze
423 2575 478 2601 sint
489 2574 596 2602 scilicet
608 2574 751 2601 insensilia
778 2579 807 2601 et
821 2574 873 2601 im-

73 2620 192 2647 mobilia
204 2620 238 2647 ad
254 2628 366 2647 onmem
389 2620 538 2647 belluinam
563 2620 760 2652 aﬂ‘cctionem;
779 2620 814 2647 de
827 2628 871 2647 re-

74 2666 128 2692 bus
146 2671 243 2694 autem
260 2666 410 2694 sensilibus
424 2675 485 2702 qum
497 2668 531 2694 ad
547 2667 599 2694 hoc
618 2672 646 2694 et
659 2667 726 2694 illud
742 2667 870 2693 dividan-

74 2716 120 2738 tur
135 2716 271 2747 tanquam
283 2712 318 2738 ad
336 2712 437 2739 bonum
450 2716 477 2739 et
488 2713 601 2744 malum,
614 2720 675 2747 qua:
687 2711 800 2747 quidem
816 2711 872 2738 dis-

75 2758 182 2785 tributa
199 2763 266 2785 sunt
280 2757 480 2789 animantibus.
497 2758 555 2785 Non
563 2759 646 2794 909
658 2758 786 2785 comedas.
803 2758 872 2785 Nam

75 2804 162 2831 unius
179 2804 276 2831 formae
297 2804 448 2831 dictionem
477 2805 591 2832 verbum
610 2805 635 2832 ei
656 2804 784 2839 largitur,
814 2808 873 2830 ten-

74 2849 190 2876 dentem
203 2849 238 2876 ad
253 2857 340 2876 unum
356 2849 501 2876 Dominum
519 2856 596 2884 :qua:
610 2854 701 2876 autem
715 2852 779 2875 sunt
796 2848 870 2874 varia

632 2938 653 2952 ’³³
667 2935 734 2964 Gen.
750 2943 776 2966 tl,
789 2936 834 2963 27.3.

118 2937 141 2952 ’θ
158 2937 229 2965 Gen.
249 2945 275 2964 \‘t
301 2938 326 2966 7.
366 2937 385 2953 ⁹¹
398 2937 485 2965 Galat.
500 2946 535 2970 tu,
550 2937 592 2964 ‘27.

881 1632 902 1660 C

873 2935 971 2963 “'Lur.
986 2935 1086 2965 “.21.

908 329 975 351 vnut
990 329 1088 359 przctcr
1102 325 1253 351 hominem.

946 370 979 396 Et
999 373 1074 397 crant
1091 370 1167 396 (nubo
1189 370 1261 401 nudi,
1282 369 1367 396 Attum
1389 373 1412 395 ct
1432 377 1498 396 uxor
1517 369 1584 404 ejus,
1603 373 1625 396 et
1646 378 1696 395 non

910 415 1104 442 erubescebant.
1115 415 1142 442 Si
1163 415 1480 450 antetransgressionem
1497 415 1606 450 quidem
1622 416 1697 442 (ιὶί-μ.

911 466 988 488 retur
1003 461 1060 488 haec
1078 461 1191 488 nudatio
1209 462 1234 488 in
1252 462 1438 496 protoplastis,
1457 461 1508 488 dici
1528 467 1620 496 posset
1638 470 1696 488 eam

909 515 970 534 esse
986 507 1196 542 \‘ituperabilcm
1213 515 1264 534 nec
1282 507 1447 534 laudandam
1465 517 1469 533 ε
1485 507 1616 542 quoniatn
1634 515 1699 533 vero

910 554 1002 581 statim
1018 553 1052 580 ab
1069 553 1128 587 ipso
1145 557 1205 579 ortu
1221 557 1249 580 et
1265 553 1405 580 creatione
1419 553 1471 579 fuit
1485 560 1546 579 cum
1562 552 1602 579 eis
1619 553 1698 578 nudi—

911 602 962 630 tas,
975 604 1037 626 ante
1050 599 1142 626 (unnia
1159 599 1280 634 quidem,
1293 600 1325 626 ad
1338 598 1463 626 Jutizeum
1480 607 1521 626 me
1536 603 1700 626 convertens

910 645 990 680 Cupio
1011 653 1108 672 rursus
1127 654 1158 672 ex
1182 646 1240 679 ipso
1262 645 1368 672 discere
1392 645 1532 680 quomodo
1554 645 1629 671 nulla
1647 644 1699 671 alia

909 696 1008 717 natura
1031 699 1045 717 a
1066 691 1124 718 Deo
1144 691 1213 717 facta
1228 691 1312 720 nuda.
1329 698 1399 725 opus
1415 691 1510 718 habuit
1531 695 1698 724 tlgumeuto,

909 737 963 764 nisi
977 737 1051 764 solus
1064 737 1161 763 homo?
1173 737 1240 764 Nam
1253 741 1281 763 et
1292 737 1390 771 angeli,
1402 742 1429 763 et
1442 738 1515 769 l'cra'.
1528 737 1698 771 etjuxnenta.

911 788 939 809 et
957 782 1093 815 volucres,
1109 787 1136 810 et
1155 782 1358 817 quadrupedes,
1374 786 1401 809 et
1423 783 1538 809 maxime
1558 781 1666 816 reptilia
1685 789 1699 807 a

911 827 967 854 Deo
986 832 1082 855 creata
1102 832 1168 854 sunt
1186 828 1270 859 nuda,
1287 836 1378 862 neque
1398 828 1484 855 ullum
1504 835 1537 855 ex
1559 827 1592 854 iis
1611 836 1626 855 a
1647 827 1701 854 Deo

911 873 962 901 fuit
979 873 1106 901 indutum
1121 874 1175 901 nisi
1191 874 1268 901 solus
1284 874 1377 902 homo.
1394 873 1422 901 ln
1440 874 1508 909 ipsis
1523 881 1588 908 ergo
1606 879 1700 907 [roto-

912 919 1008 954 plastis
1023 919 1201 947 nudationem
1218 919 1360 955 intelligis,
1374 919 1458 954 idque
1475 919 1555 946 simul
1569 924 1596 946 et
1613 918 1701 954 typice

880 961 898 987 Β
913 969 941 991 et
960 964 1165 1000 pratﬁgurative
1182 973 1195 992 a
1217 965 1273 992 Deo
1294 965 1391 991 factam
1415 972 1474 991 esse
1496 965 1523 991 in
1543 964 1653 991 Christo
1673 968 1702 990 ct

911 1009 1044 1041 Ecclesia,
1056 1010 1083 1036 in
1098 1010 1196 1037 initiis.
1208 1009 1268 1037 Non
1283 1009 1356 1036 enim
1370 1009 1416 1044 qui
1432 1016 1540 1036 omnem
1553 1009 1700 1035 essentiam

912 1059 966 1082 tam
983 1055 1090 1083 ratione
1107 1056 1249 1090 przeditam
1265 1063 1348 1091 quant
1366 1061 1506 1090 expertem
1524 1055 1640 1082 rationis
1660 1058 1701 1081 est

912 1101 1061 1129 fabricatus
1071 1109 1119 1136 per
1130 1109 1158 1129 se
1171 1102 1305 1133 indutam.
1317 1106 1493 1136 non'poterat
1505 1101 1584 1128 facile
1595 1100 1701 1128 eﬂleere

913 1147 1052 1174 hominem
1065 1155 1122 1174 non
1134 1152 1260 1183 egentem
1276 1147 1487 1183 integumentis?
1502 1146 1562 1174 Sed'
1572 1146 1701 1181 quoniam

913 1193 986 1220 Deus
998 1193 1119 1221 Verbum
1136 1194 1183 1229 qui
1198 1198 1257 1221 erat
1269 1193 1303 1221 ab
1317 1194 1398 1221 initio
1413 1193 1505 1221 nudus
1521 1197 1548 1220 et
1561 1192 1702 1226 incompo-

914 1239 968 1266 situ
985 1247 1000 1267 a
1042 1239 1098 1267 Deo
1111 1244 1173 1268 erat
1187 1239 1395 1274 componendus
1411 1243 1438 1266 et
1453 1237 1610 1266 induendos
1623 1236 1703 1272 pelli-

915 1279 1103 1314 ceam'nostrae
1114 1287 1206 1314 carnis
1218 1286 1350 1318 tunicam,
1363 1293 1427 1313 caro
1439 1285 1526 1313 factus
1537 1289 1565 1311 et
1577 1283 1704 1311 habitans

915 1331 943 1358 in
966 1331 1062 1364 nobis,
1083 1331 1148 1359 ideo
1168 1332 1242 1359 Deus
1261 1331 1347 1358 Adam
1372 1331 1511 1358 hominem
1538 1328 1703 1365 (secundum

915 1377 1012 1405 Adami
1026 1377 1214 1413 prototypnm)
1229 1377 1333 1404 nudttm
1348 1376 1482 1408 condidit,
1495 1381 1522 1403 et
1536 1375 1596 1410 ejus
1608 1375 1704 1409 conju-

915 1431 976 1458 gem
999 1423 1154 1455 mulierem,
1170 1423 1316 1458 imaginem
1331 1422 1461 1450 Ecclesiae
1476 1424 1534 1456 ipso
1551 1428 1647 1448 rursus
1664 1421 1706 1447 in-

916 1470 998 1497 dutze.
1014 1470 1082 1497 Nam
1098 1468 1254 1504 quicunque,
1270 1469 1370 1504 inquit,
1385 1469 1411 1495 in
1429 1467 1560 1495 Christum
1578 1467 1707 1500 baptizati

917 1517 988 1548 estis,
1003 1515 1135 1543 Christum
1150 1516 1274 1542 induisti;
1284 1516 1317 1542 ".
1331 1515 1363 1542 Et
1378 1515 1440 1542 ideo
1455 1514 1521 1541 dicit
1537 1513 1679 1547 Scriptura
1699 1522 1704 1538 :

917 1562 952 1589 Et
968 1567 1044 1589 erant
1059 1562 1135 1589 ambo
1152 1562 1216 1589 nudi
1231 1562 1317 1589 Adam
1335 1565 1360 1588 et
1375 1561 1431 1596 ejus
1448 1568 1524 1592 uxor,
1537 1565 1561 1586 et
1577 1567 1628 1586 non
1644 1566 1706 1585 cru~

919 1607 1053 1634 tremebant
1064 1608 1096 1634 ".
1106 1609 1157 1636 Ubi
1166 1608 1238 1635 enim
1249 1607 1371 1634 nondum
1384 1608 1483 1634 factum
1496 1610 1537 1633 est
1551 1608 1705 1641 peccatum,

920 1652 977 1679 illic
998 1661 1051 1679 non
1074 1657 1200 1679 versatur
1221 1651 1309 1686 pudor
1335 1660 1341 1677 ί
1366 1650 1454 1685 pudor
1476 1650 1548 1677 enim
1572 1653 1614 1676 est
1635 1648 1708 1674 fetus

917 1700 1038 1734 peccati:
1063 1703 1091 1726 ct
1106 1699 1153 1726 ubi
1168 1703 1210 1726 est
1226 1706 1294 1733 pura
1310 1702 1337 1725 rt
1351 1697 1452 1724 munda
1469 1701 1577 1727 natura,
1591 1698 1619 1722 (ι
1633 1693 1706 1720 nuda

918 1746 952 1772 ab
972 1746 1046 1772 omni
1068 1750 1182 1780 peccato
1205 1744 1356 1772 adventilio
1377 1747 1405 1770 et
1425 1742 1588 1769 indumento
1606 1739 1708 1767 veteris

919 1791 1050 1822 hominis,
1069 1791 1134 1818 illuc
1151 1791 1244 1818 nullus
1262 1789 1417 1825 ingreditur
1434 1788 1534 1823 pudor.
1552 1785 1625 1814 Facti
1645 1788 1709 1812 sunt

918 1845 983 1873 ergo
993 1836 1154 1872 proloplasti
1165 1836 1232 1863 nudi
1245 1836 1279 1863 ab
1287 1835 1360 1862 enini
1371 1833 1443 1865 labe.
1454 1832 1571 1864 macula,
1584 1830 1710 1865 inquina-

919 1889 1011 1911 mento
1019 1887 1047 1910 et
1057 1883 1181 1913 vulnere,
1195 1887 1224 1909 et
1238 1889 1269 1908 ea
1279 1881 1312 1908 dc
1322 1889 1404 1908 eausa
1422 1887 1478 1906 non
1488 1878 1688 1907 erubeseebant
1703 1887 1708 1904 :

918 1929 1042 1956 nondum
1059 1928 1132 1955 enim
1151 1928 1276 1955 sciebant
1293 1926 1359 1953 illud
1380 1930 1494 1960 propter
1509 1924 1583 1959 quod
1600 1928 1642 1951 est
1658 1931 1709 1957 pu-

919 1974 979 2002 dor.
994 1974 1021 2001 Si
1033 1979 1124 2001 autetn
1141 1974 1224 2001 etiam
1241 1973 1269 2000 in
1286 1973 1342 1999 Deo
1355 1972 1448 1998 Verbo
1463 1971 1504 1998 vis
1518 1970 1614 1997 audire
1630 1970 1708 1999 illud.

919 2020 1026 2056 pudore
1044 2028 1100 2046 non
1115 2018 1301 2048 aliieiendum,
1316 2018 1380 2044 audi
1395 2025 1469 2048 eum,
1484 2016 1604 2050 seipsum
1619 2014 1710 2041 nomi-

919 2069 1042 2096 nantem,
1053 2065 1176 2100 judicem
1190 2063 1355 2099 iniquitatis,
1368 2070 1467 2097 nempe
1482 2061 1710 2088 condemnantcm

919 2113 1044 2147 iniquam
1071 2111 1238 2138 mundanam
1266 2109 1372 2145 peccati
1400 2107 1597 2143 irruptionenr,
1622 2114 1711 2140 neque

920 2159 1006 2186 Deum
1027 2159 1171 2185 timentem
1196 2157 1281 2191 (Deus
1300 2156 1373 2182 enim
1404 2155 1468 2188 est),
1497 2161 1586 2187 neque
1613 2160 1712 2179 verens

922 2205 1062 2232 hominem
1073 2225 1079 2234 ,
1094 2207 1124 2229 ut
1141 2203 1187 2237 qui
1207 2207 1281 2229 recte
1296 2201 1402 2236 judich
1418 2205 1446 2228 et
1461 2200 1527 2227 citra
1546 2198 1629 2225 ullam
1648 2206 1711 2233 per~

922 2260 1052 2280 sonarum
1072 2251 1276 2284 aceeplioncm.
1293 2249 1326 2275 Et
1344 2247 1406 2274 ideo
1422 2246 1551 2274 dicebant
1568 2245 1615 2280 qui
1632 2249 1713 2271 erant

886 2302 909 2330 D
923 2300 951 2327 in
965 2297 1095 2326 cathedra
1108 2295 1251 2323 Sadduczei
1268 2304 1274 2321 :
1290 2294 1426 2330 Magister,
1439 2292 1506 2329 quod
1519 2292 1711 2326 rrctajudicas,

923 2351 948 2373 et
975 2353 1115 2381 personam
1144 2352 1197 2370 non
1224 2343 1334 2377 accipis,
1353 2342 1394 2369 dic
1419 2341 1450 2368 de
1476 2348 1552 2367 censu
1567 2339 1600 2365 ⁸³.
1618 2339 1714 2371 Itaque

924 2392 1034 2428 quando
1051 2395 1110 2418 erat
1126 2390 1238 2424 quidem
1255 2389 1347 2416 nudus
1362 2388 1446 2418 Deus.
1461 2394 1516 2414 non
1534 2384 1715 2413 sulfund'ebao

925 2443 971 2466 tur
993 2437 1098 2474 pudore
1125 2446 1131 2463 :
1159 2435 1270 2471 quando
1291 2439 1383 2462 autem
1407 2441 1489 2461 carne
1512 2436 1638 2466 suscepta
1659 2438 1714 2457 non

925 2483 1043 2518 amplius
1058 2485 1118 2509 erat
1132 2482 1234 2513 nudus,
1247 2480 1418 2507 afﬁciebatur
1430 2479 1551 2514 pudore;
1569 2482 1596 2504 et
1610 2476 1715 2511 pudore.
1754 2518 1756 2521 ἵ

926 2531 1097 2562 contempto,
1110 2534 1221 2554 crucctn
1243 2534 1294 2561 pro
1313 2526 1394 2552 nobis
1413 2523 1555 2552 sustinuit.
1570 2522 1604 2550 Et
1621 2522 1682 2548 ideo
1701 2529 1715 2549 a

925 2574 1028 2602 Judxis
1047 2573 1182 2608 pulsatus,
1197 2571 1288 2606 ﬂagris
1306 2578 1402 2603 caesus,
1419 2574 1446 2597 et.
1467 2573 1620 2603 conspntus
1640 2567 1716 2594 diec-

926 2618 973 2646 bat
994 2628 999 2645 :
1022 2618 1134 2653 Tur-gum
1155 2625 1242 2644 meum
1260 2617 1319 2643 dedi
1341 2616 1375 2642 ad
1392 2614 1511 2651 ﬂagello,
1527 2622 1608 2648 genas
1627 2617 1716 2640 autem

927 2673 998 2692 meas
1015 2665 1048 2690 ad
1066 2663 1176 2698 alapas,
1192 2663 1287 2698 faciem
1307 2665 1395 2688 autem
1417 2669 1505 2687 meum
1525 2668 1576 2686 non
1597 2659 1680 2686 (murti
1701 2668 1716 2684 ιι

928 2710 1026 2744 pudore
1042 2713 1179 2743 epularum
1191 2708 1220 2734 ⁸⁵.
1237 2708 1269 2734 Et
1286 2715 1382 2734 rursus
1399 2706 1471 2733 idem
1488 2706 1568 2733 Jt'SIIS
1585 2712 1634 2738 per
1651 2711 1717 2737 pro-

929 2756 1040 2790 phetam
1063 2755 1131 2781 dicit
1148 2753 1219 2781 Patri
1240 2763 1246 2780 :
1263 2753 1299 2780 Tu
1312 2754 1362 2780 scis
1375 2752 1564 2787 impropcrium
1581 2757 1676 2775 meum.
1692 2751 1716 2772 ct

927 2800 1053 2835 pudorcm
1081 2807 1183 2829 meum,
1208 2802 1233 2824 et
1262 2798 1432 2825 reverentiam
1463 2803 1564 2825 meum,
1590 2799 1715 2827 quoniam

926 2847 1010 2881 pudor
1023 2845 1109 2872 vultus
1126 2845 1174 2871 mei
1190 2845 1323 2878 cooperuit
1338 2851 1378 2870 me
1388 2843 1421 2869 “.
1434 2842 1461 2868 Si
1477 2844 1568 2867 autem
1585 2842 1714 2871 tanquam

1127 2935 1147 2950 μ
1162 2934 1210 2961 lsi.
1227 2941 1250 2963 L,
1263 2933 1288 2960 6.
1329 2933 1350 2948 ⁸³
1364 2931 1438 2959 Psal.
1457 2936 1547 2960 rxvut,
1560 2927 1626 2960 6,8.
