1990 3183
293 218 352 249 ΜΗ

890 219 919 249 s.
941 200 1142 250 sXAsrasu
1162 219 1325 249 stNAITJi

1855 218 1926 251 1012

285 275 416 307 carnalis,
429 275 463 302 de
480 275 585 310 pudore
601 275 739 309 corporali
758 275 814 301 haec
833 275 965 310 intelligis
981 275 1009 302 in
1028 283 1080 301 nu-
1096 275 1118 303 Δ
1133 276 1288 304 Salomonis
1310 277 1426 312 singulis
1447 277 1528 304 annis
1547 277 1643 304 venire
1664 283 1698 303 ex
1718 275 1846 307 Tharsis,
1864 284 1929 311 qua

285 319 398 346 datione
415 319 511 346 Adami
530 324 556 346 et
572 320 644 350 Etim
660 321 703 346 dic
722 319 802 351 mihi,
817 328 880 346 cum
899 321 991 347 nullus
1008 320 1080 347 alius

286 366 393 393 adeswl
409 374 472 393 cum
489 366 541 397 eis,
555 368 697 401 rnjusnam
714 371 794 393 erant
809 366 915 400 pudore
931 366 1078 397 alliciendi,

287 420 403 439 maxime
419 413 441 439 si
458 413 619 439 nescit-bant
633 417 696 439 ante
712 413 960 447 transgressionem
975 417 1079 448 mystc-

287 459 358 485 rium
384 459 504 493 partium
530 459 634 485 liberos
658 459 878 494 procreandum,
897 464 925 486 et
947 459 1020 493 quod
1044 459 1080 486 sit

285 504 436 531 discrimen
450 512 547 531 eorum
559 504 745 535 l'ormationis.
760 513 850 540 neque
863 505 936 540 quod
951 512 990 532 ea:
1002 504 1080 532 facta:

285 556 350 577 -.uut
371 551 405 577 ad
431 552 535 578 coitum
565 555 594 577 et
615 551 766 585 nuptialem
790 558 982 586 congressum,
996 556 1024 578 et
1046 551 1079 577 ad

287 599 339 625 Zioc
357 606 372 624 a
390 598 445 624 Deo
461 597 526 624 facti
544 598 600 624 sint
615 598 756 625 masculus
771 603 799 625 et
812 597 930 624 femina?
947 597 999 630 Qui
1015 605 1080 632 ergo

285 652 317 670 ea
341 643 464 671 nondum
489 644 632 676 sciebant,
650 651 770 678 quonam
795 648 874 671 erant
896 643 1080 678 perfundendi

288 690 410 723 μυλὶυγυῖ
433 689 620 722 Quamobrem
641 691 701 717 sine
723 690 910 717 controversia
936 690 1080 716 referenda

286 741 327 762 est
342 737 453 763 uuditas
469 737 501 763 ad
518 736 658 764 Christum
675 743 702 764 et
719 738 869 764 Ecclesium
890 747 895 762 ε
911 736 997 763 Erunt
1011 738 1080 763 enim

286 782 363 808 mnbo
378 783 439 808 nudi
455 783 487 809 ub
511 784 598 815 initio,
619 783 691 810 Deus
713 783 825 818 quidem
843 783 973 813 Verbum,
991 783 1081 810 nudus

285 829 319 856 ab
333 829 520 863 humanitate,
535 830 660 858 Ecclesia
679 836 771 857 autem
797 830 870 857 nuda
887 840 901 857 a
917 830 1061 857 divinitate
1072 851 1079 863 ,

285 875 426 903 Christum
449 877 571 904 nondum
594 877 700 904 induta.
874 903 878 910 ,

319 922 456 950 Caeterum
472 931 527 951 non
543 924 725 951 erubescebat
741 930 889 959 antequam
903 929 975 951 esset
989 929 1079 952 trans-

284 977 388 1004 gressa,
406 970 508 1004 partim
528 970 653 1005 quidem,
668 975 698 997 ut
719 978 798 1005 pura,
811 975 840 998 et
855 972 911 1006 jam
933 975 1027 1006 parata
1047 971 1082 997 ad

284 1013 525 1050 incorruptionem
549 1016 576 1050 (a
600 1021 700 1043 natura
722 1015 798 1043 enim
823 1015 908 1043 habet
935 1016 1024 1050 pudor
1054 1021 1083 1042 ut

285 1060 422 1088 consistat
440 1062 469 1088 in
490 1061 586 1098 ﬁguris
607 1068 635 1090 et
654 1062 820 1098 corporibus
841 1063 868 1090 in
888 1071 949 1098 qua:
969 1062 1083 1090 onmino

284 1106 357 1134 cadit
379 1107 521 1142 corruptio
545 1112 572 1136 et
597 1107 744 1141 interitus,
762 1113 791 1135 et
814 1113 880 1135 sunt
901 1108 1080 1143 materialia),

285 1154 387 1188 partim
405 1159 499 1182 autem
517 1160 548 1182 ut
562 1162 624 1189 quae
639 1154 715 1182 nuda
729 1159 757 1182 et
769 1159 864 1190 aperta
880 1154 960 1186 facie,
974 1153 1081 1181 Domini

285 1201 390 1228 vultum
410 1202 662 1236 contemplaretur.
679 1201 716 1228 De
733 1209 787 1236 qua
805 1200 938 1228 laudabili
955 1199 1082 1227 nuditate

284 1245 353 1273 dicit
367 1246 449 1273 divus
467 1245 569 1273 Paulus
587 1255 593 1272 2
611 1245 821 1281 Ingemiscimua,
839 1244 1019 1272 habitaculum
1035 1253 1081 1272 no-

284 1299 369 1320 strum
390 1293 460 1328 quod
481 1301 512 1320 ex
531 1293 594 1320 εωιυ
613 1293 769 1328 :uperindui
788 1293 921 1327 cupientes
932 1293 967 1324 ",
982 1300 1081 1327 nempe

284 1341 407 1366 futuram
427 1347 582 1374 corporum
604 1339 846 1374 incorruptionem
858 1359 865 1370 ,
884 1339 1014 1373 siquidem
1041 1339 1081 1366 irt-

285 1386 350 1416 duti,
364 1394 415 1413 non
431 1386 494 1412 nudi
508 1387 676 1412 inveniamur
685 1387 718 1412 ³⁷.
732 1385 793 1412 Non
807 1385 873 1412 nttdi
886 1393 901 1412 a
914 1385 1001 1420 gratia
1019 1393 1080 1412 san-

285 1431 322 1458 cti
344 1430 481 1466 Spiritus,
502 1439 585 1466 quam
607 1431 763 1459 nuditatem
785 1436 815 1458 ut
833 1430 934 1458 eiﬁciat
954 1432 1079 1458 innatum

284 1482 327 1504 est
341 1477 440 1504 tunicae
456 1477 589 1504 malarum
605 1478 759 1509 actionum,
772 1486 826 1512 qua
843 1477 956 1504 indutus
969 1477 1021 1504 fuit
1035 1476 1080 1503 ille

288 1523 331 1558 qui
346 1523 453 1558 ejectus
473 1528 515 1550 est
534 1531 550 1550 ο
570 1523 691 1558 nuptiis;
708 1531 789 1558 quam
811 1532 866 1550 non
885 1524 1012 1550 ferebant
1032 1523 1078 1557 qui

287 1569 362 1602 prius
386 1574 466 1596 erant
488 1569 556 1596 nudi
577 1569 741 1604 protoplasti
768 1579 774 1596 :
800 1577 889 1604 neque
913 1577 1009 1596 rursm
1034 1569 1079 1596 illc

1131 328 1173 350 est
1188 322 1319 357 Hesperia
1336 323 1455 357 regionis
1470 322 1663 354 occidentalis,
1676 326 1704 348 et
1718 321 1792 349 terre
1808 321 1843 349 ad
1861 329 1929 349 eum

1130 377 1229 396 aurum
1253 374 1282 396 et
1302 369 1439 404 ejusmodi
1461 369 1624 396 animantia.
1642 369 1702 396 Non
1725 372 1768 396 est
1790 376 1858 403 ergo
1884 369 1931 402 (ut

1131 421 1273 443 ostensum
1291 417 1345 450 est)
1362 423 1478 451 serpens
1497 415 1660 451 prudentior
1675 414 1807 442 omnibus
1827 415 1930 442 bestiis

1132 468 1223 489 terrm.
1236 462 1422 495 Quamobrem
1439 463 1482 489 vel
1499 462 1641 490 diabolum
1657 462 1726 489 dicit
1742 462 1901 496 ingressum
1921 470 1928 487 :

1132 510 1173 535 vel
1195 509 1296 543 ipsum,
1314 509 1419 536 nudum
1443 509 1565 543 appellat
1586 513 1744 543 serpentem
1767 507 1928 542 Scriptura.

1131 555 1196 582 Mihi
1217 560 1310 583 autem
1331 555 1452 587 videtur,
1468 555 1557 590 prius,
1574 555 1674 582 melius
1691 554 1826 582 secundo.
1843 554 1930 589 Sym-

1132 602 1247 629 machus
1266 603 1340 629 enim
1362 607 1390 629 et
1412 601 1523 636 Aquila,
1540 609 1590 636 pro
1613 601 1779 636 prudentior,
1795 599 1932 627 dixerunt

1131 648 1255 675 callidior
1269 658 1278 676 :
1292 649 1366 683 quod
1381 648 1494 683 quidem
1509 648 1622 682 proprie
1636 647 1801 682 intelligitur
1812 651 1841 673 et
1855 646 1926 673 dici-

1134 701 1177 722 tur
1193 696 1227 722 de
1245 695 1342 722 doloso
1359 699 1457 722 nostro
1474 694 1644 721 adversario.
1662 693 1691 721 Si
1710 697 1801 720 autem
1819 692 1930 727 quxris

1132 750 1181 767 cur
1193 748 1248 768 non
1268 741 1343 768 nude
1364 741 1422 767 haec
1441 740 1514 767 Deus
1531 745 1598 767 tunc
1613 743 1657 766 est
1672 738 1792 769 locutus,
1807 738 1856 765 sed
1876 746 1929 772 pro

1132 785 1242 812 diabolo
1258 785 1413 812 nominavit
1438 790 1610 820 serpentem,
1635 788 1730 819 aperte
1752 783 1830 810 disce
1848 783 1925 818 quod

1132 840 1194 858 cum
1212 832 1282 859 mala
1299 837 1326 858 et
1340 831 1491 858 libidinosa
1509 835 1590 866 gente
1607 830 1734 865 loquens,
1750 830 1842 857 noluit
1857 837 1925 864 ape-

1134 880 1188 905 rire
1205 878 1300 906 lsraeli
1317 885 1409 913 neque
1425 885 1487 912 quae
1503 877 1538 904 ad
1556 877 1668 912 angelos
1689 880 1814 911 spectant
1833 883 1924 910 neque

1132 933 1193 960 qua:
1213 924 1247 952 ad
1269 925 1398 952 Satanam
1419 925 1467 959 qui
1488 924 1662 952 conculcavit
1683 923 1783 954 Evam,
1804 930 1840 950 ne
1861 930 1926 949 eum

1133 972 1257 998 colerent
1276 976 1304 998 et
1325 971 1474 998 adorarent
1492 974 1625 1006 tanquam
1647 969 1703 997 Deo
1722 969 1880 1001 fortiorem,
1898 973 1927 995 ut

1132 1017 1180 1052 qui
1193 1018 1328 1052 potuisset
1341 1025 1391 1044 sua
1406 1016 1552 1052 prudentia
1564 1015 1748 1051 protoplastos
1766 1022 1783 1042 ιι
1805 1014 1864 1041 Deo
1890 1013 1924 1040 ad

1134 1072 1163 1091 se
1178 1063 1330 1090 attrahere.
1348 1062 1390 1090 Tu
1413 1067 1507 1090 autem
1517 1069 1580 1089 cum
1592 1060 1717 1088 audieris
1727 1060 1800 1095 quod
1810 1067 1922 1095 serpens

1132 1116 1190 1137 erat
1214 1111 1369 1146 prudentior
1391 1109 1514 1136 omnibus
1536 1108 1627 1136 bestiis
1649 1112 1740 1139 terra,
1756 1107 1830 1134 scias
1852 1105 1928 1141 quod

1132 1165 1216 1192 super
1229 1163 1339 1183 omnem
1353 1156 1503 1183 humanam
1521 1153 1698 1190 prudentiam
1715 1157 1757 1180 est
1771 1152 1856 1187 longe
1869 1151 1929 1178 for-

1132 1203 1186 1231 tior
1207 1202 1311 1230 diaboli
1333 1201 1482 1230 calliditas.
1503 1200 1691 1234 Quamobrem
1713 1198 1824 1226 dicebat
1845 1197 1930 1225 nobis

1131 1249 1266 1276 Dominus
1281 1257 1287 1274 z
1303 1248 1395 1274 Eslote
1409 1247 1551 1282 prudentes
1565 1246 1634 1273 sicut
1649 1248 1785 1280 serpentes
1793 1243 1931 1270 "'.-Nam

1130 1295 1261 1330 quoniam
1280 1294 1355 1329 genti
1371 1302 1433 1328 quae
1450 1301 1507 1320 non
1523 1293 1605 1320 facile
1621 1295 1733 1327 poterat
1748 1289 1929 1326 persuaderi.

1131 1341 1159 1368 in
1182 1340 1285 1368 vertice
1311 1339 1387 1366 illius
1410 1338 1514 1366 montis
1543 1338 1619 1366 Sinai
1643 1338 1717 1365 Deus
1742 1343 1794 1372 per
1828 1336 1928 1363 Mosen

1131 1387 1220 1421 legem
1243 1386 1351 1413 terebat
1365 1405 1373 1417 ν
1405 1393 1438 1413 ea
1459 1385 1493 1412 de
1515 1391 1599 1412 causa
1622 1391 1685 1411 cum
1708 1383 1767 1410 haec
1791 1382 1933 1409 scriberet

1131 1438 1236 1460 terrere
1257 1432 1354 1459 volens
1375 1431 1549 1458 incredulum
1572 1430 1710 1461 lsraelem,
1729 1429 1770 1456 eis
1792 1427 1933 1455 describit

1131 1479 1217 1514 legem
1233 1486 1295 1513 qua:
1310 1477 1374 1505 data
1390 1483 1433 1504 est
1446 1477 1562 1509 Adamo,
1578 1482 1606 1503 et
1623 1475 1884 1511 transgressionem,
1901 1479 1932 1501 et

1131 1532 1242 1560 poenas,
1260 1528 1288 1552 et
1310 1523 1477 1555 sententias,
1495 1527 1524 1550 et
1545 1521 1772 1550 ineondonabiles
1794 1520 1932 1548 extermi-

1131 1571 1276 1602 nationes,
1299 1575 1327 1597 et
1348 1569 1411 1596 illas
1434 1568 1589 1595 horrendas
1613 1567 1748 1595 adversus
1769 1570 1931 1600 serpentem

284 1615 384 1650 justus,
401 1620 429 1642 ct
449 1616 516 1642 nulli
536 1616 625 1642 allinis
646 1615 871 1650 reprehensioni,
887 1621 915 1642 et
935 1615 997 1650 pius
1015 1615 1075 1642 Job.
1091 1626 1111 1654 (ς
1129 1617 1347 1649 exsecrationes,
1366 1621 1395 1643 et
1413 1615 1526 1642 dolores
1550 1619 1578 1641 et
1600 1614 1721 1649 gemitus
1741 1611 1883 1643 mulieris,
1901 1616 1931 1638 et

285 1660 318 1687 Et
337 1661 400 1688 ideo
417 1661 529 1688 dicebat
549 1671 554 1687 :
573 1661 666 1688 Nudus
684 1662 719 1688 ab
736 1661 811 1688 muni
830 1667 943 1696 peccato
960 1663 1029 1689 exivi
1048 1671 1079 1688 ea:

286 1711 376 1733 uentre
395 1709 488 1734 matris
506 1716 581 1739 lllt’tl’,
598 1708 630 1734 ab
646 1716 675 1734 eo
691 1716 794 1743 quoque
811 1709 895 1735 nudus
913 1709 1032 1735 rt’t‘cdum
1045 1709 1078 1735 "'.

286 1751 357 1778 Num
370 1756 462 1778 autem
476 1757 504 1778 et
515 1752 648 1779 Dominus
660 1757 688 1779 et
700 1761 750 1780 nos
765 1759 825 1787 post
837 1755 1078 1786 resurrectionem,

288 1798 315 1824 in
332 1806 364 1824 ea
381 1798 506 1832 corporis
527 1797 650 1825 nuditate
673 1797 750 1825 nullo
771 1797 876 1833 pudore
897 1799 1087 1833 perfundcndi.

287 1844 402 1875 erimus,
418 1845 476 1878 ipse
493 1851 603 1879 quoque
618 1843 746 1871 advel-tes
761 1849 788 1872 et
803 1845 960 1872 adnotabis.

322 1890 435 1925 Serpens
451 1895 539 1917 autem
554 1896 611 1916 erat
624 1891 780 1924 prudentior
792 1891 910 1917 omnibus
924 1891 1011 1918 bestiis
1023 1899 1082 1926 qua:

287 1941 348 1963 sunt
369 1944 450 1970 supra
473 1942 583 1962 terram.
601 1934 679 1968 Quod
701 1940 725 1962 et
748 1941 882 1970 quantum
901 1936 1001 1963 attinet
1017 1937 1080 1971 qui-

287 1981 349 2008 dem
367 1982 400 2007 ad
420 1980 596 2015 prudentiam
613 1989 674 2015 qu:c
689 1985 731 2008 est
747 1981 772 2008 in
787 1988 853 2008 voce
868 1986 896 2008 et
911 1986 1009 2008 natura
1026 1990 1080 2009 non

287 2027 395 2054 ratione
412 2026 538 2061 praedita,
554 2026 640 2053 multa
656 2034 716 2054 esse
730 2027 859 2054 animalia
875 2032 1003 2062 serpente
1017 2035 1082 2062 pru-

288 2073 426 2105 dentiura,
439 2081 520 2100 nemo
533 2073 580 2108 qui
594 2074 664 2107 sapit
676 2074 886 2101 contradixerit.
898 2074 994 2108 Neque
1007 2075 1081 2102 enim

288 2120 400 2146 domum
418 2119 550 2150 custodit,
566 2126 655 2154 neque
672 2127 785 2155 gregem
803 2127 925 2154 unquam
941 2125 1036 2148 servat
1053 2126 1082 2148 ut

289 2164 382 2196 canis;
397 2173 451 2191 non
466 2165 541 2191 fures
553 2165 647 2199 abigit,
661 2173 712 2192 nec
726 2171 810 2193 terret
821 2166 908 2199 feras;
923 2174 976 2193 non
991 2171 1080 2198 curat,

289 2211 375 2238 wiuti
392 2211 510 2246 quadam
528 2215 588 2238 arte
606 2211 760 2242 medieinte,
779 2211 908 2244 vulnera;
929 2220 1019 2247 neque
1030 2221 1082 2240 suo

289 2258 401 2285 domino
421 2258 560 2292 privatus.
577 2257 662 2292 ejulat
683 2263 711 2284 et
730 2257 828 2290 deﬂet,
843 2265 906 2285 eum
924 2258 1080 2293 requirens.

1132 1663 1248 1690 sudores
1268 1666 1295 1689 et
1313 1665 1394 1688 teme
1412 1659 1645 1690 exsecrationem,
1659 1662 1688 1685 et
1704 1658 1765 1692 ejus
1783 1655 1880 1691 spinas
1901 1662 1932 1682 et

1133 1707 1261 1738 tribulos,
1276 1711 1304 1733 et
1316 1705 1415 1733 mortis
1429 1704 1608 1736 sententiam,
1622 1709 1651 1731 et
1666 1703 1693 1730 in
1709 1707 1811 1729 terram
1825 1709 1861 1729 ex
1873 1708 1931 1744 qua

1131 1755 1261 1785 sumptus
1277 1754 1321 1777 est
1336 1749 1539 1781 reversionem,
1553 1752 1582 1775 et
1596 1748 1742 1775 interitum
1758 1746 1881 1774 hominis
1897 1753 1931 1773 ac

1131 1796 1353 1824 dissolutionem.
1367 1792 1434 1828 Quae
1449 1794 1563 1829 quidem
1581 1794 1675 1822 omnia
1691 1793 1765 1828 passi
1780 1797 1846 1820 sunt
1861 1799 1929 1827 pro-

1132 1843 1262 1878 topiasti,
1283 1843 1415 1877 quoniam
1438 1841 1575 1869 scelerato
1597 1841 1722 1876 serpenti
1744 1839 1930 1871 obedientes,

1132 1890 1224 1917 conati
1242 1894 1308 1916 sunt
1323 1889 1431 1924 seipsos
1447 1887 1515 1915 deos
1530 1887 1631 1919 facere,
1647 1887 1674 1913 in
1692 1889 1883 1921 contemptum
1900 1889 1934 1912 et

1132 1937 1317 1964 defectionem
1340 1936 1375 1963 ab
1398 1943 1455 1962 uno
1477 1939 1505 1961 et
1528 1934 1588 1961 solo
1611 1941 1678 1961 vero
1702 1933 1773 1965 Deo;
1799 1932 1932 1966 rapinam

1132 1983 1259 2010 arbitrati
1273 1982 1329 2010 Deo
1341 1989 1403 2009 esse
1415 1981 1548 2016 azquales,
1562 1980 1615 2007 hoc
1627 1983 1683 2011 est,
1696 1979 1885 2006 ascensionem
1899 1983 1933 2004 et

1132 2029 1161 2055 in
1179 2027 1265 2054 altum
1284 2027 1444 2059 elationem,
1460 2032 1487 2053 et
1504 2033 1589 2060 super
1606 2024 1719 2059 angelos
1734 2023 1930 2051 extensionem

1133 2075 1154 2101 si
1176 2074 1215 2101 dii
1237 2073 1346 2101 tierent.
1363 2073 1421 2100 Hoc
1440 2073 1515 2099 enim
1536 2071 1619 2099 tacite
1638 2069 1810 2105 signiﬁcabat
1829 2069 1926 2096 consi-

1133 2121 1200 2147 lium
1215 2118 1312 2146 diceus
1332 2129 1338 2146 ι
1355 2119 1438 2146 Erilis
1454 2119 1521 2145 sicut
1535 2117 1572 2144 dii
1588 2120 1770 2152 cognoscentes
1786 2115 1883 2141 bonum
1899 2119 1930 2140 et

1133 2166 1245 2199 malum,
1263 2165 1369 2193 scilicet
1389 2165 1461 2191 ultra
1484 2168 1605 2192 mentem
1627 2162 1792 2198 angelicam,
1810 2160 1834 2188 si
1858 2159 1929 2187 tacti

1132 2217 1225 2240 essent
1252 2212 1303 2239 dii.
1330 2211 1394 2239 llaec
1422 2216 1514 2238 autem
1544 2210 1638 2237 omnia
1667 2207 1824 2243 exponebat
1851 2207 1931 2234 Deus

1134 2256 1248 2292 populo,
1262 2263 1311 2283 eos
1330 2255 1470 2290 repellens
1488 2260 1517 2283 et
1535 2254 1620 2282 veluti
1641 2254 1796 2289 reprimens
1816 2261 1831 2279 ιι
1850 2251 1931 2279 defe-

289 2303 383 2336 Neque
403 2311 499 2330 rursus
518 2303 592 2338 quod
611 2303 742 2338 sphinges
760 2309 788 2330 et
807 2304 904 2337 simiae,
918 2309 1010 2339 potest
1029 2313 1081 2332 un-
1099 2304 1119 2330 ι)
1135 2303 1226 2329 ctione
1249 2309 1303 2338 qua
1326 2302 1421 2329 statim
1447 2302 1611 2328 laborarunt
1636 2301 1663 2328 in
1687 2300 1789 2330 Horeh.
1807 2307 1872 2326 cum
1897 2299 1929 2326 hi

289 2357 370 2383 quam
386 2357 501 2383 serpens
519 2349 620 2376 imitari
638 2355 666 2376 et
677 2350 806 2385 eﬂingere
819 2350 920 2385 tlguras
931 2355 1081 2385 gestusque

289 2398 318 2432 et
329 2394 419 2420 studia
433 2394 587 2421 hominum.
597 2393 645 2421 His
656 2394 731 2421 enim
744 2395 933 2422 animantibus
956 2396 1084 2424 humanm

291 2445 397 2466 natura:
420 2439 478 2466 fere
502 2440 572 2467 nihil
597 2439 685 2472 deest,
701 2441 752 2469 nisi
779 2441 870 2468 solum
896 2443 995 2469 oratio.
1014 2443 1081 2470 Nam

292 2485 407 2512 naturali
422 2485 542 2520 quodam
559 2485 656 2513 habitu
672 2485 776 2514 habent
792 2492 819 2514 et
833 2495 926 2514 rerum
941 2493 969 2515 et
984 2488 1083 2523 ﬁgura-

291 2540 353 2558 rum
368 2539 436 2566 quas
450 2531 546 2559 rident
559 2532 743 2559 imitationem
756 2539 784 2560 et
797 2533 1034 2561 exercitationem.
1049 2535 1083 2562 Et

291 2576 354 2605 ideo
374 2578 462 2605 simiae
482 2578 577 2606 διξερε
598 2578 742 2611 dicuntur,
759 2578 881 2614 πίθηκοι,
897 2580 939 2606 ὅτι
953 2581 1005 2606 πὰν
1023 2581 1083 2615 t0:-

292 2625 427 2656 mlo-atat,
443 2624 468 2651 id
484 2630 537 2657 υςι,
551 2625 682 2659 quoniam
695 2633 792 2653 omnes
806 2633 898 2653 mores
911 2627 1081 2661 exprimunt.

292 2670 385 2705 fit-que
401 2671 576 2699 abominetur
592 2671 703 2698 auditur
719 2672 800 2707 huius
816 2672 944 2700 animalis
958 2673 1082 2708 appella-

294 2717 397 2745 tionem
421 2716 550 2752 tanquam
574 2717 712 2752 indignam
737 2719 853 2745 auribus
875 2719 1083 2748 ecclesiasticis.

292 2762 428 2790 Audimus
441 2763 518 2789 enim
528 2770 625 2789 eorum
638 2770 698 2796 quae
713 2767 777 2789 sunt
790 2763 835 2790 bis
850 2763 968 2795 minora,
984 2763 1010 2791 in
1027 2764 1085 2798 lege

294 2810 351 2836 ticri
373 2810 543 2836 mentionem
563 2809 597 2836 ab
619 2808 677 2843 ipso
698 2809 844 2843 impolluto
863 2819 910 2837 ore
929 2811 987 2838 Dei.
1000 2810 1071 2843 Quin

292 2856 377 2882 etiam
407 2858 434 2882 in
463 2856 544 2882 tertio
570 2855 642 2882 libro
674 2856 777 2889 Regum
806 2857 961 2884 inuenimus
989 2864 1084 2883 narem

329 2953 350 2969 "
365 2953 384 2979 Ii
400 2954 462 2980 Cor.
475 2962 501 2986 ν,
512 2953 538 2980 '2.

577 2954 599 2969 "
613 2953 679 2980 ibid.
693 2953 719 2980 5.
757 2953 780 2970 "
790 2953 841 2981 Job
855 2954 928 2988 t,‘:!|.

1133 2356 1276 2376 sermones
1306 2348 1406 2375 adhuc-
1425 2348 1492 2375 Mosi
1519 2347 1682 2375 dicerentur
1709 2347 1736 2373 in
1762 2351 1874 2378 monte,
1898 2350 1929 2372 et

1132 2395 1217 2422 etiam
1230 2395 1265 2421 ab
1278 2394 1342 2422 aliis
1356 2398 1452 2428 postea
1465 2394 1569 2421 secutis
1584 2393 1760 2424 idololatriis,
1773 2400 1835 2426 qua:
1848 2391 1929 2418 illinc

1133 2447 1303 2476 acceperunt
1330 2441 1442 2468 initium
1469 2439 1701 2475 transgressionis
1726 2439 1761 2466 ab
1786 2439 1834 2466 illo
1862 2438 1929 2465 mali

1135 2492 1247 2514 auctore
1268 2490 1412 2520 serpente,
1431 2491 1459 2512 et
1479 2494 1494 2512 ει
1515 2485 1589 2519 ligno
1610 2483 1684 2518 quod
1704 2484 1808 2511 dicitur
1828 2482 1928 2510 inohe-

1135 2533 1257 2560 dientite.
1276 2533 1310 2560 Et
1327 2533 1445 2559 fortasse
1462 2539 1494 2558 ea
1512 2532 1547 2558 de
1565 2539 1648 2558 causa
1667 2531 1741 2557 Deus
1758 2529 1791 2556 ad
1809 2538 1858 2556 eos
1876 2530 1930 2556 ad—

1135 2577 1290 2606 monendos
1308 2583 1336 2605 et
1353 2577 1387 2605 ad
1407 2577 1593 2605 revocandum
1611 2578 1653 2604 eis
1670 2577 1697 2603 in
1715 2575 1876 2603 memoriam
1895 2583 1929 2602 ea

1134 2633 1196 2660 quin!
1210 2625 1280 2652 facta
1296 2629 1361 2652 sunt
1379 2625 1404 2652 in
1421 2624 1562 2659 paradiso,
1577 2623 1620 2650 eis
1633 2623 1743 2650 diversa
1757 2621 1930 2650 unanimiter

1133 2671 1262 2700 exhibuit
1273 2671 1397 2706 prodigia
1413 2678 1463 2706 per
1477 2674 1637 2705 serpentem
1651 2669 1734 2704 910
1750 2673 1778 2695 et
1794 2668 1900 2702 lignum
1919 2676 1926 2694 :

1135 2724 1210 2745 nunc
1222 2717 1334 2752 quidem
1348 2716 1454 2752 virgam
1470 2716 1554 2743 Musis
1567 2720 1756 2743 transmutans
1770 2714 1798 2740 in
1812 2721 1926 2747 serpen-

1135 2769 1205 2794 tem,
1228 2762 1329 2790 deinde
1353 2767 1512 2798 serpentem
1539 2762 1567 2788 in
1594 2762 1697 2797 lignum
1724 2760 1895 2792 tumtiﬁvam
1917 2768 1924 2785 :

1134 2810 1211 2845 prius
1232 2809 1393 2837 describens
1412 2809 1486 2844 quod
1508 2817 1563 2836 non
1585 2812 1713 2843 oporteat
1731 2806 1844 2833 obedire
1864 2814 1925 2829 ser-

1135 2856 1209 2888 pcnti
1227 2855 1259 2882 ml
1281 2855 1384 2890 lignum
1403 2854 1586 2886 adorandum,
1602 2855 1644 2881 vel
1662 2854 1735 2888 quod
1755 2861 1802 2887 μνι-
1820 2853 1923 2885 ἱίίιεῖλυ

966 2954 1001 2970 η·
1015 2953 1111 2980 Matth.
1124 2961 1152 2986 κ,
1168 2953 1210 2980 l6.
