1980 3271
76 236 138 267 1013

591 210 598 218 .
629 238 670 268 1N
690 236 965 268 HEXAEMERON.
980 249 1013 256 —
1030 237 1104 268 LIB.
1124 237 1162 268 Χ.

1632 231 1700 263 Π)Ῑά

74 290 162 318 crucis
175 289 278 325 perdet
290 293 318 317 et
330 294 420 317 morte
435 289 535 317 amciet
549 290 700 324 paradisini
715 291 780 326 ligni
797 297 862 318 con-
877 293 897 322 Α
913 295 973 318 ctus
984 290 1037 319 nm
1048 292 1188 327 particeps
1199 291 1255 318 dati
1268 299 1283 318 a
1296 291 1412 318 muliere
1428 300 1435 316 :
1448 289 1521 324 quod
1535 289 1647 324 quidem
1659 294 1702 316 est

74 335 205 364 cultorem
221 339 391 369 serpentem.
407 335 524 370 Propter
537 343 619 370 quctn
635 344 731 364 rursus
745 341 773 363 et
786 335 862 372 virga

73 382 218 413 Aaronica,
234 388 267 408 ex
283 381 362 416 ligno
378 381 497 408 animata
515 382 617 416 serpsit
632 390 756 418 serpens,
768 388 796 410 et
810 383 862 410 fal-

70 431 116 456 ‘sas
130 427 253 462 magicas
270 427 297 454 in
316 425 397 463 liguo'
407 428 545 462 serpentis
560 429 737 463 operationes
752 433 863 463 repente

74 473 257 508 consumpsit.
273 473 307 500 Et
322 473 349 500 iu
365 473 441 507 ligno
456 481 554 500 rursus
571 481 686 508 serpens
701 481 794 501 aeneus
809 482 863 511 non

75 519 181 554 spirans
199 520 228 546 in
243 519 357 546 deserto
376 527 530 554 suspensus
549 524 608 547 erat
627 529 640 546 a
660 520 733 547 Mose
757 530 761 545 :
781 520 863 547 tacite

75 567 167 594 dicens
187 566 261 600 quod
278 567 331 593 erit
348 566 495 600 aliquando
514 571 622 601 tempus
640 567 667 593 in
685 574 753 601 quo,
771 567 864 601 subje-

76 617 117 640 cto
131 611 245 639 Christo
260 609 439 647 insuperabili
458 612 568 643 incude,
582 620 731 647 percussus
746 612 864 647 improbi

75 657 181 686 consilii
206 658 334 692 princeps
355 665 470 692 serpens
491 657 580 685 Pilato
603 663 730 692 tanquam
753 658 864 685 mallea-

76 708 131 731 tore
147 703 279 731 malleum
298 704 461 736 incutiente,
475 709 502 730 et
518 705 656 731 ustnlatus
671 709 698 731 et
714 705 822 731 solutus
838 707 867 731 et

75 753 162 776 morte
192 748 331 780 atl‘ectu's,
359 749 386 776 in
416 749 491 784 ligno
521 754 649 777 mortuus
678 754 806 784 tanquam
838 750 864 776 in

76 795 202 822 columna
222 794 336 822 infamia
354 799 466 822 notatus
481 795 671 830 proscribetur
687 794 804 826 mundo,
819 795 866 829 qui

77 848 162 874 usque
188 839 223 867 ad
248 839 302 867 hoc
329 844 439 874 tempus
462 844 522 867 erat
547 841 573 867 in
599 840 749 867 solitudine
777 840 867 867 omnis

76 885 138 912 boni
159 894 165 910 :
182 890 212 912 et
229 885 420 919 reprimentur
437 892 546 912 morsus
565 885 658 920 popuii
676 886 759 912 morsi
776 893 790 912 a
807 893 866 912 scr-

77 936 167 966 peute.

112 976 143 1013 Et
158 977 224 1003 dixit
239 984 347 1010 serpens
366 976 470 1003 mulieri
487 985 495 1003 .'
515 976 584 1009 Quid
600 975 670 1010 quod
685 975 751 1003 dixit
769 976 838 1002 Deus
857 997 864 1008 ,

75 1022 132 1050 Non
147 1022 290 1048 comedetis
307 1029 337 1048 ea:
352 1023 424 1048 omni
440 1022 512 1057 ligno
540 1022 608 1057 quod
626 1025 663 1048 est
680 1022 706 1048 in
724 1021 868 1057 paradiso?

77 1068 112 1095 Et
126 1068 195 1094 dixit
212 1067 307 1094 mulier
322 1069 437 1103 serpenti
455 1076 463 1095 :
480 1067 522 1094 Ea:
537 1069 608 1094 omni
625 1068 695 1104 ligno
709 1067 778 1103 quod
791 1072 828 1094 est
841 1067 868 1093 in

77 1114 204 1149 paradiso
221 1113 392 1144 comedimus,
408 1113 439 1139 de
456 1113 544 1148 fructu
561 1119 650 1140 autem
668 1114 733 1148 ligni
748 1113 817 1149 quod
832 1117 868 1139 est

77 1163 103 1186 in
116 1159 204 1186 media
217 1159 337 1194 paradisi
350 1159 416 1186 dixit
429 1159 509 1190 Deus,
521 1159 560 1186 Ne
574 1168 605 1186 ea:
618 1168 647 1187 eo
658 1160 811 1190 camedatt‘s,
824 1167 869 1184 ne-

78 1214 125 1241 que
135 1206 265 1241 tangatis,
277 1212 312 1233 γισ
322 1207 484 1233 moriamini.
497 1206 531 1234 Et
542 1207 610 1234 dixit
621 1215 729 1242 serpens
743 1207 849 1234 mulieri
861 1215 869 1233 :

79 1252 160 1280 Morte
178 1260 231 1279 non
251 1253 420 1284 mariemim',
436 1253 534 1280 sciebat
553 1255 623 1280 enim
643 1253 713 1280 Deus
732 1253 801 1288 quod
820 1261 870 1285 quo

78 1297 117 1323 die
127 1305 159 1324 ex
172 1305 202 1323 eo
217 1296 392 1329 eomederitis,
407 1298 561 1332 aperientur
572 1298 652 1324 vestri
667 1297 747 1329 oculi,
760 1302 783 1324 et
798 1297 870 1324 eritis

80 1346 208 1378 tanquam
220 1342 258 1368 dii
271 1346 455 1377 cognoscentes
468 1343 564 1369 bonum
578 1347 601 1369 et
614 1342 724 1369 malum.
735 1342 813 1375 Quod
827 1342 872 1369 hic

80 1387 194 1423 quidem
216 1388 418 1415 sententiarum
439 1395 471 1415 ac
490 1388 736 1423 intelligentiarum
759 1388 872 1423 pelagus

78 1437 107 1461 et
127 1434 280 1460 obseurum
303 1434 485 1468 profundum,
505 1442 589 1469 supra
610 1435 703 1462 omnia
725 1442 786 1469 quae
809 1439 873 1461 sunt

81 1479 260 1510 transmissa,
278 1479 360 1507 nobis
376 1480 413 1507 sit
431 1480 602 1515 propositum
620 1488 674 1508 non
691 1485 734 1507 est
748 1486 872 1508 nostrum

80 1526 175 1553 dicere
200 1534 207 1552 :
229 1525 370 1560 proposita
391 1525 465 1552 enim
487 1525 573 1552 dictio
593 1525 646 1553 hoc
663 1533 696 1553 ex
715 1533 743 1553 se
763 1526 871 1554 clamat.

80 1571 167 1604 Quam
181 1571 229 1606 qui
244 1571 376 1598 historice
388 1576 416 1598 et
428 1580 483 1598 non
498 1572 682 1606 spiritualiter
695 1572 787 1607 potius
800 1572 874 1599 acci-

81 1618 179 1652 piunt,
197 1616 247 1644 sed
269 1621 408 1644 venantur
430 1616 567 1644 dictiones
591 1627 597 1644 :
618 1618 713 1644 nescio
737 1616 875 1652 quomodo

81 1663 192 1697 solvent
210 1663 383 1697 objectiones
400 1663 518 1698 qum-eis
531 1662 601 1690 ﬁunt
617 1663 653 1690 ab
672 1663 786 1690 Irenaeo.
804 1662 874 1690 Dicit

80 1699 155 1736 enim
174 1707 322 1735 decertans
338 1709 471 1736 adversus
487 1709 710 1737 haeresiarchiam
725 1717 874 1736 exsecran-

81 1753 182 1780 dorum
203 1752 369 1787 Ophitarum
392 1762 398 1780 :
419 1753 562 1785 Quomodo
581 1754 639 1782 ﬁeri
658 1759 750 1787 potest
768 1760 798 1783 ut
815 1763 874 1782 εει-α

81 1807 151 1834 pens
170 1799 218 1833 qui
240 1799 329 1826 factus
346 1804 390 1826 est
407 1807 422 1826 a
439 1799 505 1832 Deo,
521 1806 630 1831 natura,
647 1808 745 1836 expers
763 1801 876 1829 rationis

80 1849 108 1872 et
121 1844 234 1875 mentis.
248 1845 355 1872 ratione
364 1845 496 1880 praeditus
507 1850 535 1873 et
547 1846 663 1880 loqueris
672 1847 798 1874 dicatur?
808 1847 875 1874 Nam

81 1890 103 1917 si
125 1890 180 1916 sibi
201 1898 254 1916 suo
276 1891 348 1917 l'acto
365 1891 550 1918 commodavit
567 1892 711 1923 rationem,
728 1897 756 1919 et
770 1893 875 1920 discre-

82 1935 207 1964 tionem.
225 1940 252 1962 et
275 1935 483 1970 intelligentiam
502 1941 529 1963 et
552 1938 758 1972 responsionem
778 1945 875 1965 eorum

81 1989 142 2016 qua:
158 1982 328 2008 dicebantur
339 1989 353 2009 a
369 1983 494 2015 muliere,
524 1991 590 2017 ergo
605 1989 632 2010 et
647 1984 736 2010 cuivis
754 1983 876 2018 serpenti

80 2035 136 2054 non
153 2033 196 2055 est
211 2027 328 2054 vetitum
345 2029 494 2062 quominus
509 2029 562 2056 hoc
578 2029 668 2056 faciat.
683 2029 710 2056 Si
727 2034 817 2056 antem
832 2029 875 2056 di-

80 2078 156 2105 cent,
172 2073 272 2100 divino
285 2074 402 2100 consilio
418 2079 446 2101 et
458 2074 663 2108 dispensatione
679 2081 741 2100 eum
756 2073 874 2101 humana

79 2119 210 2146 oratione
227 2119 330 2153 alloqui
350 2118 434 2147 Evam
447 2141 454 2152 ,
482 2123 608 2146 statuunt
626 2119 713 2146 Deum
733 2124 881 2146 auctorem-

79 2164 202 2198 peccati.
220 2163 275 2190 Sed
298 2171 390 2198 neque
413 2165 531 2199 maligno
553 2165 618 2192 licet
639 2165 772 2196 thr-tinnit,
788 2173 821 2192 ex
844 2173 876 2191 eo

78 2210 155 2244 quod
175 2217 232 2236 non
252 2214 294 2236 est
311 2210 344 2237 ad
363 2211 415 2237 hoc
435 2215 465 2237 ut
483 2211 533 2243 sit,
550 2215 656 2237 natura:
671 2218 731 2245 qua:
744 2216 819 2238 caret
832 2219 876 2238 ra-

80 2256 159 2283 tione
172 2256 271 2290 largiri
284 2258 435 2288 rationem;
450 2263 512 2283 nam
526 2264 667 2291 nunquam
682 2256 830 2283 cessaterit
843 2256 875 2283 ad

78 2301 211 2329 fraudem
233 2309 282 2335 per
296 2306 439 2336 serpentes
452 2308 481 2329 et
495 2302 598 2329 bestias
611 2306 639 2329 et
653 2303 778 2329 volucres
799 2303 874 2337 loqui

78 2355 146 2374 cum
170 2348 334 2374 hominibus
354 2353 382 2376 et
402 2356 451 2375 eos
471 2349 611 2383 decipere.
628 2349 705 2377 [inde
727 2355 831 2380 autem,
849 2355 877 2377 et

77 2400 146 2420 cum
167 2397 244 2420 esset
263 2393 362 2425 bestia,
379 2394 485 2421 audivit
503 2395 662 2422 mandatum
682 2395 755 2430 quod
775 2404 790 2423 a
810 2396 877 2427 Deo,

78 2439 191 2466 homini
214 2444 243 2466 ct
263 2440 324 2471 soli,
340 2440 454 2475 mystice
472 2440 567 2468 datum
586 2446 628 2468 est
654 2451 659 2468 :
682 2449 745 2468 eum
769 2450 803 2468 ne
825 2443 878 2469 hoc

79 2485 199 2518 quidem
217 2485 274 2519 ipsa
290 2484 434 2512 didicisset
446 2485 560 2512 mulier?
573 2485 629 2513 Cur
642 2491 733 2513 autem
753 2493 807 2514 non
826 2495 877 2521 po—

79 2530 140 2556 tius
152 2530 295 2557 hominem
309 2538 391 2565 quam
404 2532 491 2565 ipsam
504 2532 650 2566 aggressus
662 2537 703 2559 est
715 2532 878 2559 mulierem?

78 2576 164 2609 Quod
188 2576 212 2603 si
232 2576 301 2603 mihi
321 2577 426 2604 dixeris
445 2578 519 2611 quod
540 2576 573 2603 ad
595 2585 655 2604 eam
679 2579 827 2605 accesserit
849 2583 879 2605 ut

77 2630 148 2660 qua:
168 2626 245 2649 eset
264 2623 440 2655 imbecillior,
471 2627 566 2650 contra
587 2623 684 2651 fortior
704 2632 737 2651 ac
760 2624 880 2653 virilior,

79 2673 221 2703 tanquam
245 2668 364 2703 adiutrix
382 2669 503 2697 hominis
526 2670 655 2704 apparuit
676 2670 704 2696 in
727 2674 880 2705 transgres-

79 2717 166 2744 sione
185 2716 322 2744 mandati.
339 2717 398 2752 lpsa
416 2718 489 2744 enim
505 2721 534 2745 et
549 2718 607 2744 sola
625 2718 730 2744 resistit
746 2718 879 2752 serpenti,

78 2767 108 2790 et
127 2770 194 2790 cum
210 2762 329 2797 quadam
347 2763 503 2797 obiectione
520 2767 548 2790 et
565 2764 742 2791 contentione
762 2763 881 2799 (callidi-

80 2812 142 2836 tate
161 2809 305 2843 superata)
321 2809 441 2836 comedit
453 2817 486 2836 ex
503 2809 592 2844 ligno;
608 2809 693 2837 Adam
711 2815 802 2837 autem
820 2819 881 2839 eum

78 2854 158 2882 nihil
175 2854 295 2881 omnino
309 2854 492 2890 depugnasset
509 2860 557 2882 aut
576 2856 804 2891 contradixisset,
821 2858 881 2884 fru—

119 2944 145 2960 ”
157 2943 336 2974 Gen.m.13.

375 2945 497 2974 "'Joaa.
510 2955 529 2979 ι,
545 2947 585 2974 tS.
625 2948 738 2976 ‘P-lattii.
753 2956 807 2981 xxx,
822 2949 861 2976 l'l.

912 342 1039 372 apertum
1055 337 1190 370 indicium
1204 337 1333 372 perfecta
1347 335 1546 364 imbecillitatis
1560 339 1589 363 et
1600 336 1702 362 tuentis

913 383 1026 417 Ignavae.
1044 383 1112 411 Nam
1129 383 1239 410 mulieri
1257 382 1370 417 quidem
1387 385 1429 408 est
1445 380 1656 416 ignoscendum,
1672 385 1702 406 ut

913 437 975 463 qua:
986 429 1071 456 fuerit
1082 435 1211 463 superata
1226 437 1241 456 a
1256 433 1384 463 serpente
1401 437 1407 455 :
1420 427 1525 454 Adamo
1539 430 1632 453 autem
1645 433 1701 452 non

908 480 956 511 est
971 475 1179 510 ignoscendum,
1192 479 1221 502 ut
1233 474 1279 510 qui
1293 474 1377 502 fuerit
1390 478 1536 508 superatus
1547 480 1562 499 a
1574 471 1700 502 muliere.

915 528 977 548 eum
1002 521 1060 555 ipse
1088 521 1115 548 iu
1138 521 1249 556 propria
1276 527 1392 555 persona
1417 527 1432 546 a
1457 519 1514 546 Deo
1543 519 1701 545 mundanum

915 566 1062 599 acceperit.
1081 566 1147 593 Nam
1171 566 1271 593 mulier
1287 573 1350 592 cum
1368 565 1403 591 ab
1420 565 1525 592 Adamn
1543 563 1702 590 nmndatum

915 612 1049 643 audisset,
1076 611 1115 639 ita
1128 612 1180 638 fuit
1193 612 1291 638 aﬂ'ecta
1308 616 1338 638 ut
1351 615 1554 641 contemneret,
1569 610 1611 636 vel
1627 609 1701 643 quod

916 664 970 683 non
989 656 1070 691 digna
1087 662 1162 684 esset
1177 657 1271 684 habita
1288 664 1350 684 cum
1363 664 1422 690 qua
1439 656 1513 683 Deus
1530 656 1701 689 loqueretur.

915 702 958 728 vel
977 708 1007 730 ut
1022 710 1082 737 qua:
1098 704 1168 730 forte
1185 703 1326 730 dubitaret
1341 707 1369 729 et
1384 702 1556 729 existimaret
1568 701 1701 728 Adamum

917 746 970 774 hoc
983 755 1017 773 cx
1032 755 1061 774 se
1074 747 1099 774 ei
1115 747 1274 775 mandatum
1288 747 1410 775 dedisse.
1422 747 1475 774 Ubi
1490 750 1582 774 autent
1600 746 1705 772 invenit

917 799 1033 826 serpens
1046 800 1105 820 eam
1121 801 1245 820 seorsum
1262 797 1400 828 agentem,
1416 797 1446 820 ut.
1461 797 1555 826 posset
1569 799 1629 818 eam
1647 793 1705 825 pri~~

918 838 1001 864 vatizn
1014 838 1128 872 alloqui,
1139 847 1198 865 eam
1212 844 1259 866 aut
1270 839 1368 866 videns
1380 838 1569 865 comedentem
1582 844 1615 863 ex
1626 837 1706 870 lignis

919 888 964 910 aut
979 892 1034 910 non
1049 884 1251 917 comedentcm,
1265 885 1365 913 obtulit
1378 885 1471 912 cibum
1484 884 1561 919 ligni.
1576 883 1609 910 Et
1622 883 1706 917 siqniv

918 931 979 956 dum
996 931 1198 962 comedentem,
1212 935 1254 957 est
1264 931 1442 965 perspicuum
1458 930 1532 965 quod
1546 937 1577 957 ea
1594 934 1666 957 esset
1679 929 1705 955 in

919 983 1034 1010 corpore
1057 975 1084 1002 in
1106 976 1179 1010 qttod
1201 976 1274 1003 cadit
1294 976 1423 1004 interitus
1447 985 1453 1002 :
1473 975 1608 1010 quidquid
1632 975 1706 1002 enim

920 1022 1004 1048 intrat
1028 1021 1054 1049 in
1079 1030 1119 1053 os,
1138 1022 1213 1048 vadit
1237 1022 1265 1048 in
1290 1030 1440 1050 secessum.
1459 1022 1487 1049 Si
1508 1029 1575 1056 ergo
1598 1021 1623 1048 in
1646 1028 1705 1047 cam

920 1065 1035 1092 cadebat
1049 1066 1188 1097 interitus.
1202 1072 1243 1094 est
1257 1067 1433 1102 perspicuum
1449 1066 1523 1101 quod
1537 1070 1610 1093 esset
1623 1065 1706 1092 etiam

920 1111 1054 1139 mortalis.
1074 1111 1101 1138 Si
1123 1116 1215 1139 autem
1232 1116 1291 1139 erat
1307 1112 1448 1143 mortalis,
1465 1120 1519 1139 non
1536 1116 1597 1138 erat
1613 1110 1708 1146 utique

920 1158 1089 1189 exsecratio,
1106 1166 1195 1192 neque
1217 1158 1362 1186 sententiae
1381 1157 1569 1193 pronuntiatio
1587 1164 1641 1183 vox
1662 1156 1708 1183 illa

921 1203 968 1230 Dei
984 1203 1079 1231 dicens
1096 1204 1200 1231 homini
1219 1214 1225 1231 ε
1241 1205 1321 1231 Terra
1338 1213 1375 1235 ts,
1392 1211 1414 1230 et
1432 1206 1457 1231 in
1477 1209 1576 1231 terram
1593 1207 1707 1230 reverte-

923 1249 958 1275 ris
971 1248 992 1264 "
1009 1258 1014 1274 :
1035 1249 1107 1275 sicut
1121 1251 1204 1276 etiam
1221 1249 1304 1276 habet
1319 1257 1410 1276 rerum
1427 1249 1537 1276 veritas.
1554 1248 1602 1276 Sin
1617 1253 1708 1276 autem

924 1302 1019 1321 rursus
1031 1303 1086 1321 non
1101 1295 1292 1323 comedentem
1306 1303 1421 1330 serpens
1437 1295 1544 1330 aspexit
1555 1295 1710 1323 mulierem.

923 1341 1063 1375 quomodo
1081 1341 1206 1368 traduxit
1221 1342 1254 1368 ad
1273 1341 1472 1369 comedendum
1488 1349 1547 1368 eam
1563 1349 1623 1376 qua:
1639 1349 1711 1368 nun-

923 1392 1004 1418 quam
1019 1385 1193 1412 comederat?

886 959 904 985 Ιι

958 1440 1026 1473 Quis
1042 1445 1132 1468 autem
1149 1441 1214 1468 huic
1228 1449 1339 1476 quoque
1356 1447 1473 1470 cruento
1491 1443 1637 1471 homicidae
1654 1451 1713 1471 ser-

925 1486 1000 1520 pcnti
1020 1486 1163 1517 iudicavit.
1193 1487 1265 1521 quod
1293 1495 1354 1522 quae
1374 1488 1428 1515 lata
1446 1492 1490 1515 est
1508 1496 1523 1515 u
1543 1489 1601 1516 Deo
1621 1489 1648 1516 iu
1667 1496 1716 1516 eos

925 1531 1023 1558 mortis
1046 1532 1198 1563 sententia,
1218 1539 1274 1559 non
1295 1538 1412 1560 ventura
1435 1534 1472 1561 sit
1495 1533 1528 1560 ad
1553 1533 1651 1566 finem,
1667 1535 1714 1569 qui

926 1577 995 1604 dixit
1013 1586 1020 1603 :
1040 1576 1096 1609 Quo
1111 1583 1200 1605 autem
1213 1578 1256 1605 die
1269 1578 1444 1609 eomederitis.
1459 1584 1542 1606 mort:
1557 1580 1714 1607 moriemini.

889 1632 909 1659 ε
927 1623 983 1651 Nec
1010 1623 1063 1650 hoc
1086 1624 1191 1657 solum,
1210 1624 1258 1652 sed
1281 1625 1366 1652 etiam
1391 1631 1453 1653 cum
1476 1633 1509 1652 eo
1532 1625 1605 1660 quod
1628 1631 1717 1654 morte

928 1669 1078 1700 carebunt,
1094 1677 1191 1698 eorum
1214 1671 1377 1705 aperientur
1395 1672 1469 1700 oculi
1491 1672 1538 1708 qui
1559 1672 1639 1707 prius
1660 1679 1716 1700 non

930 1720 1004 1742 recte
1018 1715 1160 1748 videbant,
1174 1723 1206 1744 ea
1224 1720 1316 1744 autem
1332 1725 1393 1751 quae
1408 1717 1511 1746 dicitur
1526 1718 1668 1752 apertione
1683 1718 1717 1746 ad

929 1766 1045 1789 mortem
1059 1762 1195 1791 dederunt
1208 1764 1331 1792 aditum?
1346 1764 1416 1792 Cum
1432 1765 1654 1800 przecedentibus
1668 1774 1716 1795 au-

930 1811 983 1835 tem
1003 1808 1226 1837 dubitationibus
1247 1810 1306 1838 btet:
1324 1818 1435 1845 quoque
1456 1812 1629 1846 coniungam.
1643 1811 1717 1846 Quo-

930 1855 1012 1882 modo
1033 1855 1149 1883 rationis
1165 1863 1264 1890 expers
1280 1861 1308 1884 et
1322 1857 1380 1884 fera
1398 1857 1485 1885 bestia
1504 1857 1609 1885 audivit
1623 1866 1718 1886 vocem

932 1900 989 1930 Dei,
1007 1901 1117 1935 quando
1137 1902 1162 1929 ei
1183 1901 1350 1929 horrendam
1371 1903 1469 1930 citatus
1490 1908 1532 1930 est
1551 1904 1719 1931 exsecratio-

931 1953 1004 1974 netu.
1023 1953 1105 1979 quam
1126 1947 1265 1980 accipiens
1282 1947 1393 1974 videtur
1412 1947 1438 1974 in
1458 1955 1507 1974 sua
1526 1954 1645 1982 persona
1663 1948 1719 1976 Deo

930 1990 1061 2019 nstitisse.
1099 1991 1235 2025 siquidem
1266 1997 1341 2019 recte
1364 1992 1433 2029 dicit
1453 2000 1505 2019 vox
1530 1993 1684 2027 theologica
1710 2003 1716 2020 :

930 2035 1013 2062 Deum
1043 2043 1118 2062 nemo
1146 2036 1208 2062 vidit
1235 2044 1353 2070 unquam
1365 2036 1412 2067 η’,
1436 2043 1525 2070 neque
1550 2036 1599 2063 Dei
1622 2045 1717 2065 vocem

931 2079 1006 2106 auris
1024 2080 1132 2114 excepit
1147 2080 1310 2114 corporalis,
1325 2085 1372 2107 aut
1388 2088 1508 2114 unquam
1525 2080 1647 2107 audivit?
1663 2081 1719 2108 Hoc

930 2126 1004 2152 enim
1022 2133 1055 2152 ex
1069 2133 1139 2153 voce
1151 2126 1260 2153 Domini
1279 2126 1305 2154 iu
1323 2126 1481 2161 Evangeliis
1496 2134 1592 2154 omnes
1609 2128 1718 2161 accepi-

931 2179 1002 2197 mus.
1016 2171 1122 2198 Rursus
1138 2179 1204 2206 ergo
1219 2171 1252 2198 ad
1269 2179 1311 2198 me
1325 2171 1399 2204 veni,
1416 2179 1432 2198 ο
1451 2171 1499 2203 illi,
1512 2172 1614 2206 jubens
1629 2173 1720 2199 valere

931 2217 1051 2244 litteram
1066 2225 1127 2252 qua:
1143 2217 1245 2245 occidit
1260 2226 1266 2244 :
1281 2222 1309 2245 et
1323 2226 1448 2252 quaenam
1465 2217 1507 2251 (re
1518 2218 1631 2252 quidem
1647 2219 1719 2253 ipsa!

932 2262 1015 2288 fuerit
1034 2262 1082 2289 Dei
1103 2262 1228 2296 operatio
1247 2262 1280 2289 de
1300 2267 1428 2296 serpente
1447 2263 1495 2297 qui
1514 2263 1626 2294 dicitur,
1640 2266 1669 2290 et
1685 2263 1719 2290 dc

930 2307 1004 2340 ligno
1021 2312 1049 2334 et
1065 2307 1192 2338 muliere,
1208 2314 1235 2334 et
1251 2307 1390 2341 quomodo
1406 2315 1435 2334 Se
1451 2308 1552 2336 habent
1568 2313 1680 2340 natura,
1692 2313 1720 2335 et

930 2352 1070 2387 quomodo
1088 2360 1132 2380 res
1148 2357 1224 2388 gesm
1241 2353 1275 2379 sit
1291 2353 1325 2380 ab
1343 2353 1434 2385 initio,
1449 2354 1660 2388 relinquendum
1679 2360 1718 2381 est

930 2398 981 2425 soli
1005 2398 1071 2435 Deo,
1086 2399 1133 2433 qui
1155 2406 1188 2425 ea
1212 2403 1240 2426 et
1263 2399 1329 2426 fecit
1351 2404 1378 2427 et
1401 2398 1532 2432 dixit,‘et
1551 2400 1637 2428 novit.
1656 2400 1722 2433 Qua»

931 2449 1023 2472 autem
1039 2445 1125 2472 divini
1146 2445 1312 2480 interpretes
1329 2446 1363 2474 de
1381 2447 1425 2474 his
1441 2450 1506 2474 sunt
1523 2446 1721 2481 philosophati,

931 2496 959 2518 et
984 2492 1124 2526 quomodo
1148 2492 1183 2519 de
1206 2492 1317 2520 Christo
1341 2497 1369 2520 et
1391 2493 1515 2520 Ecclesia
1539 2493 1670 2528 praeclare
1695 2499 1720 2519 et

932 2537 1135 2565 admirabiliter
1152 2538 1265 2566 fuerunt
1280 2539 1464 2574 prmﬁgurata,
1479 2538 1567 2566 dicam
1584 2539 1672 2566 fretus
1689 2539 1722 2566 iis

933 2584 980 2619 qui
995 2583 1125 2611 dixerunt
1137 2594 1144 2611 :
1157 2584 1208 2618 Qui
1222 2590 1310 2612 autem
1321 2589 1403 2622 potest
1419 2592 1524 2620 capere,
1536 2585 1625 2619 capiat
1639 2586 1663 2617 ¹;
1674 2589 1701 2612 et
1714 2594 1720 2610 :

934 2629 985 2662 Qui
1000 2630 1076 2656 habet
1095 2629 1183 2657 sancti
1202 2629 1324 2664 Spiritus
1344 2639 1424 2659 aures
1443 2630 1581 2662 audiendi,
1598 2630 1688 2657 audiat
1700 2630 1720 2655 ν.

934 2676 989 2702 Res
1002 2675 1126 2710 quaedam
1138 2680 1224 2702 artem
1237 2683 1347 2704 omnem
1359 2683 1507 2712 superans.
1518 2681 1545 2703 et
1555 2677 1610 2703 Deo
1621 2683 1721 2709 prope-

933 2721 1046 2748 modum
1072 2720 1173 2748 similis
1195 2721 1392 2756 informisque,
1409 2726 1436 2749 et
1457 2729 1513 2749 non
1534 2719 1722 2748 materialibus

935 2767 1067 2794 membris
1082 2766 1232 2794 ineﬂ‘ubilis
1249 2767 1428 2802 pulchritudo
1440 2775 1500 2802 qua:
1513 2767 1547 2794 ad
1563 2766 1608 2792 Dei
1627 2764 1721 2797 imagi-

935 2820 999 2839 nem
1014 2811 1086 2839 facta
1102 2812 1156 2839 fuit
1170 2816 1262 2840 nostra
1279 2813 1368 2840 anima
1384 2813 1490 2840 ratione
1502 2810 1614 2846 pricdita
1630 2813 1656 2836 et
1671 2810 1719 2835 int-

935 2858 1071 2889 mortaiis,
1085 2866 1099 2884 a
1112 2859 1336 2893 vperessentiali
1351 2858 1482 2890 essentia,
1495 2856 1591 2884 effecta
1604 2859 1723 2883 t'SanlHt

902 2949 911 2964 '
923 2948 1018 2976 Matth.
1033 2955 1090 2981 xm,
1104 2947 1129 2974 9.
