1980 3240
258 213 326 246 1015

257 279 291 299 ex
311 278 367 299 non
387 272 519 303 essentia,
532 277 640 307 sumpta
661 277 730 299 erat.
747 273 854 299 Rursus
873 277 933 300 erat
952 272 1050 300 simili-
1066 275 1086 302 A

258 318 340 348 tudo,
363 322 391 344 ct
415 317 609 347 simulacrum,
629 321 657 344 et
679 325 712 344 ex
736 317 854 345 adverso
879 317 1051 352 respondens

274 364 390 399 plendor
415 363 540 390 informis
569 363 704 395 idcarum,
732 364 867 398 principis
894 369 922 390 et
949 363 1051 391 formas

269 409 384 437 acientis
394 409 441 436 Dei
451 409 544 436 divino
553 409 638 437 laeuis
649 408 843 436 munere.H:ee
853 417 918 444 ergo
925 414 953 436 et
962 410 1051 445 imago

259 460 285 482 et
301 454 454 482 similitudo
468 456 529 489 ejus
541 455 588 489 qni
602 459 644 482 est
657 462 741 490 super
753 455 899 490 imaginem
911 460 940 482 et
954 455 1052 482 simili-

260 498 401 531 tudinem,
418 503 446 526 et
466 499 596 534 apparuit
614 504 643 526 et
662 500 715 526 fuit
733 501 880 535 appellata.
896 500 984 534 Quam
1003 501 1051 536 qui

259 547 364 574 dicitur
386 553 517 580 serpens,
535 550 565 572 ut
590 546 750 581 intelligens
775 546 972 582 intelligentia,
988 555 1051 574 cum

259 593 375 620 vidisset
398 593 601 627 intelligentem
629 593 731 620 nudam
756 597 884 628 tanquam
911 594 1051 628 reginam,

260 644 326 667 tunc
353 639 508 674 virginem,
540 646 656 673 puram,
685 639 835 671 intactam,
864 639 1052 674 incorruptam

257 686 444 721 juveneulam.
460 685 508 712 Dei
528 693 668 720 sponsam.
684 693 786 712 corona
803 685 959 712 redimitam
978 689 1052 716 (tan—

259 740 340 767 quam
358 731 521 766 ili-quodam
539 731 671 766 thalamo)
689 731 783 758 divino
799 739 893 758 amore
913 731 1052 766 stipatam,

261 780 287 806 in
311 779 428 814 mystico
450 786 551 805 arcano
574 782 602 806 et
623 778 668 805 cui
695 785 748 804 non
773 783 814 805 est
838 778 880 804 vir
902 777 1052 809 admistus,

261 826 379 861 paradisi
403 825 533 853 cubiculo
557 824 724 852 residentem
749 834 754 850 :
781 832 842 851 cum
866 828 939 850 e<set
961 823 1054 850 infelix

260 872 472 904 exterminatus,
487 875 515 898 et
531 871 566 898 ab
583 870 682 897 axibus
701 870 860 898 coelestibus
880 869 1053 896 exturbatus.

261 919 409 954 Postquam
427 918 467 945 sic
482 917 551 944 vidit
568 917 684 944 formam
702 921 729 944 et
745 919 872 943 naturam
890 920 1010 943 nostram
1027 918 1056 942 et

263 965 367 992 divinis
387 964 516 991 manibus
535 963 691 994 formatam,
707 968 734 989 et
756 961 850 988 divino
869 961 974 996 Spiritu
995 961 1055 987 ani-

265 1015 376 1041 matam.
389 1014 415 1038 et
427 1009 564 1037 universae
578 1015 639 1043 qua:
651 1013 693 1035 est
705 1008 757 1034 sub
770 1007 826 1034 sole.
841 1011 975 1034 creatum
988 1006 1057 1040 regi-

264 1064 326 1084 nam
343 1056 521 1083 constitutam
536 1063 543 1081 :
559 1062 614 1081 non
628 1054 720 1081 ferens
735 1054 850 1080 honoris
863 1053 949 1080 nostri
963 1053 1057 1079 altitu-

264 1103 370 1134 dinem,
386 1102 533 1129 :emulatus
549 1104 592 1128 est
607 1100 770 1131 sceleratus,
788 1099 896 1130 invidit,
913 1105 1015 1131 angore
1030 1102 1057 1125 et

265 1149 361 1176 dolore
383 1153 425 1175 est
443 1148 571 1177 allectus,
587 1146 691 1181 stupuit
712 1150 739 1172 ct
761 1145 914 1172 admiratus
934 1148 975 1171 est
996 1143 1057 1178 pul-

266 1195 464 1225 chritudinem.
481 1194 615 1229 gloriam,
637 1196 813 1227 potestatem,
844 1190 985 1222 virtutem,
1001 1190 1057 1216 ior-

268 1249 355 1274 mam,
371 1241 428 1269 Deo
444 1240 563 1268 similem
580 1240 714 1266 visionem
735 1243 763 1265 et
780 1238 918 1265 decorem.
935 1237 1058 1272 Cuinqoc

267 1287 359 1315 omnia
384 1287 543 1322 speculatus
565 1291 638 1314 esset
664 1294 696 1313 ae
719 1285 880 1315 lustrasset,
901 1289 929 1310 ut
954 1284 1000 1319 qui
1024 1284 1060 1311 sit

270 1334 350 1361 simul
374 1337 402 1360 et
424 1332 561 1368 malignus
585 1336 611 1359 et
639 1331 764 1363 invidus,
784 1330 880 1358 fraude
902 1338 950 1357 sua
975 1329 1059 1356 valuit

270 1379 412 1406 mulierem
430 1387 444 1406 a
460 1379 521 1405 viro
537 1378 680 1409 seducere,
697 1385 813 1412 eamque
831 1385 892 1403 cuiu
910 1376 1061 1410 accepisset

269 1432 394 1452 seorsum
418 1429 543 1459 agentem
569 1431 600 1451 ac
624 1426 795 1458 separatam,
820 1422 926 1457 decepit
952 1431 957 1448 :
983 1429 1059 1456 spem

269 1478 367 1498 vanam
392 1475 421 1498 et
441 1470 552 1497 inanem
576 1470 602 1496 ei
625 1477 793 1504 suggerens,
814 1469 885 1495 sient
906 1469 960 1502 jam
986 1469 1060 1502 prius

270 1516 338 1543 dixi.
352 1515 522 1550 Suggerebat
535 1515 608 1542 enim
625 1515 683 1542 fore
699 1519 727 1541 ut
742 1522 793 1549 per
807 1522 885 1541 (sum
902 1514 1000 1540 mulier
1015 1514 1062 1540 tle-

271 1568 313 1590 ret
325 1563 388 1593 dea,
402 1567 431 1589 ut
446 1570 507 1597 qute
521 1562 651 1590 evaderet
666 1562 721 1588 Deo
734 1562 832 1588 similis
847 1567 873 1588 et
890 1561 990 1587 collum
1007 1568 1061 1587 non

269 1609 389 1644 amplius
409 1608 532 1636 ﬂecteret
552 1608 585 1635 ad
609 1608 694 1634 Deum
717 1607 886 1634 adorandum
913 1617 918 1633 :
942 1606 988 1633 sed
1013 1615 1061 1641 par
1076 1617 1096 1645 ε

271 1655 326 1683 Deo
346 1659 430 1685 esset,
445 1661 616 1689 cognoscens
636 1653 729 1680 omnia
752 1653 823 1679 bona
845 1658 870 1680 et
894 1653 976 1683 mala,
991 1653 1062 1680 sicut

271 1701 352 1728 Deus.

306 1746 362 1773 llac
373 1753 421 1780 spe
435 1745 507 1772 inani
521 1745 719 1780 phantastieam
733 1745 857 1771 mulieris
871 1745 968 1771 an'nna-
980 1746 1062 1771 {aeid-

270 1796 354 1819 tatem
366 1791 394 1818 in
407 1791 493 1818 altum
504 1791 680 1818 extollensac
691 1791 870 1826 suSpendens,
885 1799 943 1817 eam
956 1791 1063 1826 decepit

273 1843 300 1866 et
316 1838 342 1865 in
361 1845 484 1865 errorem
506 1838 622 1864 induxit.
636 1837 777 1865 Mulierem
796 1843 887 1866 autern
908 1846 982 1865 nunc
1001 1838 1063 1865 dico

275 1885 358 1912 Evam
379 1893 385 1910 :
406 1889 563 1918 serpentem
581 1888 672 1912 autem
693 1892 756 1912 eum
773 1884 819 1920 qui
837 1884 939 1912 dicitur
954 1885 1063 1919 sapien-

274 1931 329 1958 tior
343 1931 474 1958 omnibus
488 1938 549 1965 qua:
565 1930 630 1958 fecit
644 1931 777 1958 Dominus
790 1931 871 1960 Deus,
886 1939 946 1966 qua:
959 1935 1023 1958 sunt
1038 1931 1064 1957 in

275 1983 358 2010 terra,
371 1977 420 2004 sed
435 1984 490 2004 non
506 1977 588 2004 etiam
604 1984 664 2012 qua-
679 1977 705 2003 in
721 1977 810 2004 emlis.
828 1977 889 2004 lla-c
904 1977 971 2003 mihi
987 1977 1066 2003 intel-

274 2025 393 2059 ligantur
410 2028 597 2057 congruenter
614 2023 711 2050 littera:
727 2023 778 2050 veli
797 2023 944 2050 exterioris
960 2029 987 2050 et
1003 2031 1064 2048 cor-

273 2070 348 2104 p0ris
379 2069 545 2104 Scripturze,
570 2077 604 2096 ne
634 2070 725 2104 porcis
752 2073 779 2096 et
809 2070 924 2096 canibus
952 2071 1065 2103 (ιιίιιιψρ

274 2115 435 2142 hominibus
449 2116 495 2150 qui
509 2115 684 2142 delectantur
695 2116 956 2150 vituperationilms)
970 2116 1066 2142 iii-nnis

272 2168 367 2188 atisam
387 2170 393 2186 :
412 2160 458 2194 qui
476 2159 571 2187 dicttnt
589 2160 646 2187 huic
665 2167 718 2186 non
738 2160 796 2186 ﬁeri
814 2159 847 2186 ad
867 2160 996 2187 litteram.
1014 2160 1066 2192 Qui

273 2210 366 2233 autem
388 2214 403 2233 a
424 2206 510 2233 Paulo
533 2210 597 2233 sunt
621 2205 734 2236 eruditi,
751 2206 796 2239 qui
821 2205 854 2231 ad
875 2204 1016 2232 Christum
1039 2211 1067 2232 et

275 2252 427 2280 l'lcelesiatn
456 2252 564 2279 reducit
588 2252 680 2278 omnia
709 2259 769 2285 qum
795 2257 861 2277 sunt
886 2251 912 2277 in
940 2250 1016 2285 lege,
1039 2257 1067 2278 et

274 2299 392 2326 maxime
405 2307 466 2333 quae
481 2299 582 2332 scripta
597 2303 661 2324 sunt
673 2297 707 2324 de
720 2297 824 2324 Adamn
837 2302 864 2324 et
878 2297 944 2328 Eva,
958 2306 1068 2332 compa-
1084 2289 1105 2314 ί)

275 2350 337 2371 rent
349 2344 503 2379 spiritualia
518 2350 580 2371 cum
594 2343 802 2378 spiritualibus;
816 2344 858 2370 lex
871 2344 945 2370 enim
959 2347 1000 2370 est
1013 2344 1068 2378 spi-

276 2389 413 2418 ritualis'.
429 2390 608 2424 Perspicuum
630 2394 673 2416 est
694 2394 785 2416 autem
808 2390 881 2424 quod
903 2390 985 2417 etiam
1008 2398 1068 2425 qua:

276 2440 341 2462 sunt
359 2436 386 2462 iu
407 2436 481 2470 lege,
503 2436 594 2463 omnia
618 2436 695 2471 prius
712 2440 777 2462 sunt
792 2435 930 2470 descripta
948 2445 978 2463 ac.
1000 2445 1067 2471 prte-

278 2482 392 2517 tigurata
421 2482 454 2509 de
483 2482 605 2509 Christo.
631 2482 701 2516 Ergo
721 2486 749 2508 et
764 2483 917 2516 paradisus,
939 2488 961 2509 3t
985 2483 1066 2517 ligna,

278 2534 306 2555 et
320 2528 437 2557 fructus.
451 2535 478 2556 et
496 2528 628 2559 Adamus,
646 2534 673 2556 et
692 2529 802 2559 mulier,
814 2534 840 2556 et
852 2529 886 2555 ad
899 2538 958 2556 eam
975 2538 1068 2557 acces-

278 2581 336 2605 sus,
349 2578 376 2602 et
394 2574 428 2601 de
450 2575 507 2609 ipsa
528 2575 655 2605 victoria,
670 2581 698 2602 et
716 2583 840 2610 serpens,
855 2580 882 2602 ct
903 2576 992 2606 cibus,
1009 2581 1069 2611 post

279 2619 422 2647 historiam
437 2628 499 2655 qua!
513 2625 554 2648 est
569 2621 602 2648 ad
617 2621 749 2651 litteram.
764 2621 797 2649 de
811 2621 922 2649 Christo
936 2628 963 2649 et
977 2623 1069 2650 Eccle-

278 2666 319 2694 sia
336 2666 509 2702 praeﬁgurata
523 2666 638 2694 fuerunt
651 2672 677 2694 et
692 2668 854 2696 adumbrata
872 2669 899 2696 in
915 2669 1068 2704 Scriptura.

278 2712 348 2740 Nam
362 2712 483 2740 humana
498 2713 610 2748 quidem
626 2714 774 2749 aliquando
788 2721 885 2742 natura
900 2720 959 2742 erat
973 2716 1007 2743 ab
1022 2716 1072 2743 ini-

280 2760 319 2786 tio
330 2759 415 2786 velttti
429 2760 476 2786 Dei
488 2760 567 2795 911
581 2762 691 2796 eonjnx,
701 2770 763 2789 cum
778 2771 929 2798 agnoscens
941 2769 965 2790 LI
980 2764 1073 2790 colens

280 2810 307 2833 et
327 2806 362 2834 ab
383 2815 417 2834 eo
438 2807 642 2842 inseparabilis.
664 2813 791 2844 tauquam
816 2810 870 2836 Eva
890 2818 950 2844 qua:
972 2810 1073 2836 dicitur

281 2851 380 2879 mulier
391 2857 418 2879 ct
433 2860 502 2879 uxor
516 2853 689 2888 protoplasti,
706 2854 790 2880 Deum
808 2854 948 2880 individue
965 2854 1073 2881 deside-

862 217 892 246 S.
913 216 1112 246 ANAS’I‘ASlI
1130 218 1164 247 Si
1171 218 1216 247 NA
1223 219 1293 248 [ΤΕ

1830 215 1902 248 1016

1103 282 1177 302 rans.
1194 275 1221 302 ld
1242 281 1358 303 testatur
1373 275 1440 303 Abel
1459 276 1530 303 dona
1547 275 1603 302 Deo
1620 274 1756 306 offerens;
1774 273 1900 301 Lameelt

1102 323 1185 356 (sicut
1201 321 1298 356 Adam)
1314 322 1348 349 de
1363 321 1474 349 Christo
1491 326 1620 357 tanquam
1639 320 1775 356 propheta
1794 319 1902 354 peredi-

1101 376 1185 401 cens;
1200 367 1278 400 Seth,
1295 368 1356 402 ejus
1371 367 1517 402 imaginem
1533 366 1580 401 qui
1598 366 1632 393 ad
1644 365 1794 400 imaginem
1807 364 1903 391 factus

1102 419 1172 447 erat,
1199 417 1350 444 renOvaus;
1369 413 1453 443 Enos,
1467 413 1514 448 qui
1539 413 1624 447 erepit
1648 412 1780 439 invocare
1795 418 1902 438 nomen

1104 460 1230 493 Domini;
1248 459 1354 491 Enoch,
1369 459 1416 494 qui
1435 459 1542 494 primus
1557 464 1686 493 tanquam
1707 457 1764 485 Deo
1784 457 1904 492 placens

1103 506 1180 541 prius
1199 505 1346 540 descripsit
1367 512 1399 532 ac
1421 504 1547 539 figuravit
1568 502 1823 534 resurrectionem,
1847 502 1887 528 im

1103 552 1228 579 mortalis
1251 551 1367 578 etTeetus
1391 554 1419 576 et
1441 558 1456 576 a
1479 549 1536 576 Deo
1561 548 1727 580 translatus;
1744 547 1903 576 Mathusala

1103 597 1197 624 Enoch
1215 596 1304 628 tilius;
1323 595 1441 622 Lamcch
1457 595 1518 629 ejus
1533 601 1638 629 nepos,
1655 594 1702 628 qui
1724 593 1823 629 genuit
1841 593 1903 620 Noe

1103 641 1204 669 Christi
1226 641 1352 676 ﬁguram,
1372 644 1399 666 et
1420 640 1490 666 dixit
1512 649 1517 665 ε
1537 639 1591 667 lue
1610 648 1657 666 nos
1677 639 1754 674 faciet
1766 640 1904 675 quiescere

1105 691 1136 716 ab
1152 686 1272 724 operibus
1287 693 1311 714 et
1327 687 1506 722 afﬂictionibus
1522 687 1628 716 nostris,
1643 691 1668 712 et
1687 695 1703 714 II
1723 691 1798 712 terra
1819 693 1904 720 quam

1106 738 1254 762 exsecratus
1277 738 1313 760 est
1338 733 1464 760 Dominus
1488 731 1595 764 Deus‘;
1614 731 1684 763 Noe,
1701 739 1784 766 quem
1809 731 1904 758 virum

1105 789 1166 808 esse
1181 780 1332 815 perfectum
1348 783 1375 806 et
1388 779 1493 813 justum
1508 782 1625 805 testatus
1637 781 1681 804 est
1693 777 1841 808 Dominus,
1855 777 1904 811 qui

1106 828 1188 855 etiam
1202 834 1265 854 eum
1283 826 1412 861 placavit,
1427 832 1462 852 ne
1475 829 1562 852 totum
1571 824 1654 851 simul
1671 824 1801 851 interiret
1814 831 1905 858 genus

1107 874 1270 901 humanum.
1285 872 1319 900 Ut
1333 872 1416 898 etiam
1433 872 1499 898 fecit
1513 871 1657 901 Dominus,
1671 875 1804 905 tanquam
1820 869 1905 896 homo

1109 921 1217 948 Patrem
1234 918 1418 946 reconcilians
1430 925 1481 952 pro
1493 916 1664 944 hominibus.

1108 965 1110 967 ’
1141 966 1269 999 Quamdiu
1283 965 1394 1000 quidem
1409 964 1477 990 tales
1490 963 1587 990 habuit
1601 963 1672 989 tilias
1685 966 1712 988 et
1724 961 1834 988 fruetus
1844 968 1905 995 quae

1109 1014 1210 1041 dicitur
1218 1011 1314 1040 Adami
1327 1011 1446 1037 humana
1458 1009 1592 1037 Ecclesia.
1603 1009 1764 1043 priusquam
1773 1011 1905 1041 corrupta

1109 1067 1180 1088 esset
1199 1065 1269 1087 terra
1282 1059 1316 1086 ab
1329 1057 1495 1089 idololatria,
1505 1056 1620 1083 libidine
1637 1063 1668 1082 ac
1687 1054 1808 1086 luxuria,
1821 1058 1850 1081 et
1864 1054 1906 1080 [ιι-

1110 1116 1172 1134 rore
1189 1108 1214 1134 in
1241 1105 1357 1133 fetninas
1373 1115 1378 1130 ;
1401 1111 1497 1130 revera
1521 1110 1583 1129 eum
1599 1102 1661 1128 viro
1677 1109 1728 1128 suo
1752 1104 1815 1128 erat
1831 1099 1905 1127 nuda

1106 1154 1184 1183 Deo:
1202 1159 1290 1186 neque
1306 1151 1386 1178 amho
1402 1148 1615 1179 erubescebant,
1629 1146 1677 1174 sed
1692 1146 1778 1173 libere
1791 1153 1826 1173 ac
1841 1153 1906 1173 eon-

1111 1193 1226 1226 ildentcr
1244 1198 1270 1224 in
1290 1197 1374 1224 Deum
1389 1200 1449 1221 erat
1465 1193 1573 1225 atlecta,
1593 1198 1623 1219 ut
1641 1200 1701 1227 qua:
1716 1195 1833 1226 peccato
1850 1198 1906 1217 non

1110 1249 1182 1272 esset
1200 1243 1328 1271 obnoxia.
1349 1242 1384 1268 lia
1402 1248 1467 1274 ergo
1482 1240 1523 1267 sic.
1539 1240 1636 1266 altecta
1657 1243 1685 1265 et
1705 1238 1816 1265 laetante
1841 1245 1906 1264 cum

1111 1292 1170 1318 viro
1188 1281 1248 1322 suo,
1267 1288 1444 1317 mintilatiuue
1469 1290 1559 1313 motus
1581 1285 1614 1312 ad
1631 1292 1691 1311 eam
1710 1283 1833 1311 accessit
1849 1291 1906 1310 ser.

1110 1345 1188 1372 pens.
1206 1336 1368 1370 Serpentem
1387 1338 1480 1359 autem
1505 1333 1634 1362 audiens,
1661 1338 1710 1364 per
1730 1330 1906 1364 corporalem

1111 1386 1283 1417 serpentem,
1313 1379 1433 1413 ἱιιιειῐίίςυ
1459 1378 1607 1404 draconem
1633 1376 1710 1402 illum
1732 1374 1905 1402 desertorem

1111 1436 1193 1463 quem
1217 1428 1288 1454 Dens
1308 1426 1379 1461 apud
1397 1425 1496 1452 ,ιυὶιιιιιι
1520 1423 1587 1450 dans
1605 1429 1735 1456 responsa
1758 1421 1798 1447 sic
1816 1419 1906 1446 nomi-

1112 1475 1197 1503 navit.
1216 1474 1267 1500 Iste
1288 1476 1329 1500 est
1354 1471 1427 1498 enim
1444 1470 1490 1504 qui
1515 1469 1623 1503 decepit
1646 1466 1810 1495 Ecclesium.
1834 1465 1907 1492 Di‘it

1112 1523 1186 1550 enim
1201 1527 1316 1555 serpens
1332 1517 1440 1546 mulieri
1454 1517 1566 1543 omnino
1579 1524 1632 1542 non
1648 1515 1729 1545 bona,
1743 1521 1843 1548 nempe
1858 1512 1906 1539 Ec-

1113 1569 1214 1596 clesiae.
1230 1568 1257 1594 Si
1275 1572 1367 1594 autem
1385 1565 1417 1592 ad
1442 1564 1560 1590 litteram
1579 1562 1668 1590 solum
1690 1561 1771 1588 audis
1784 1568 1847 1594 qua:
1863 1559 1907 1585 di-

1115 1620 1215 1643 cuntur
1233 1615 1267 1641 de
1285 1610 1456 1661 serpente‘qet
1474 1609 1598 1640 muliere,
1614 1608 1759 1643 oportebat
1776 1612 1907 1641 utrosque

1117 1663 1198 1690 simul
1215 1660 1335 1696 aggredi,
1360 1664 1386 1686 et
1403 1653 1489 1693 nt'ttlto
1510 1657 1596 1691 magis
1609 1655 1709 1682 virum.
1733 1654 1761 1680 Si
1778 1653 1908 1687 spiritua-

1118 1708 1180 1735 liter
1195 1712 1286 1734 autem
1309 1706 1397 1732 solum
1415 1703 1560 1737 intelligas,
1580 1710 1641 1728 non
1655 1699 1804 1735 oportebat
1820 1698 1909 1725 solum

1117 1753 1261 1788 attingere,
1292 1758 1389 1785 nempe
1412 1749 1563 1776 Christum.
1586 1747 1673 1774 Adam
1694 1745 1764 1771 enim
1788 1751 1841 1770 non
1862 1743 1909 1777 [uit

1117 1802 1251 1834 dt‘t‘l’pltta,
1271 1802 1299 1823 nt
1323 1797 1370 1831 qui
1387 1800 1461 1822 esset
1477 1798 1558 1829 typus
1575 1790 1689 1822 Christi,
1711 1789 1807 1816 mulier
1822 1792 1909 1815 autem

1118 1846 1166 1879 {nil
1181 1832 1293 1877 ideri’ptn
1312 1843 1332 1873 ³,
1355 1847 1452 1874 nempe
1478 1838 1620 1865 hominum
1642 1839 1752 1864 natura,
1776 1832 1910 1860 Ecclesia.

1118 1891 1165 1918 list
1184 1894 1275 1917 autem
1291 1886 1478 1915 adnotandum
1492 1883 1565 1919 quod
1585 1881 1729 1910 mulierem
1744 1883 1909 1913 separatam.

1117 1941 1144 1963 et
1156 1944 1171 1962 a
1185 1936 1246 1962 viro
1261 1941 1312 1961 suo
1328 1933 1438 1967 (nempe
1455 1929 1520 1962 Deo)
1537 1927 1632 1963 procul
1650 1929 1784 1953 remotam
1800 1923 1910 1950 invasit.

1118 1987 1145 2009 et
1166 1980 1276 2015 decepit
1294 1987 1354 2005 eam
1377 1983 1491 2011 serpens
1507 1984 1513 2001 :
1530 1981 1581 2001 nec
1602 1980 1662 1999 eam
1681 1970 1769 2005 potuit
1781 1968 1911 2002 decipere

1118 2027 1239 2063 qttanditt
1256 2025 1324 2053 vidit
1336 2031 1396 2052 eam
1412 2031 1426 2050 a
1440 2023 1500 2048 viro
1519 2027 1570 2047 suo
1583 2027 1639 2046 non
1652 2020 1818 2052 separatam.
1835 2014 1913 2041 Illinc

1118 2060 1209 2101 autem
1228 2073 1292 2100 licet
1312 2074 1406 2105 aperte
1429 2069 1536 2095 discere
1563 2064 1637 2100 quod
1663 2063 1696 2091 ad
1719 2061 1822 2090 Christi
1847 2060 1912 2087 refe-

1120 2125 1218 2147 runtur
1232 2117 1384 2146 Ecclesium
1403 2120 1576 2150 quaecunque
1595 2115 1659 2138 sunt
1677 2109 1760 2143 hujus
1775 2107 1916 2136 mulieris,

1124 2174 1178 2194 non
1203 2163 1357 2192 invenimus
1379 2161 1452 2188 enim
1481 2159 1594 2186 omnino
1612 2156 1746 2184 Adamum
1772 2161 1837 2180 cum
1859 2159 1912 2178 ser-

1119 2217 1200 2247 pente
1215 2217 1276 2238 esse
1293 2208 1471 2237 collocutmn.
1489 2204 1567 2233 Unde
1588 2203 1672 2230 etiam
1694 2209 1708 2228 a
1729 2200 1786 2227 Deo
1805 2203 1917 2232 rogatus

1119 2244 1169 2285 cur
1184 2255 1348 2284 comederit,
1361 2261 1414 2280 non
1432 2252 1500 2279 dicit
1515 2260 1520 2276 :
1535 2249 1649 2283 Serpens
1664 2255 1705 2273 me
1719 2246 1833 2279 derepit,
1849 2244 1896 2270 sed
1910 2251 1916 2268 :

1121 2303 1216 2330 Mulier
1228 2301 1291 2328 mihi
1301 2300 1383 2330 dedit,
1396 2304 1419 2324 et
1431 2297 1540 2324 tornedi.
1551 2295 1648 2322 Mulier
1659 2296 1751 2320 autem
1764 2291 1834 2317 dicit
1846 2290 1915 2316 Deo:

1122 2346 1235 2380 Serpens
1253 2352 1293 2370 me
1307 2343 1414 2378 decepit,
1432 2347 1455 2368 et
1474 2340 1583 2367 τοιηιιιίἱ.
1603 2339 1709 2365 Rursus
1722 2341 1816 2362 autem
1835 2335 1917 2362 inex-

1122 2392 1274 2420 seeratiune
1293 2389 1440 2424 serpentis,
1454 2388 1487 2414 de
1510 2385 1622 2412 homine
1641 2392 1704 2412 eum
1730 2382 1801 2410 nihil
1824 2382 1911 2408 crimi-

1122 2443 1203 2464 natur
1218 2437 1298 2465 l).-us,
1317 2435 1363 2461 sed
1386 2434 1419 2459 de
1437 2433 1563 2458 muliere.
1579 2430 1612 2457 Et
1635 2430 1699 2456 ideo
1721 2427 1787 2455 dicit
1803 2427 1829 2453 ei
1845 2436 1850 2453 :
1868 2427 1909 2452 Po-

1123 2493 1184 2511 nizm
1203 2482 1355 2517 inimicitias
1378 2481 1446 2507 inter
1469 2484 1493 2505 Ie
1517 2483 1540 2504 et
1564 2477 1711 2503 mulierem.
1734 2474 1767 2503 Et
1789 2481 1841 2500 cur
1865 2481 1915 2499 non

1121 2531 1204 2558 etiam
1221 2530 1292 2556 inter
1309 2528 1398 2554 virum
1416 2527 1505 2552 ?.\am
1520 2524 1593 2559 tptod
1607 2523 1707 2550 attinet
1729 2521 1762 2548 ad
1784 2521 1915 2549 |ittera:=~,

1123 2577 1226 2604 amicos
1245 2582 1306 2601 esse
1327 2574 1385 2599 vult
1407 2572 1494 2598 virum
1509 2575 1535 2597 et
1552 2573 1720 2603 serpentem,
1734 2567 1832 2594 dicens
1849 2575 1854 2592 :
1869 2566 1918 2592 1's-

1124 2631 1186 2649 ttnm
1200 2620 1353 2648 inimicitias
1370 2619 1438 2644 inter
1451 2623 1475 2643 te
1497 2622 1519 2642 et
1537 2615 1682 2643 mulierem,
1697 2620 1873 2647 qtttL-euuque
1888 2620 1915 2638 c2

1124 2670 1169 2700 sit,
1185 2667 1232 2695 sed
1253 2674 1307 2694 non
1331 2667 1403 2692 inter
1419 2665 1492 2690 viros
1508 2673 1513 2690 :
1530 2668 1557 2688 ut
1574 2661 1685 2696 quando
1701 2660 1790 2695 ipsum
1807 2666 1915 2693 quoque

1123 2715 1263 2742 Christum
1279 2713 1346 2740 dicit
1361 2720 1393 2738 ωε
1407 2711 1506 2738 δριιιίιιι-
1523 2709 1606 2736 ΙηιεὲιΙ
1619 2708 1760 2735 secundum
1775 2715 1887 2733 carnem
1898 2707 1917 2737 ‘,

1123 2766 1150 2787 et
1175 2759 1246 2794 quod
1264 2767 1351 2786 semen
1373 2757 1484 2784 Abruha‘
1509 2754 1680 2789 apprehendit
1696 2754 1716 2782 ⁷.
1731 2752 1840 2779 etiamsi
1865 2761 1916 2778 uno

1123 2811 1195 2834 esset
1208 2815 1239 2832 ex
1254 2805 1357 2832 semine
1372 2804 1434 2835 viri,
1450 2803 1496 2830 sed
1513 2811 1545 2829 es
1561 2810 1644 2828 carne
1659 2800 1786 2827 mulieris
1801 2803 1840 2831 (et
1852 2798 1917 2825 sola:

1123 2859 1233 2879 carnem
1259 2851 1425 2886 suscepisset
1453 2849 1630 2876 ineilahilitrr
1652 2852 1677 2874 et
1707 2846 1917 2880 itu-otiqireheu-

317 2943 325 2958 ³
338 2943 417 2971 llam.
431 2952 475 2976 vn,
490 2944 532 2971 ll.
572 2943 580 2958 κ
593 2943 661 2969 Cen.
676 2952 700 2976 v,
714 2943 758 2969 29.
798 2923 835 2970 ⁵-1
851 2943 922 2970 Tim.
943 2951 971 2976 it,
993 2944 1034 2970 11.
1077 2943 1085 2957 ‘
1106 2943 1184 2969 llum.
1202 2949 1220 2971 ι,
1235 2941 1262 2968 5.
1302 2941 1311 2957 ⁷
1330 2939 1414 2967 llehr.
1431 2947 1459 2970 ιι,
1481 2939 1521 2967 It).
