  <div class='ocr_page' id='page_1' title='image "/cluster/home/n/w/nwhite01/storage/ocr_20150623/89/njp.32101064224908/519.png"; bbox 0 0 1980 3243; ppageno 0'>
   <div class='ocr_carea' id='block_1_1' title="bbox 246 213 317 246">
    <p class='ocr_par' dir='ltr' id='par_1_1' title="bbox 246 213 317 246">
     <span class='ocr_line' id='line_1_1' title="bbox 246 213 317 246; baseline 0 0"><span class='ocrx_word' id='word_1_1' title='bbox 246 213 317 246; x_wconf 64' lang='lat' dir='ltr'><strong>lTliEl</strong></span> 
     </span>
    </p>
   </div>
   <div class='ocr_carea' id='block_1_2' title="bbox 853 211 1286 245">
    <p class='ocr_par' dir='ltr' id='par_1_2' title="bbox 853 211 1286 245">
     <span class='ocr_line' id='line_1_2' title="bbox 853 211 1286 245; baseline -0.002 -3"><span class='ocrx_word' id='word_1_2' title='bbox 853 213 882 242; x_wconf 81' lang='lat' dir='ltr'>S.</span> <span class='ocrx_word' id='word_1_3' title='bbox 904 211 1102 242; x_wconf 73' lang='lat' dir='ltr'><strong>ANASTASII</strong></span> <span class='ocrx_word' id='word_1_4' title='bbox 1123 211 1286 245; x_wconf 68' lang='grc' dir='ltr'><strong>δΙΝΑιΤιΕ</strong></span> 
     </span>
    </p>
   </div>
   <div class='ocr_carea' id='block_1_3' title="bbox 1808 203 1882 236">
    <p class='ocr_par' dir='ltr' id='par_1_3' title="bbox 1808 203 1882 236">
     <span class='ocr_line' id='line_1_3' title="bbox 1808 203 1882 236; baseline -0.027 0"><span class='ocrx_word' id='word_1_5' title='bbox 1808 203 1882 236; x_wconf 69' lang='grc' dir='ltr'><strong>ιοῖῦ</strong></span> 
     </span>
    </p>
   </div>
   <div class='ocr_carea' id='block_1_4' title="bbox 245 261 1886 308">
    <p class='ocr_par' dir='ltr' id='par_1_4' title="bbox 245 261 1886 308">
     <span class='ocr_line' id='line_1_4' title="bbox 245 261 1886 308; baseline -0.006 -9"><span class='ocrx_word' id='word_1_6' title='bbox 245 280 313 308; x_wconf 79' lang='lat' dir='ltr'><strong>ego,</strong></span> <span class='ocrx_word' id='word_1_7' title='bbox 337 275 517 307; x_wconf 72' lang='lat' dir='ltr'><strong>cognoscente;</strong></span> <span class='ocrx_word' id='word_1_8' title='bbox 541 271 635 297; x_wconf 81' lang='lat' dir='ltr'><strong>bonum</strong></span> <span class='ocrx_word' id='word_1_9' title='bbox 665 275 689 297; x_wconf 74' lang='lat' dir='ltr'><strong>et</strong></span> <span class='ocrx_word' id='word_1_10' title='bbox 712 270 821 297; x_wconf 80' lang='lat' dir='ltr'><strong>malum.</strong></span> <span class='ocrx_word' id='word_1_11' title='bbox 850 269 935 296; x_wconf 77' lang='lat' dir='ltr'><strong>Audis</strong></span> <span class='ocrx_word' id='word_1_12' title='bbox 951 278 957 294; x_wconf 90' lang='lat'><strong>:</strong></span> <span class='ocrx_word' id='word_1_13' title='bbox 976 269 1035 296; x_wconf 78' lang='lat' dir='ltr'><strong>Non</strong></span> <span class='ocrx_word' id='word_1_14' title='bbox 1052 272 1072 298; x_wconf 71' lang='grc' dir='ltr'>Α</span> <span class='ocrx_word' id='word_1_15' title='bbox 1089 269 1251 304; x_wconf 92' lang='lat' dir='ltr'><strong>increpavit,</strong></span> <span class='ocrx_word' id='word_1_16' title='bbox 1268 276 1323 295; x_wconf 89' lang='lat' dir='ltr'><strong>non</strong></span> <span class='ocrx_word' id='word_1_17' title='bbox 1347 267 1534 303; x_wconf 79' lang='lat' dir='ltr'><strong>exprobravit,</strong></span> <span class='ocrx_word' id='word_1_18' title='bbox 1550 273 1606 294; x_wconf 85' lang='lat' dir='ltr'><strong>non</strong></span> <span class='ocrx_word' id='word_1_19' title='bbox 1625 263 1792 293; x_wconf 71' lang='lat' dir='ltr'><strong>contumelia</strong></span> <span class='ocrx_word' id='word_1_20' title='bbox 1813 261 1886 290; x_wconf 72' lang='lat' dir='ltr'><strong>affe-</strong></span> 
     </span>
    </p>
   </div>
   <div class='ocr_carea' id='block_1_5' title="bbox 246 316 1036 348">
    <p class='ocr_par' dir='ltr' id='par_1_5' title="bbox 246 316 1036 348">
     <span class='ocr_line' id='line_1_5' title="bbox 246 316 1036 348; baseline -0.005 -3"><span class='ocrx_word' id='word_1_21' title='bbox 246 319 317 345; x_wconf 74' lang='lat' dir='ltr'><strong>dixit</strong></span> <span class='ocrx_word' id='word_1_22' title='bbox 332 317 458 344; x_wconf 78' lang='lat' dir='ltr'><strong>diabolus</strong></span> <span class='ocrx_word' id='word_1_23' title='bbox 475 326 480 343; x_wconf 77' lang='grc' dir='ltr'>ε</span> <span class='ocrx_word' id='word_1_24' title='bbox 496 316 578 343; x_wconf 81' lang='lat' dir='ltr'><strong>Eritis</strong></span> <span class='ocrx_word' id='word_1_25' title='bbox 595 317 662 343; x_wconf 77' lang='lat' dir='ltr'><strong>sicut</strong></span> <span class='ocrx_word' id='word_1_26' title='bbox 678 316 757 348; x_wconf 66' lang='lat' dir='ltr'><strong>Deus,</strong></span> <span class='ocrx_word' id='word_1_27' title='bbox 776 316 822 342; x_wconf 78' lang='lat' dir='ltr'><strong>sed</strong></span> <span class='ocrx_word' id='word_1_28' title='bbox 838 317 905 342; x_wconf 78' lang='lat' dir='ltr'><strong>sicut</strong></span> <span class='ocrx_word' id='word_1_29' title='bbox 922 316 969 347; x_wconf 68' lang='lat' dir='ltr'><strong>(lii,</strong></span> <span class='ocrx_word' id='word_1_30' title='bbox 988 322 1036 342; x_wconf 88' lang='lat' dir='ltr'><strong>eos</strong></span> 
     </span>
    </p>
   </div>
   <div class='ocr_carea' id='block_1_6' title="bbox 247 361 1038 391">
    <p class='ocr_par' dir='ltr' id='par_1_6' title="bbox 247 361 1038 391">
     <span class='ocr_line' id='line_1_6' title="bbox 247 361 1038 391; baseline -0.004 -1"><span class='ocrx_word' id='word_1_31' title='bbox 247 364 350 391; x_wconf 80' lang='lat' dir='ltr'><strong>docens</strong></span> <span class='ocrx_word' id='word_1_32' title='bbox 370 367 397 390; x_wconf 90' lang='lat' dir='ltr'><strong>et</strong></span> <span class='ocrx_word' id='word_1_33' title='bbox 415 363 550 390; x_wconf 82' lang='lat' dir='ltr'><strong>inducens</strong></span> <span class='ocrx_word' id='word_1_34' title='bbox 573 362 606 389; x_wconf 82' lang='lat' dir='ltr'><strong>ad</strong></span> <span class='ocrx_word' id='word_1_35' title='bbox 629 369 753 389; x_wconf 87' lang='lat' dir='ltr'><strong>errorem</strong></span> <span class='ocrx_word' id='word_1_36' title='bbox 779 362 869 388; x_wconf 89' lang='lat' dir='ltr'><strong>cultus</strong></span> <span class='ocrx_word' id='word_1_37' title='bbox 886 361 1038 388; x_wconf 87' lang='lat' dir='ltr'><strong>multorum</strong></span> 
     </span>
    </p>
   </div>
   <div class='ocr_carea' id='block_1_7' title="bbox 248 407 1036 437">
    <p class='ocr_par' dir='ltr' id='par_1_7' title="bbox 248 407 1036 437">
     <span class='ocr_line' id='line_1_7' title="bbox 248 407 1036 437; baseline -0.003 0"><span class='ocrx_word' id='word_1_38' title='bbox 248 411 373 437; x_wconf 87' lang='lat' dir='ltr'><strong>deorum.</strong></span> <span class='ocrx_word' id='word_1_39' title='bbox 401 409 478 437; x_wconf 82' lang='lat' dir='ltr'><strong>Unde</strong></span> <span class='ocrx_word' id='word_1_40' title='bbox 503 409 584 435; x_wconf 83' lang='lat' dir='ltr'><strong>etiam</strong></span> <span class='ocrx_word' id='word_1_41' title='bbox 609 408 649 435; x_wconf 80' lang='lat' dir='ltr'><strong>eis</strong></span> <span class='ocrx_word' id='word_1_42' title='bbox 670 408 754 434; x_wconf 87' lang='lat' dir='ltr'><strong>Deum</strong></span> <span class='ocrx_word' id='word_1_43' title='bbox 780 411 892 435; x_wconf 85' lang='lat' dir='ltr'><strong>accusat</strong></span> <span class='ocrx_word' id='word_1_44' title='bbox 916 407 1036 435; x_wconf 60' lang='lat' dir='ltr'><strong>invidiae.</strong></span> 
     </span>
    </p>
   </div>
   <div class='ocr_carea' id='block_1_8' title="bbox 250 453 1038 488">
    <p class='ocr_par' dir='ltr' id='par_1_8' title="bbox 250 453 1038 488">
     <span class='ocr_line' id='line_1_8' title="bbox 250 453 1038 488; baseline -0.004 -6"><span class='ocrx_word' id='word_1_45' title='bbox 250 454 351 486; x_wconf 85' lang='lat' dir='ltr'><strong>Vobis,</strong></span> <span class='ocrx_word' id='word_1_46' title='bbox 371 454 470 488; x_wconf 93' lang='lat' dir='ltr'><strong>inquit,</strong></span> <span class='ocrx_word' id='word_1_47' title='bbox 493 454 614 485; x_wconf 85' lang='lat' dir='ltr'><strong>invidet,</strong></span> <span class='ocrx_word' id='word_1_48' title='bbox 634 461 666 480; x_wconf 88' lang='lat' dir='ltr'><strong>ne</strong></span> <span class='ocrx_word' id='word_1_49' title='bbox 691 461 738 480; x_wconf 90' lang='lat' dir='ltr'><strong>vos</strong></span> <span class='ocrx_word' id='word_1_50' title='bbox 759 461 869 488; x_wconf 89' lang='lat' dir='ltr'><strong>quoque</strong></span> <span class='ocrx_word' id='word_1_51' title='bbox 881 453 1038 480; x_wconf 87' lang='lat' dir='ltr'><strong>elliciamini</strong></span> 
     </span>
    </p>
   </div>
   <div class='ocr_carea' id='block_1_9' title="bbox 249 498 1040 534">
    <p class='ocr_par' dir='ltr' id='par_1_9' title="bbox 249 498 1040 534">
     <span class='ocr_line' id='line_1_9' title="bbox 249 498 1040 534; baseline -0.001 -8"><span class='ocrx_word' id='word_1_52' title='bbox 249 499 320 526; x_wconf 79' lang='lat' dir='ltr'><strong>sicut</strong></span> <span class='ocrx_word' id='word_1_53' title='bbox 335 499 402 534; x_wconf 88' lang='lat' dir='ltr'><strong>ipse,</strong></span> <span class='ocrx_word' id='word_1_54' title='bbox 421 499 457 525; x_wconf 93' lang='lat' dir='ltr'><strong>dii</strong></span> <span class='ocrx_word' id='word_1_55' title='bbox 481 503 678 533; x_wconf 72' lang='lat' dir='ltr'><strong>cognoscentes</strong></span> <span class='ocrx_word' id='word_1_56' title='bbox 693 498 784 525; x_wconf 86' lang='lat' dir='ltr'><strong>omnia</strong></span> <span class='ocrx_word' id='word_1_57' title='bbox 799 507 806 524; x_wconf 89' lang='lat'>:</span> <span class='ocrx_word' id='word_1_58' title='bbox 823 503 850 525; x_wconf 84' lang='lat' dir='ltr'><strong>et</strong></span> <span class='ocrx_word' id='word_1_59' title='bbox 872 498 934 526; x_wconf 88' lang='lat' dir='ltr'><strong>ideo</strong></span> <span class='ocrx_word' id='word_1_60' title='bbox 955 499 1040 533; x_wconf 84' lang='lat' dir='ltr'><strong>jussit</strong></span> 
     </span>
    </p>
   </div>
   <div class='ocr_carea' id='block_1_10' title="bbox 250 543 1039 578">
    <p class='ocr_par' dir='ltr' id='par_1_10' title="bbox 250 543 1039 578">
     <span class='ocr_line' id='line_1_10' title="bbox 250 543 1039 578; baseline 0.001 -8"><span class='ocrx_word' id='word_1_61' title='bbox 250 545 328 572; x_wconf 81' lang='lat' dir='ltr'><strong>vobis</strong></span> <span class='ocrx_word' id='word_1_62' title='bbox 345 553 378 572; x_wconf 89' lang='lat' dir='ltr'><strong>ne</strong></span> <span class='ocrx_word' id='word_1_63' title='bbox 393 544 543 571; x_wconf 72' lang='lat' dir='ltr'><strong>comedatis</strong></span> <span class='ocrx_word' id='word_1_64' title='bbox 558 543 592 570; x_wconf 81' lang='lat' dir='ltr'><strong>de</strong></span> <span class='ocrx_word' id='word_1_65' title='bbox 609 544 666 578; x_wconf 85' lang='lat' dir='ltr'><strong>ipso</strong></span> <span class='ocrx_word' id='word_1_66' title='bbox 689 544 779 571; x_wconf 77' lang='lat' dir='ltr'><strong>fructu</strong></span> <span class='ocrx_word' id='word_1_67' title='bbox 799 551 871 575; x_wconf 86' lang='lat' dir='ltr'><strong>meo,</strong></span> <span class='ocrx_word' id='word_1_68' title='bbox 887 552 976 578; x_wconf 87' lang='lat' dir='ltr'><strong>neque</strong></span> <span class='ocrx_word' id='word_1_69' title='bbox 996 550 1039 571; x_wconf 87' lang='lat' dir='ltr'><strong>me</strong></span> 
     </span>
    </p>
   </div>
   <div class='ocr_carea' id='block_1_11' title="bbox 251 589 1041 625">
    <p class='ocr_par' dir='ltr' id='par_1_11' title="bbox 251 589 1041 625">
     <span class='ocr_line' id='line_1_11' title="bbox 251 589 1041 625; baseline -0.001 -7"><span class='ocrx_word' id='word_1_70' title='bbox 251 591 378 625; x_wconf 71' lang='lat' dir='ltr'><strong>tangatis,</strong></span> <span class='ocrx_word' id='word_1_71' title='bbox 395 598 483 624; x_wconf 83' lang='lat' dir='ltr'><strong>neque</strong></span> <span class='ocrx_word' id='word_1_72' title='bbox 505 597 547 616; x_wconf 87' lang='lat' dir='ltr'><strong>me</strong></span> <span class='ocrx_word' id='word_1_73' title='bbox 564 589 695 616; x_wconf 83' lang='lat' dir='ltr'><strong>adoretis.</strong></span> <span class='ocrx_word' id='word_1_74' title='bbox 711 590 742 616; x_wconf 82' lang='grc' dir='ltr'><strong>Εἰ</strong></span> <span class='ocrx_word' id='word_1_75' title='bbox 761 590 834 616; x_wconf 86' lang='lat' dir='ltr'><strong>enim</strong></span> <span class='ocrx_word' id='word_1_76' title='bbox 853 591 899 624; x_wconf 86' lang='lat' dir='ltr'><strong>qui</strong></span> <span class='ocrx_word' id='word_1_77' title='bbox 919 598 961 616; x_wconf 85' lang='lat' dir='ltr'><strong>me</strong></span> <span class='ocrx_word' id='word_1_78' title='bbox 975 591 1041 617; x_wconf 86' lang='lat' dir='ltr'><strong>ado-</strong></span> 
     </span>
    </p>
   </div>
   <div class='ocr_carea' id='block_1_12' title="bbox 253 635 1041 670">
    <p class='ocr_par' dir='ltr' id='par_1_12' title="bbox 253 635 1041 670">
     <span class='ocr_line' id='line_1_12' title="bbox 253 635 1041 670; baseline 0 -8"><span class='ocrx_word' id='word_1_79' title='bbox 253 641 303 667; x_wconf 87' lang='lat' dir='ltr'><strong>rat,</strong></span> <span class='ocrx_word' id='word_1_80' title='bbox 318 636 351 662; x_wconf 87' lang='lat' dir='ltr'><strong>de</strong></span> <span class='ocrx_word' id='word_1_81' title='bbox 364 635 518 669; x_wconf 69' lang='lat' dir='ltr'><strong>cognitione</strong></span> <span class='ocrx_word' id='word_1_82' title='bbox 537 635 670 661; x_wconf 89' lang='lat' dir='ltr'><strong>bonorum</strong></span> <span class='ocrx_word' id='word_1_83' title='bbox 684 641 711 662; x_wconf 81' lang='lat' dir='ltr'><strong>et</strong></span> <span class='ocrx_word' id='word_1_84' title='bbox 724 636 858 662; x_wconf 87' lang='lat' dir='ltr'><strong>malorum</strong></span> <span class='ocrx_word' id='word_1_85' title='bbox 881 636 916 662; x_wconf 88' lang='lat' dir='ltr'><strong>do</strong></span> <span class='ocrx_word' id='word_1_86' title='bbox 931 637 1041 670; x_wconf 85' lang='lat' dir='ltr'><strong>sapien-</strong></span> 
     </span>
    </p>
   </div>
   <div class='ocr_carea' id='block_1_13' title="bbox 253 681 1041 715">
    <p class='ocr_par' dir='ltr' id='par_1_13' title="bbox 253 681 1041 715">
     <span class='ocr_line' id='line_1_13' title="bbox 253 681 1041 715; baseline 0 -7"><span class='ocrx_word' id='word_1_87' title='bbox 253 683 317 708; x_wconf 85' lang='lat' dir='ltr'><strong>tiam</strong></span> <span class='ocrx_word' id='word_1_88' title='bbox 335 681 502 710; x_wconf 69' lang='lat' dir='ltr'><strong>inferiorem.</strong></span> <span class='ocrx_word' id='word_1_89' title='bbox 521 681 708 715; x_wconf 66' lang='lat' dir='ltr'><strong>astrologiam,</strong></span> <span class='ocrx_word' id='word_1_90' title='bbox 731 681 939 712; x_wconf 81' lang='lat' dir='ltr'><strong>divinationem,</strong></span> <span class='ocrx_word' id='word_1_91' title='bbox 958 689 1041 708; x_wconf 86' lang='lat' dir='ltr'><strong>vene-</strong></span> 
     </span>
    </p>
   </div>
   <div class='ocr_carea' id='block_1_14' title="bbox 252 726 1041 762">
    <p class='ocr_par' dir='ltr' id='par_1_14' title="bbox 252 726 1041 762">
     <span class='ocr_line' id='line_1_14' title="bbox 252 726 1041 762; baseline 0 -8"><span class='ocrx_word' id='word_1_92' title='bbox 252 727 355 757; x_wconf 84' lang='lat' dir='ltr'><strong>licium,</strong></span> <span class='ocrx_word' id='word_1_93' title='bbox 377 726 579 761; x_wconf 59' lang='lat' dir='ltr'><strong>praedictiones,</strong></span> <span class='ocrx_word' id='word_1_94' title='bbox 597 727 836 761; x_wconf 62' lang='lat' dir='ltr'><strong>prmeoguitiones,</strong></span> <span class='ocrx_word' id='word_1_95' title='bbox 853 727 1041 762; x_wconf 77' lang='lat' dir='ltr'><strong>prodigiorum</strong></span> 
     </span>
    </p>
   </div>
   <div class='ocr_carea' id='block_1_15' title="bbox 250 771 1041 807">
    <p class='ocr_par' dir='ltr' id='par_1_15' title="bbox 250 771 1041 807">
     <span class='ocr_line' id='line_1_15' title="bbox 250 771 1041 807; baseline 0.003 -8"><span class='ocrx_word' id='word_1_96' title='bbox 250 771 422 803; x_wconf 67' lang='lat' dir='ltr'><strong>eﬂecliones,</strong></span> <span class='ocrx_word' id='word_1_97' title='bbox 442 772 651 803; x_wconf 79' lang='lat' dir='ltr'><strong>incantationes,</strong></span> <span class='ocrx_word' id='word_1_98' title='bbox 675 772 825 799; x_wconf 80' lang='lat' dir='ltr'><strong>bestiarum</strong></span> <span class='ocrx_word' id='word_1_99' title='bbox 843 772 1041 807; x_wconf 82' lang='lat' dir='ltr'><strong>obedientiam,</strong></span> 
     </span>
    </p>
   </div>
   <div class='ocr_carea' id='block_1_16' title="bbox 253 818 1044 853">
    <p class='ocr_par' dir='ltr' id='par_1_16' title="bbox 253 818 1044 853">
     <span class='ocr_line' id='line_1_16' title="bbox 253 818 1044 853; baseline 0 -7"><span class='ocrx_word' id='word_1_100' title='bbox 253 819 395 846; x_wconf 85' lang='lat' dir='ltr'><strong>volucrum</strong></span> <span class='ocrx_word' id='word_1_101' title='bbox 421 818 620 850; x_wconf 79' lang='lat' dir='ltr'><strong>ministerium,</strong></span> <span class='ocrx_word' id='word_1_102' title='bbox 646 819 837 853; x_wconf 88' lang='lat' dir='ltr'><strong>jumentorum</strong></span> <span class='ocrx_word' id='word_1_103' title='bbox 865 819 1044 846; x_wconf 82' lang='lat' dir='ltr'><strong>transforma-</strong></span> 
     </span>
    </p>
   </div>
   <div class='ocr_carea' id='block_1_17' title="bbox 253 864 1043 900">
    <p class='ocr_par' dir='ltr' id='par_1_17' title="bbox 253 864 1043 900">
     <span class='ocr_line' id='line_1_17' title="bbox 253 864 1043 900; baseline 0.001 -9"><span class='ocrx_word' id='word_1_104' title='bbox 253 865 353 896; x_wconf 87' lang='lat' dir='ltr'><strong>tioues,</strong></span> <span class='ocrx_word' id='word_1_105' title='bbox 371 872 463 891; x_wconf 85' lang='lat' dir='ltr'><strong>rerum</strong></span> <span class='ocrx_word' id='word_1_106' title='bbox 487 864 647 891; x_wconf 85' lang='lat' dir='ltr'><strong>sublimium</strong></span> <span class='ocrx_word' id='word_1_107' title='bbox 663 864 858 895; x_wconf 87' lang='lat' dir='ltr'><strong>scrutationes,</strong></span> <span class='ocrx_word' id='word_1_108' title='bbox 876 864 947 899; x_wconf 76' lang='lat' dir='ltr'><strong>ignis</strong></span> <span class='ocrx_word' id='word_1_109' title='bbox 969 864 1043 900; x_wconf 48' lang='lat' dir='ltr'><strong>deje-</strong></span> 
     </span>
    </p>
   </div>
   <div class='ocr_carea' id='block_1_18' title="bbox 253 901 1042 944">
    <p class='ocr_par' dir='ltr' id='par_1_18' title="bbox 253 901 1042 944">
     <span class='ocr_line' id='line_1_18' title="bbox 253 901 1042 944; baseline 0.001 -8"><span class='ocrx_word' id='word_1_110' title='bbox 253 910 382 941; x_wconf 85' lang='lat' dir='ltr'><strong>etionem,</strong></span> <span class='ocrx_word' id='word_1_111' title='bbox 399 910 553 944; x_wconf 76' lang='lat' dir='ltr'><strong>pedestrem</strong></span> <span class='ocrx_word' id='word_1_112' title='bbox 579 917 703 944; x_wconf 81' lang='lat' dir='ltr'><strong>gressum</strong></span> <span class='ocrx_word' id='word_1_113' title='bbox 725 917 808 944; x_wconf 86' lang='lat' dir='ltr'><strong>super</strong></span> <span class='ocrx_word' id='word_1_114' title='bbox 831 901 926 944; x_wconf 79' lang='lat' dir='ltr'><strong>aquas,</strong></span> <span class='ocrx_word' id='word_1_115' title='bbox 951 910 1042 944; x_wconf 81' lang='lat' dir='ltr'><strong>abyssi</strong></span> 
     </span>
    </p>
   </div>
   <div class='ocr_carea' id='block_1_19' title="bbox 252 950 1042 990">
    <p class='ocr_par' dir='ltr' id='par_1_19' title="bbox 252 950 1042 990">
     <span class='ocr_line' id='line_1_19' title="bbox 252 950 1042 990; baseline 0.001 -8"><span class='ocrx_word' id='word_1_116' title='bbox 252 950 514 987; x_wconf 80' lang='lat' dir='ltr'><strong>considerationem,</strong></span> <span class='ocrx_word' id='word_1_117' title='bbox 531 960 690 990; x_wconf 84' lang='lat' dir='ltr'><strong>serpentum</strong></span> <span class='ocrx_word' id='word_1_118' title='bbox 710 955 963 990; x_wconf 86' lang='lat' dir='ltr'><strong>interemptionem,</strong></span> <span class='ocrx_word' id='word_1_119' title='bbox 981 956 1042 983; x_wconf 88' lang='lat' dir='ltr'><strong>the-</strong></span> 
     </span>
    </p>
   </div>
   <div class='ocr_carea' id='block_1_20' title="bbox 253 999 1044 1035">
    <p class='ocr_par' dir='ltr' id='par_1_20' title="bbox 253 999 1044 1035">
     <span class='ocr_line' id='line_1_20' title="bbox 253 999 1044 1035; baseline 0.003 -10"><span class='ocrx_word' id='word_1_120' title='bbox 253 1007 397 1026; x_wconf 80' lang='lat' dir='ltr'><strong>saurorum</strong></span> <span class='ocrx_word' id='word_1_121' title='bbox 412 999 619 1026; x_wconf 88' lang='lat' dir='ltr'><strong>revelationem.</strong></span> <span class='ocrx_word' id='word_1_122' title='bbox 637 1000 685 1026; x_wconf 86' lang='lat' dir='ltr'><strong>llis</strong></span> <span class='ocrx_word' id='word_1_123' title='bbox 699 1004 726 1026; x_wconf 91' lang='lat' dir='ltr'><strong>et</strong></span> <span class='ocrx_word' id='word_1_124' title='bbox 738 1000 873 1035; x_wconf 78' lang='lat' dir='ltr'><strong>ejusmodi</strong></span> <span class='ocrx_word' id='word_1_125' title='bbox 888 1000 950 1027; x_wconf 89' lang='lat' dir='ltr'><strong>aliis</strong></span> <span class='ocrx_word' id='word_1_126' title='bbox 964 1000 1044 1028; x_wconf 90' lang='lat' dir='ltr'><strong>innu-</strong></span> 
     </span>
    </p>
   </div>
   <div class='ocr_carea' id='block_1_21' title="bbox 254 1044 1045 1080">
    <p class='ocr_par' dir='ltr' id='par_1_21' title="bbox 254 1044 1045 1080">
     <span class='ocr_line' id='line_1_21' title="bbox 254 1044 1045 1080; baseline 0.004 -10"><span class='ocrx_word' id='word_1_127' title='bbox 254 1044 434 1071; x_wconf 85' lang='lat' dir='ltr'><strong>merabilibus</strong></span> <span class='ocrx_word' id='word_1_128' title='bbox 456 1045 688 1080; x_wconf 83' lang='lat' dir='ltr'><strong>promissionibus</strong></span> <span class='ocrx_word' id='word_1_129' title='bbox 705 1053 768 1072; x_wconf 90' lang='lat' dir='ltr'><strong>cum</strong></span> <span class='ocrx_word' id='word_1_130' title='bbox 792 1046 925 1073; x_wconf 89' lang='lat' dir='ltr'><strong>molestus</strong></span> <span class='ocrx_word' id='word_1_131' title='bbox 947 1046 1045 1073; x_wconf 85' lang='lat' dir='ltr'><strong>fuisset</strong></span> 
     </span>
    </p>
   </div>
   <div class='ocr_carea' id='block_1_22' title="bbox 255 1090 1042 1126">
    <p class='ocr_par' dir='ltr' id='par_1_22' title="bbox 255 1090 1042 1126">
     <span class='ocr_line' id='line_1_22' title="bbox 255 1090 1042 1126; baseline 0.005 -10"><span class='ocrx_word' id='word_1_132' title='bbox 255 1090 364 1116; x_wconf 88' lang='lat' dir='ltr'><strong>mulieri</strong></span> <span class='ocrx_word' id='word_1_133' title='bbox 384 1090 455 1125; x_wconf 68' lang='lat' dir='ltr'><strong>(quae</strong></span> <span class='ocrx_word' id='word_1_134' title='bbox 478 1090 756 1126; x_wconf 84' lang='lat' dir='ltr'><strong>dieebatur).nempe</strong></span> <span class='ocrx_word' id='word_1_135' title='bbox 781 1097 886 1118; x_wconf 63' lang='lat' dir='ltr'><strong>natura;</strong></span> <span class='ocrx_word' id='word_1_136' title='bbox 906 1092 1042 1125; x_wconf 62' lang='lat' dir='ltr'><strong>humanm,</strong></span> 
     </span>
    </p>
   </div>
   <div class='ocr_carea' id='block_1_23' title="bbox 254 1135 1046 1172">
    <p class='ocr_par' dir='ltr' id='par_1_23' title="bbox 254 1135 1046 1172">
     <span class='ocr_line' id='line_1_23' title="bbox 254 1135 1046 1172; baseline 0.004 -11"><span class='ocrx_word' id='word_1_137' title='bbox 254 1135 406 1163; x_wconf 79' lang='lat' dir='ltr'><strong>sceleratus</strong></span> <span class='ocrx_word' id='word_1_138' title='bbox 423 1143 538 1170; x_wconf 83' lang='lat' dir='ltr'><strong>serpens</strong></span> <span class='ocrx_word' id='word_1_139' title='bbox 551 1145 556 1162; x_wconf 92' lang='lat'>:</span> <span class='ocrx_word' id='word_1_140' title='bbox 571 1136 696 1170; x_wconf 84' lang='lat' dir='ltr'><strong>plurimis</strong></span> <span class='ocrx_word' id='word_1_141' title='bbox 717 1137 798 1164; x_wconf 85' lang='lat' dir='ltr'><strong>annis</strong></span> <span class='ocrx_word' id='word_1_142' title='bbox 820 1137 845 1164; x_wconf 90' lang='lat' dir='ltr'><strong>ei</strong></span> <span class='ocrx_word' id='word_1_143' title='bbox 862 1138 1000 1172; x_wconf 84' lang='lat' dir='ltr'><strong>persuasit</strong></span> <span class='ocrx_word' id='word_1_144' title='bbox 1017 1142 1046 1166; x_wconf 90' lang='lat' dir='ltr'><strong>et</strong></span> 
     </span>
    </p>
   </div>
   <div class='ocr_carea' id='block_1_24' title="bbox 255 1179 1046 1216">
    <p class='ocr_par' dir='ltr' id='par_1_24' title="bbox 255 1179 1046 1216">
     <span class='ocr_line' id='line_1_24' title="bbox 255 1179 1046 1216; baseline 0.006 -10"><span class='ocrx_word' id='word_1_145' title='bbox 255 1179 396 1207; x_wconf 82' lang='lat' dir='ltr'><strong>inclinavit</strong></span> <span class='ocrx_word' id='word_1_146' title='bbox 413 1185 442 1207; x_wconf 91' lang='lat' dir='ltr'><strong>ut</strong></span> <span class='ocrx_word' id='word_1_147' title='bbox 460 1189 474 1208; x_wconf 92' lang='lat' dir='ltr'><strong>a</strong></span> <span class='ocrx_word' id='word_1_148' title='bbox 494 1182 549 1208; x_wconf 84' lang='lat' dir='ltr'><strong>Deo</strong></span> <span class='ocrx_word' id='word_1_149' title='bbox 564 1181 694 1210; x_wconf 79' lang='lat' dir='ltr'><strong>deﬁceret</strong></span> <span class='ocrx_word' id='word_1_150' title='bbox 708 1186 736 1209; x_wconf 87' lang='lat' dir='ltr'><strong>e&#39;.</strong></span> <span class='ocrx_word' id='word_1_151' title='bbox 748 1182 837 1216; x_wconf 87' lang='lat' dir='ltr'><strong>ipsum</strong></span> <span class='ocrx_word' id='word_1_152' title='bbox 852 1183 967 1210; x_wconf 86' lang='lat' dir='ltr'><strong>coleret.</strong></span> <span class='ocrx_word' id='word_1_153' title='bbox 981 1183 1046 1212; x_wconf 84' lang='lat' dir='ltr'><strong>ideo</strong></span> 
     </span>
    </p>
   </div>
   <div class='ocr_carea' id='block_1_25' title="bbox 253 1225 1047 1264">
    <p class='ocr_par' dir='ltr' id='par_1_25' title="bbox 253 1225 1047 1264">
     <span class='ocr_line' id='line_1_25' title="bbox 253 1225 1047 1264; baseline 0.005 -12"><span class='ocrx_word' id='word_1_154' title='bbox 253 1225 322 1252; x_wconf 83' lang='lat' dir='ltr'><strong>dicit</strong></span> <span class='ocrx_word' id='word_1_155' title='bbox 336 1235 342 1252; x_wconf 92' lang='lat'>:</span> <span class='ocrx_word' id='word_1_156' title='bbox 357 1225 390 1252; x_wconf 90' lang='lat' dir='ltr'><strong>Et</strong></span> <span class='ocrx_word' id='word_1_157' title='bbox 405 1227 467 1253; x_wconf 82' lang='lat' dir='ltr'><strong>vidit</strong></span> <span class='ocrx_word' id='word_1_158' title='bbox 484 1227 581 1254; x_wconf 80' lang='lat' dir='ltr'><strong>mulier</strong></span> <span class='ocrx_word' id='word_1_159' title='bbox 597 1227 666 1262; x_wconf 79' lang='lat' dir='ltr'><strong>quod</strong></span> <span class='ocrx_word' id='word_1_160' title='bbox 680 1227 776 1254; x_wconf 85' lang='lat' dir='ltr'><strong>bonum</strong></span> <span class='ocrx_word' id='word_1_161' title='bbox 798 1232 863 1255; x_wconf 67' lang='lat' dir='ltr'><strong>esset</strong></span> <span class='ocrx_word' id='word_1_162' title='bbox 886 1228 988 1264; x_wconf 83' lang='lat' dir='ltr'><strong>lignum</strong></span> <span class='ocrx_word' id='word_1_163' title='bbox 1011 1230 1047 1257; x_wconf 78' lang='lat' dir='ltr'><strong>ad</strong></span> 
     </span>
    </p>
   </div>
   <div class='ocr_carea' id='block_1_26' title="bbox 257 1271 1048 1308">
    <p class='ocr_par' dir='ltr' id='par_1_26' title="bbox 257 1271 1048 1308">
     <span class='ocr_line' id='line_1_26' title="bbox 257 1271 1048 1308; baseline 0.004 -9"><span class='ocrx_word' id='word_1_164' title='bbox 257 1271 451 1299; x_wconf 78' lang='lat' dir='ltr'><strong>comedendum.</strong></span> <span class='ocrx_word' id='word_1_165' title='bbox 465 1271 556 1304; x_wconf 84' lang='lat' dir='ltr'><strong>Quare</strong></span> <span class='ocrx_word' id='word_1_166' title='bbox 570 1277 680 1308; x_wconf 88' lang='lat' dir='ltr'><strong>apertos</strong></span> <span class='ocrx_word' id='word_1_167' title='bbox 695 1273 790 1300; x_wconf 85' lang='lat' dir='ltr'><strong>habuit</strong></span> <span class='ocrx_word' id='word_1_168' title='bbox 805 1274 910 1306; x_wconf 86' lang='lat' dir='ltr'><strong>oculos,</strong></span> <span class='ocrx_word' id='word_1_169' title='bbox 925 1279 953 1302; x_wconf 91' lang='lat' dir='ltr'><strong>et</strong></span> <span class='ocrx_word' id='word_1_170' title='bbox 971 1283 1048 1302; x_wconf 84' lang='lat' dir='ltr'><strong>ama-</strong></span> 
     </span>
    </p>
   </div>
   <div class='ocr_carea' id='block_1_27' title="bbox 254 1316 1046 1355">
    <p class='ocr_par' dir='ltr' id='par_1_27' title="bbox 254 1316 1046 1355">
     <span class='ocr_line' id='line_1_27' title="bbox 254 1316 1046 1355; baseline 0.006 -12"><span class='ocrx_word' id='word_1_171' title='bbox 254 1317 295 1344; x_wconf 90' lang='lat' dir='ltr'><strong>vit</strong></span> <span class='ocrx_word' id='word_1_172' title='bbox 310 1316 402 1344; x_wconf 88' lang='lat' dir='ltr'><strong>cibum</strong></span> <span class='ocrx_word' id='word_1_173' title='bbox 421 1325 468 1344; x_wconf 85' lang='lat' dir='ltr'><strong>seu</strong></span> <span class='ocrx_word' id='word_1_174' title='bbox 492 1323 612 1352; x_wconf 72' lang='lat' dir='ltr'><strong>gustum,</strong></span> <span class='ocrx_word' id='word_1_175' title='bbox 628 1318 701 1353; x_wconf 86' lang='lat' dir='ltr'><strong>quod</strong></span> <span class='ocrx_word' id='word_1_176' title='bbox 719 1319 822 1347; x_wconf 86' lang='lat' dir='ltr'><strong>bonum</strong></span> <span class='ocrx_word' id='word_1_177' title='bbox 847 1324 920 1348; x_wconf 88' lang='lat' dir='ltr'><strong>esset</strong></span> <span class='ocrx_word' id='word_1_178' title='bbox 941 1320 1046 1355; x_wconf 80' lang='lat' dir='ltr'><strong>lignum</strong></span> 
     </span>
    </p>
   </div>
   <div class='ocr_carea' id='block_1_28' title="bbox 255 1363 1047 1401">
    <p class='ocr_par' dir='ltr' id='par_1_28' title="bbox 255 1363 1047 1401">
     <span class='ocr_line' id='line_1_28' title="bbox 255 1363 1047 1401; baseline 0.004 -10"><span class='ocrx_word' id='word_1_179' title='bbox 255 1363 288 1391; x_wconf 89' lang='lat' dir='ltr'><strong>ad</strong></span> <span class='ocrx_word' id='word_1_180' title='bbox 302 1363 501 1392; x_wconf 84' lang='lat' dir='ltr'><strong>comedendum</strong></span> <span class='ocrx_word' id='word_1_181' title='bbox 519 1372 525 1390; x_wconf 91' lang='lat'><strong>:</strong></span> <span class='ocrx_word' id='word_1_182' title='bbox 542 1365 631 1392; x_wconf 85' lang='lat' dir='ltr'><strong>omnis</strong></span> <span class='ocrx_word' id='word_1_183' title='bbox 645 1365 719 1392; x_wconf 86' lang='lat' dir='ltr'><strong>enim</strong></span> <span class='ocrx_word' id='word_1_184' title='bbox 733 1365 814 1393; x_wconf 87' lang='lat' dir='ltr'><strong>cibus</strong></span> <span class='ocrx_word' id='word_1_185' title='bbox 831 1366 1007 1401; x_wconf 79' lang='lat' dir='ltr'><strong>cognoscitur</strong></span> <span class='ocrx_word' id='word_1_186' title='bbox 1018 1370 1047 1394; x_wconf 88' lang='lat' dir='ltr'><strong>et</strong></span> 
     </span>
    </p>
   </div>
   <div class='ocr_carea' id='block_1_29' title="bbox 256 1408 1047 1446">
    <p class='ocr_par' dir='ltr' id='par_1_29' title="bbox 256 1408 1047 1446">
     <span class='ocr_line' id='line_1_29' title="bbox 256 1408 1047 1446; baseline 0.005 -12"><span class='ocrx_word' id='word_1_187' title='bbox 256 1408 391 1443; x_wconf 77' lang='lat' dir='ltr'><strong>probatur</strong></span> <span class='ocrx_word' id='word_1_188' title='bbox 418 1416 467 1443; x_wconf 88' lang='lat' dir='ltr'><strong>per</strong></span> <span class='ocrx_word' id='word_1_189' title='bbox 491 1414 610 1444; x_wconf 78' lang='lat' dir='ltr'><strong>gustum.</strong></span> <span class='ocrx_word' id='word_1_190' title='bbox 637 1410 821 1443; x_wconf 85' lang='lat' dir='ltr'><strong>Quamobrem</strong></span> <span class='ocrx_word' id='word_1_191' title='bbox 847 1411 913 1438; x_wconf 90' lang='lat' dir='ltr'><strong>hinc</strong></span> <span class='ocrx_word' id='word_1_192' title='bbox 935 1419 1047 1446; x_wconf 82' lang='lat' dir='ltr'><strong>quoque</strong></span> 
     </span>
    </p>
   </div>
   <div class='ocr_carea' id='block_1_30' title="bbox 259 1454 1047 1490">
    <p class='ocr_par' dir='ltr' id='par_1_30' title="bbox 259 1454 1047 1490">
     <span class='ocr_line' id='line_1_30' title="bbox 259 1454 1047 1490; baseline 0.006 -9"><span class='ocrx_word' id='word_1_193' title='bbox 259 1462 352 1481; x_wconf 90' lang='lat' dir='ltr'><strong>rursus</strong></span> <span class='ocrx_word' id='word_1_194' title='bbox 364 1454 526 1482; x_wconf 71' lang='lat' dir='ltr'><strong>refelluntur</strong></span> <span class='ocrx_word' id='word_1_195' title='bbox 537 1455 584 1490; x_wconf 88' lang='lat' dir='ltr'><strong>qui</strong></span> <span class='ocrx_word' id='word_1_196' title='bbox 596 1456 753 1484; x_wconf 78' lang='lat' dir='ltr'><strong>existimant</strong></span> <span class='ocrx_word' id='word_1_197' title='bbox 769 1457 827 1485; x_wconf 62' lang='lat' dir='ltr'><strong>haec</strong></span> <span class='ocrx_word' id='word_1_198' title='bbox 844 1457 897 1486; x_wconf 90' lang='lat' dir='ltr'><strong>dici</strong></span> <span class='ocrx_word' id='word_1_199' title='bbox 911 1458 1000 1485; x_wconf 87' lang='lat' dir='ltr'><strong>solum</strong></span> <span class='ocrx_word' id='word_1_200' title='bbox 1013 1458 1047 1486; x_wconf 80' lang='lat' dir='ltr'><strong>ad</strong></span> 
     </span>
    </p>
   </div>
   <div class='ocr_carea' id='block_1_31' title="bbox 258 1499 1049 1539">
    <p class='ocr_par' dir='ltr' id='par_1_31' title="bbox 258 1499 1049 1539">
     <span class='ocr_line' id='line_1_31' title="bbox 258 1499 1049 1539; baseline 0.009 -14"><span class='ocrx_word' id='word_1_201' title='bbox 258 1499 376 1526; x_wconf 73' lang='lat' dir='ltr'><strong>litteram</strong></span> <span class='ocrx_word' id='word_1_202' title='bbox 392 1508 397 1526; x_wconf 90' lang='lat'>:</span> <span class='ocrx_word' id='word_1_203' title='bbox 413 1500 446 1526; x_wconf 88' lang='lat' dir='ltr'><strong>Et</strong></span> <span class='ocrx_word' id='word_1_204' title='bbox 463 1500 525 1527; x_wconf 81' lang='lat' dir='ltr'><strong>vidit</strong></span> <span class='ocrx_word' id='word_1_205' title='bbox 542 1501 638 1528; x_wconf 83' lang='lat' dir='ltr'><strong>mulier</strong></span> <span class='ocrx_word' id='word_1_206' title='bbox 655 1503 723 1533; x_wconf 85' lang='lat' dir='ltr'><strong>quod</strong></span> <span class='ocrx_word' id='word_1_207' title='bbox 743 1503 839 1530; x_wconf 85' lang='lat' dir='ltr'><strong>bonum</strong></span> <span class='ocrx_word' id='word_1_208' title='bbox 859 1509 924 1531; x_wconf 67' lang='lat' dir='ltr'><strong>esset</strong></span> <span class='ocrx_word' id='word_1_209' title='bbox 947 1504 1049 1539; x_wconf 82' lang='lat' dir='ltr'><strong>lignum</strong></span> 
     </span>
    </p>
   </div>
   <div class='ocr_carea' id='block_1_32' title="bbox 260 1545 1050 1583">
    <p class='ocr_par' dir='ltr' id='par_1_32' title="bbox 260 1545 1050 1583">
     <span class='ocr_line' id='line_1_32' title="bbox 260 1545 1050 1583; baseline 0.01 -13"><span class='ocrx_word' id='word_1_210' title='bbox 260 1545 294 1570; x_wconf 74' lang='lat' dir='ltr'><strong>ad</strong></span> <span class='ocrx_word' id='word_1_211' title='bbox 304 1545 500 1577; x_wconf 73' lang='lat' dir='ltr'><strong>comedendum,</strong></span> <span class='ocrx_word' id='word_1_212' title='bbox 519 1551 543 1573; x_wconf 85' lang='lat' dir='ltr'><strong>et</strong></span> <span class='ocrx_word' id='word_1_213' title='bbox 554 1547 701 1582; x_wconf 80' lang='lat' dir='ltr'><strong>jucundum</strong></span> <span class='ocrx_word' id='word_1_214' title='bbox 715 1549 797 1576; x_wconf 80' lang='lat' dir='ltr'><strong>oculis</strong></span> <span class='ocrx_word' id='word_1_215' title='bbox 812 1550 847 1576; x_wconf 84' lang='lat' dir='ltr'><strong>ad</strong></span> <span class='ocrx_word' id='word_1_216' title='bbox 861 1551 1010 1583; x_wconf 80' lang='lat' dir='ltr'><strong>videndum,</strong></span> <span class='ocrx_word' id='word_1_217' title='bbox 1024 1555 1050 1578; x_wconf 80' lang='lat' dir='ltr'><strong>et</strong></span> 
     </span>
    </p>
   </div>
   <div class='ocr_carea' id='block_1_33' title="bbox 258 1590 1049 1632">
    <p class='ocr_par' dir='ltr' id='par_1_33' title="bbox 258 1590 1049 1632">
     <span class='ocr_line' id='line_1_33' title="bbox 258 1590 1049 1632; baseline 0.01 -16"><span class='ocrx_word' id='word_1_218' title='bbox 258 1590 397 1624; x_wconf 68' lang='lat' dir='ltr'><strong>pulo/trum</strong></span> <span class='ocrx_word' id='word_1_219' title='bbox 422 1592 456 1618; x_wconf 80' lang='lat' dir='ltr'><strong>ad</strong></span> <span class='ocrx_word' id='word_1_220' title='bbox 478 1593 709 1621; x_wconf 43' lang='lat' dir='ltr'><strong>considerandum.</strong></span> <span class='ocrx_word' id='word_1_221' title='bbox 728 1595 795 1622; x_wconf 83' lang='lat' dir='ltr'><strong>Nam</strong></span> <span class='ocrx_word' id='word_1_222' title='bbox 811 1596 883 1630; x_wconf 90' lang='lat' dir='ltr'><strong>quod</strong></span> <span class='ocrx_word' id='word_1_223' title='bbox 900 1596 933 1623; x_wconf 88' lang='lat' dir='ltr'><strong>ad</strong></span> <span class='ocrx_word' id='word_1_224' title='bbox 951 1605 1049 1632; x_wconf 88' lang='lat' dir='ltr'><strong>corpo-</strong></span> 
     </span>
    </p>
   </div>
   <div class='ocr_carea' id='block_1_34' title="bbox 258 1637 1047 1678">
    <p class='ocr_par' dir='ltr' id='par_1_34' title="bbox 258 1637 1047 1678">
     <span class='ocr_line' id='line_1_34' title="bbox 258 1637 1047 1678; baseline 0.011 -16"><span class='ocrx_word' id='word_1_225' title='bbox 258 1637 341 1664; x_wconf 75' lang='lat' dir='ltr'><strong>ralem</strong></span> <span class='ocrx_word' id='word_1_226' title='bbox 359 1638 470 1671; x_wconf 81' lang='lat' dir='ltr'><strong>quidem</strong></span> <span class='ocrx_word' id='word_1_227' title='bbox 489 1639 636 1667; x_wconf 86' lang='lat' dir='ltr'><strong>dictionem</strong></span> <span class='ocrx_word' id='word_1_228' title='bbox 654 1641 753 1668; x_wconf 81' lang='lat' dir='ltr'><strong>attinet</strong></span> <span class='ocrx_word' id='word_1_229' title='bbox 767 1649 828 1676; x_wconf 71' lang='lat' dir='ltr'><strong>qure</strong></span> <span class='ocrx_word' id='word_1_230' title='bbox 847 1647 889 1670; x_wconf 90' lang='lat' dir='ltr'><strong>est</strong></span> <span class='ocrx_word' id='word_1_231' title='bbox 904 1644 931 1670; x_wconf 93' lang='lat' dir='ltr'><strong>in</strong></span> <span class='ocrx_word' id='word_1_232' title='bbox 954 1651 1047 1678; x_wconf 91' lang='lat' dir='ltr'><strong>prom-</strong></span> 
     </span>
    </p>
   </div>
   <div class='ocr_carea' id='block_1_35' title="bbox 258 1683 1048 1722">
    <p class='ocr_par' dir='ltr' id='par_1_35' title="bbox 258 1683 1048 1722">
     <span class='ocr_line' id='line_1_35' title="bbox 258 1683 1048 1722; baseline 0.01 -14"><span class='ocrx_word' id='word_1_233' title='bbox 258 1688 316 1716; x_wconf 81' lang='lat' dir='ltr'><strong>ptu,</strong></span> <span class='ocrx_word' id='word_1_234' title='bbox 348 1683 436 1710; x_wconf 89' lang='lat' dir='ltr'><strong>visum</strong></span> <span class='ocrx_word' id='word_1_235' title='bbox 460 1689 501 1711; x_wconf 82' lang='lat' dir='ltr'><strong>est</strong></span> <span class='ocrx_word' id='word_1_236' title='bbox 527 1686 691 1720; x_wconf 82' lang='lat' dir='ltr'><strong>quituislam</strong></span> <span class='ocrx_word' id='word_1_237' title='bbox 717 1686 810 1714; x_wconf 88' lang='lat' dir='ltr'><strong>dicere</strong></span> <span class='ocrx_word' id='word_1_238' title='bbox 834 1689 907 1722; x_wconf 89' lang='lat' dir='ltr'><strong>quod</strong></span> <span class='ocrx_word' id='word_1_239' title='bbox 932 1689 1048 1717; x_wconf 77' lang='lat' dir='ltr'><strong>l‘ormam</strong></span> 
     </span>
    </p>
   </div>
   <div class='ocr_carea' id='block_1_36' title="bbox 258 1727 1050 1768">
    <p class='ocr_par' dir='ltr' id='par_1_36' title="bbox 258 1727 1050 1768">
     <span class='ocr_line' id='line_1_36' title="bbox 258 1727 1050 1768; baseline 0.011 -16"><span class='ocrx_word' id='word_1_240' title='bbox 258 1727 405 1760; x_wconf 80' lang='lat' dir='ltr'><strong>quamdam</strong></span> <span class='ocrx_word' id='word_1_241' title='bbox 420 1737 501 1763; x_wconf 76' lang='lat' dir='ltr'><strong>supra</strong></span> <span class='ocrx_word' id='word_1_242' title='bbox 517 1731 627 1757; x_wconf 83' lang='lat' dir='ltr'><strong>modum</strong></span> <span class='ocrx_word' id='word_1_243' title='bbox 643 1731 812 1765; x_wconf 84' lang='lat' dir='ltr'><strong>splendidam</strong></span> <span class='ocrx_word' id='word_1_244' title='bbox 828 1737 855 1760; x_wconf 89' lang='lat' dir='ltr'><strong>et</strong></span> <span class='ocrx_word' id='word_1_245' title='bbox 867 1738 979 1768; x_wconf 89' lang='lat' dir='ltr'><strong>stupore</strong></span> <span class='ocrx_word' id='word_1_246' title='bbox 993 1734 1050 1768; x_wconf 88' lang='lat' dir='ltr'><strong>ple-</strong></span> 
     </span>
    </p>
   </div>
   <div class='ocr_carea' id='block_1_37' title="bbox 260 1775 1050 1813">
    <p class='ocr_par' dir='ltr' id='par_1_37' title="bbox 260 1775 1050 1813">
     <span class='ocr_line' id='line_1_37' title="bbox 260 1775 1050 1813; baseline 0.011 -15"><span class='ocrx_word' id='word_1_247' title='bbox 260 1781 321 1799; x_wconf 85' lang='lat' dir='ltr'><strong>nam</strong></span> <span class='ocrx_word' id='word_1_248' title='bbox 340 1775 448 1800; x_wconf 85' lang='lat' dir='ltr'><strong>mulieri</strong></span> <span class='ocrx_word' id='word_1_249' title='bbox 467 1775 598 1803; x_wconf 82' lang='lat' dir='ltr'><strong>iudicavit</strong></span> <span class='ocrx_word' id='word_1_250' title='bbox 620 1777 754 1811; x_wconf 75' lang='lat' dir='ltr'><strong>malignus</strong></span> <span class='ocrx_word' id='word_1_251' title='bbox 775 1779 885 1813; x_wconf 87' lang='lat' dir='ltr'><strong>quando</strong></span> <span class='ocrx_word' id='word_1_252' title='bbox 902 1787 962 1807; x_wconf 78' lang='lat' dir='ltr'><strong>eam</strong></span> <span class='ocrx_word' id='word_1_253' title='bbox 983 1781 1050 1807; x_wconf 85' lang='lat' dir='ltr'><strong>allo-</strong></span> 
     </span>
    </p>
   </div>
   <div class='ocr_carea' id='block_1_38' title="bbox 259 1819 1050 1858">
    <p class='ocr_par' dir='ltr' id='par_1_38' title="bbox 259 1819 1050 1858">
     <span class='ocr_line' id='line_1_38' title="bbox 259 1819 1050 1858; baseline 0.011 -15"><span class='ocrx_word' id='word_1_254' title='bbox 259 1819 407 1853; x_wconf 76' lang='lat' dir='ltr'><strong>quebatur,</strong></span> <span class='ocrx_word' id='word_1_255' title='bbox 426 1822 539 1854; x_wconf 73' lang='lat' dir='ltr'><strong>seipsum</strong></span> <span class='ocrx_word' id='word_1_256' title='bbox 566 1822 761 1856; x_wconf 71' lang='lat' dir='ltr'><strong>trmzsﬁguraus</strong></span> <span class='ocrx_word' id='word_1_257' title='bbox 784 1824 809 1850; x_wconf 75' lang='lat' dir='ltr'><strong>in</strong></span> <span class='ocrx_word' id='word_1_258' title='bbox 833 1825 956 1858; x_wconf 75' lang='lat' dir='ltr'><strong>mtgelum</strong></span> <span class='ocrx_word' id='word_1_259' title='bbox 974 1825 1050 1857; x_wconf 79' lang='lat' dir='ltr'><strong>lucis,</strong></span> 
     </span>
    </p>
   </div>
   <div class='ocr_carea' id='block_1_39' title="bbox 261 1864 1052 1901">
    <p class='ocr_par' dir='ltr' id='par_1_39' title="bbox 261 1864 1052 1901">
     <span class='ocr_line' id='line_1_39' title="bbox 261 1864 1052 1901; baseline 0.011 -12"><span class='ocrx_word' id='word_1_260' title='bbox 261 1869 290 1890; x_wconf 83' lang='lat' dir='ltr'><strong>ut</strong></span> <span class='ocrx_word' id='word_1_261' title='bbox 307 1864 372 1890; x_wconf 61' lang='lat' dir='ltr'><strong>dicit</strong></span> <span class='ocrx_word' id='word_1_262' title='bbox 386 1865 533 1899; x_wconf 45' lang='lat' dir='ltr'><strong>Apostolus</strong></span> <span class='ocrx_word' id='word_1_263' title='bbox 551 1867 582 1898; x_wconf 64' lang='lat'><strong>‘3,</strong></span> <span class='ocrx_word' id='word_1_264' title='bbox 599 1868 712 1901; x_wconf 83' lang='lat' dir='ltr'><strong>perinde</strong></span> <span class='ocrx_word' id='word_1_265' title='bbox 729 1876 761 1896; x_wconf 86' lang='lat' dir='ltr'><strong>ac</strong></span> <span class='ocrx_word' id='word_1_266' title='bbox 774 1869 796 1896; x_wconf 91' lang='lat' dir='ltr'><strong>si</strong></span> <span class='ocrx_word' id='word_1_267' title='bbox 815 1870 921 1897; x_wconf 81' lang='lat' dir='ltr'><strong>diceret</strong></span> <span class='ocrx_word' id='word_1_268' title='bbox 936 1879 941 1896; x_wconf 84' lang='lat'><strong>:</strong></span> <span class='ocrx_word' id='word_1_269' title='bbox 956 1871 984 1897; x_wconf 74' lang='lat' dir='ltr'><strong>lu</strong></span> <span class='ocrx_word' id='word_1_270' title='bbox 1001 1871 1052 1898; x_wconf 89' lang='lat' dir='ltr'><strong>hac</strong></span> 
     </span>
    </p>
   </div>
   <div class='ocr_carea' id='block_1_40' title="bbox 261 1909 1051 1950">
    <p class='ocr_par' dir='ltr' id='par_1_40' title="bbox 261 1909 1051 1950">
     <span class='ocr_line' id='line_1_40' title="bbox 261 1909 1051 1950; baseline 0.009 -15"><span class='ocrx_word' id='word_1_271' title='bbox 261 1909 348 1935; x_wconf 69' lang='lat' dir='ltr'><strong>ferina</strong></span> <span class='ocrx_word' id='word_1_272' title='bbox 365 1915 392 1936; x_wconf 90' lang='lat' dir='ltr'><strong>et</strong></span> <span class='ocrx_word' id='word_1_273' title='bbox 409 1910 493 1943; x_wconf 74' lang='lat' dir='ltr'><strong>gloria</strong></span> <span class='ocrx_word' id='word_1_274' title='bbox 509 1911 585 1938; x_wconf 77' lang='lat' dir='ltr'><strong>eritis</strong></span> <span class='ocrx_word' id='word_1_275' title='bbox 600 1913 671 1939; x_wconf 81' lang='lat' dir='ltr'><strong>sicut</strong></span> <span class='ocrx_word' id='word_1_276' title='bbox 688 1912 737 1945; x_wconf 88' lang='lat' dir='ltr'><strong>dii,</strong></span> <span class='ocrx_word' id='word_1_277' title='bbox 753 1914 775 1950; x_wconf 83' lang='lat' dir='ltr'><strong>si</strong></span> <span class='ocrx_word' id='word_1_278' title='bbox 800 1913 906 1941; x_wconf 81' lang='lat' dir='ltr'><strong>fructus</strong></span> <span class='ocrx_word' id='word_1_279' title='bbox 922 1915 975 1942; x_wconf 80' lang='lat' dir='ltr'><strong>mei</strong></span> <span class='ocrx_word' id='word_1_280' title='bbox 990 1911 1051 1942; x_wconf 81' lang='lat' dir='ltr'><strong>fue-</strong></span> 
     </span>
    </p>
   </div>
   <div class='ocr_carea' id='block_1_41' title="bbox 261 1955 1052 1994">
    <p class='ocr_par' dir='ltr' id='par_1_41' title="bbox 261 1955 1052 1994">
     <span class='ocr_line' id='line_1_41' title="bbox 261 1955 1052 1994; baseline 0.009 -13"><span class='ocrx_word' id='word_1_281' title='bbox 261 1955 323 1982; x_wconf 78' lang='lat' dir='ltr'><strong>r&#39;tis</strong></span> <span class='ocrx_word' id='word_1_282' title='bbox 339 1956 496 1991; x_wconf 62' lang='lat' dir='ltr'><strong>participes.</strong></span> <span class='ocrx_word' id='word_1_283' title='bbox 514 1957 546 1984; x_wconf 82' lang='lat' dir='ltr'><strong>Et</strong></span> <span class='ocrx_word' id='word_1_284' title='bbox 560 1957 611 1984; x_wconf 86' lang='lat' dir='ltr'><strong>hac</strong></span> <span class='ocrx_word' id='word_1_285' title='bbox 624 1958 657 1986; x_wconf 85' lang='lat' dir='ltr'><strong>de</strong></span> <span class='ocrx_word' id='word_1_286' title='bbox 671 1966 763 1990; x_wconf 88' lang='lat' dir='ltr'><strong>causa,</strong></span> <span class='ocrx_word' id='word_1_287' title='bbox 779 1959 879 1994; x_wconf 86' lang='lat' dir='ltr'><strong>inquit,</strong></span> <span class='ocrx_word' id='word_1_288' title='bbox 892 1960 997 1988; x_wconf 87' lang='lat' dir='ltr'><strong>dicttun</strong></span> <span class='ocrx_word' id='word_1_289' title='bbox 1011 1965 1052 1989; x_wconf 85' lang='lat' dir='ltr'><strong>est</strong></span> 
     </span>
    </p>
   </div>
   <div class='ocr_carea' id='block_1_42' title="bbox 261 2000 1052 2040">
    <p class='ocr_par' dir='ltr' id='par_1_42' title="bbox 261 2000 1052 2040">
     <span class='ocr_line' id='line_1_42' title="bbox 261 2000 1052 2040; baseline 0.009 -14"><span class='ocrx_word' id='word_1_290' title='bbox 261 2000 328 2027; x_wconf 85' lang='lat' dir='ltr'><strong>illud</strong></span> <span class='ocrx_word' id='word_1_291' title='bbox 353 2010 358 2027; x_wconf 90' lang='lat'>:</span> <span class='ocrx_word' id='word_1_292' title='bbox 385 2001 418 2028; x_wconf 74' lang='lat' dir='ltr'><strong>Et</strong></span> <span class='ocrx_word' id='word_1_293' title='bbox 443 2002 504 2028; x_wconf 70' lang='lat' dir='ltr'><strong>vili!</strong></span> <span class='ocrx_word' id='word_1_294' title='bbox 523 2003 616 2029; x_wconf 80' lang='lat' dir='ltr'><strong>mulier</strong></span> <span class='ocrx_word' id='word_1_295' title='bbox 638 2003 736 2038; x_wconf 81' lang='lat' dir='ltr'><strong>lignum</strong></span> <span class='ocrx_word' id='word_1_296' title='bbox 761 2006 830 2040; x_wconf 72' lang='lat' dir='ltr'><strong>quod</strong></span> <span class='ocrx_word' id='word_1_297' title='bbox 848 2006 996 2040; x_wconf 80' lang='lat' dir='ltr'><strong>jucundum</strong></span> <span class='ocrx_word' id='word_1_298' title='bbox 1015 2011 1052 2033; x_wconf 75' lang='lat' dir='ltr'><strong>est</strong></span> 
     </span>
    </p>
   </div>
   <div class='ocr_carea' id='block_1_43' title="bbox 261 2045 1052 2084">
    <p class='ocr_par' dir='ltr' id='par_1_43' title="bbox 261 2045 1052 2084">
     <span class='ocr_line' id='line_1_43' title="bbox 261 2045 1052 2084; baseline 0.01 -13"><span class='ocrx_word' id='word_1_299' title='bbox 261 2046 342 2072; x_wconf 70' lang='lat' dir='ltr'><strong>oculis</strong></span> <span class='ocrx_word' id='word_1_300' title='bbox 359 2047 393 2072; x_wconf 78' lang='lat' dir='ltr'><strong>ml</strong></span> <span class='ocrx_word' id='word_1_301' title='bbox 410 2048 557 2078; x_wconf 71' lang='lat' dir='ltr'><strong>videndum,</strong></span> <span class='ocrx_word' id='word_1_302' title='bbox 575 2053 599 2074; x_wconf 76' lang='lat' dir='ltr'><strong>et</strong></span> <span class='ocrx_word' id='word_1_303' title='bbox 613 2050 751 2083; x_wconf 77' lang='lat' dir='ltr'><strong>pulchrum</strong></span> <span class='ocrx_word' id='word_1_304' title='bbox 766 2051 800 2077; x_wconf 82' lang='lat' dir='ltr'><strong>ad</strong></span> <span class='ocrx_word' id='word_1_305' title='bbox 816 2045 1052 2084; x_wconf 69' lang='lat' dir='ltr'><strong>considerandum;</strong></span> 
     </span>
    </p>
   </div>
   <div class='ocr_carea' id='block_1_44' title="bbox 261 2091 1052 2130">
    <p class='ocr_par' dir='ltr' id='par_1_44' title="bbox 261 2091 1052 2130">
     <span class='ocr_line' id='line_1_44' title="bbox 261 2091 1052 2130; baseline 0.013 -16"><span class='ocrx_word' id='word_1_306' title='bbox 261 2098 294 2116; x_wconf 84' lang='lat' dir='ltr'><strong>an</strong></span> <span class='ocrx_word' id='word_1_307' title='bbox 313 2095 404 2116; x_wconf 64' lang='lat' dir='ltr'><strong>autem</strong></span> <span class='ocrx_word' id='word_1_308' title='bbox 423 2091 479 2119; x_wconf 74' lang='lat' dir='ltr'><strong>lucc</strong></span> <span class='ocrx_word' id='word_1_309' title='bbox 496 2093 531 2119; x_wconf 87' lang='lat' dir='ltr'><strong>ita</strong></span> <span class='ocrx_word' id='word_1_310' title='bbox 550 2093 678 2125; x_wconf 75' lang='lat' dir='ltr'><strong>habeant,</strong></span> <span class='ocrx_word' id='word_1_311' title='bbox 695 2102 749 2121; x_wconf 88' lang='lat' dir='ltr'><strong>non</strong></span> <span class='ocrx_word' id='word_1_312' title='bbox 765 2095 853 2122; x_wconf 70' lang='lat' dir='ltr'><strong>habeo</strong></span> <span class='ocrx_word' id='word_1_313' title='bbox 867 2096 932 2130; x_wconf 84' lang='lat' dir='ltr'><strong>quid</strong></span> <span class='ocrx_word' id='word_1_314' title='bbox 952 2096 1052 2124; x_wconf 87' lang='lat' dir='ltr'><strong>dicam.</strong></span> 
     </span>
    </p>
   </div>
   <div class='ocr_carea' id='block_1_45' title="bbox 265 2136 1053 2173">
    <p class='ocr_par' dir='ltr' id='par_1_45' title="bbox 265 2136 1053 2173">
     <span class='ocr_line' id='line_1_45' title="bbox 265 2136 1053 2173; baseline 0.008 -10"><span class='ocrx_word' id='word_1_315' title='bbox 265 2136 299 2163; x_wconf 71' lang='lat' dir='ltr'><strong>Et</strong></span> <span class='ocrx_word' id='word_1_316' title='bbox 315 2137 442 2170; x_wconf 63' lang='lat' dir='ltr'><strong>accipiens</strong></span> <span class='ocrx_word' id='word_1_317' title='bbox 457 2139 488 2164; x_wconf 82' lang='lat' dir='ltr'><strong>de</strong></span> <span class='ocrx_word' id='word_1_318' title='bbox 504 2138 592 2173; x_wconf 76' lang='lat' dir='ltr'><strong>[ructu</strong></span> <span class='ocrx_word' id='word_1_319' title='bbox 606 2141 692 2173; x_wconf 76' lang='lat' dir='ltr'><strong>ipsum</strong></span> <span class='ocrx_word' id='word_1_320' title='bbox 711 2141 830 2171; x_wconf 73' lang='lat' dir='ltr'><strong>comedit,</strong></span> <span class='ocrx_word' id='word_1_321' title='bbox 844 2146 869 2167; x_wconf 83' lang='lat' dir='ltr'><strong>et</strong></span> <span class='ocrx_word' id='word_1_322' title='bbox 887 2142 957 2168; x_wconf 79' lang='lat' dir='ltr'><strong>dedit</strong></span> <span class='ocrx_word' id='word_1_323' title='bbox 972 2143 1053 2170; x_wconf 78' lang='lat' dir='ltr'><strong>etiam</strong></span> 
     </span>
    </p>
   </div>
   <div class='ocr_carea' id='block_1_46' title="bbox 262 2182 1051 2223">
    <p class='ocr_par' dir='ltr' id='par_1_46' title="bbox 262 2182 1051 2223">
     <span class='ocr_line' id='line_1_46' title="bbox 262 2182 1051 2223; baseline 0.009 -15"><span class='ocrx_word' id='word_1_324' title='bbox 262 2182 320 2208; x_wconf 73' lang='lat' dir='ltr'><strong>uiro</strong></span> <span class='ocrx_word' id='word_1_325' title='bbox 341 2191 399 2211; x_wconf 74' lang='lat' dir='ltr'><strong>sua.</strong></span> <span class='ocrx_word' id='word_1_326' title='bbox 415 2187 438 2209; x_wconf 75' lang='lat' dir='ltr'><strong>et</strong></span> <span class='ocrx_word' id='word_1_327' title='bbox 458 2185 580 2212; x_wconf 68' lang='lat' dir='ltr'><strong>comedit.</strong></span> <span class='ocrx_word' id='word_1_328' title='bbox 606 2185 687 2220; x_wconf 81' lang='lat' dir='ltr'><strong>Atqui</strong></span> <span class='ocrx_word' id='word_1_329' title='bbox 712 2186 833 2213; x_wconf 88' lang='lat' dir='ltr'><strong>nondum</strong></span> <span class='ocrx_word' id='word_1_330' title='bbox 853 2192 911 2214; x_wconf 85' lang='lat' dir='ltr'><strong>erat</strong></span> <span class='ocrx_word' id='word_1_331' title='bbox 927 2188 967 2214; x_wconf 92' lang='lat' dir='ltr'><strong>vir</strong></span> <span class='ocrx_word' id='word_1_332' title='bbox 981 2190 1051 2223; x_wconf 76' lang='lat' dir='ltr'><strong>ejus,</strong></span> 
     </span>
    </p>
   </div>
   <div class='ocr_carea' id='block_1_47' title="bbox 263 2229 1052 2265">
    <p class='ocr_par' dir='ltr' id='par_1_47' title="bbox 263 2229 1052 2265">
     <span class='ocr_line' id='line_1_47' title="bbox 263 2229 1052 2265; baseline 0.011 -11"><span class='ocrx_word' id='word_1_333' title='bbox 263 2235 352 2262; x_wconf 76' lang='lat' dir='ltr'><strong>neque</strong></span> <span class='ocrx_word' id='word_1_334' title='bbox 368 2229 424 2264; x_wconf 72' lang='lat' dir='ltr'><strong>ipsa</strong></span> <span class='ocrx_word' id='word_1_335' title='bbox 439 2231 498 2265; x_wconf 83' lang='lat' dir='ltr'><strong>ejus</strong></span> <span class='ocrx_word' id='word_1_336' title='bbox 510 2231 618 2258; x_wconf 85' lang='lat' dir='ltr'><strong>mulier.</strong></span> <span class='ocrx_word' id='word_1_337' title='bbox 629 2232 684 2259; x_wconf 89' lang='lat' dir='ltr'><strong>Cur</strong></span> <span class='ocrx_word' id='word_1_338' title='bbox 698 2237 789 2258; x_wconf 84' lang='lat' dir='ltr'><strong>autem</strong></span> <span class='ocrx_word' id='word_1_339' title='bbox 803 2241 857 2259; x_wconf 89' lang='lat' dir='ltr'><strong>non</strong></span> <span class='ocrx_word' id='word_1_340' title='bbox 874 2234 955 2259; x_wconf 89' lang='lat' dir='ltr'><strong>ambo</strong></span> <span class='ocrx_word' id='word_1_341' title='bbox 970 2235 1052 2263; x_wconf 89' lang='lat' dir='ltr'><strong>simul</strong></span> 
     </span>
    </p>
   </div>
   <div class='ocr_carea' id='block_1_48' title="bbox 263 2274 1052 2311">
    <p class='ocr_par' dir='ltr' id='par_1_48' title="bbox 263 2274 1052 2311">
     <span class='ocr_line' id='line_1_48' title="bbox 263 2274 1052 2311; baseline 0.01 -11"><span class='ocrx_word' id='word_1_342' title='bbox 263 2274 453 2306; x_wconf 75' lang='lat' dir='ltr'><strong>enuicderunt,</strong></span> <span class='ocrx_word' id='word_1_343' title='bbox 471 2275 518 2302; x_wconf 81' lang='lat' dir='ltr'><strong>sed</strong></span> <span class='ocrx_word' id='word_1_344' title='bbox 542 2276 640 2303; x_wconf 84' lang='lat' dir='ltr'><strong>mulier</strong></span> <span class='ocrx_word' id='word_1_345' title='bbox 657 2277 775 2311; x_wconf 87' lang='lat' dir='ltr'><strong>primum</strong></span> <span class='ocrx_word' id='word_1_346' title='bbox 790 2287 796 2303; x_wconf 92' lang='lat'>:</span> <span class='ocrx_word' id='word_1_347' title='bbox 812 2278 911 2306; x_wconf 86' lang='lat' dir='ltr'><strong>deinde</strong></span> <span class='ocrx_word' id='word_1_348' title='bbox 928 2280 969 2306; x_wconf 83' lang='lat' dir='ltr'><strong>vir</strong></span> <span class='ocrx_word' id='word_1_349' title='bbox 991 2288 1052 2307; x_wconf 91' lang='lat' dir='ltr'><strong>cum</strong></span> 
     </span>
    </p>
   </div>
   <div class='ocr_carea' id='block_1_49' title="bbox 266 2319 1057 2360">
    <p class='ocr_par' dir='ltr' id='par_1_49' title="bbox 266 2319 1057 2360">
     <span class='ocr_line' id='line_1_49' title="bbox 266 2319 1057 2360; baseline 0.013 -15"><span class='ocrx_word' id='word_1_350' title='bbox 266 2319 298 2346; x_wconf 78' lang='lat' dir='ltr'><strong>ab</strong></span> <span class='ocrx_word' id='word_1_351' title='bbox 313 2328 344 2346; x_wconf 79' lang='lat' dir='ltr'><strong>ea</strong></span> <span class='ocrx_word' id='word_1_352' title='bbox 360 2321 521 2355; x_wconf 63' lang='lat' dir='ltr'><strong>accepisset,</strong></span> <span class='ocrx_word' id='word_1_353' title='bbox 539 2327 566 2349; x_wconf 84' lang='lat' dir='ltr'><strong>et</strong></span> <span class='ocrx_word' id='word_1_354' title='bbox 589 2330 641 2349; x_wconf 87' lang='lat' dir='ltr'><strong>non</strong></span> <span class='ocrx_word' id='word_1_355' title='bbox 659 2323 834 2354; x_wconf 79' lang='lat' dir='ltr'><strong>contradixit,</strong></span> <span class='ocrx_word' id='word_1_356' title='bbox 852 2332 942 2360; x_wconf 87' lang='lat' dir='ltr'><strong>neque</strong></span> <span class='ocrx_word' id='word_1_357' title='bbox 962 2327 1057 2355; x_wconf 74' lang='lat' dir='ltr'><strong>excla-</strong></span> 
     </span>
    </p>
   </div>
   <div class='ocr_carea' id='block_1_50' title="bbox 264 2367 1055 2407">
    <p class='ocr_par' dir='ltr' id='par_1_50' title="bbox 264 2367 1055 2407">
     <span class='ocr_line' id='line_1_50' title="bbox 264 2367 1055 2407; baseline 0.01 -15"><span class='ocrx_word' id='word_1_358' title='bbox 264 2367 358 2394; x_wconf 82' lang='lat' dir='ltr'><strong>mavit.</strong></span> <span class='ocrx_word' id='word_1_359' title='bbox 376 2375 464 2401; x_wconf 81' lang='lat' dir='ltr'><strong>neque</strong></span> <span class='ocrx_word' id='word_1_360' title='bbox 481 2368 592 2394; x_wconf 87' lang='lat' dir='ltr'><strong>omnino</strong></span> <span class='ocrx_word' id='word_1_361' title='bbox 616 2369 643 2395; x_wconf 92' lang='lat' dir='ltr'><strong>in</strong></span> <span class='ocrx_word' id='word_1_362' title='bbox 668 2377 728 2395; x_wconf 76' lang='lat' dir='ltr'><strong>eam</strong></span> <span class='ocrx_word' id='word_1_363' title='bbox 754 2370 914 2402; x_wconf 78' lang='lat' dir='ltr'><strong>infremuit,</strong></span> <span class='ocrx_word' id='word_1_364' title='bbox 939 2377 969 2399; x_wconf 90' lang='lat' dir='ltr'><strong>ut</strong></span> <span class='ocrx_word' id='word_1_365' title='bbox 994 2381 1055 2407; x_wconf 65' lang='lat' dir='ltr'><strong>quae</strong></span> 
     </span>
    </p>
   </div>
   <div class='ocr_carea' id='block_1_51' title="bbox 264 2412 1055 2452">
    <p class='ocr_par' dir='ltr' id='par_1_51' title="bbox 264 2412 1055 2452">
     <span class='ocr_line' id='line_1_51' title="bbox 264 2412 1055 2452; baseline 0.013 -15"><span class='ocrx_word' id='word_1_366' title='bbox 264 2419 318 2438; x_wconf 79' lang='lat' dir='ltr'><strong>non</strong></span> <span class='ocrx_word' id='word_1_367' title='bbox 335 2412 495 2440; x_wconf 82' lang='lat' dir='ltr'><strong>&#39;ohediissct</strong></span> <span class='ocrx_word' id='word_1_368' title='bbox 510 2413 637 2441; x_wconf 88' lang='lat' dir='ltr'><strong>mandato</strong></span> <span class='ocrx_word' id='word_1_369' title='bbox 654 2415 720 2441; x_wconf 64' lang='lat' dir='ltr'><strong>Dei?</strong></span> <span class='ocrx_word' id='word_1_370' title='bbox 736 2415 796 2443; x_wconf 75' lang='lat' dir='ltr'><strong>lltcc</strong></span> <span class='ocrx_word' id='word_1_371' title='bbox 815 2425 881 2452; x_wconf 80' lang='lat' dir='ltr'><strong>ergo</strong></span> <span class='ocrx_word' id='word_1_372' title='bbox 897 2417 949 2445; x_wconf 86' lang='lat' dir='ltr'><strong>hoc</strong></span> <span class='ocrx_word' id='word_1_373' title='bbox 972 2418 1055 2446; x_wconf 88' lang='lat' dir='ltr'><strong>modo</strong></span> 
     </span>
    </p>
   </div>
   <div class='ocr_carea' id='block_1_52' title="bbox 265 2457 423 2484">
    <p class='ocr_par' dir='ltr' id='par_1_52' title="bbox 265 2457 423 2484">
     <span class='ocr_line' id='line_1_52' title="bbox 265 2457 423 2484; baseline -0.006 0"><span class='ocrx_word' id='word_1_374' title='bbox 265 2465 294 2484; x_wconf 74' lang='lat' dir='ltr'><strong>se</strong></span> <span class='ocrx_word' id='word_1_375' title='bbox 310 2457 423 2484; x_wconf 75' lang='lat' dir='ltr'><strong>habent.</strong></span> 
     </span>
    </p>
   </div>
   <div class='ocr_carea' id='block_1_53' title="bbox 299 2498 1054 2542">
    <p class='ocr_par' dir='ltr' id='par_1_53' title="bbox 299 2503 1054 2542">
     <span class='ocr_line' id='line_1_53' title="bbox 299 2503 1054 2542; baseline 0.009 -13"><span class='ocrx_word' id='word_1_376' title='bbox 299 2503 433 2530; x_wconf 81' lang='lat' dir='ltr'><strong>Convenit</strong></span> <span class='ocrx_word' id='word_1_377' title='bbox 456 2512 521 2539; x_wconf 64' lang='lat' dir='ltr'><strong>ergo</strong></span> <span class='ocrx_word' id='word_1_378' title='bbox 537 2507 671 2542; x_wconf 69' lang='lat' dir='ltr'><strong>malignus</strong></span> <span class='ocrx_word' id='word_1_379' title='bbox 690 2507 795 2535; x_wconf 66' lang='lat' dir='ltr'><strong>dromon</strong></span> <span class='ocrx_word' id='word_1_380' title='bbox 814 2508 933 2542; x_wconf 73' lang='lat' dir='ltr'><strong>primum</strong></span> <span class='ocrx_word' id='word_1_381' title='bbox 959 2509 1054 2536; x_wconf 72' lang='lat' dir='ltr'><strong>Eccle-</strong></span> 
     </span>
    </p>
   </div>
   <div class='ocr_carea' id='block_1_54' title="bbox 266 2549 1056 2587">
    <p class='ocr_par' dir='ltr' id='par_1_54' title="bbox 266 2549 1056 2587">
     <span class='ocr_line' id='line_1_54' title="bbox 266 2549 1056 2587; baseline 0.006 -12"><span class='ocrx_word' id='word_1_382' title='bbox 266 2549 334 2575; x_wconf 79' lang='lat' dir='ltr'><strong>siam</strong></span> <span class='ocrx_word' id='word_1_383' title='bbox 351 2557 357 2574; x_wconf 91' lang='lat'>:</span> <span class='ocrx_word' id='word_1_384' title='bbox 372 2549 495 2576; x_wconf 72' lang='lat' dir='ltr'><strong>molestia</strong></span> <span class='ocrx_word' id='word_1_385' title='bbox 511 2551 612 2583; x_wconf 79' lang='lat' dir='ltr'><strong>affecit,</strong></span> <span class='ocrx_word' id='word_1_386' title='bbox 635 2553 782 2587; x_wconf 81' lang='lat' dir='ltr'><strong>persuasit,</strong></span> <span class='ocrx_word' id='word_1_387' title='bbox 805 2553 924 2587; x_wconf 78' lang='lat' dir='ltr'><strong>decepit,</strong></span> <span class='ocrx_word' id='word_1_388' title='bbox 948 2554 1056 2587; x_wconf 78' lang='lat' dir='ltr'><strong>accepit</strong></span> 
     </span>
    </p>
   </div>
   <div class='ocr_carea' id='block_1_55' title="bbox 265 2595 1053 2630">
    <p class='ocr_par' dir='ltr' id='par_1_55' title="bbox 265 2595 1053 2630">
     <span class='ocr_line' id='line_1_55' title="bbox 265 2595 1053 2630; baseline 0.008 -9"><span class='ocrx_word' id='word_1_389' title='bbox 265 2599 294 2621; x_wconf 90' lang='lat' dir='ltr'><strong>et</strong></span> <span class='ocrx_word' id='word_1_390' title='bbox 315 2595 524 2629; x_wconf 79' lang='lat' dir='ltr'><strong>comprehendit</strong></span> <span class='ocrx_word' id='word_1_391' title='bbox 541 2597 658 2625; x_wconf 81' lang='lat' dir='ltr'><strong>fructum</strong></span> <span class='ocrx_word' id='word_1_392' title='bbox 681 2599 744 2626; x_wconf 87' lang='lat' dir='ltr'><strong>mali</strong></span> <span class='ocrx_word' id='word_1_393' title='bbox 761 2607 834 2630; x_wconf 76' lang='lat' dir='ltr'><strong>esus,</strong></span> <span class='ocrx_word' id='word_1_394' title='bbox 850 2599 977 2625; x_wconf 81' lang='lat' dir='ltr'><strong>adoravit</strong></span> <span class='ocrx_word' id='word_1_395' title='bbox 995 2608 1053 2627; x_wconf 86' lang='lat' dir='ltr'><strong>ma-</strong></span> 
     </span>
    </p>
   </div>
   <div class='ocr_carea' id='block_1_56' title="bbox 266 2632 1056 2674">
    <p class='ocr_par' dir='ltr' id='par_1_56' title="bbox 266 2632 1056 2674">
     <span class='ocr_line' id='line_1_56' title="bbox 266 2632 1056 2674; baseline 0.009 -10"><span class='ocrx_word' id='word_1_396' title='bbox 266 2638 370 2673; x_wconf 75' lang='lat' dir='ltr'><strong>lignum</strong></span> <span class='ocrx_word' id='word_1_397' title='bbox 396 2643 524 2674; x_wconf 83' lang='lat' dir='ltr'><strong>tanquam</strong></span> <span class='ocrx_word' id='word_1_398' title='bbox 550 2642 651 2674; x_wconf 84' lang='lat' dir='ltr'><strong>Deum;</strong></span> <span class='ocrx_word' id='word_1_399' title='bbox 670 2643 770 2670; x_wconf 78' lang='lat' dir='ltr'><strong>deinde</strong></span> <span class='ocrx_word' id='word_1_400' title='bbox 793 2652 855 2670; x_wconf 87' lang='lat' dir='ltr'><strong>cum</strong></span> <span class='ocrx_word' id='word_1_401' title='bbox 880 2632 1056 2674; x_wconf 65' lang='lat' dir='ltr'><strong>cumediéset.</strong></span> 
     </span>
    </p>
   </div>
   <div class='ocr_carea' id='block_1_57' title="bbox 268 2689 1056 2725">
    <p class='ocr_par' dir='ltr' id='par_1_57' title="bbox 268 2689 1056 2725">
     <span class='ocr_line' id='line_1_57' title="bbox 268 2689 1056 2725; baseline 0.008 -13"><span class='ocrx_word' id='word_1_402' title='bbox 268 2693 377 2713; x_wconf 85' lang='lat' dir='ltr'><strong>reversa</strong></span> <span class='ocrx_word' id='word_1_403' title='bbox 393 2692 434 2714; x_wconf 84' lang='lat' dir='ltr'><strong>est</strong></span> <span class='ocrx_word' id='word_1_404' title='bbox 457 2689 490 2715; x_wconf 87' lang='lat' dir='ltr'><strong>ad</strong></span> <span class='ocrx_word' id='word_1_405' title='bbox 516 2690 614 2722; x_wconf 83' lang='lat' dir='ltr'><strong>\irum,</strong></span> <span class='ocrx_word' id='word_1_406' title='bbox 633 2691 738 2718; x_wconf 75' lang='lat' dir='ltr'><strong>dimisit</strong></span> <span class='ocrx_word' id='word_1_407' title='bbox 760 2696 925 2725; x_wconf 82' lang='lat' dir='ltr'><strong>serpentem.</strong></span> <span class='ocrx_word' id='word_1_408' title='bbox 942 2690 1010 2718; x_wconf 89' lang='lat' dir='ltr'><strong>Cum</strong></span> <span class='ocrx_word' id='word_1_409' title='bbox 1026 2700 1056 2718; x_wconf 82' lang='lat' dir='ltr'><strong>ea</strong></span> 
     </span>
    </p>
   </div>
   <div class='ocr_carea' id='block_1_58' title="bbox 265 2728 1059 2770">
    <p class='ocr_par' dir='ltr' id='par_1_58' title="bbox 265 2728 1059 2770">
     <span class='ocr_line' id='line_1_58' title="bbox 265 2728 1059 2770; baseline 0.008 -12"><span class='ocrx_word' id='word_1_410' title='bbox 265 2740 332 2767; x_wconf 74' lang='lat' dir='ltr'><strong>ergo</strong></span> <span class='ocrx_word' id='word_1_411' title='bbox 347 2739 420 2761; x_wconf 81' lang='lat' dir='ltr'><strong>recte</strong></span> <span class='ocrx_word' id='word_1_412' title='bbox 437 2740 509 2762; x_wconf 72' lang='lat' dir='ltr'><strong>esset</strong></span> <span class='ocrx_word' id='word_1_413' title='bbox 534 2744 641 2763; x_wconf 73' lang='lat' dir='ltr'><strong>reversa</strong></span> <span class='ocrx_word' id='word_1_414' title='bbox 667 2737 700 2763; x_wconf 84' lang='lat' dir='ltr'><strong>ad</strong></span> <span class='ocrx_word' id='word_1_415' title='bbox 722 2745 785 2764; x_wconf 90' lang='lat' dir='ltr'><strong>cum</strong></span> <span class='ocrx_word' id='word_1_416' title='bbox 806 2744 888 2770; x_wconf 87' lang='lat' dir='ltr'><strong>quem</strong></span> <span class='ocrx_word' id='word_1_417' title='bbox 905 2737 975 2764; x_wconf 83' lang='lat' dir='ltr'><strong>male</strong></span> <span class='ocrx_word' id='word_1_418' title='bbox 990 2738 1040 2764; x_wconf 77' lang='lat' dir='ltr'><strong>reii</strong></span> <span class='ocrx_word' id='word_1_419' title='bbox 1053 2728 1059 2735; x_wconf 78' lang='grc'><strong>’</strong></span> 
     </span>
    </p>
   </div>
   <div class='ocr_carea' id='block_1_59' title="bbox 266 2780 1057 2816">
    <p class='ocr_par' dir='ltr' id='par_1_59' title="bbox 266 2780 1057 2816">
     <span class='ocr_line' id='line_1_59' title="bbox 266 2780 1057 2816; baseline 0.008 -13"><span class='ocrx_word' id='word_1_420' title='bbox 266 2785 375 2812; x_wconf 78' lang='lat' dir='ltr'><strong>q&#39;lerat,</strong></span> <span class='ocrx_word' id='word_1_421' title='bbox 395 2780 435 2806; x_wconf 75' lang='lat' dir='ltr'><strong>vir</strong></span> <span class='ocrx_word' id='word_1_422' title='bbox 450 2788 508 2807; x_wconf 81' lang='lat' dir='ltr'><strong>eam</strong></span> <span class='ocrx_word' id='word_1_423' title='bbox 531 2783 639 2815; x_wconf 71' lang='lat' dir='ltr'><strong>excepit</strong></span> <span class='ocrx_word' id='word_1_424' title='bbox 665 2789 745 2815; x_wconf 86' lang='lat' dir='ltr'><strong>quam</strong></span> <span class='ocrx_word' id='word_1_425' title='bbox 770 2781 846 2808; x_wconf 77' lang='lat' dir='ltr'><strong>valde</strong></span> <span class='ocrx_word' id='word_1_426' title='bbox 863 2782 1012 2816; x_wconf 72' lang='lat' dir='ltr'><strong>qumrebal,</strong></span> <span class='ocrx_word' id='word_1_427' title='bbox 1031 2789 1057 2809; x_wconf 74' lang='grc' dir='ltr'><strong>ιιι</strong></span> 
     </span>
    </p>
   </div>
   <div class='ocr_carea' id='block_1_60' title="bbox 265 2827 1055 2861">
    <p class='ocr_par' dir='ltr' id='par_1_60' title="bbox 265 2827 1055 2861">
     <span class='ocr_line' id='line_1_60' title="bbox 265 2827 1055 2861; baseline 0.005 -10"><span class='ocrx_word' id='word_1_428' title='bbox 265 2832 395 2859; x_wconf 62' lang='lat' dir='ltr'><strong>tauquam</strong></span> <span class='ocrx_word' id='word_1_429' title='bbox 409 2827 548 2861; x_wconf 76' lang='lat' dir='ltr'><strong>prodigam</strong></span> <span class='ocrx_word' id='word_1_430' title='bbox 562 2828 678 2861; x_wconf 64' lang='grc' dir='ltr'><strong>ι-ιυρρῐῐ.</strong></span> <span class='ocrx_word' id='word_1_431' title='bbox 688 2828 746 2853; x_wconf 68' lang='lat' dir='ltr'><strong>Non</strong></span> <span class='ocrx_word' id='word_1_432' title='bbox 758 2832 798 2852; x_wconf 63' lang='lat' dir='ltr'><strong>est</strong></span> <span class='ocrx_word' id='word_1_433' title='bbox 809 2833 986 2861; x_wconf 61' lang='lat' dir='ltr'><strong>conquestus,</strong></span> <span class='ocrx_word' id='word_1_434' title='bbox 1003 2838 1055 2856; x_wconf 81' lang='lat' dir='ltr'><strong>non</strong></span> 
     </span>
    </p>
   </div>
   <div class='ocr_carea' id='block_1_61' title="bbox 306 2917 548 2948">
    <p class='ocr_par' dir='ltr' id='par_1_61' title="bbox 306 2917 548 2948">
     <span class='ocr_line' id='line_1_61' title="bbox 306 2917 548 2948; baseline 0 -5"><span class='ocrx_word' id='word_1_435' title='bbox 306 2918 326 2932; x_wconf 77' lang='lat'>”</span> <span class='ocrx_word' id='word_1_436' title='bbox 340 2917 360 2943; x_wconf 81' lang='lat' dir='ltr'><strong>ll</strong></span> <span class='ocrx_word' id='word_1_437' title='bbox 377 2917 439 2943; x_wconf 70' lang='lat' dir='ltr'><strong>Cur.</strong></span> <span class='ocrx_word' id='word_1_438' title='bbox 457 2926 492 2948; x_wconf 75' lang='lat' dir='ltr'><strong>vi,</strong></span> <span class='ocrx_word' id='word_1_439' title='bbox 510 2918 548 2943; x_wconf 86' lang='lat' dir='ltr'><strong>li.</strong></span> 
     </span>
    </p>
   </div>
   <div class='ocr_carea' id='block_1_62' title="bbox 591 2918 1051 2951">
    <p class='ocr_par' dir='ltr' id='par_1_62' title="bbox 591 2918 1051 2951">
     <span class='ocr_line' id='line_1_62' title="bbox 591 2918 1051 2951; baseline 0.004 -8"><span class='ocrx_word' id='word_1_440' title='bbox 591 2919 610 2932; x_wconf 77' lang='lat'>“</span> <span class='ocrx_word' id='word_1_441' title='bbox 627 2918 708 2944; x_wconf 50' lang='lat' dir='ltr'><strong>Hebr.</strong></span> <span class='ocrx_word' id='word_1_442' title='bbox 727 2926 754 2950; x_wconf 83' lang='grc' dir='ltr'><strong>ιι,</strong></span> <span class='ocrx_word' id='word_1_443' title='bbox 772 2919 797 2944; x_wconf 60' lang='grc' dir='ltr'><strong>τ’).</strong></span> <span class='ocrx_word' id='word_1_444' title='bbox 839 2920 858 2933; x_wconf 71' lang='grc'><strong>’⁵</strong></span> <span class='ocrx_word' id='word_1_445' title='bbox 875 2918 956 2945; x_wconf 55' lang='lat' dir='ltr'><strong>hiare.</strong></span> <span class='ocrx_word' id='word_1_446' title='bbox 977 2927 993 2951; x_wconf 85' lang='grc' dir='ltr'><strong>ι,</strong></span> <span class='ocrx_word' id='word_1_447' title='bbox 1014 2919 1051 2945; x_wconf 81' lang='grc'><strong>15.</strong></span> 
     </span>
    </p>
   </div>
   <div class='ocr_carea' id='block_1_63' title="bbox 1095 2917 1320 2951">
    <p class='ocr_par' dir='ltr' id='par_1_63' title="bbox 1095 2917 1320 2951">
     <span class='ocr_line' id='line_1_63' title="bbox 1095 2917 1320 2951; baseline -0.004 -7"><span class='ocrx_word' id='word_1_448' title='bbox 1095 2920 1113 2931; x_wconf 70' lang='grc'><strong>¹⁵</strong></span> <span class='ocrx_word' id='word_1_449' title='bbox 1131 2918 1223 2944; x_wconf 62' lang='grc' dir='ltr'><strong>ῗνῐλιιὶι.</strong></span> <span class='ocrx_word' id='word_1_450' title='bbox 1241 2925 1276 2951; x_wconf 81' lang='lat' dir='ltr'><strong>tv,</strong></span> <span class='ocrx_word' id='word_1_451' title='bbox 1296 2917 1320 2944; x_wconf 80' lang='lat'><strong>5.</strong></span> 
     </span>
    </p>
   </div>
   <div class='ocr_carea' id='block_1_64' title="bbox 1091 309 1888 350">
    <p class='ocr_par' dir='ltr' id='par_1_64' title="bbox 1091 309 1888 350">
     <span class='ocr_line' id='line_1_64' title="bbox 1091 309 1888 350; baseline -0.009 -8"><span class='ocrx_word' id='word_1_452' title='bbox 1091 315 1138 346; x_wconf 88' lang='lat' dir='ltr'><strong>cit,</strong></span> <span class='ocrx_word' id='word_1_453' title='bbox 1154 323 1208 342; x_wconf 91' lang='lat' dir='ltr'><strong>non</strong></span> <span class='ocrx_word' id='word_1_454' title='bbox 1222 315 1322 350; x_wconf 84' lang='lat' dir='ltr'><strong>repulit</strong></span> <span class='ocrx_word' id='word_1_455' title='bbox 1336 323 1342 341; x_wconf 93' lang='lat'>:</span> <span class='ocrx_word' id='word_1_456' title='bbox 1357 314 1405 341; x_wconf 89' lang='lat' dir='ltr'><strong>sed</strong></span> <span class='ocrx_word' id='word_1_457' title='bbox 1417 321 1480 341; x_wconf 93' lang='lat' dir='ltr'><strong>cum</strong></span> <span class='ocrx_word' id='word_1_458' title='bbox 1495 313 1530 341; x_wconf 86' lang='lat' dir='ltr'><strong>ab</strong></span> <span class='ocrx_word' id='word_1_459' title='bbox 1541 321 1585 344; x_wconf 87' lang='lat' dir='ltr'><strong>ea,</strong></span> <span class='ocrx_word' id='word_1_460' title='bbox 1599 312 1642 339; x_wconf 86' lang='lat' dir='ltr'><strong>vel</strong></span> <span class='ocrx_word' id='word_1_461' title='bbox 1658 311 1749 346; x_wconf 82' lang='lat' dir='ltr'><strong>potius</strong></span> <span class='ocrx_word' id='word_1_462' title='bbox 1763 316 1812 343; x_wconf 83' lang='lat' dir='ltr'><strong>pro</strong></span> <span class='ocrx_word' id='word_1_463' title='bbox 1826 309 1888 344; x_wconf 82' lang='lat' dir='ltr'><strong>ipsa</strong></span> 
     </span>
    </p>
   </div>
   <div class='ocr_carea' id='block_1_65' title="bbox 1091 355 1888 396">
    <p class='ocr_par' dir='ltr' id='par_1_65' title="bbox 1091 355 1888 396">
     <span class='ocr_line' id='line_1_65' title="bbox 1091 355 1888 396; baseline -0.009 -8"><span class='ocrx_word' id='word_1_464' title='bbox 1091 361 1242 396; x_wconf 86' lang='lat' dir='ltr'><strong>accepisset</strong></span> <span class='ocrx_word' id='word_1_465' title='bbox 1257 361 1379 387; x_wconf 76' lang='lat' dir='ltr'><strong>fructum</strong></span> <span class='ocrx_word' id='word_1_466' title='bbox 1401 359 1478 395; x_wconf 76' lang='lat' dir='ltr'><strong>ligni.</strong></span> <span class='ocrx_word' id='word_1_467' title='bbox 1494 365 1621 394; x_wconf 80' lang='lat' dir='ltr'><strong>prompto</strong></span> <span class='ocrx_word' id='word_1_468' title='bbox 1636 362 1664 384; x_wconf 89' lang='lat' dir='ltr'><strong>et</strong></span> <span class='ocrx_word' id='word_1_469' title='bbox 1684 356 1769 384; x_wconf 83' lang='lat' dir='ltr'><strong>alacri</strong></span> <span class='ocrx_word' id='word_1_470' title='bbox 1790 355 1888 382; x_wconf 83' lang='lat' dir='ltr'><strong>animo</strong></span> 
     </span>
    </p>
   </div>
   <div class='ocr_carea' id='block_1_66' title="bbox 1090 399 1887 441">
    <p class='ocr_par' dir='ltr' id='par_1_66' title="bbox 1090 399 1887 441">
     <span class='ocr_line' id='line_1_66' title="bbox 1090 399 1887 441; baseline -0.01 -7"><span class='ocrx_word' id='word_1_471' title='bbox 1090 415 1154 434; x_wconf 88' lang='lat' dir='ltr'><strong>eum</strong></span> <span class='ocrx_word' id='word_1_472' title='bbox 1163 406 1294 441; x_wconf 78' lang='lat' dir='ltr'><strong>gustavit.</strong></span> <span class='ocrx_word' id='word_1_473' title='bbox 1303 406 1433 433; x_wconf 82' lang='lat' dir='ltr'><strong>Fructum</strong></span> <span class='ocrx_word' id='word_1_474' title='bbox 1443 405 1509 440; x_wconf 79' lang='lat' dir='ltr'><strong>ligni</strong></span> <span class='ocrx_word' id='word_1_475' title='bbox 1520 403 1643 438; x_wconf 80' lang='lat' dir='ltr'><strong>intellige</strong></span> <span class='ocrx_word' id='word_1_476' title='bbox 1654 407 1771 429; x_wconf 88' lang='lat' dir='ltr'><strong>mortem</strong></span> <span class='ocrx_word' id='word_1_477' title='bbox 1779 399 1887 428; x_wconf 85' lang='lat' dir='ltr'><strong>Christi</strong></span> 
     </span>
    </p>
   </div>
   <div class='ocr_carea' id='block_1_67' title="bbox 1092 451 1889 486">
    <p class='ocr_par' dir='ltr' id='par_1_67' title="bbox 1092 451 1889 486">
     <span class='ocr_line' id='line_1_67' title="bbox 1092 451 1889 486; baseline -0.009 -7"><span class='ocrx_word' id='word_1_478' title='bbox 1092 453 1119 480; x_wconf 94' lang='lat' dir='ltr'><strong>in</strong></span> <span class='ocrx_word' id='word_1_479' title='bbox 1136 460 1218 479; x_wconf 90' lang='lat' dir='ltr'><strong>cruce</strong></span> <span class='ocrx_word' id='word_1_480' title='bbox 1240 461 1246 478; x_wconf 92' lang='lat'><strong>:</strong></span> <span class='ocrx_word' id='word_1_481' title='bbox 1264 460 1345 486; x_wconf 87' lang='lat' dir='ltr'><strong>quam</strong></span> <span class='ocrx_word' id='word_1_482' title='bbox 1362 460 1411 486; x_wconf 86' lang='lat' dir='ltr'><strong>pro</strong></span> <span class='ocrx_word' id='word_1_483' title='bbox 1428 451 1561 481; x_wconf 85' lang='lat' dir='ltr'><strong>Ecclesia,</strong></span> <span class='ocrx_word' id='word_1_484' title='bbox 1580 454 1710 483; x_wconf 84' lang='lat' dir='ltr'><strong>tanquam</strong></span> <span class='ocrx_word' id='word_1_485' title='bbox 1725 454 1775 482; x_wconf 86' lang='lat' dir='ltr'><strong>pro</strong></span> <span class='ocrx_word' id='word_1_486' title='bbox 1799 452 1889 473; x_wconf 81' lang='lat' dir='ltr'><strong>uxore</strong></span> 
     </span>
    </p>
   </div>
   <div class='ocr_carea' id='block_1_68' title="bbox 1092 494 1889 532">
    <p class='ocr_par' dir='ltr' id='par_1_68' title="bbox 1092 494 1889 532">
     <span class='ocr_line' id='line_1_68' title="bbox 1092 494 1889 532; baseline -0.01 -7"><span class='ocrx_word' id='word_1_487' title='bbox 1092 506 1142 525; x_wconf 86' lang='lat' dir='ltr'><strong>sua</strong></span> <span class='ocrx_word' id='word_1_488' title='bbox 1158 498 1192 525; x_wconf 87' lang='lat' dir='ltr'><strong>ab</strong></span> <span class='ocrx_word' id='word_1_489' title='bbox 1212 498 1271 532; x_wconf 84' lang='lat' dir='ltr'><strong>ipsa</strong></span> <span class='ocrx_word' id='word_1_490' title='bbox 1288 497 1404 532; x_wconf 82' lang='lat' dir='ltr'><strong>accepit,</strong></span> <span class='ocrx_word' id='word_1_491' title='bbox 1420 499 1448 523; x_wconf 91' lang='lat' dir='ltr'><strong>et</strong></span> <span class='ocrx_word' id='word_1_492' title='bbox 1465 496 1557 522; x_wconf 89' lang='lat' dir='ltr'><strong>triduo</strong></span> <span class='ocrx_word' id='word_1_493' title='bbox 1571 494 1701 530; x_wconf 78' lang='lat' dir='ltr'><strong>gustavit,</strong></span> <span class='ocrx_word' id='word_1_494' title='bbox 1716 498 1746 520; x_wconf 91' lang='lat' dir='ltr'><strong>ut</strong></span> <span class='ocrx_word' id='word_1_495' title='bbox 1762 499 1814 526; x_wconf 89' lang='lat' dir='ltr'><strong>pro</strong></span> <span class='ocrx_word' id='word_1_496' title='bbox 1826 498 1889 519; x_wconf 85' lang='lat' dir='ltr'><strong>om-</strong></span> 
     </span>
    </p>
   </div>
   <div class='ocr_carea' id='block_1_69' title="bbox 1093 537 1888 578">
    <p class='ocr_par' dir='ltr' id='par_1_69' title="bbox 1093 537 1888 578">
     <span class='ocr_line' id='line_1_69' title="bbox 1093 537 1888 578; baseline -0.01 -7"><span class='ocrx_word' id='word_1_497' title='bbox 1093 545 1174 571; x_wconf 82' lang='lat' dir='ltr'><strong>nibus</strong></span> <span class='ocrx_word' id='word_1_498' title='bbox 1189 549 1312 578; x_wconf 79' lang='lat' dir='ltr'><strong>gustaret</strong></span> <span class='ocrx_word' id='word_1_499' title='bbox 1331 548 1461 575; x_wconf 82' lang='lat' dir='ltr'><strong>mortem,</strong></span> <span class='ocrx_word' id='word_1_500' title='bbox 1476 546 1660 576; x_wconf 77' lang='lat' dir='ltr'><strong>congruenter</strong></span> <span class='ocrx_word' id='word_1_501' title='bbox 1676 539 1736 566; x_wconf 82' lang='lat' dir='ltr'><strong>voci</strong></span> <span class='ocrx_word' id='word_1_502' title='bbox 1757 537 1837 566; x_wconf 83' lang='lat' dir='ltr'><strong>Pauli</strong></span> <span class='ocrx_word' id='word_1_503' title='bbox 1854 537 1888 564; x_wconf 69' lang='grc' dir='ltr'><strong>η.</strong></span> 
     </span>
    </p>
   </div>
   <div class='ocr_carea' id='block_1_70' title="bbox 1093 583 1890 624">
    <p class='ocr_par' dir='ltr' id='par_1_70' title="bbox 1093 583 1890 624">
     <span class='ocr_line' id='line_1_70' title="bbox 1093 583 1890 624; baseline -0.005 -7"><span class='ocrx_word' id='word_1_504' title='bbox 1093 590 1180 623; x_wconf 88' lang='lat' dir='ltr'><strong>Quam</strong></span> <span class='ocrx_word' id='word_1_505' title='bbox 1196 590 1308 624; x_wconf 84' lang='lat' dir='ltr'><strong>quidem</strong></span> <span class='ocrx_word' id='word_1_506' title='bbox 1329 593 1446 616; x_wconf 86' lang='lat' dir='ltr'><strong>mortem</strong></span> <span class='ocrx_word' id='word_1_507' title='bbox 1462 593 1490 616; x_wconf 89' lang='lat' dir='ltr'><strong>et</strong></span> <span class='ocrx_word' id='word_1_508' title='bbox 1505 589 1598 616; x_wconf 87' lang='lat' dir='ltr'><strong>cibum</strong></span> <span class='ocrx_word' id='word_1_509' title='bbox 1613 587 1695 615; x_wconf 74' lang='lat' dir='ltr'><strong>tacite</strong></span> <span class='ocrx_word' id='word_1_510' title='bbox 1711 583 1890 620; x_wconf 64' lang='lat' dir='ltr'><strong>signiﬁcabat</strong></span> 
     </span>
    </p>
   </div>
   <div class='ocr_carea' id='block_1_71' title="bbox 1094 628 1889 669">
    <p class='ocr_par' dir='ltr' id='par_1_71' title="bbox 1094 628 1889 669">
     <span class='ocr_line' id='line_1_71' title="bbox 1094 628 1889 669; baseline -0.009 -7"><span class='ocrx_word' id='word_1_511' title='bbox 1094 635 1160 662; x_wconf 87' lang='lat' dir='ltr'><strong>illud</strong></span> <span class='ocrx_word' id='word_1_512' title='bbox 1175 640 1283 662; x_wconf 83' lang='lat' dir='ltr'><strong>acetum</strong></span> <span class='ocrx_word' id='word_1_513' title='bbox 1299 639 1327 662; x_wconf 88' lang='lat' dir='ltr'><strong>et</strong></span> <span class='ocrx_word' id='word_1_514' title='bbox 1340 634 1374 661; x_wconf 73' lang='lat' dir='ltr'><strong>fel</strong></span> <span class='ocrx_word' id='word_1_515' title='bbox 1389 634 1461 669; x_wconf 87' lang='lat' dir='ltr'><strong>quod</strong></span> <span class='ocrx_word' id='word_1_516' title='bbox 1480 634 1508 660; x_wconf 88' lang='lat' dir='ltr'><strong>in</strong></span> <span class='ocrx_word' id='word_1_517' title='bbox 1520 634 1602 660; x_wconf 90' lang='lat' dir='ltr'><strong>horto</strong></span> <span class='ocrx_word' id='word_1_518' title='bbox 1619 637 1645 659; x_wconf 82' lang='lat' dir='ltr'><strong>et</strong></span> <span class='ocrx_word' id='word_1_519' title='bbox 1662 631 1737 664; x_wconf 68' lang='lat' dir='ltr'><strong>ligno</strong></span> <span class='ocrx_word' id='word_1_520' title='bbox 1749 628 1889 664; x_wconf 77' lang='lat' dir='ltr'><strong>Colgotha</strong></span> 
     </span>
    </p>
   </div>
   <div class='ocr_carea' id='block_1_72' title="bbox 1093 673 1889 715">
    <p class='ocr_par' dir='ltr' id='par_1_72' title="bbox 1093 673 1889 715">
     <span class='ocr_line' id='line_1_72' title="bbox 1093 673 1889 715; baseline -0.009 -8"><span class='ocrx_word' id='word_1_521' title='bbox 1093 680 1276 715; x_wconf 65' lang='lat' dir='ltr'><strong>gustavitqui</strong></span> <span class='ocrx_word' id='word_1_522' title='bbox 1300 680 1328 707; x_wconf 93' lang='lat' dir='ltr'><strong>in</strong></span> <span class='ocrx_word' id='word_1_523' title='bbox 1345 680 1473 707; x_wconf 87' lang='lat' dir='ltr'><strong>omnibus</strong></span> <span class='ocrx_word' id='word_1_524' title='bbox 1495 678 1529 706; x_wconf 87' lang='lat' dir='ltr'><strong>ad</strong></span> <span class='ocrx_word' id='word_1_525' title='bbox 1552 677 1765 705; x_wconf 83' lang='lat' dir='ltr'><strong>similitudinem</strong></span> <span class='ocrx_word' id='word_1_526' title='bbox 1788 673 1889 704; x_wconf 77' lang='lat' dir='ltr'><strong>Adami</strong></span> 
     </span>
    </p>
   </div>
   <div class='ocr_carea' id='block_1_73' title="bbox 1095 721 1890 761">
    <p class='ocr_par' dir='ltr' id='par_1_73' title="bbox 1095 721 1890 761">
     <span class='ocr_line' id='line_1_73' title="bbox 1095 721 1890 761; baseline -0.009 -8"><span class='ocrx_word' id='word_1_527' title='bbox 1095 726 1184 754; x_wconf 84' lang='lat' dir='ltr'><strong>factus</strong></span> <span class='ocrx_word' id='word_1_528' title='bbox 1195 731 1237 754; x_wconf 88' lang='lat' dir='ltr'><strong>est</strong></span> <span class='ocrx_word' id='word_1_529' title='bbox 1257 730 1356 761; x_wconf 71' lang='lat' dir='ltr'><strong>praeter</strong></span> <span class='ocrx_word' id='word_1_530' title='bbox 1369 726 1458 752; x_wconf 90' lang='lat' dir='ltr'><strong>solum</strong></span> <span class='ocrx_word' id='word_1_531' title='bbox 1481 730 1635 760; x_wconf 86' lang='lat' dir='ltr'><strong>peccatum.</strong></span> <span class='ocrx_word' id='word_1_532' title='bbox 1651 723 1680 750; x_wconf 88' lang='lat' dir='ltr'><strong>Si</strong></span> <span class='ocrx_word' id='word_1_533' title='bbox 1697 722 1770 750; x_wconf 89' lang='lat' dir='ltr'><strong>enim</strong></span> <span class='ocrx_word' id='word_1_534' title='bbox 1793 721 1890 747; x_wconf 84' lang='lat' dir='ltr'><strong>omnia</strong></span> 
     </span>
    </p>
   </div>
   <div class='ocr_carea' id='block_1_74' title="bbox 1095 765 1890 802">
    <p class='ocr_par' dir='ltr' id='par_1_74' title="bbox 1095 765 1890 802">
     <span class='ocr_line' id='line_1_74' title="bbox 1095 765 1890 802; baseline -0.009 -4"><span class='ocrx_word' id='word_1_535' title='bbox 1095 775 1188 798; x_wconf 86' lang='lat' dir='ltr'><strong>nostra</strong></span> <span class='ocrx_word' id='word_1_536' title='bbox 1200 770 1234 798; x_wconf 92' lang='lat' dir='ltr'><strong>ad</strong></span> <span class='ocrx_word' id='word_1_537' title='bbox 1251 769 1462 800; x_wconf 83' lang='lat' dir='ltr'><strong>similitudinem</strong></span> <span class='ocrx_word' id='word_1_538' title='bbox 1484 769 1565 796; x_wconf 83' lang='lat' dir='ltr'><strong>Jesus</strong></span> <span class='ocrx_word' id='word_1_539' title='bbox 1580 775 1628 795; x_wconf 85' lang='lat' dir='ltr'><strong>sua</strong></span> <span class='ocrx_word' id='word_1_540' title='bbox 1643 771 1742 802; x_wconf 85' lang='lat' dir='ltr'><strong>sponte</strong></span> <span class='ocrx_word' id='word_1_541' title='bbox 1765 765 1819 792; x_wconf 84' lang='lat' dir='ltr'><strong>sibi</strong></span> <span class='ocrx_word' id='word_1_542' title='bbox 1842 772 1890 792; x_wconf 81' lang='lat' dir='ltr'><strong>ac-</strong></span> 
     </span>
    </p>
   </div>
   <div class='ocr_carea' id='block_1_75' title="bbox 1095 810 1891 850">
    <p class='ocr_par' dir='ltr' id='par_1_75' title="bbox 1095 810 1891 850">
     <span class='ocr_line' id='line_1_75' title="bbox 1095 810 1891 850; baseline -0.008 -7"><span class='ocrx_word' id='word_1_543' title='bbox 1095 815 1290 847; x_wconf 83' lang='lat' dir='ltr'><strong>commodavit,</strong></span> <span class='ocrx_word' id='word_1_544' title='bbox 1299 820 1342 843; x_wconf 89' lang='lat' dir='ltr'><strong>est</strong></span> <span class='ocrx_word' id='word_1_545' title='bbox 1349 815 1460 842; x_wconf 89' lang='lat' dir='ltr'><strong>omnino</strong></span> <span class='ocrx_word' id='word_1_546' title='bbox 1469 814 1644 850; x_wconf 87' lang='lat' dir='ltr'><strong>perspicuum</strong></span> <span class='ocrx_word' id='word_1_547' title='bbox 1652 812 1725 848; x_wconf 83' lang='lat' dir='ltr'><strong>quod</strong></span> <span class='ocrx_word' id='word_1_548' title='bbox 1735 810 1891 838; x_wconf 86' lang='lat' dir='ltr'><strong>tentatione</strong></span> 
     </span>
    </p>
   </div>
   <div class='ocr_carea' id='block_1_76' title="bbox 1096 858 1890 897">
    <p class='ocr_par' dir='ltr' id='par_1_76' title="bbox 1096 858 1890 897">
     <span class='ocr_line' id='line_1_76' title="bbox 1096 858 1890 897; baseline -0.01 -8"><span class='ocrx_word' id='word_1_549' title='bbox 1096 870 1205 897; x_wconf 84' lang='lat' dir='ltr'><strong>quoque</strong></span> <span class='ocrx_word' id='word_1_550' title='bbox 1221 869 1304 897; x_wconf 90' lang='lat' dir='ltr'><strong>quam</strong></span> <span class='ocrx_word' id='word_1_551' title='bbox 1318 869 1332 888; x_wconf 88' lang='lat' dir='ltr'><strong>a</strong></span> <span class='ocrx_word' id='word_1_552' title='bbox 1345 860 1455 888; x_wconf 89' lang='lat' dir='ltr'><strong>diabolo</strong></span> <span class='ocrx_word' id='word_1_553' title='bbox 1471 860 1563 887; x_wconf 86' lang='lat' dir='ltr'><strong>statim</strong></span> <span class='ocrx_word' id='word_1_554' title='bbox 1580 863 1640 894; x_wconf 82' lang='lat' dir='ltr'><strong>post</strong></span> <span class='ocrx_word' id='word_1_555' title='bbox 1656 858 1825 893; x_wconf 84' lang='lat' dir='ltr'><strong>baptismum</strong></span> <span class='ocrx_word' id='word_1_556' title='bbox 1841 863 1890 882; x_wconf 84' lang='lat' dir='ltr'><strong>vo-</strong></span> 
     </span>
    </p>
   </div>
   <div class='ocr_carea' id='block_1_77' title="bbox 1099 903 1892 941">
    <p class='ocr_par' dir='ltr' id='par_1_77' title="bbox 1099 903 1892 941">
     <span class='ocr_line' id='line_1_77' title="bbox 1099 903 1892 941; baseline -0.008 -7"><span class='ocrx_word' id='word_1_557' title='bbox 1099 907 1215 935; x_wconf 86' lang='lat' dir='ltr'><strong>luntarie</strong></span> <span class='ocrx_word' id='word_1_558' title='bbox 1238 907 1371 941; x_wconf 85' lang='lat' dir='ltr'><strong>suscepit,</strong></span> <span class='ocrx_word' id='word_1_559' title='bbox 1384 907 1417 934; x_wconf 89' lang='lat' dir='ltr'><strong>ad</strong></span> <span class='ocrx_word' id='word_1_560' title='bbox 1432 905 1641 933; x_wconf 83' lang='lat' dir='ltr'><strong>similitudinem</strong></span> <span class='ocrx_word' id='word_1_561' title='bbox 1656 903 1752 931; x_wconf 76' lang='lat' dir='ltr'><strong>Atlami</strong></span> <span class='ocrx_word' id='word_1_562' title='bbox 1767 906 1892 930; x_wconf 82' lang='lat' dir='ltr'><strong>tentatus</strong></span> 
     </span>
    </p>
   </div>
   <div class='ocr_carea' id='block_1_78' title="bbox 1096 944 1890 984">
    <p class='ocr_par' dir='ltr' id='par_1_78' title="bbox 1096 944 1890 984">
     <span class='ocr_line' id='line_1_78' title="bbox 1096 944 1890 984; baseline -0.011 -2"><span class='ocrx_word' id='word_1_563' title='bbox 1096 959 1136 982; x_wconf 88' lang='lat' dir='ltr'><strong>est</strong></span> <span class='ocrx_word' id='word_1_564' title='bbox 1150 954 1360 981; x_wconf 79' lang='lat' dir='ltr'><strong>intentabiliter.</strong></span> <span class='ocrx_word' id='word_1_565' title='bbox 1372 952 1440 980; x_wconf 75' lang='lat' dir='ltr'><strong>Vide</strong></span> <span class='ocrx_word' id='word_1_566' title='bbox 1454 952 1527 980; x_wconf 88' lang='lat' dir='ltr'><strong>enim</strong></span> <span class='ocrx_word' id='word_1_567' title='bbox 1542 951 1569 978; x_wconf 93' lang='lat' dir='ltr'><strong>in</strong></span> <span class='ocrx_word' id='word_1_568' title='bbox 1584 951 1710 984; x_wconf 88' lang='lat' dir='ltr'><strong>utrisque</strong></span> <span class='ocrx_word' id='word_1_569' title='bbox 1725 956 1820 976; x_wconf 90' lang='lat' dir='ltr'><strong>rerum</strong></span> <span class='ocrx_word' id='word_1_570' title='bbox 1836 944 1890 974; x_wconf 91' lang='lat' dir='ltr'><strong>sibi</strong></span> 
     </span>
    </p>
   </div>
   <div class='ocr_carea' id='block_1_79' title="bbox 1094 992 1889 1032">
    <p class='ocr_par' dir='ltr' id='par_1_79' title="bbox 1094 992 1889 1032">
     <span class='ocr_line' id='line_1_79' title="bbox 1094 992 1889 1032; baseline -0.01 -5"><span class='ocrx_word' id='word_1_571' title='bbox 1094 1008 1127 1027; x_wconf 77' lang='lat' dir='ltr'><strong>ex</strong></span> <span class='ocrx_word' id='word_1_572' title='bbox 1152 999 1268 1026; x_wconf 85' lang='lat' dir='ltr'><strong>adverso</strong></span> <span class='ocrx_word' id='word_1_573' title='bbox 1292 997 1492 1032; x_wconf 87' lang='lat' dir='ltr'><strong>respondentes</strong></span> <span class='ocrx_word' id='word_1_574' title='bbox 1514 995 1684 1023; x_wconf 79' lang='lat' dir='ltr'><strong>imitationes</strong></span> <span class='ocrx_word' id='word_1_575' title='bbox 1705 998 1732 1022; x_wconf 89' lang='lat' dir='ltr'><strong>et</strong></span> <span class='ocrx_word' id='word_1_576' title='bbox 1750 992 1889 1028; x_wconf 76' lang='lat' dir='ltr'><strong>exempla,</strong></span> 
     </span>
    </p>
   </div>
   <div class='ocr_carea' id='block_1_80' title="bbox 1095 1038 1890 1077">
    <p class='ocr_par' dir='ltr' id='par_1_80' title="bbox 1095 1038 1890 1077">
     <span class='ocr_line' id='line_1_80' title="bbox 1095 1038 1890 1077; baseline -0.01 -5"><span class='ocrx_word' id='word_1_577' title='bbox 1095 1044 1147 1077; x_wconf 87' lang='lat' dir='ltr'><strong>hoc</strong></span> <span class='ocrx_word' id='word_1_578' title='bbox 1162 1049 1187 1071; x_wconf 87' lang='lat' dir='ltr'><strong>te</strong></span> <span class='ocrx_word' id='word_1_579' title='bbox 1202 1048 1297 1077; x_wconf 84' lang='lat' dir='ltr'><strong>aperte</strong></span> <span class='ocrx_word' id='word_1_580' title='bbox 1318 1042 1457 1074; x_wconf 85' lang='lat' dir='ltr'><strong>docentia,</strong></span> <span class='ocrx_word' id='word_1_581' title='bbox 1475 1045 1503 1068; x_wconf 90' lang='lat' dir='ltr'><strong>et</strong></span> <span class='ocrx_word' id='word_1_582' title='bbox 1521 1040 1594 1076; x_wconf 87' lang='lat' dir='ltr'><strong>quod</strong></span> <span class='ocrx_word' id='word_1_583' title='bbox 1612 1039 1751 1074; x_wconf 91' lang='lat' dir='ltr'><strong>quomodo</strong></span> <span class='ocrx_word' id='word_1_584' title='bbox 1767 1038 1890 1073; x_wconf 87' lang='lat' dir='ltr'><strong>priorem</strong></span> 
     </span>
    </p>
   </div>
   <div class='ocr_carea' id='block_1_81' title="bbox 1094 1084 1889 1124">
    <p class='ocr_par' dir='ltr' id='par_1_81' title="bbox 1094 1084 1889 1124">
     <span class='ocr_line' id='line_1_81' title="bbox 1094 1084 1889 1124; baseline -0.01 -7"><span class='ocrx_word' id='word_1_585' title='bbox 1094 1090 1228 1117; x_wconf 85' lang='lat' dir='ltr'><strong>Adamum</strong></span> <span class='ocrx_word' id='word_1_586' title='bbox 1247 1097 1296 1124; x_wconf 89' lang='lat' dir='ltr'><strong>per</strong></span> <span class='ocrx_word' id='word_1_587' title='bbox 1308 1089 1391 1116; x_wconf 84' lang='lat' dir='ltr'><strong>Evam</strong></span> <span class='ocrx_word' id='word_1_588' title='bbox 1402 1087 1566 1114; x_wconf 86' lang='lat' dir='ltr'><strong>adhortatus</strong></span> <span class='ocrx_word' id='word_1_589' title='bbox 1581 1090 1622 1113; x_wconf 87' lang='lat' dir='ltr'><strong>est</strong></span> <span class='ocrx_word' id='word_1_590' title='bbox 1637 1085 1670 1112; x_wconf 88' lang='lat' dir='ltr'><strong>ad</strong></span> <span class='ocrx_word' id='word_1_591' title='bbox 1684 1084 1889 1112; x_wconf 82' lang='lat' dir='ltr'><strong>idololatriam:</strong></span> 
     </span>
    </p>
   </div>
   <div class='ocr_carea' id='block_1_82' title="bbox 1095 1131 1892 1167">
    <p class='ocr_par' dir='ltr' id='par_1_82' title="bbox 1095 1131 1892 1167">
     <span class='ocr_line' id='line_1_82' title="bbox 1095 1131 1892 1167; baseline -0.009 -4"><span class='ocrx_word' id='word_1_592' title='bbox 1095 1136 1132 1163; x_wconf 88' lang='lat' dir='ltr'><strong>ita</strong></span> <span class='ocrx_word' id='word_1_593' title='bbox 1145 1136 1228 1163; x_wconf 89' lang='lat' dir='ltr'><strong>etiam</strong></span> <span class='ocrx_word' id='word_1_594' title='bbox 1245 1134 1366 1162; x_wconf 89' lang='lat' dir='ltr'><strong>secundo</strong></span> <span class='ocrx_word' id='word_1_595' title='bbox 1379 1133 1483 1161; x_wconf 82' lang='lat' dir='ltr'><strong>Adamo</strong></span> <span class='ocrx_word' id='word_1_596' title='bbox 1497 1131 1548 1167; x_wconf 84' lang='lat' dir='ltr'><strong>&#39;per</strong></span> <span class='ocrx_word' id='word_1_597' title='bbox 1563 1139 1685 1162; x_wconf 81' lang='lat' dir='ltr'><strong>carnem.</strong></span> <span class='ocrx_word' id='word_1_598' title='bbox 1701 1138 1812 1158; x_wconf 88' lang='lat' dir='ltr'><strong>causam</strong></span> <span class='ocrx_word' id='word_1_599' title='bbox 1826 1131 1892 1166; x_wconf 82' lang='lat' dir='ltr'><strong>qui-</strong></span> 
     </span>
    </p>
   </div>
   <div class='ocr_carea' id='block_1_83' title="bbox 1095 1176 1893 1213">
    <p class='ocr_par' dir='ltr' id='par_1_83' title="bbox 1095 1176 1893 1213">
     <span class='ocr_line' id='line_1_83' title="bbox 1095 1176 1893 1213; baseline -0.009 -5"><span class='ocrx_word' id='word_1_600' title='bbox 1095 1181 1157 1208; x_wconf 89' lang='lat' dir='ltr'><strong>dem</strong></span> <span class='ocrx_word' id='word_1_601' title='bbox 1174 1180 1296 1208; x_wconf 86' lang='lat' dir='ltr'><strong>admovit</strong></span> <span class='ocrx_word' id='word_1_602' title='bbox 1319 1183 1347 1207; x_wconf 90' lang='lat' dir='ltr'><strong>et</strong></span> <span class='ocrx_word' id='word_1_603' title='bbox 1370 1178 1562 1213; x_wconf 81' lang='lat' dir='ltr'><strong>irruptionem,</strong></span> <span class='ocrx_word' id='word_1_604' title='bbox 1580 1176 1628 1204; x_wconf 82' lang='lat' dir='ltr'><strong>sed</strong></span> <span class='ocrx_word' id='word_1_605' title='bbox 1644 1183 1755 1210; x_wconf 89' lang='lat' dir='ltr'><strong>scopum</strong></span> <span class='ocrx_word' id='word_1_606' title='bbox 1772 1183 1831 1203; x_wconf 90' lang='lat' dir='ltr'><strong>non</strong></span> <span class='ocrx_word' id='word_1_607' title='bbox 1850 1178 1893 1202; x_wconf 85' lang='lat' dir='ltr'><strong>at-</strong></span> 
     </span>
    </p>
   </div>
   <div class='ocr_carea' id='block_1_84' title="bbox 1096 1221 1890 1262">
    <p class='ocr_par' dir='ltr' id='par_1_84' title="bbox 1096 1221 1890 1262">
     <span class='ocr_line' id='line_1_84' title="bbox 1096 1221 1890 1262; baseline -0.01 -7"><span class='ocrx_word' id='word_1_608' title='bbox 1096 1228 1166 1262; x_wconf 76' lang='lat' dir='ltr'><strong>tigit.</strong></span> <span class='ocrx_word' id='word_1_609' title='bbox 1183 1227 1223 1254; x_wconf 88' lang='lat' dir='ltr'><strong>Ad</strong></span> <span class='ocrx_word' id='word_1_610' title='bbox 1238 1234 1304 1254; x_wconf 89' lang='lat' dir='ltr'><strong>eum</strong></span> <span class='ocrx_word' id='word_1_611' title='bbox 1328 1230 1421 1253; x_wconf 81' lang='lat' dir='ltr'><strong>autem</strong></span> <span class='ocrx_word' id='word_1_612' title='bbox 1438 1225 1485 1260; x_wconf 88' lang='lat' dir='ltr'><strong>qui</strong></span> <span class='ocrx_word' id='word_1_613' title='bbox 1505 1223 1670 1252; x_wconf 88' lang='lat' dir='ltr'><strong>contradicit</strong></span> <span class='ocrx_word' id='word_1_614' title='bbox 1691 1221 1890 1253; x_wconf 76' lang='lat' dir='ltr'><strong>refellendum,</strong></span> 
     </span>
    </p>
   </div>
   <div class='ocr_carea' id='block_1_85' title="bbox 1095 1266 1892 1306">
    <p class='ocr_par' dir='ltr' id='par_1_85' title="bbox 1095 1266 1892 1306">
     <span class='ocr_line' id='line_1_85' title="bbox 1095 1266 1892 1306; baseline -0.008 -4"><span class='ocrx_word' id='word_1_615' title='bbox 1095 1273 1195 1302; x_wconf 83' lang='lat' dir='ltr'><strong>sutlicit</strong></span> <span class='ocrx_word' id='word_1_616' title='bbox 1205 1281 1299 1300; x_wconf 87' lang='lat' dir='ltr'><strong>rerum</strong></span> <span class='ocrx_word' id='word_1_617' title='bbox 1311 1272 1424 1304; x_wconf 86' lang='lat' dir='ltr'><strong>veritas,</strong></span> <span class='ocrx_word' id='word_1_618' title='bbox 1438 1279 1500 1306; x_wconf 65' lang='lat' dir='ltr'><strong>quae</strong></span> <span class='ocrx_word' id='word_1_619' title='bbox 1513 1271 1567 1298; x_wconf 90' lang='lat' dir='ltr'><strong>hoc</strong></span> <span class='ocrx_word' id='word_1_620' title='bbox 1579 1270 1660 1297; x_wconf 91' lang='lat' dir='ltr'><strong>modo</strong></span> <span class='ocrx_word' id='word_1_621' title='bbox 1674 1277 1702 1296; x_wconf 83' lang='lat' dir='ltr'><strong>se</strong></span> <span class='ocrx_word' id='word_1_622' title='bbox 1711 1268 1806 1295; x_wconf 83' lang='lat' dir='ltr'><strong>habet.</strong></span> <span class='ocrx_word' id='word_1_623' title='bbox 1819 1266 1892 1296; x_wconf 83' lang='lat' dir='ltr'><strong>Cum</strong></span> 
     </span>
    </p>
   </div>
   <div class='ocr_carea' id='block_1_86' title="bbox 1096 1313 1893 1352">
    <p class='ocr_par' dir='ltr' id='par_1_86' title="bbox 1096 1313 1893 1352">
     <span class='ocr_line' id='line_1_86' title="bbox 1096 1313 1893 1352; baseline -0.005 -9"><span class='ocrx_word' id='word_1_624' title='bbox 1096 1317 1215 1352; x_wconf 91' lang='lat' dir='ltr'><strong>primum</strong></span> <span class='ocrx_word' id='word_1_625' title='bbox 1237 1316 1312 1343; x_wconf 90' lang='lat' dir='ltr'><strong>enim</strong></span> <span class='ocrx_word' id='word_1_626' title='bbox 1336 1319 1483 1350; x_wconf 75' lang='lat' dir='ltr'><strong>generatus</strong></span> <span class='ocrx_word' id='word_1_627' title='bbox 1504 1314 1557 1342; x_wconf 81' lang='lat' dir='ltr'><strong>fuit</strong></span> <span class='ocrx_word' id='word_1_628' title='bbox 1584 1314 1689 1349; x_wconf 88' lang='lat' dir='ltr'><strong>primus</strong></span> <span class='ocrx_word' id='word_1_629' title='bbox 1706 1313 1804 1345; x_wconf 79' lang='lat' dir='ltr'><strong>Adam,</strong></span> <span class='ocrx_word' id='word_1_630' title='bbox 1843 1321 1893 1348; x_wconf 87' lang='lat' dir='ltr'><strong>per</strong></span> 
     </span>
    </p>
   </div>
   <div class='ocr_carea' id='block_1_87' title="bbox 1096 1358 1892 1397">
    <p class='ocr_par' dir='ltr' id='par_1_87' title="bbox 1096 1358 1892 1397">
     <span class='ocr_line' id='line_1_87' title="bbox 1096 1358 1892 1397; baseline -0.006 -8"><span class='ocrx_word' id='word_1_631' title='bbox 1096 1362 1220 1397; x_wconf 80' lang='lat' dir='ltr'><strong>conjugis</strong></span> <span class='ocrx_word' id='word_1_632' title='bbox 1232 1363 1292 1397; x_wconf 83' lang='lat' dir='ltr'><strong>ejus</strong></span> <span class='ocrx_word' id='word_1_633' title='bbox 1303 1366 1407 1389; x_wconf 85' lang='lat' dir='ltr'><strong>costam</strong></span> <span class='ocrx_word' id='word_1_634' title='bbox 1424 1360 1534 1395; x_wconf 90' lang='lat' dir='ltr'><strong>(nempe</strong></span> <span class='ocrx_word' id='word_1_635' title='bbox 1554 1358 1649 1394; x_wconf 84' lang='lat' dir='ltr'><strong>Evam)</strong></span> <span class='ocrx_word' id='word_1_636' title='bbox 1665 1366 1728 1386; x_wconf 85' lang='lat' dir='ltr'><strong>eum</strong></span> <span class='ocrx_word' id='word_1_637' title='bbox 1744 1365 1892 1393; x_wconf 77' lang='lat' dir='ltr'><strong>aggressus</strong></span> 
     </span>
    </p>
   </div>
   <div class='ocr_carea' id='block_1_88' title="bbox 1097 1403 1891 1440">
    <p class='ocr_par' dir='ltr' id='par_1_88' title="bbox 1097 1403 1891 1440">
     <span class='ocr_line' id='line_1_88' title="bbox 1097 1403 1891 1440; baseline -0.006 -6"><span class='ocrx_word' id='word_1_638' title='bbox 1097 1411 1139 1435; x_wconf 89' lang='lat' dir='ltr'><strong>est</strong></span> <span class='ocrx_word' id='word_1_639' title='bbox 1155 1407 1249 1438; x_wconf 87' lang='lat' dir='ltr'><strong>Satan,</strong></span> <span class='ocrx_word' id='word_1_640' title='bbox 1263 1411 1291 1434; x_wconf 90' lang='lat' dir='ltr'><strong>et</strong></span> <span class='ocrx_word' id='word_1_641' title='bbox 1305 1413 1368 1433; x_wconf 88' lang='lat' dir='ltr'><strong>cum</strong></span> <span class='ocrx_word' id='word_1_642' title='bbox 1384 1405 1505 1440; x_wconf 88' lang='lat' dir='ltr'><strong>primum</strong></span> <span class='ocrx_word' id='word_1_643' title='bbox 1520 1404 1661 1432; x_wconf 82' lang='lat' dir='ltr'><strong>secundus</strong></span> <span class='ocrx_word' id='word_1_644' title='bbox 1675 1403 1762 1430; x_wconf 84' lang='lat' dir='ltr'><strong>Adam</strong></span> <span class='ocrx_word' id='word_1_645' title='bbox 1779 1407 1891 1438; x_wconf 86' lang='lat' dir='ltr'><strong>(nempe</strong></span> 
     </span>
    </p>
   </div>
   <div class='ocr_carea' id='block_1_89' title="bbox 1097 1448 1892 1487">
    <p class='ocr_par' dir='ltr' id='par_1_89' title="bbox 1097 1448 1892 1487">
     <span class='ocr_line' id='line_1_89' title="bbox 1097 1448 1892 1487; baseline -0.008 -6"><span class='ocrx_word' id='word_1_646' title='bbox 1097 1453 1237 1487; x_wconf 90' lang='lat' dir='ltr'><strong>Christus)</strong></span> <span class='ocrx_word' id='word_1_647' title='bbox 1259 1460 1349 1480; x_wconf 84' lang='lat' dir='ltr'><strong>veram</strong></span> <span class='ocrx_word' id='word_1_648' title='bbox 1375 1450 1497 1479; x_wconf 86' lang='lat' dir='ltr'><strong>ostendit</strong></span> <span class='ocrx_word' id='word_1_649' title='bbox 1520 1449 1757 1485; x_wconf 74' lang='lat' dir='ltr'><strong>regenerationem</strong></span> <span class='ocrx_word' id='word_1_650' title='bbox 1780 1449 1824 1476; x_wconf 90' lang='lat' dir='ltr'><strong>sui</strong></span> <span class='ocrx_word' id='word_1_651' title='bbox 1841 1448 1892 1476; x_wconf 68' lang='lat' dir='ltr'><strong>ba~</strong></span> 
     </span>
    </p>
   </div>
   <div class='ocr_carea' id='block_1_90' title="bbox 1099 1497 1892 1536">
    <p class='ocr_par' dir='ltr' id='par_1_90' title="bbox 1099 1497 1892 1536">
     <span class='ocr_line' id='line_1_90' title="bbox 1099 1497 1892 1536; baseline -0.006 -9"><span class='ocrx_word' id='word_1_652' title='bbox 1099 1500 1238 1536; x_wconf 83' lang='lat' dir='ltr'><strong>ptismatis</strong></span> <span class='ocrx_word' id='word_1_653' title='bbox 1254 1507 1303 1534; x_wconf 89' lang='lat' dir='ltr'><strong>per</strong></span> <span class='ocrx_word' id='word_1_654' title='bbox 1315 1506 1394 1525; x_wconf 86' lang='lat' dir='ltr'><strong>suam</strong></span> <span class='ocrx_word' id='word_1_655' title='bbox 1409 1497 1565 1533; x_wconf 81' lang='lat' dir='ltr'><strong>conjugcm,</strong></span> <span class='ocrx_word' id='word_1_656' title='bbox 1578 1503 1643 1524; x_wconf 88' lang='lat' dir='ltr'><strong>eum</strong></span> <span class='ocrx_word' id='word_1_657' title='bbox 1659 1500 1765 1524; x_wconf 86' lang='lat' dir='ltr'><strong>tentare</strong></span> <span class='ocrx_word' id='word_1_658' title='bbox 1779 1501 1892 1531; x_wconf 77' lang='lat' dir='ltr'><strong>aggres-</strong></span> 
     </span>
    </p>
   </div>
   <div class='ocr_carea' id='block_1_91' title="bbox 1099 1550 1345 1575">
    <p class='ocr_par' dir='ltr' id='par_1_91' title="bbox 1099 1550 1345 1575">
     <span class='ocr_line' id='line_1_91' title="bbox 1099 1550 1345 1575; baseline -0.012 0"><span class='ocrx_word' id='word_1_659' title='bbox 1099 1554 1147 1575; x_wconf 81' lang='lat' dir='ltr'><strong>SUS</strong></span> <span class='ocrx_word' id='word_1_660' title='bbox 1160 1550 1202 1574; x_wconf 86' lang='lat' dir='ltr'><strong>est</strong></span> <span class='ocrx_word' id='word_1_661' title='bbox 1217 1550 1345 1573; x_wconf 81' lang='lat' dir='ltr'><strong>tentatur.</strong></span> 
     </span>
    </p>
   </div>
   <div class='ocr_carea' id='block_1_92' title="bbox 1137 1588 1893 1620">
    <p class='ocr_par' dir='ltr' id='par_1_92' title="bbox 1137 1588 1893 1620">
     <span class='ocr_line' id='line_1_92' title="bbox 1137 1588 1893 1620; baseline -0.009 0"><span class='ocrx_word' id='word_1_662' title='bbox 1137 1593 1246 1620; x_wconf 80' lang='lat' dir='ltr'><strong>Primus</strong></span> <span class='ocrx_word' id='word_1_663' title='bbox 1262 1592 1348 1620; x_wconf 78' lang='lat' dir='ltr'><strong>Adam</strong></span> <span class='ocrx_word' id='word_1_664' title='bbox 1366 1591 1464 1620; x_wconf 84' lang='lat' dir='ltr'><strong>habuit</strong></span> <span class='ocrx_word' id='word_1_665' title='bbox 1478 1590 1525 1618; x_wconf 91' lang='lat' dir='ltr'><strong>Dei</strong></span> <span class='ocrx_word' id='word_1_666' title='bbox 1544 1588 1773 1620; x_wconf 79' lang='lat' dir='ltr'><strong>insulilationem;</strong></span> <span class='ocrx_word' id='word_1_667' title='bbox 1792 1594 1893 1614; x_wconf 74' lang='lat' dir='ltr'><strong>secun-</strong></span> 
     </span>
    </p>
   </div>
   <div class='ocr_carea' id='block_1_93' title="bbox 1100 1633 1893 1674">
    <p class='ocr_par' dir='ltr' id='par_1_93' title="bbox 1100 1633 1893 1674">
     <span class='ocr_line' id='line_1_93' title="bbox 1100 1633 1893 1674; baseline -0.01 -8"><span class='ocrx_word' id='word_1_668' title='bbox 1100 1639 1162 1670; x_wconf 87' lang='lat' dir='ltr'><strong>dus,</strong></span> <span class='ocrx_word' id='word_1_669' title='bbox 1176 1639 1310 1674; x_wconf 89' lang='lat' dir='ltr'><strong>Spiritum</strong></span> <span class='ocrx_word' id='word_1_670' title='bbox 1325 1646 1358 1665; x_wconf 77' lang='lat' dir='ltr'><strong>ex</strong></span> <span class='ocrx_word' id='word_1_671' title='bbox 1374 1637 1454 1665; x_wconf 66' lang='lat' dir='ltr'><strong>caelo.</strong></span> <span class='ocrx_word' id='word_1_672' title='bbox 1466 1637 1575 1664; x_wconf 79' lang='lat' dir='ltr'><strong>Rursus</strong></span> <span class='ocrx_word' id='word_1_673' title='bbox 1590 1635 1616 1661; x_wconf 92' lang='lat' dir='ltr'><strong>in</strong></span> <span class='ocrx_word' id='word_1_674' title='bbox 1629 1634 1721 1661; x_wconf 86' lang='lat' dir='ltr'><strong>medio</strong></span> <span class='ocrx_word' id='word_1_675' title='bbox 1735 1633 1893 1668; x_wconf 83' lang='lat' dir='ltr'><strong>plantarum</strong></span> 
     </span>
    </p>
   </div>
   <div class='ocr_carea' id='block_1_94' title="bbox 1099 1677 1892 1713">
    <p class='ocr_par' dir='ltr' id='par_1_94' title="bbox 1099 1677 1892 1713">
     <span class='ocr_line' id='line_1_94' title="bbox 1099 1677 1892 1713; baseline -0.009 -1"><span class='ocrx_word' id='word_1_676' title='bbox 1099 1686 1149 1713; x_wconf 82' lang='lat' dir='ltr'><strong>fuit</strong></span> <span class='ocrx_word' id='word_1_677' title='bbox 1176 1685 1292 1712; x_wconf 88' lang='lat' dir='ltr'><strong>tentatio</strong></span> <span class='ocrx_word' id='word_1_678' title='bbox 1317 1683 1414 1711; x_wconf 85' lang='lat' dir='ltr'><strong>Adami</strong></span> <span class='ocrx_word' id='word_1_679' title='bbox 1439 1684 1466 1710; x_wconf 94' lang='lat' dir='ltr'><strong>in</strong></span> <span class='ocrx_word' id='word_1_680' title='bbox 1492 1682 1567 1710; x_wconf 80' lang='lat' dir='ltr'><strong>fonte</strong></span> <span class='ocrx_word' id='word_1_681' title='bbox 1591 1681 1676 1709; x_wconf 85' lang='lat' dir='ltr'><strong>Edem</strong></span> <span class='ocrx_word' id='word_1_682' title='bbox 1693 1689 1700 1707; x_wconf 73' lang='grc' dir='ltr'><strong><em>τ</em></strong></span> <span class='ocrx_word' id='word_1_683' title='bbox 1715 1684 1743 1706; x_wconf 90' lang='lat' dir='ltr'><strong>et</strong></span> <span class='ocrx_word' id='word_1_684' title='bbox 1769 1677 1892 1706; x_wconf 78' lang='lat' dir='ltr'><strong>secunda</strong></span> 
     </span>
    </p>
   </div>
   <div class='ocr_carea' id='block_1_95' title="bbox 1099 1725 1892 1762">
    <p class='ocr_par' dir='ltr' id='par_1_95' title="bbox 1099 1725 1892 1762">
     <span class='ocr_line' id='line_1_95' title="bbox 1099 1725 1892 1762; baseline -0.01 -4"><span class='ocrx_word' id='word_1_685' title='bbox 1099 1731 1228 1762; x_wconf 84' lang='lat' dir='ltr'><strong>tentatio,</strong></span> <span class='ocrx_word' id='word_1_686' title='bbox 1254 1730 1281 1758; x_wconf 93' lang='lat' dir='ltr'><strong>in</strong></span> <span class='ocrx_word' id='word_1_687' title='bbox 1307 1734 1400 1757; x_wconf 91' lang='lat' dir='ltr'><strong>monte</strong></span> <span class='ocrx_word' id='word_1_688' title='bbox 1424 1728 1564 1756; x_wconf 80' lang='lat' dir='ltr'><strong>Olivarum</strong></span> <span class='ocrx_word' id='word_1_689' title='bbox 1591 1727 1618 1754; x_wconf 90' lang='lat' dir='ltr'><strong>in</strong></span> <span class='ocrx_word' id='word_1_690' title='bbox 1641 1726 1734 1754; x_wconf 88' lang='lat' dir='ltr'><strong>medio</strong></span> <span class='ocrx_word' id='word_1_691' title='bbox 1758 1725 1892 1751; x_wconf 77' lang='lat' dir='ltr'><strong>arborum</strong></span> 
     </span>
    </p>
   </div>
   <div class='ocr_carea' id='block_1_96' title="bbox 1099 1770 1892 1809">
    <p class='ocr_par' dir='ltr' id='par_1_96' title="bbox 1099 1770 1892 1809">
     <span class='ocr_line' id='line_1_96' title="bbox 1099 1770 1892 1809; baseline -0.01 -5"><span class='ocrx_word' id='word_1_692' title='bbox 1099 1777 1210 1804; x_wconf 87' lang='lat' dir='ltr'><strong>Christo</strong></span> <span class='ocrx_word' id='word_1_693' title='bbox 1235 1780 1277 1803; x_wconf 90' lang='lat' dir='ltr'><strong>est</strong></span> <span class='ocrx_word' id='word_1_694' title='bbox 1299 1775 1421 1803; x_wconf 83' lang='lat' dir='ltr'><strong>exhibita</strong></span> <span class='ocrx_word' id='word_1_695' title='bbox 1447 1773 1570 1809; x_wconf 80' lang='lat' dir='ltr'><strong>surgenti</strong></span> <span class='ocrx_word' id='word_1_696' title='bbox 1595 1781 1628 1800; x_wconf 84' lang='lat' dir='ltr'><strong>ex</strong></span> <span class='ocrx_word' id='word_1_697' title='bbox 1651 1772 1728 1799; x_wconf 84' lang='lat' dir='ltr'><strong>fonte</strong></span> <span class='ocrx_word' id='word_1_698' title='bbox 1752 1770 1892 1798; x_wconf 67' lang='lat' dir='ltr'><strong>Iordanis.</strong></span> 
     </span>
    </p>
   </div>
   <div class='ocr_carea' id='block_1_97' title="bbox 1100 1815 1889 1849">
    <p class='ocr_par' dir='ltr' id='par_1_97' title="bbox 1100 1815 1889 1849">
     <span class='ocr_line' id='line_1_97' title="bbox 1100 1815 1889 1849; baseline -0.009 -1"><span class='ocrx_word' id='word_1_699' title='bbox 1100 1822 1209 1849; x_wconf 73' lang='lat' dir='ltr'><strong>Primus</strong></span> <span class='ocrx_word' id='word_1_700' title='bbox 1231 1821 1315 1847; x_wconf 89' lang='lat' dir='ltr'><strong>homo</strong></span> <span class='ocrx_word' id='word_1_701' title='bbox 1331 1824 1452 1847; x_wconf 85' lang='lat' dir='ltr'><strong>tentatus</strong></span> <span class='ocrx_word' id='word_1_702' title='bbox 1467 1824 1510 1846; x_wconf 88' lang='lat' dir='ltr'><strong>est</strong></span> <span class='ocrx_word' id='word_1_703' title='bbox 1527 1826 1589 1846; x_wconf 91' lang='lat' dir='ltr'><strong>cum</strong></span> <span class='ocrx_word' id='word_1_704' title='bbox 1603 1822 1677 1844; x_wconf 89' lang='lat' dir='ltr'><strong>esset</strong></span> <span class='ocrx_word' id='word_1_705' title='bbox 1693 1816 1721 1843; x_wconf 90' lang='lat' dir='ltr'><strong>in</strong></span> <span class='ocrx_word' id='word_1_706' title='bbox 1738 1815 1832 1842; x_wconf 84' lang='lat' dir='ltr'><strong>medio</strong></span> <span class='ocrx_word' id='word_1_707' title='bbox 1846 1815 1889 1841; x_wconf 82' lang='lat' dir='ltr'><strong>be-</strong></span> 
     </span>
    </p>
   </div>
   <div class='ocr_carea' id='block_1_98' title="bbox 1102 1862 1892 1901">
    <p class='ocr_par' dir='ltr' id='par_1_98' title="bbox 1102 1862 1892 1901">
     <span class='ocr_line' id='line_1_98' title="bbox 1102 1862 1892 1901; baseline -0.009 -7"><span class='ocrx_word' id='word_1_708' title='bbox 1102 1867 1216 1901; x_wconf 83' lang='lat' dir='ltr'><strong>stiarum</strong></span> <span class='ocrx_word' id='word_1_709' title='bbox 1231 1876 1237 1893; x_wconf 88' lang='lat'><strong>:</strong></span> <span class='ocrx_word' id='word_1_710' title='bbox 1249 1867 1376 1893; x_wconf 82' lang='lat' dir='ltr'><strong>similiter</strong></span> <span class='ocrx_word' id='word_1_711' title='bbox 1386 1866 1469 1893; x_wconf 89' lang='lat' dir='ltr'><strong>etiant</strong></span> <span class='ocrx_word' id='word_1_712' title='bbox 1484 1865 1517 1892; x_wconf 84' lang='lat' dir='ltr'><strong>de</strong></span> <span class='ocrx_word' id='word_1_713' title='bbox 1530 1864 1640 1892; x_wconf 85' lang='lat' dir='ltr'><strong>Christo</strong></span> <span class='ocrx_word' id='word_1_714' title='bbox 1652 1863 1721 1890; x_wconf 78' lang='lat' dir='ltr'><strong>dixit</strong></span> <span class='ocrx_word' id='word_1_715' title='bbox 1737 1862 1848 1888; x_wconf 74' lang='lat' dir='ltr'><strong>Marcus</strong></span> <span class='ocrx_word' id='word_1_716' title='bbox 1862 1862 1892 1893; x_wconf 72' lang='grc' dir='ltr'><strong>η,</strong></span> 
     </span>
    </p>
   </div>
   <div class='ocr_carea' id='block_1_99' title="bbox 1102 1909 1893 1948">
    <p class='ocr_par' dir='ltr' id='par_1_99' title="bbox 1102 1909 1893 1948">
     <span class='ocr_line' id='line_1_99' title="bbox 1102 1909 1893 1948; baseline -0.006 -8"><span class='ocrx_word' id='word_1_717' title='bbox 1102 1913 1174 1948; x_wconf 87' lang='lat' dir='ltr'><strong>quod</strong></span> <span class='ocrx_word' id='word_1_718' title='bbox 1189 1918 1248 1940; x_wconf 89' lang='lat' dir='ltr'><strong>erat</strong></span> <span class='ocrx_word' id='word_1_719' title='bbox 1265 1921 1326 1940; x_wconf 91' lang='lat' dir='ltr'><strong>cum</strong></span> <span class='ocrx_word' id='word_1_720' title='bbox 1345 1913 1442 1940; x_wconf 89' lang='lat' dir='ltr'><strong>bestiis</strong></span> <span class='ocrx_word' id='word_1_721' title='bbox 1464 1912 1492 1939; x_wconf 91' lang='lat' dir='ltr'><strong>in</strong></span> <span class='ocrx_word' id='word_1_722' title='bbox 1507 1911 1617 1938; x_wconf 86' lang='lat' dir='ltr'><strong>deserto</strong></span> <span class='ocrx_word' id='word_1_723' title='bbox 1635 1915 1767 1938; x_wconf 85' lang='lat' dir='ltr'><strong>tentatus.</strong></span> <span class='ocrx_word' id='word_1_724' title='bbox 1781 1909 1851 1937; x_wconf 86' lang='lat' dir='ltr'><strong>Cum</strong></span> <span class='ocrx_word' id='word_1_725' title='bbox 1866 1909 1893 1936; x_wconf 80' lang='lat' dir='ltr'><strong>in</strong></span> 
     </span>
    </p>
   </div>
   <div class='ocr_carea' id='block_1_100' title="bbox 1102 1954 1892 1996">
    <p class='ocr_par' dir='ltr' id='par_1_100' title="bbox 1102 1954 1892 1996">
     <span class='ocr_line' id='line_1_100' title="bbox 1102 1954 1892 1996; baseline -0.009 -9"><span class='ocrx_word' id='word_1_726' title='bbox 1102 1961 1231 1996; x_wconf 83' lang='lat' dir='ltr'><strong>paradiso</strong></span> <span class='ocrx_word' id='word_1_727' title='bbox 1240 1960 1378 1995; x_wconf 83' lang='lat' dir='ltr'><strong>jejunaret</strong></span> <span class='ocrx_word' id='word_1_728' title='bbox 1391 1963 1418 1986; x_wconf 89' lang='lat' dir='ltr'><strong>et</strong></span> <span class='ocrx_word' id='word_1_729' title='bbox 1433 1958 1501 1985; x_wconf 90' lang='lat' dir='ltr'><strong>nihil</strong></span> <span class='ocrx_word' id='word_1_730' title='bbox 1514 1957 1605 1984; x_wconf 83' lang='lat' dir='ltr'><strong>adhuc</strong></span> <span class='ocrx_word' id='word_1_731' title='bbox 1619 1955 1785 1983; x_wconf 86' lang='lat' dir='ltr'><strong>comedisset</strong></span> <span class='ocrx_word' id='word_1_732' title='bbox 1801 1954 1892 1986; x_wconf 89' lang='lat' dir='ltr'><strong>homo,</strong></span> 
     </span>
    </p>
   </div>
   <div class='ocr_carea' id='block_1_101' title="bbox 1106 1999 1895 2039">
    <p class='ocr_par' dir='ltr' id='par_1_101' title="bbox 1106 1999 1895 2039">
     <span class='ocr_line' id='line_1_101' title="bbox 1106 1999 1895 2039; baseline -0.009 -7"><span class='ocrx_word' id='word_1_733' title='bbox 1106 2005 1234 2033; x_wconf 84' lang='lat' dir='ltr'><strong>diabolus</strong></span> <span class='ocrx_word' id='word_1_734' title='bbox 1258 2013 1306 2039; x_wconf 88' lang='lat' dir='ltr'><strong>per</strong></span> <span class='ocrx_word' id='word_1_735' title='bbox 1328 2004 1422 2031; x_wconf 88' lang='lat' dir='ltr'><strong>cibum</strong></span> <span class='ocrx_word' id='word_1_736' title='bbox 1440 2003 1565 2030; x_wconf 75' lang='lat' dir='ltr'><strong>exercuit</strong></span> <span class='ocrx_word' id='word_1_737' title='bbox 1582 2001 1761 2028; x_wconf 87' lang='lat' dir='ltr'><strong>tentationem</strong></span> <span class='ocrx_word' id='word_1_738' title='bbox 1777 2008 1784 2026; x_wconf 90' lang='lat'><strong>:</strong></span> <span class='ocrx_word' id='word_1_739' title='bbox 1798 1999 1895 2026; x_wconf 84' lang='lat' dir='ltr'><strong>simili-</strong></span> 
     </span>
    </p>
   </div>
   <div class='ocr_carea' id='block_1_102' title="bbox 1104 2046 1894 2082">
    <p class='ocr_par' dir='ltr' id='par_1_102' title="bbox 1104 2046 1894 2082">
     <span class='ocr_line' id='line_1_102' title="bbox 1104 2046 1894 2082; baseline -0.009 -4"><span class='ocrx_word' id='word_1_740' title='bbox 1104 2057 1146 2079; x_wconf 90' lang='lat' dir='ltr'><strong>ter</strong></span> <span class='ocrx_word' id='word_1_741' title='bbox 1160 2051 1242 2078; x_wconf 86' lang='lat' dir='ltr'><strong>cliam</strong></span> <span class='ocrx_word' id='word_1_742' title='bbox 1259 2050 1291 2077; x_wconf 86' lang='lat' dir='ltr'><strong>ad</strong></span> <span class='ocrx_word' id='word_1_743' title='bbox 1309 2050 1450 2077; x_wconf 86' lang='lat' dir='ltr'><strong>Christum</strong></span> <span class='ocrx_word' id='word_1_744' title='bbox 1467 2056 1528 2075; x_wconf 91' lang='lat' dir='ltr'><strong>cum</strong></span> <span class='ocrx_word' id='word_1_745' title='bbox 1540 2048 1692 2082; x_wconf 84' lang='lat' dir='ltr'><strong>jejunasset</strong></span> <span class='ocrx_word' id='word_1_746' title='bbox 1715 2046 1894 2081; x_wconf 76' lang='lat' dir='ltr'><strong>quadraginta</strong></span> 
     </span>
    </p>
   </div>
   <div class='ocr_carea' id='block_1_103' title="bbox 1104 2091 1896 2131">
    <p class='ocr_par' dir='ltr' id='par_1_103' title="bbox 1104 2091 1896 2131">
     <span class='ocr_line' id='line_1_103' title="bbox 1104 2091 1896 2131; baseline -0.01 -6"><span class='ocrx_word' id='word_1_747' title='bbox 1104 2098 1175 2128; x_wconf 87' lang='lat' dir='ltr'><strong>dies,</strong></span> <span class='ocrx_word' id='word_1_748' title='bbox 1199 2105 1248 2131; x_wconf 81' lang='lat' dir='ltr'><strong>per</strong></span> <span class='ocrx_word' id='word_1_749' title='bbox 1263 2096 1356 2123; x_wconf 90' lang='lat' dir='ltr'><strong>cibum</strong></span> <span class='ocrx_word' id='word_1_750' title='bbox 1379 2095 1495 2123; x_wconf 85' lang='lat' dir='ltr'><strong>accessit</strong></span> <span class='ocrx_word' id='word_1_751' title='bbox 1512 2094 1648 2129; x_wconf 76' lang='lat' dir='ltr'><strong>malignus</strong></span> <span class='ocrx_word' id='word_1_752' title='bbox 1670 2093 1766 2120; x_wconf 82' lang='lat' dir='ltr'><strong>dicens</strong></span> <span class='ocrx_word' id='word_1_753' title='bbox 1781 2101 1788 2118; x_wconf 88' lang='lat'><strong>:</strong></span> <span class='ocrx_word' id='word_1_754' title='bbox 1806 2091 1855 2118; x_wconf 87' lang='lat' dir='ltr'><strong>Dic</strong></span> <span class='ocrx_word' id='word_1_755' title='bbox 1870 2095 1896 2117; x_wconf 74' lang='lat' dir='ltr'><strong>ut</strong></span> 
     </span>
    </p>
   </div>
   <div class='ocr_carea' id='block_1_104' title="bbox 1106 2137 1896 2178">
    <p class='ocr_par' dir='ltr' id='par_1_104' title="bbox 1106 2137 1896 2178">
     <span class='ocr_line' id='line_1_104' title="bbox 1106 2137 1896 2178; baseline -0.008 -8"><span class='ocrx_word' id='word_1_756' title='bbox 1106 2143 1205 2178; x_wconf 73' lang='lat' dir='ltr'><strong>lapides</strong></span> <span class='ocrx_word' id='word_1_757' title='bbox 1220 2143 1262 2169; x_wconf 84' lang='lat' dir='ltr'><strong>isti</strong></span> <span class='ocrx_word' id='word_1_758' title='bbox 1278 2150 1358 2176; x_wconf 79' lang='lat' dir='ltr'><strong>panes</strong></span> <span class='ocrx_word' id='word_1_759' title='bbox 1372 2140 1440 2174; x_wconf 81' lang='lat' dir='ltr'><strong>[iant</strong></span> <span class='ocrx_word' id='word_1_760' title='bbox 1457 2141 1488 2167; x_wconf 82' lang='lat'><strong>“.</strong></span> <span class='ocrx_word' id='word_1_761' title='bbox 1503 2140 1562 2167; x_wconf 91' lang='lat' dir='ltr'><strong>lllic</strong></span> <span class='ocrx_word' id='word_1_762' title='bbox 1576 2139 1644 2166; x_wconf 76' lang='lat' dir='ltr'><strong>dixit</strong></span> <span class='ocrx_word' id='word_1_763' title='bbox 1661 2145 1774 2173; x_wconf 86' lang='lat' dir='ltr'><strong>serpens</strong></span> <span class='ocrx_word' id='word_1_764' title='bbox 1790 2147 1796 2163; x_wconf 92' lang='lat'>:</span> <span class='ocrx_word' id='word_1_765' title='bbox 1815 2137 1896 2164; x_wconf 69' lang='lat' dir='ltr'><strong>Erilis</strong></span> 
     </span>
    </p>
   </div>
   <div class='ocr_carea' id='block_1_105' title="bbox 1104 2183 1897 2222">
    <p class='ocr_par' dir='ltr' id='par_1_105' title="bbox 1104 2183 1897 2222">
     <span class='ocr_line' id='line_1_105' title="bbox 1104 2183 1897 2222; baseline -0.01 -5"><span class='ocrx_word' id='word_1_766' title='bbox 1104 2191 1171 2218; x_wconf 75' lang='lat' dir='ltr'><strong>sicut</strong></span> <span class='ocrx_word' id='word_1_767' title='bbox 1188 2190 1241 2222; x_wconf 77' lang='lat' dir='ltr'><strong>dii,</strong></span> <span class='ocrx_word' id='word_1_768' title='bbox 1256 2195 1284 2216; x_wconf 86' lang='lat' dir='ltr'><strong>et</strong></span> <span class='ocrx_word' id='word_1_769' title='bbox 1297 2189 1362 2215; x_wconf 89' lang='lat' dir='ltr'><strong>huic</strong></span> <span class='ocrx_word' id='word_1_770' title='bbox 1376 2187 1444 2215; x_wconf 77' lang='lat' dir='ltr'><strong>dixit</strong></span> <span class='ocrx_word' id='word_1_771' title='bbox 1460 2187 1502 2214; x_wconf 88' lang='lat' dir='ltr'><strong>:Si</strong></span> <span class='ocrx_word' id='word_1_772' title='bbox 1512 2186 1594 2213; x_wconf 77' lang='lat' dir='ltr'><strong>Filius</strong></span> <span class='ocrx_word' id='word_1_773' title='bbox 1611 2185 1658 2212; x_wconf 68' lang='lat' dir='ltr'><strong>Dei</strong></span> <span class='ocrx_word' id='word_1_774' title='bbox 1670 2193 1707 2215; x_wconf 76' lang='lat' dir='ltr'><strong>es,</strong></span> <span class='ocrx_word' id='word_1_775' title='bbox 1723 2184 1781 2215; x_wconf 84' lang='lat' dir='ltr'><strong>dic;</strong></span> <span class='ocrx_word' id='word_1_776' title='bbox 1795 2183 1854 2210; x_wconf 66' lang='lat' dir='ltr'><strong>hare</strong></span> <span class='ocrx_word' id='word_1_777' title='bbox 1870 2187 1897 2209; x_wconf 89' lang='lat' dir='ltr'><strong>et</strong></span> 
     </span>
    </p>
   </div>
   <div class='ocr_carea' id='block_1_106' title="bbox 1106 2230 1897 2266">
    <p class='ocr_par' dir='ltr' id='par_1_106' title="bbox 1106 2230 1897 2266">
     <span class='ocr_line' id='line_1_106' title="bbox 1106 2230 1897 2266; baseline -0.013 -3"><span class='ocrx_word' id='word_1_778' title='bbox 1106 2236 1161 2263; x_wconf 86' lang='lat' dir='ltr'><strong>illa.</strong></span> <span class='ocrx_word' id='word_1_779' title='bbox 1189 2235 1280 2263; x_wconf 80' lang='lat' dir='ltr'><strong>Prima</strong></span> <span class='ocrx_word' id='word_1_780' title='bbox 1308 2234 1424 2261; x_wconf 81' lang='lat' dir='ltr'><strong>tentatio</strong></span> <span class='ocrx_word' id='word_1_781' title='bbox 1450 2232 1501 2259; x_wconf 78' lang='lat' dir='ltr'><strong>fuit</strong></span> <span class='ocrx_word' id='word_1_782' title='bbox 1527 2239 1575 2266; x_wconf 91' lang='lat' dir='ltr'><strong>per</strong></span> <span class='ocrx_word' id='word_1_783' title='bbox 1600 2230 1847 2264; x_wconf 75' lang='lat' dir='ltr'><strong>interrogationem</strong></span> <span class='ocrx_word' id='word_1_784' title='bbox 1871 2232 1897 2254; x_wconf 86' lang='lat' dir='ltr'><strong>et</strong></span> 
     </span>
    </p>
   </div>
   <div class='ocr_carea' id='block_1_107' title="bbox 1072 2274 1898 2315">
    <p class='ocr_par' dir='ltr' id='par_1_107' title="bbox 1072 2274 1898 2315">
     <span class='ocr_line' id='line_1_107' title="bbox 1072 2274 1898 2315; baseline -0.011 -6"><span class='ocrx_word' id='word_1_785' title='bbox 1072 2289 1092 2314; x_wconf 86' lang='grc' dir='ltr'>υ</span> <span class='ocrx_word' id='word_1_786' title='bbox 1107 2282 1261 2310; x_wconf 86' lang='lat' dir='ltr'><strong>contrarias</strong></span> <span class='ocrx_word' id='word_1_787' title='bbox 1274 2279 1445 2315; x_wconf 85' lang='lat' dir='ltr'><strong>objectioues</strong></span> <span class='ocrx_word' id='word_1_788' title='bbox 1467 2286 1482 2304; x_wconf 89' lang='lat' dir='ltr'><strong>a</strong></span> <span class='ocrx_word' id='word_1_789' title='bbox 1504 2277 1620 2304; x_wconf 89' lang='lat' dir='ltr'><strong>muliere</strong></span> <span class='ocrx_word' id='word_1_790' title='bbox 1637 2280 1665 2302; x_wconf 88' lang='lat' dir='ltr'><strong>et</strong></span> <span class='ocrx_word' id='word_1_791' title='bbox 1687 2279 1819 2309; x_wconf 80' lang='lat' dir='ltr'><strong>serpente</strong></span> <span class='ocrx_word' id='word_1_792' title='bbox 1836 2283 1842 2300; x_wconf 89' lang='lat'><strong>:</strong></span> <span class='ocrx_word' id='word_1_793' title='bbox 1863 2274 1898 2300; x_wconf 85' lang='lat' dir='ltr'><strong>si-</strong></span> 
     </span>
    </p>
   </div>
   <div class='ocr_carea' id='block_1_108' title="bbox 1106 2320 1898 2356">
    <p class='ocr_par' dir='ltr' id='par_1_108' title="bbox 1106 2320 1898 2356">
     <span class='ocr_line' id='line_1_108' title="bbox 1106 2320 1898 2356; baseline -0.013 0"><span class='ocrx_word' id='word_1_794' title='bbox 1106 2329 1209 2356; x_wconf 86' lang='lat' dir='ltr'><strong>militer</strong></span> <span class='ocrx_word' id='word_1_795' title='bbox 1221 2327 1303 2355; x_wconf 91' lang='lat' dir='ltr'><strong>etiam</strong></span> <span class='ocrx_word' id='word_1_796' title='bbox 1321 2326 1429 2354; x_wconf 89' lang='lat' dir='ltr'><strong>Domini</strong></span> <span class='ocrx_word' id='word_1_797' title='bbox 1447 2324 1561 2351; x_wconf 81' lang='lat' dir='ltr'><strong>tentatio</strong></span> <span class='ocrx_word' id='word_1_798' title='bbox 1574 2327 1668 2350; x_wconf 80' lang='lat' dir='ltr'><strong>secuta</strong></span> <span class='ocrx_word' id='word_1_799' title='bbox 1697 2325 1740 2348; x_wconf 85' lang='lat' dir='ltr'><strong>est</strong></span> <span class='ocrx_word' id='word_1_800' title='bbox 1755 2320 1898 2347; x_wconf 75' lang='lat' dir='ltr'><strong>Contradi-</strong></span> 
     </span>
    </p>
   </div>
   <div class='ocr_carea' id='block_1_109' title="bbox 1106 2366 1897 2408">
    <p class='ocr_par' dir='ltr' id='par_1_109' title="bbox 1106 2366 1897 2408">
     <span class='ocr_line' id='line_1_109' title="bbox 1106 2366 1897 2408; baseline -0.013 -6"><span class='ocrx_word' id='word_1_801' title='bbox 1106 2374 1197 2402; x_wconf 88' lang='lat' dir='ltr'><strong>ctorie</strong></span> <span class='ocrx_word' id='word_1_802' title='bbox 1214 2374 1286 2401; x_wconf 87' lang='lat' dir='ltr'><strong>inter</strong></span> <span class='ocrx_word' id='word_1_803' title='bbox 1304 2373 1394 2408; x_wconf 82' lang='lat' dir='ltr'><strong>ipsum</strong></span> <span class='ocrx_word' id='word_1_804' title='bbox 1411 2376 1438 2398; x_wconf 86' lang='lat' dir='ltr'><strong>et</strong></span> <span class='ocrx_word' id='word_1_805' title='bbox 1455 2370 1604 2402; x_wconf 65' lang='lat' dir='ltr'><strong>malignum</strong></span> <span class='ocrx_word' id='word_1_806' title='bbox 1615 2368 1781 2395; x_wconf 66' lang='lat' dir='ltr'><strong>(Immunem.</strong></span> <span class='ocrx_word' id='word_1_807' title='bbox 1799 2366 1828 2393; x_wconf 87' lang='lat' dir='ltr'><strong>Si</strong></span> <span class='ocrx_word' id='word_1_808' title='bbox 1841 2366 1897 2393; x_wconf 67' lang='lat' dir='ltr'><strong>hmc</strong></span> 
     </span>
    </p>
   </div>
   <div class='ocr_carea' id='block_1_110' title="bbox 1104 2411 1896 2455">
    <p class='ocr_par' dir='ltr' id='par_1_110' title="bbox 1104 2411 1896 2455">
     <span class='ocr_line' id='line_1_110' title="bbox 1104 2411 1896 2455; baseline -0.014 -7"><span class='ocrx_word' id='word_1_809' title='bbox 1104 2427 1169 2455; x_wconf 77' lang='lat' dir='ltr'><strong>ergo</strong></span> <span class='ocrx_word' id='word_1_810' title='bbox 1192 2419 1285 2446; x_wconf 87' lang='lat' dir='ltr'><strong>omnia</strong></span> <span class='ocrx_word' id='word_1_811' title='bbox 1307 2418 1426 2445; x_wconf 87' lang='lat' dir='ltr'><strong>similem</strong></span> <span class='ocrx_word' id='word_1_812' title='bbox 1454 2417 1556 2442; x_wconf 79' lang='lat' dir='ltr'><strong>habent</strong></span> <span class='ocrx_word' id='word_1_813' title='bbox 1572 2418 1666 2455; x_wconf 75' lang='lat' dir='ltr'><strong>typum</strong></span> <span class='ocrx_word' id='word_1_814' title='bbox 1684 2416 1712 2439; x_wconf 87' lang='lat' dir='ltr'><strong>et</strong></span> <span class='ocrx_word' id='word_1_815' title='bbox 1731 2412 1846 2446; x_wconf 78' lang='lat' dir='ltr'><strong>ﬁgurato</strong></span> <span class='ocrx_word' id='word_1_816' title='bbox 1872 2411 1896 2438; x_wconf 90' lang='lat' dir='ltr'><strong>in</strong></span> 
     </span>
    </p>
   </div>
   <div class='ocr_carea' id='block_1_111' title="bbox 1104 2457 1897 2501">
    <p class='ocr_par' dir='ltr' id='par_1_111' title="bbox 1104 2457 1897 2501">
     <span class='ocr_line' id='line_1_111' title="bbox 1104 2457 1897 2501; baseline -0.011 -9"><span class='ocrx_word' id='word_1_817' title='bbox 1104 2466 1195 2501; x_wconf 89' lang='lat' dir='ltr'><strong>primo</strong></span> <span class='ocrx_word' id='word_1_818' title='bbox 1211 2464 1316 2493; x_wconf 82' lang='lat' dir='ltr'><strong>Adamo</strong></span> <span class='ocrx_word' id='word_1_819' title='bbox 1332 2468 1359 2491; x_wconf 88' lang='lat' dir='ltr'><strong>et</strong></span> <span class='ocrx_word' id='word_1_820' title='bbox 1372 2464 1398 2490; x_wconf 92' lang='lat' dir='ltr'><strong>in</strong></span> <span class='ocrx_word' id='word_1_821' title='bbox 1420 2462 1541 2490; x_wconf 85' lang='lat' dir='ltr'><strong>Christo.</strong></span> <span class='ocrx_word' id='word_1_822' title='bbox 1559 2461 1593 2488; x_wconf 88' lang='lat' dir='ltr'><strong>de</strong></span> <span class='ocrx_word' id='word_1_823' title='bbox 1607 2464 1708 2487; x_wconf 76' lang='lat' dir='ltr'><strong>czetero</strong></span> <span class='ocrx_word' id='word_1_824' title='bbox 1725 2466 1759 2485; x_wconf 88' lang='lat' dir='ltr'><strong>ne</strong></span> <span class='ocrx_word' id='word_1_825' title='bbox 1776 2457 1897 2486; x_wconf 79' lang='lat' dir='ltr'><strong>dubites.</strong></span> 
     </span>
    </p>
   </div>
   <div class='ocr_carea' id='block_1_112' title="bbox 1108 2504 1898 2544">
    <p class='ocr_par' dir='ltr' id='par_1_112' title="bbox 1108 2504 1898 2544">
     <span class='ocr_line' id='line_1_112' title="bbox 1108 2504 1898 2544; baseline -0.013 -5"><span class='ocrx_word' id='word_1_826' title='bbox 1108 2512 1156 2538; x_wconf 88' lang='lat' dir='ltr'><strong>sed</strong></span> <span class='ocrx_word' id='word_1_827' title='bbox 1177 2516 1254 2538; x_wconf 80' lang='lat' dir='ltr'><strong>certo</strong></span> <span class='ocrx_word' id='word_1_828' title='bbox 1272 2511 1343 2537; x_wconf 82' lang='lat' dir='ltr'><strong>scias</strong></span> <span class='ocrx_word' id='word_1_829' title='bbox 1354 2509 1428 2544; x_wconf 85' lang='lat' dir='ltr'><strong>quod</strong></span> <span class='ocrx_word' id='word_1_830' title='bbox 1448 2509 1473 2535; x_wconf 88' lang='lat' dir='ltr'><strong>id</strong></span> <span class='ocrx_word' id='word_1_831' title='bbox 1487 2507 1559 2542; x_wconf 88' lang='lat' dir='ltr'><strong>quod</strong></span> <span class='ocrx_word' id='word_1_832' title='bbox 1572 2506 1683 2533; x_wconf 83' lang='lat' dir='ltr'><strong>Christo</strong></span> <span class='ocrx_word' id='word_1_833' title='bbox 1696 2509 1738 2530; x_wconf 78' lang='lat' dir='ltr'><strong>est</strong></span> <span class='ocrx_word' id='word_1_834' title='bbox 1752 2504 1898 2530; x_wconf 80' lang='lat' dir='ltr'><strong>oblocutus</strong></span> 
     </span>
    </p>
   </div>
   <div class='ocr_carea' id='block_1_113' title="bbox 1109 2548 1899 2586">
    <p class='ocr_par' dir='ltr' id='par_1_113' title="bbox 1109 2548 1899 2586">
     <span class='ocr_line' id='line_1_113' title="bbox 1109 2548 1899 2586; baseline -0.013 -3"><span class='ocrx_word' id='word_1_835' title='bbox 1109 2555 1214 2586; x_wconf 85' lang='lat' dir='ltr'><strong>dicens,</strong></span> <span class='ocrx_word' id='word_1_836' title='bbox 1228 2559 1258 2582; x_wconf 91' lang='lat' dir='ltr'><strong>ut</strong></span> <span class='ocrx_word' id='word_1_837' title='bbox 1271 2554 1373 2582; x_wconf 87' lang='lat' dir='ltr'><strong>cadens</strong></span> <span class='ocrx_word' id='word_1_838' title='bbox 1387 2554 1513 2580; x_wconf 81' lang='lat' dir='ltr'><strong>adoraret</strong></span> <span class='ocrx_word' id='word_1_839' title='bbox 1529 2553 1616 2586; x_wconf 74' lang='lat' dir='ltr'><strong>ipsum</strong></span> <span class='ocrx_word' id='word_1_840' title='bbox 1636 2549 1785 2584; x_wconf 78' lang='lat' dir='ltr'><strong>malignum</strong></span> <span class='ocrx_word' id='word_1_841' title='bbox 1804 2548 1899 2575; x_wconf 80' lang='lat' dir='ltr'><strong>draco-</strong></span> 
     </span>
    </p>
   </div>
   <div class='ocr_carea' id='block_1_114' title="bbox 1110 2593 1900 2633">
    <p class='ocr_par' dir='ltr' id='par_1_114' title="bbox 1110 2593 1900 2633">
     <span class='ocr_line' id='line_1_114' title="bbox 1110 2593 1900 2633; baseline -0.011 -6"><span class='ocrx_word' id='word_1_842' title='bbox 1110 2607 1172 2627; x_wconf 83' lang='lat' dir='ltr'><strong>nem</strong></span> <span class='ocrx_word' id='word_1_843' title='bbox 1187 2600 1209 2615; x_wconf 87' lang='lat'><strong>&quot;</strong></span> <span class='ocrx_word' id='word_1_844' title='bbox 1223 2609 1229 2627; x_wconf 87' lang='lat'><strong>:</strong></span> <span class='ocrx_word' id='word_1_845' title='bbox 1243 2599 1296 2626; x_wconf 89' lang='lat' dir='ltr'><strong>hoc</strong></span> <span class='ocrx_word' id='word_1_846' title='bbox 1307 2602 1367 2626; x_wconf 85' lang='lat' dir='ltr'><strong>erat</strong></span> <span class='ocrx_word' id='word_1_847' title='bbox 1380 2597 1453 2633; x_wconf 86' lang='lat' dir='ltr'><strong>quod</strong></span> <span class='ocrx_word' id='word_1_848' title='bbox 1467 2596 1608 2623; x_wconf 82' lang='lat' dir='ltr'><strong>mulierem</strong></span> <span class='ocrx_word' id='word_1_849' title='bbox 1622 2594 1773 2622; x_wconf 85' lang='lat' dir='ltr'><strong>Ecclesiam</strong></span> <span class='ocrx_word' id='word_1_850' title='bbox 1787 2593 1815 2619; x_wconf 92' lang='lat' dir='ltr'><strong>in</strong></span> <span class='ocrx_word' id='word_1_851' title='bbox 1827 2593 1900 2627; x_wconf 77' lang='lat' dir='ltr'><strong>prin-</strong></span> 
     </span>
    </p>
   </div>
   <div class='ocr_carea' id='block_1_115' title="bbox 1109 2636 1899 2679">
    <p class='ocr_par' dir='ltr' id='par_1_115' title="bbox 1109 2636 1899 2679">
     <span class='ocr_line' id='line_1_115' title="bbox 1109 2636 1899 2679; baseline -0.01 -7"><span class='ocrx_word' id='word_1_852' title='bbox 1109 2645 1182 2679; x_wconf 89' lang='lat' dir='ltr'><strong>cipio</strong></span> <span class='ocrx_word' id='word_1_853' title='bbox 1199 2650 1241 2672; x_wconf 92' lang='lat' dir='ltr'><strong>est</strong></span> <span class='ocrx_word' id='word_1_854' title='bbox 1255 2644 1385 2674; x_wconf 85' lang='lat' dir='ltr'><strong>adortus,</strong></span> <span class='ocrx_word' id='word_1_855' title='bbox 1409 2647 1437 2671; x_wconf 87' lang='lat' dir='ltr'><strong>et</strong></span> <span class='ocrx_word' id='word_1_856' title='bbox 1457 2642 1612 2677; x_wconf 82' lang='lat' dir='ltr'><strong>persuasit,</strong></span> <span class='ocrx_word' id='word_1_857' title='bbox 1630 2645 1658 2667; x_wconf 88' lang='lat' dir='ltr'><strong>et</strong></span> <span class='ocrx_word' id='word_1_858' title='bbox 1682 2638 1802 2676; x_wconf 70' lang='lat' dir='ltr'><strong>decepit.</strong></span> <span class='ocrx_word' id='word_1_859' title='bbox 1825 2636 1899 2666; x_wconf 79' lang='lat' dir='ltr'><strong>Unde</strong></span> 
     </span>
    </p>
   </div>
   <div class='ocr_carea' id='block_1_116' title="bbox 1107 2680 1899 2725">
    <p class='ocr_par' dir='ltr' id='par_1_116' title="bbox 1107 2680 1899 2725">
     <span class='ocr_line' id='line_1_116' title="bbox 1107 2680 1899 2725; baseline -0.014 -6"><span class='ocrx_word' id='word_1_860' title='bbox 1107 2691 1190 2719; x_wconf 85' lang='lat' dir='ltr'><strong>etiam</strong></span> <span class='ocrx_word' id='word_1_861' title='bbox 1200 2698 1261 2718; x_wconf 90' lang='lat' dir='ltr'><strong>cum</strong></span> <span class='ocrx_word' id='word_1_862' title='bbox 1274 2689 1529 2725; x_wconf 78' lang='lat' dir='ltr'><strong>probrishominem</strong></span> <span class='ocrx_word' id='word_1_863' title='bbox 1546 2680 1824 2723; x_wconf 55' lang='lat' dir='ltr'><strong>insectaretufb‘ells;</strong></span> <span class='ocrx_word' id='word_1_864' title='bbox 1832 2687 1899 2717; x_wconf 81' lang='lat' dir='ltr'><strong>post-</strong></span> 
     </span>
    </p>
   </div>
   <div class='ocr_carea' id='block_1_117' title="bbox 1072 2727 1898 2774">
    <p class='ocr_par' dir='ltr' id='par_1_117' title="bbox 1072 2727 1898 2774">
     <span class='ocr_line' id='line_1_117' title="bbox 1072 2727 1898 2774; baseline -0.012 -11"><span class='ocrx_word' id='word_1_865' title='bbox 1072 2769 1079 2774; x_wconf 85' lang='lat'><strong><em>_</em></strong></span> <span class='ocrx_word' id='word_1_866' title='bbox 1109 2743 1190 2770; x_wconf 83' lang='lat' dir='ltr'><strong>quam</strong></span> <span class='ocrx_word' id='word_1_867' title='bbox 1209 2743 1272 2762; x_wconf 90' lang='lat' dir='ltr'><strong>eum</strong></span> <span class='ocrx_word' id='word_1_868' title='bbox 1296 2733 1387 2761; x_wconf 91' lang='lat' dir='ltr'><strong>induit</strong></span> <span class='ocrx_word' id='word_1_869' title='bbox 1410 2733 1500 2759; x_wconf 85' lang='lat' dir='ltr'><strong>tunica</strong></span> <span class='ocrx_word' id='word_1_870' title='bbox 1526 2731 1651 2766; x_wconf 82' lang='lat' dir='ltr'><strong>pellieea,</strong></span> <span class='ocrx_word' id='word_1_871' title='bbox 1669 2729 1702 2756; x_wconf 88' lang='lat' dir='ltr'><strong>de</strong></span> <span class='ocrx_word' id='word_1_872' title='bbox 1718 2728 1782 2755; x_wconf 87' lang='lat' dir='ltr'><strong>cibo</strong></span> <span class='ocrx_word' id='word_1_873' title='bbox 1801 2727 1826 2754; x_wconf 90' lang='lat' dir='ltr'><strong>ei</strong></span> <span class='ocrx_word' id='word_1_874' title='bbox 1849 2727 1898 2754; x_wconf 88' lang='lat' dir='ltr'><strong>eri-</strong></span> 
     </span>
    </p>
   </div>
   <div class='ocr_carea' id='block_1_118' title="bbox 1110 2771 1896 2809">
    <p class='ocr_par' dir='ltr' id='par_1_118' title="bbox 1110 2771 1896 2809">
     <span class='ocr_line' id='line_1_118' title="bbox 1110 2771 1896 2809; baseline -0.011 -2"><span class='ocrx_word' id='word_1_875' title='bbox 1110 2788 1171 2808; x_wconf 88' lang='lat' dir='ltr'><strong>men</strong></span> <span class='ocrx_word' id='word_1_876' title='bbox 1187 2775 1394 2809; x_wconf 22' lang='lat' dir='ltr'><strong>non’intentat,</strong></span> <span class='ocrx_word' id='word_1_877' title='bbox 1411 2777 1459 2804; x_wconf 88' lang='lat' dir='ltr'><strong>sed</strong></span> <span class='ocrx_word' id='word_1_878' title='bbox 1482 2777 1515 2803; x_wconf 92' lang='lat' dir='ltr'><strong>de</strong></span> <span class='ocrx_word' id='word_1_879' title='bbox 1537 2776 1630 2802; x_wconf 79' lang='lat' dir='ltr'><strong>divina</strong></span> <span class='ocrx_word' id='word_1_880' title='bbox 1648 2773 1753 2801; x_wconf 85' lang='lat' dir='ltr'><strong>visione</strong></span> <span class='ocrx_word' id='word_1_881' title='bbox 1773 2777 1804 2800; x_wconf 89' lang='lat' dir='ltr'><strong>et</strong></span> <span class='ocrx_word' id='word_1_882' title='bbox 1826 2771 1896 2799; x_wconf 77' lang='lat' dir='ltr'><strong>detu-</strong></span> 
     </span>
    </p>
   </div>
   <div class='ocr_carea' id='block_1_119' title="bbox 1109 2820 1897 2858">
    <p class='ocr_par' dir='ltr' id='par_1_119' title="bbox 1109 2820 1897 2858">
     <span class='ocr_line' id='line_1_119' title="bbox 1109 2820 1897 2858; baseline -0.013 -4"><span class='ocrx_word' id='word_1_883' title='bbox 1109 2833 1210 2857; x_wconf 69' lang='lat' dir='ltr'><strong>ttmne.</strong></span> <span class='ocrx_word' id='word_1_884' title='bbox 1225 2826 1339 2852; x_wconf 84' lang='lat' dir='ltr'><strong>dicens:</strong></span> <span class='ocrx_word' id='word_1_885' title='bbox 1357 2824 1422 2851; x_wconf 74' lang='lat' dir='ltr'><strong>Ecce</strong></span> <span class='ocrx_word' id='word_1_886' title='bbox 1444 2823 1527 2858; x_wconf 74' lang='lat' dir='ltr'><strong>{actus</strong></span> <span class='ocrx_word' id='word_1_887' title='bbox 1546 2827 1583 2848; x_wconf 75' lang='lat' dir='ltr'><strong>est</strong></span> <span class='ocrx_word' id='word_1_888' title='bbox 1599 2821 1683 2848; x_wconf 54' lang='lat' dir='ltr'><strong>Adam</strong></span> <span class='ocrx_word' id='word_1_889' title='bbox 1705 2820 1771 2846; x_wconf 79' lang='lat' dir='ltr'><strong>sinu</strong></span> <span class='ocrx_word' id='word_1_890' title='bbox 1789 2827 1857 2845; x_wconf 69' lang='lat' dir='ltr'><strong>unus</strong></span> <span class='ocrx_word' id='word_1_891' title='bbox 1869 2826 1897 2845; x_wconf 69' lang='lat' dir='ltr'><strong>rx</strong></span> 
     </span>
    </p>
   </div>
   <div class='ocr_carea' id='block_1_120' title="bbox 1362 2914 1598 2946">
    <p class='ocr_par' dir='ltr' id='par_1_120' title="bbox 1362 2914 1598 2946">
     <span class='ocr_line' id='line_1_120' title="bbox 1362 2914 1598 2946; baseline -0.008 -4"><span class='ocrx_word' id='word_1_892' title='bbox 1362 2917 1382 2932; x_wconf 83' lang='lat'>”</span> <span class='ocrx_word' id='word_1_893' title='bbox 1398 2915 1492 2942; x_wconf 66' lang='lat' dir='ltr'><strong>.‘vlattlt.</strong></span> <span class='ocrx_word' id='word_1_894' title='bbox 1519 2923 1555 2946; x_wconf 79' lang='lat' dir='ltr'><strong>tv,</strong></span> <span class='ocrx_word' id='word_1_895' title='bbox 1571 2914 1598 2940; x_wconf 81' lang='grc'><strong>9.</strong></span> 
     </span>
    </p>
   </div>
  </div>
