1980 3237
128 235 195 270 ιοΞι

687 240 737 283 ἸΝ
758 241 1032 272 ΗΕΧΑΕΜΕΒΟΝ.
1046 257 1082 260 -
1100 245 1174 274 LIB.
1195 246 1231 274 Χ.

1700 248 1766 279 Ῑῧὲἓ

127 293 200 320 nobis
215 298 243 319 ut
261 298 425 328 cognosceret
439 294 536 322 bonum
556 299 582 321 et
597 295 697 323 malum
711 306 718 324 :
732 297 836 329 dicens,
849 297 921 324 Ada—
935 299 957 326 A
972 303 1038 329 stOS,
1053 301 1087 328 de
1100 301 1154 328 nde
1168 301 1345 329 comedentes
1357 302 1475 337 aliquam
1490 311 1504 329 a
1520 309 1647 338 serpente
1661 313 1763 336 esi-am,

126 344 213 370 mum,
227 338 324 364 mundi
343 339 484 366 hominem
500 340 527 366 in
542 348 653 375 genere.
675 341 714 368 lta
736 342 811 369 enim
827 342 923 369 existi-

125 383 240 410 mabant
261 385 367 418 seipsos
391 392 452 413 esse
477 385 554 418 deos,
573 391 701 422 tanquam
723 387 872 415 Saturnum
894 393 922 415 et

125 429 233 459 Jovem,
255 434 284 456 et
306 429 471 456 Mercurium
490 435 519 457 et
535 430 701 465 Apollinem,
722 436 750 459 et
774 431 921 459 llerculem

125 478 154 502 et
170 474 297 510 Serapin,
310 479 338 502 et
352 475 466 502 Dianam
483 481 512 503 et
533 476 655 512 reliquos
671 477 734 505 illos
747 471 816 505 nihil
829 479 921 507 minus

125 528 209 555 quam
236 520 314 548 deos.
339 521 447 554 Quibus
469 521 618 549 admodum
642 524 766 558 apposite
791 525 921 552 convenit

125 566 200 601 quod
218 572 281 601 post
304 568 407 594 malum
428 567 504 595 illum
522 576 600 595 esum
619 570 853 604 protoplastorum
878 571 920 597 di-

125 617 200 639 ctum
216 617 261 640 est
274 621 280 638 :
293 613 363 639 Nam
377 621 436 639 cum
450 613 632 645 comedissent,
646 614 745 648 inquit,
761 615 846 649 aperti
857 619 922 645 sunt,

125 665 215 684 eorum
239 657 318 689 oculi,
342 661 367 684 et
387 661 565 692 cognoverunt
590 658 658 693 quod
684 658 747 685 nudi
764 663 841 685 erant
856 667 871 686 a
888 667 918 686 re

125 711 207 738 quam
219 703 415 730 existimarunt
425 711 454 731 se
467 711 527 732 esse
539 709 714 737 consecutos,
730 708 918 739 cognoverunt

123 753 217 776 autem
235 749 309 784 quod
330 750 497 777 aberrarunt
512 758 527 777 a
542 758 571 777 re
586 758 667 785 quam
681 755 875 785 exspectarunt
888 757 918 778 se

123 802 185 822 esse
201 799 388 821 assecuturos.
404 794 540 829 Cognovit
559 795 667 821 tandem
680 795 803 821 Ecclesia
819 799 847 822 et
859 802 918 821 om-

123 840 168 866 nis
190 840 273 867 homo
300 840 347 874 qui
370 841 430 875 ejus
449 841 537 867 errori
563 840 689 873 adluesit,
707 840 782 875 quod
805 841 918 867 fuerunt.

123 885 231 920 decepti
244 893 258 912 a
275 886 394 921 maligno
407 891 546 920 serpente,
559 890 586 912 et
598 886 780 912 caecutiebant
789 890 917 920 putantes

124 940 153 960 se
169 940 230 959 esse
252 932 329 959 deos.
345 932 462 965 Quando
479 937 570 958 autem
597 931 686 958 illuxit
707 931 753 958 lux
774 939 836 958 vera
857 938 917 966 qnw

123 977 260 1005 illuminat
270 986 373 1005 omnem
385 978 517 1004 hominem
527 978 559 1009 “,
571 978 657 1012 aperti
665 975 801 1004 suntoculi
817 977 915 1004 anima:

122 1032 213 1050 eorum
234 1033 243 1051 :
260 1029 288 1052 et
302 1028 494 1059 cognoverunt
511 1024 585 1059 quod
602 1024 680 1059 prius
697 1030 778 1051 erant
801 1023 867 1050 nudi
890 1028 917 1051 et

121 1070 228 1098 miseri.
242 1071 291 1098 Est
302 1071 376 1098 enim
390 1071 578 1098 adnotandum
591 1071 664 1105 quod
679 1079 734 1098 non
749 1071 817 1098 dicit
830 1080 836 1097 :
848 1070 917 1098 Sunt

121 1117 196 1148 nudi,
216 1117 263 1144 sed
281 1117 354 1151 quod
368 1121 447 1144 erant
466 1118 540 1151 prius
563 1117 601 1152 (in
625 1121 750 1151 tempore
765 1116 917 1153 praeterito)

121 1161 301 1189 excutientes
316 1161 482 1189 idololatria.
497 1161 556 1189 Alia
574 1166 616 1189 est
635 1169 700 1196 ergo
719 1161 807 1196 prima
820 1169 916 1189 eorum

120 1206 248 1240 nudatio,
264 1207 317 1235 hoc
330 1212 381 1239 est,
396 1215 412 1234 a
424 1207 506 1235 bonis
520 1208 662 1239 alienatio,
673 1207 853 1242 quamobrem
865 1215 918 1235 nec

120 1257 188 1280 tunc
203 1253 426 1286 erubescebant;
444 1253 496 1281 alia
520 1259 612 1281 autem
636 1257 676 1281 est
699 1261 732 1280 ea
756 1261 818 1288 quae
841 1261 917 1281 nunc
944 1260 947 1262 ‘

122 1299 224 1327 dicitur
240 1299 366 1331 nudatio,
380 1307 478 1334 nempe
494 1307 510 1326 a
524 1299 581 1326 Deo
595 1298 741 1326 excidisse.
755 1297 806 1331 Qui
823 1302 915 1325 autem

119 1344 154 1371 ad
177 1345 300 1372 litteram
315 1345 404 1372 solum
418 1345 536 1372 audiunt
547 1352 608 1380 qua:
621 1344 723 1379 scripta
745 1348 810 1370 sunt
822 1343 856 1370 de
868 1351 916 1378 pa-

121 1390 224 1422 radiso,
237 1395 266 1418 et
280 1390 426 1422 fructibus,
440 1396 468 1418 ct
487 1391 579 1426 lignis,
595 1395 622 1417 et
638 1391 712 1422 cibo,
725 1396 753 1417 et
773 1395 913 1426 serpente,

119 1439 148 1465 'et
164 1437 240 1464 visus
261 1437 631 1473 recuperationekincidunt
652 1437 679 1463 in
695 1436 839 1463 exitiosam
860 1436 916 1463 Ma-

119 1481 291 1508 niehmorum
305 1487 333 1508 et
345 1481 509 1516 Ophitarum
523 1481 702 1516 impietatem.
717 1480 758 1508 llli
771 1481 845 1508 enim
858 1489 915 1508 ser-

120 1528 196 1562 penti
216 1532 345 1562 tanquam
360 1527 531 1555 benefactori
551 1528 684 1555 maximas
702 1531 787 1562 agunt
801 1528 912 1562 gratias,

120 1574 245 1600 dicentes
259 1573 332 1608 quod
349 1581 398 1608 per
416 1579 572 1608 serpentem
587 1574 667 1601 nobis
680 1572 798 1600 accessit
818 1573 912 1605 cibus;

119 1628 169 1655 per
185 1620 291 1652 cibum,
307 1621 480 1655 recuperatio
494 1620 586 1653 visus;
604 1628 652 1655 per
665 1628 725 1647 eam
738 1620 850 1652 deinde,
864 1628 916 1646 nu-
929 1639 952 1668 C

119 1666 183 1700 ptize
197 1674 204 1699 ;
221 1674 270 1701 per
285 1667 396 1702 nuptias
418 1670 521 1696 autem.
534 1666 654 1694 mundus
668 1675 674 1692 τ
691 1671 806 1700 propter
827 1666 916 1692 homi-

119 1712 163 1739 nis
188 1717 282 1739 autem
308 1717 462 1748 peccatum,
479 1713 553 1740 Deus
569 1713 652 1740 homo
674 1713 763 1740 factus
777 1717 829 1740 est.
847 1712 916 1739 llinc

118 1759 254 1786 caelorum
271 1767 387 1794 regnum
401 1765 428 1786 et
446 1759 517 1786 bona
529 1753 762 1794 teterna‘quorum
776 1764 873 1786 auctor
888 1763 916 1786 et

118 1804 283 1832 conciliator
295 1805 346 1831 fuit
365 1805 445 1832 nobis
457 1813 580 1840 serpens.
598 1805 671 1840 Ergo
689 1812 722 1832 nc
739 1812 790 1832 nos
804 1812 914 1840 quoque

117 1851 275 1878 incidamus
291 1851 317 1877 in
332 1859 428 1878 eorum
451 1851 616 1886 impietates,
632 1851 793 1886 prophetice
813 1851 916 1878 intelli-

116 1890 215 1932 gainus
231 1898 265 1924 de
283 1897 393 1925 Christo
409 1902 436 1924 et
458 1898 579 1925 Ecclesia
595 1906 766 1932 quaecunque
782 1897 914 1924 historice

116 1943 221 1979 scripta
244 1948 308 1969 sunt
324 1947 372 1969 aut
388 1943 457 1970 facta
474 1943 500 1969 in
518 1943 657 1978 paradiso,
671 1943 794 1978 quaedam
810 1947 915 1978 tempo-

117 1989 186 2016 ralia
215 1993 371 2026 temporum
398 1988 542 2016 intcrvalla
570 1989 597 2016 in
621 1997 789 2024 unoquoque
817 1985 913 2016 eorum

116 2034 227 2062 diverse
239 2026 436 2069 intelligentes,
449 2035 557 2062 etiamsi
571 2035 687 2062 maxime
702 2035 793 2062 omnia
807 2035 853 2062 illa
865 2043 914 2062 au-

116 2082 227 2109 diamus
250 2086 379 2116 tanquam
402 2081 472 2108 facta
499 2082 525 2108 in
547 2089 602 2108 uno
618 2072 752 2115 tempore.
767 2081 848 2108 Aliud
870 2087 913 2109 est

116 2128 191 2155 enim
209 2128 275 2155 illud
296 2133 405 2162 tempus
424 2127 533 2162 quando
553 2133 613 2154 erat
629 2127 752 2154 Ecclesia
771 2134 826 2153 non
846 2135 912 2153 eru-

117 2174 246 2206 bescens,
266 2177 296 2200 ut
312 2181 372 2208 quae
393 2174 465 2200 nuda
487 2173 521 2200 ab
536 2174 611 2200 omni
626 2177 740 2207 peccato
761 2177 834 2199 esset
850 2181 912 2199 cutn

117 2229 168 2247 suo
182 2220 243 2247 viro
257 2228 264 2246 :
277 2223 306 2246 et
317 2219 392 2246 aliud
410 2227 506 2246 rursus
526 2223 636 2253 tempus
651 2218 761 2253 quando
783 2218 851 2245 laxis
865 2219 914 2245 ha-

117 2267 198 2296 benis
215 2267 276 2294 viro
292 2267 390 2294 relicto
412 2266 639 2294 consuetudinem
658 2266 756 2292 habuit
777 2274 839 2293 eum
855 2275 913 2292 ser-

973 350 1001 372 et
1017 353 1067 380 per
1084 347 1172 381 ipsam
1188 349 1275 374 visum
1294 354 1498 383 recuperantes.
1515 349 1584 376 Veni
1608 350 1642 377 de
1665 356 1764 379 caetero

973 400 987 417 a
1004 392 1074 426 typis
1098 393 1125 419 ιι]
1143 401 1236 420 rerum
1254 394 1408 421 veritatem.
1434 394 1569 422 Evertens
1592 395 1665 422 enim
1682 396 1765 423 Chri-

972 441 1031 463 stus
1048 437 1122 464 illam
1139 438 1283 465 amborum
1301 439 1471 472 nuditatem,
1496 445 1523 467 et
1538 448 1639 468 curans
1655 442 1764 469 caecita-

973 486 1038 514 tem,
1053 487 1081 509 et
1096 482 1209 511 abolens
1226 485 1324 511 malam
1351 485 1461 512 illorum
1484 494 1575 513 escam
1597 495 1645 521 per
1666 495 1763 521 quam-

971 528 1033 555 dam
1047 528 1279 562 benedictioncm,
1295 536 1323 558 et
1336 539 1350 558 a
1362 532 1475 566 proprio
1489 540 1552 559 casu
1567 541 1614 560 eos
1630 534 1762 565 excitans,

970 578 998 600 et
1013 574 1150 602 reducens
1165 583 1213 603 eos
1224 576 1349 603 videntes
1366 577 1439 605 unde
1454 578 1583 605 exierunt
1597 587 1651 605 non
1668 579 1762 607 viden-

970 624 1026 652 tes;
1044 620 1108 647 audi
1124 621 1191 655 quid
1214 621 1279 649 facit
1303 627 1447 657 postquam
1464 624 1586 650 surrexit
1600 633 1614 650 a
1638 626 1763 652 mortuis.

969 665 1089 701 Cleopha
1107 668 1191 699 enim,
1206 673 1234 696 et
1252 669 1299 704 qui
1324 677 1386 696 curn
1403 678 1436 697 eo
1453 675 1511 697 erat
1533 670 1605 698 Luca
1629 671 1669 705 (ut
1687 672 1765 699 dixe—

970 717 1035 738 runt
1049 713 1166 749 mystze),
1180 714 1215 741 ad
1238 715 1339 742 Emaus
1356 716 1390 743 ab
1406 715 1570 748 Jerusalem,
1589 717 1661 744 sicut
1678 718 1760 745 Adam

969 763 997 785 et
1011 759 1078 790 Eva,
1092 761 1236 795 separatis,
1255 766 1283 788 et
1299 762 1389 789 lucem
1408 770 1502 789 veram
1521 771 1574 789 non
1594 763 1762 797 videntibus,

967 805 1042 832 Iesus
1064 807 1281 842 appropinquans
1304 809 1458 835 ambulabat
1483 818 1541 836 cum
1563 810 1599 836 eis
1620 814 1671 836 :et
1694 810 1765 836 oculi

969 859 1060 878 eorum
1075 852 1159 879 adhuc
1174 853 1331 880 tenebantur
1351 863 1384 881 ne
1405 863 1464 881 eum
1483 861 1655 890 agnoscerent
1671 857 1702 882 ".
1715 857 1763 884 Αι-

968 897 1014 932 qui
1039 898 1083 924 bic
1106 899 1217 932 quidem
1241 899 1293 926 fuit
1308 900 1420 928 videndi
1437 901 1571 932 defectus,
1588 902 1651 929 audi
1669 907 1762 934 autem

968 944 1049 978 etiam
1063 952 1124 978 qua),
1137 945 1268 979 deinceps
1283 951 1347 983 sunt
1364 952 1457 974 secuta
1473 957 1480 974 :
1496 948 1605 975 Factum
1619 954 1656 975 est
1673 953 1761 976 autem

970 989 1031 1015 dum
1045 989 1099 1023 ipse
1115 990 1272 1016 rmunberet
1289 1000 1347 1018 cum
1367 993 1412 1022 eis,
1428 994 1558 1028 accipiens
1573 1003 1669 1028 panem
1683 995 1762 1022 bene-

969 1035 1035 1061 dixit
1050 1036 1083 1062 ⁸ο.
1098 1036 1165 1063 Ecce
1184 1037 1340 1064 benedictio
1354 1046 1404 1072 pro
1418 1040 1619 1066 exsecratione.
1635 1041 1670 1067 Et
1685 1041 1761 1078 fran;

968 1089 1030 1116 gens
1054 1082 1124 1107 dedit
1149 1083 1199 1115 eis;
1220 1092 1311 1110 eorum
1328 1089 1424 1111 cutem
1442 1087 1528 1120 aperti
1553 1091 1614 1113 sunt
1634 1087 1714 1119 oculi,
1733 1094 1761 1116 et

968 1132 1130 1161 agnoverunt
1143 1137 1202 1155 eum
1217 1129 1249 1156 ".
1264 1129 1334 1156 Ecce
1348 1130 1433 1158 habes
1449 1139 1540 1158 escam
1558 1141 1564 1158 :
1581 1132 1666 1160 habes
1677 1133 1759 1161 etiam

967 1182 1017 1209 per
1032 1182 1124 1201 escam
1149 1175 1225 1202 visus
1249 1177 1498 1210 recuperationem,
1517 1182 1546 1205 et
1566 1178 1614 1205 Dei
1642 1179 1760 1215 agnitio-

967 1229 1030 1248 nem
1047 1229 1128 1255 quem
1148 1229 1196 1256 per
1211 1230 1300 1249 escam
1322 1223 1518 1257 ignoraverunt
1532 1225 1704 1259 protoplasti.

1002 1267 1106 1294 Deinde
1126 1267 1191 1302 quid
1208 1267 1238 1294 ﬁt
1251 1273 1312 1303 post
1324 1274 1462 1304 sumptam
1481 1271 1595 1298 escam?
1613 1271 1756 1307 Surgentvs

967 1312 1024 1347 ipsa
1040 1313 1105 1339 liora
1116 1314 1214 1340 reversi
1231 1318 1293 1340 sunt
1308 1314 1335 1341 in
1364 1313 1514 1342 Jerusalem
1531 1316 1564 1342 ".
1577 1316 1648 1343 Ecce
1675 1317 1757 1344 etiam

965 1365 1058 1384 acasu
1085 1358 1238 1386 excitatio:
1265 1367 1330 1386 ecce
1351 1360 1436 1386 etiam
1465 1361 1583 1395 pulchra
1605 1361 1639 1388 ab
1662 1357 1758 1390 errore

967 1404 1099 1431 reversio.
1130 1404 1253 1431 Primum
1284 1406 1476 1438 comederunt,
1502 1398 1609 1435 deinde
1630 1408 1670 1434 sic
1695 1413 1759 1435 sunt

967 1450 1082 1476 reversi.
1108 1449 1255 1485 Postquam
1273 1455 1365 1477 autem
1383 1452 1438 1478 Eva
1451 1452 1572 1486 primum
1593 1452 1758 1480 corneditex

965 1495 1071 1527 fructu,
1096 1495 1198 1523 deinde
1219 1496 1253 1523 ad
1281 1497 1415 1524 Adamum
1438 1503 1480 1524 est
1505 1506 1625 1529 reversa,
1642 1503 1670 1525 et
1692 1507 1757 1526 eum

965 1542 1056 1569 fructu
1084 1543 1228 1578 impertiit,
1252 1547 1278 1570 et
1297 1544 1429 1571 comedit.
1456 1544 1508 1571 Sed
1525 1545 1612 1572 Adam
1640 1554 1692 1572 non
1720 1550 1757 1572 est

965 1587 1086 1622 deceptus
1097 1587 1130 1619 ",
1152 1587 1203 1613 hoc
1215 1591 1268 1618 est,
1285 1587 1431 1616 Christus:
1445 1588 1494 1615 sed
1514 1589 1594 1615 simul
1615 1589 1756 1621 accubuit,

967 1632 1063 1659 volens
1076 1636 1106 1658 ut
1123 1636 1249 1667 surgeret
1263 1640 1322 1667 quze
1335 1633 1486 1659 ceciderat.
1503 1633 1543 1660 Tu
1559 1637 1651 1660 autem
1665 1633 1757 1662 adhuc

967 1672 1119 1704 immoraris
1149 1678 1176 1704 in
1203 1677 1310 1708 littera,
1342 1679 1489 1706 considera
1518 1679 1601 1706 etiam
1634 1679 1756 1713 ipsorum

966 1722 1118 1754 actionem,
1135 1727 1163 1750 et
1179 1731 1270 1757 quer
1299 1723 1362 1757 quis
1391 1731 1454 1750 eum
1485 1728 1558 1751 esset
1580 1723 1756 1758 Adam,quid

968 1770 1057 1797 factus
1086 1774 1129 1797 est
1158 1774 1220 1804 post
1238 1770 1496 1804 transgressionem.
1514 1770 1579 1797 Erat
1596 1770 1669 1797 enim
1684 1774 1757 1797 totus

966 1817 1075 1844 lucidus
1089 1821 1116 1844 ct
1132 1816 1286 1847 dcilormis,
1300 1821 1328 1843 et
1352 1817 1441 1851 imago
1463 1817 1587 1851 quadam
1607 1816 1647 1850 (ut
1661 1817 1696 1843 ita
1716 1817 1757 1844 di-

966 1862 1037 1895 cam)
1054 1862 1110 1888 Deo
1123 1861 1230 1888 similis.
1243 1861 1309 1888 Post
1323 1862 1539 1888 inobedientianl
1558 1866 1650 1888 autem
1667 1862 1757 1889 factus

965 1911 1007 1934 est
1023 1899 1190 1933 tenebrosus
1204 1911 1231 1933 et
1245 1906 1399 1937 inornatus,
1421 1911 1511 1933 atrum
1536 1914 1595 1940 pem
1606 1912 1679 1933 alunt
1695 1914 1756 1933 om—

966 1953 1032 1979 nino
1053 1951 1177 1980 indutus.
1194 1952 1255 1979 "me
1272 1960 1339 1987 ergo
1366 1957 1522 1979 evenerunt
1544 1953 1639 1986 primis
1656 1961 1756 1986 paren-

966 1999 1050 2025 tibus.
1081 1998 1114 2024 Et
1139 1998 1223 2024 David
1249 2002 1345 2032 postea
1361 1997 1465 2024 deﬂens
1479 1997 1606 2023 dicebat:
1627 1997 1685 2023 Dies
1702 1997 1756 2024 diei

965 2047 1066 2069 eructat
1093 2041 1199 2069 verbum
1229 2047 1252 2068 et
1282 2049 1333 2068 nox
1363 2042 1433 2068 nacti
1459 2042 1603 2068 annuntiat
1629 2043 1756 2076 cognitio-

965 2097 994 2115 ιιιι
1000 2097 1023 2115 ιη
1032 2088 1067 2114 ".
1736 2108 1742 2118 .

963 2131 967 2135 ⁷
1000 2133 1106 2165 Adhuc,
1122 2133 1221 2168 inquit,
1243 2137 1374 2167 tanquam
1391 2133 1452 2160 dies
1470 2133 1555 2160 lucidi
1574 2136 1653 2160 erant
1672 2133 1754 2168 primi

964 2185 1102 2215 parentes,
1119 2178 1229 2214 quando
1244 2179 1316 2213 (cum
1332 2186 1365 2205 ex
1385 2179 1461 2213 ligno
1478 2178 1600 2205 nondum
1616 2178 1756 2205 comedis-

964 2226 1036 2261 sent)
1047 2226 1163 2253 verbum
1181 2225 1289 2252 consilii
1305 2225 1441 2259 serpentis
1456 2233 1469 2251 a
1485 2225 1602 2251 muliere
1618 2225 1650 2252 ad
1665 2225 1755 2252 virum

965 2272 1087 2299 nondum
1107 2271 1301 2298 transibatzet
1322 2271 1374 2297 sub
1399 2270 1610 2305 intelligentiam
1629 2270 1757 2297 cadentis

118 2319 212 2349 pente,
229 2318 258 2340 et
270 2313 340 2341 facta
356 2317 397 2339 est
415 2313 550 2339 adultera.
566 2312 648 2339 Aliud
663 2320 759 2339 rursus
779 2312 832 2353 fixit
846 2316 914 2338 tem-

968 2319 1035 2345 solis
1058 2317 1150 2344 radios
1172 2317 1284 2352 penitus
1310 2315 1398 2342 induti
1417 2319 1497 2342 erant
1521 2321 1649 2350 tanquam
1676 2316 1757 2342 uesti-

116 2369 180 2395 pus,
195 2360 319 2395 quando,
338 2359 452 2386 dimisso
475 2363 602 2394 serpente
618 2363 646 2385 et
666 2359 691 2385 ei
715 2358 798 2385 veluti
811 2366 914 2385 renun-

118 2408 201 2438 tians,
221 2415 332 2434 reversa
346 2411 387 2433 est
402 2407 434 2433 ad
450 2407 571 2441 priorem
591 2405 681 2432 virum
696 2409 724 2432 et
740 2405 913 2440 spiritualem

115 2452 265 2479 Adamum.
283 2451 340 2478 Hoc
362 2452 435 2478 enim
463 2451 515 2478 fuit
538 2456 647 2486 tempus
662 2452 772 2486 quando
786 2451 915 2486 cognovit

115 2504 144 2525 ct
163 2498 275 2534 agnovit
288 2505 317 2525 se
332 2506 392 2525 esse
408 2497 509 2525 nudam
524 2502 552 2525 et
565 2497 719 2524 inornatam
736 2501 764 2524 et
777 2497 915 2524 deforma-

119 2551 185 2572 tam.
203 2545 261 2572 lloc
283 2545 336 2572 fuit
351 2549 458 2580 tempus
473 2545 583 2580 quando
601 2545 643 2572 vir
660 2552 720 2572 eam
736 2544 868 2579 suscepit,
886 2548 914 2571 et

116 2599 180 2619 cum
205 2599 238 2618 ea
261 2591 380 2618 fructum
398 2591 464 2626 ligni
482 2592 612 2626 gustavit,
629 2599 680 2626 pro
696 2598 727 2618 ea
743 2595 831 2618 morte
845 2590 913 2618 atte-

116 2644 178 2665 ctus
193 2642 222 2664 et
247 2645 392 2672 resurgens
407 2646 420 2664 ἶ]
438 2637 564 2664 ιιιοιιυὶδ.
579 2637 714 2670 Quoniam
730 2643 822 2664 autem
843 2645 915 2664 nunc

115 2693 130 2711 ει
149 2692 193 2711 me
210 2683 296 2711 verba
313 2683 383 2710 ﬁunt
397 2683 430 2710 ad
446 2683 608 2715 Ecclesium,
626 2691 680 2710 non
701 2687 792 2710 autem
817 2683 850 2709 ad
864 2682 913 2709 ,ιυ-

116 2730 202 2762 dseos,
219 2729 297 2762 audi,
315 2729 413 2762 fidelis,
432 2735 460 2756 et
482 2730 563 2757 ﬁdem
580 2730 651 2756 habe
672 2733 802 2765 tanquam
814 2729 912 2761 ﬁdelis,

116 2777 216 2804 videns
241 2776 482 2804 indiscriminalim
505 2776 586 2812 913
610 2776 701 2803 omnia
719 2784 780 2811 quae
799 2780 862 2804 sunt
885 2775 912 2803 in

117 2823 259 2858 paradiso,
276 2831 329 2850 non
345 2822 468 2850 videntes
483 2830 559 2849 suam
578 2822 755 2849 nudationem
772 2823 912 2857 protopla-

153 2925 175 2939 ’κ
189 2925 268 2950 .lnan.
290 2931 306 2955 l,
321 2926 337 2950 ε)
388 2925 406 2939 ¹⁷¹
426 2925 494 2951 Luc.
511 2933 581 2955 \\l\',
600 2926 639 2955 l5,
660 2926 698 2952 l6.
741 2927 760 2940 ³³
780 2928 846 2954 ibid.
866 2927 908 2952 θ’).

118 2967 194 2991 λιιιι,
213 2959 238 2986 5.

388 2925 406 2939 ¹⁷¹
426 2925 494 2951 Luc.
511 2933 581 2957 \\l\',
600 2926 639 2957 l5,
660 2926 698 2952 l6.

967 2368 1094 2391 mentum.
1111 2362 1164 2390 Sed
1184 2362 1296 2397 quando
1311 2362 1369 2396 ipsa
1380 2369 1514 2396 persuasa
1526 2361 1659 2393 comedit,
1671 2361 1756 2388 etiam

965 2413 1117 2436 nocturnas
1143 2408 1248 2443 peccati
1268 2408 1397 2435 tenebras
1423 2407 1525 2436 induit.
1543 2411 1674 2441 tanquam
1702 2414 1756 2433 nox

965 2455 1096 2482 videlicet
1123 2455 1211 2481 otl'nsa
1235 2454 1367 2484 tenebris,
1386 2461 1476 2487 neque
1495 2452 1587 2480 sciens
1610 2452 1677 2487 quid
1698 2452 1757 2479 viro

965 2502 1101 2533 consulat,
1116 2502 1163 2536 qui
1178 2502 1236 2536 ipse
1251 2507 1361 2535 quoque
1379 2500 1468 2527 laetus
1483 2504 1525 2527 est
1543 2507 1596 2526 nos:
1614 2499 1649 2526 ob
1664 2506 1757 2533 parem

969 2549 1162 2584 ignorantiam,
1190 2553 1213 2574 rt
1229 2548 1372 2574 annuntiat
1398 2547 1583 2581 cognitionem,
1609 2552 1708 2579 nempe
1731 2544 1757 2571 id

968 2595 1041 2630 quod
1065 2594 1194 2630 cognosci
1218 2597 1308 2628 potest
1322 2592 1387 2619 boni
1416 2597 1444 2620 et
1472 2592 1547 2622 mali,
1562 2591 1588 2618 ei
1606 2591 1689 2618 tradit
1707 2598 1753 2617 an-

971 2642 1112 2669 nuntians.
1124 2640 1176 2667 Sed
1192 2645 1234 2666 est
1245 2639 1327 2665 etiam
1342 2638 1423 2665 aliter
1437 2637 1678 2665 considerandum.
1691 2637 1757 2664 Nam

969 2692 1047 2715 antea
1063 2686 1186 2721 quidem,
1203 2685 1325 2717 quandiu
1344 2685 1505 2718 priusquam
1522 2683 1681 2710 comi-deret
1697 2686 1756 2708 tan-

967 2740 1049 2767 quam
1061 2731 1122 2758 dies
1138 2733 1197 2757 erat
1212 2729 1316 2760 lucida,
1330 2729 1446 2756 verbum
1461 2726 1756 2758 annuntiavit,nempe

967 2777 1127 2813 gruviterac
1144 2783 1260 2803 serere:
1279 2775 1312 2802 de
1332 2775 1475 2802 voluntate
1493 2773 1565 2799 enim
1581 2771 1613 2797 ad
1643 2774 1757 2804 pet-can-

967 2824 1032 2851 dnm
1047 2831 1100 2849 non
1113 2821 1220 2848 sinebat
1233 2821 1317 2847 Evam
1330 2819 1448 2854 longiori
1461 2818 1498 2844 uti
1516 2817 1649 2842 oratione.
1662 2816 1752 2847 Quan-

1640 2915 1662 2930 "
1681 2914 1754 2941 l‘sal.

950 2927 968 2940 ²¹
989 2923 1055 2950 ibid.
1075 2923 1118 2949 Til.
1160 2925 1179 2938 θ’
1196 2922 1316 2948 ιιιιιιλδ.
1358 2922 1377 2935 ξδ’
1392 2919 1482 2946 1Τίιιι.
1506 2925 1534 2948 tt,
1551 2916 1590 2943 li.
