1980 3242
144 218 214 252 ίύΞό

683 228 722 256 1N
743 228 1018 259 HEXAEMERON.
1034 244 1066 247 ν
1083 234 1154 263 LIB.
1175 236 1227 264 ΧΙ.

1715 243 1781 275 liifo

143 275 188 302 dis
203 281 232 303 et
245 277 336 305 velum
355 278 484 307 foliorum
501 279 650 308 verborum
658 283 839 311 exteriorum.
859 284 937 312 Unde
954 287 974 313 Λ
991 286 1073 322 hujus
1090 288 1234 322 litterte,et
1253 293 1336 318 veluti
1350 300 1448 327 magno
1460 296 1578 329 quodam
1592 298 1682 332 lapide
1700 308 1782 335 oper-

143 321 226 335 ,ατη-.-
245 328 284 335 ..-ι
304 326 456 335 ..λκμηκ-η,
475 326 487 335 ι
504 326 532 335 ιι-
563 327 579 335 α
600 327 625 335 ι.
665 329 681 335 ,ι
699 329 703 334 .
844 330 850 335 .
1003 333 1009 335 _

141 321 227 348 etiam
243 328 286 350 est
302 326 461 353 contrarius
475 326 549 354 foliis
563 327 739 363 Soljustitite,
750 337 782 356 ea
793 330 936 357 exsiccans

140 372 169 394 et
188 369 357 403 emnndans,
376 376 404 398 et
422 372 540 401 maxime
555 373 621 400 folia
639 375 721 409 hujus
733 375 812 402 licus.
826 376 934 403 Etenim

140 412 224 441 ﬁcum
242 422 315 450 Stepe
326 417 448 451 appellat
468 418 601 447 Dominus
616 420 808 455 int‘rugilerum
829 421 935 449 cultutn

140 458 302 496 Synagogte,
316 469 378 488 cum
394 470 455 490 eam
476 464 590 498 quidem
606 465 684 502 914
706 466 855 501 aliquando
871 468 936 494 visi-

141 509 226 533 lasset
254 515 303 541 per
319 508 483 543 triennium,
506 515 534 538 et
557 519 618 539 eam
649 513 801 547 aspexisset
826 515 933 542 nullum

139 550 241 579 aﬂ'erre
257 552 390 586 fructum,
409 560 437 582 et
449 556 578 590 iussisset
595 559 726 593 agriculte
757 564 787 586 ut
805 568 866 587 eam
883 569 934 587 εχ-

137 596 293 630 scinderet,
313 606 348 626 ne
365 605 467 628 terram
484 609 634 637 occuparet
649 606 775 632 otiosam.
796 605 865 633 Cum
882 615 932 633 att-

141 646 195 668 tem
223 648 366 677 postremo
384 654 481 674 rursus
495 650 618 677 venisset
632 651 766 685 justitiam
783 653 891 685 sitiens,
905 659 932 681 et

136 688 303 716 accessisset
328 690 362 716 ad
388 691 469 719 ﬁcum
493 694 603 729 (nempe
623 696 800 730 Jerusalem),
826 703 854 725 et
875 707 930 727 non

136 732 289 762 invenisset
328 737 382 763 nisi
424 738 500 770 folia,
533 750 565 768 ex
604 743 708 777 quibus
739 749 818 772 erant
845 747 928 773 etZam

135 778 180 805 illa
198 780 384 816 subligaeula,
408 792 468 812 eam
494 787 645 815 exsiccavit
662 789 775 817 dicens:
795 791 852 818 Non
869 801 929 819 am-

133 825 203 860 plius
223 834 256 853 ex
268 831 293 853 te
307 834 435 856 Irascetur
460 833 563 865 peccati
582 834 683 868 [ructus
706 836 733 862 in
749 842 877 863 (Plcrttum
894 838 926 865 ‘°.

132 871 271 904 Quoniam
287 878 381 901 autem
396 875 452 903 iota
468 885 550 905 unum
561 884 685 915 autapex
693 889 761 908 unus
776 887 927 910 nontrans—

131 918 177 944 ibit
194 927 227 945 ex
244 920 301 955 lege
314 921 396 949 donec
421 925 510 951 omnia
524 925 593 958 [iant
608 927 628 942 ³¹
648 927 675 954 in
695 927 817 961 Christo,
833 930 925 957 consi-

131 963 203 991 dera’
213 973 308 992 rerum
326 970 566 1004 consequentiam.
584 971 712 1000 Comedit
722 974 808 1001 Adam
833 976 926 1004 cibum

132 1011 260 1039 mulieris
282 1013 464 1043 insidiatricis
482 1027 489 1044 :
507 1017 609 1045 deinde
637 1020 760 1055 seipsum
789 1024 928 1052 succinxit

129 1057 307 1092 subligaculo
320 1067 465 1096 postquam
487 1065 672 1093 comedisset:
689 1066 790 1095 deinde
805 1070 927 1097 comedit

130 1106 160 1128 et
176 1102 260 1130 latuit
274 1106 326 1132 sub
337 1106 413 1140 ligno
426 1108 452 1134 in
466 1109 606 1143 paradiso,
620 1115 649 1138 et
665 1111 719 1139 fuit
739 1115 884 1148 quazsitus,
898 1121 926 1144 et

129 1152 230 1175 caetera
251 1157 313 1184 qua:
333 1159 500 1186 sequuntur.
530 1155 575 1183 Sic
597 1157 679 1184 etiam
695 1159 824 1188 Christus
853 1170 925 1197 saepe

129 1195 255 1223 comedit
269 1204 331 1224 cum
350 1198 408 1226 suis
433 1199 577 1236 discipulis
596 1203 711 1239 legalem
727 1205 821 1234 cibum
855 1208 925 1235 insi-

127 1238 234 1268 diantis
247 1241 408 1278 Synagogze,
423 1251 450 1272 et
472 1247 555 1275 etiam
575 1238 686 1284 quando
698 1258 816 1286 serpens
838 1253 925 1282 Judas

127 1285 194 1312 fecit
206 1288 395 1321 proditionem
421 1292 576 1321 collocutus
601 1303 665 1322 cum
686 1285 815 1326 adultera
835 1299 924 1336 Syna-

119 1339 217 1367 goga:
248 1333 348 1362 deinde
373 1342 520 1372 postquam
540 1341 717 1375 comedisset,
748 1333 865 1380 Surgens
889 1355 923 1374 ex

125 1383 208 1404 omna
232 1378 320 1406 Adam
346 1382 508 1416 spiritualis,
537 1386 673 1414 succinxit
701 1396 730 1416 se
749 1378 922 1426 subligaculo

127 1422 226 1450 lintei:
245 1424 348 1454 deinde
362 1434 412 1455 sua
429 1434 526 1463 sponte
541 1431 610 1467 fugit
630 1433 657 1459 in
675 1434 798 1468 hortum,
823 1422 851 1464 et
869 1438 922 1465 fuit

125 1469 270 1503 quaesitus,
292 1476 456 1507 etegressus
467 1479 509 1502 est
521 1484 555 1503 ex
569 1477 660 1505 horto.
678 1479 736 1514 Ego
759 1485 851 1508 autem
871 1484 922 1510 mi-

126 1520 175 1540 ror
196 1515 349 1543 c:eeitatem
370 1517 542 1553 Judaeorum,
571 1528 717 1558 propterea
740 1526 814 1560 qttod
848 1527 921 1554 Seri-

125 1564 208 1594 ptura
234 1566 277 1589 est
303 1563 373 1590 adeo
398 1570 493 1593 exacta
517 1571 546 1594 et
572 1575 713 1597 accurata.
746 1571 856 1600 Etenim
884 1574 918 1601 de

122 1606 231 1633 Adamo
245 1608 380 1643 scriptum
393 1616 435 1639 est
447 1612 520 1646 quod
539 1614 662 1649 seipsum
678 1616 818 1644 accinxit:
841 1619 918 1646 simi-

121 1651 188 1679 liter
203 1654 289 1681 etiam
307 1655 341 1682 de
361 1655 486 1685 Christo.
510 1658 537 1686 Si
565 1667 658 1688 autem
677 1663 720 1689 vis
734 1663 828 1691 videre
852 1673 916 1692 eutn

121 1698 206 1726 etiam
219 1699 247 1727 in
269 1701 350 1729 horto
364 1703 515 1736 nudutn,et
526 1705 613 1734 linteo
626 1708 714 1736 solum
730 1711 914 1745 succinctum,

121 1744 187 1772 vide
201 1754 264 1773 eum
301 1747 328 1774 in
351 1748 499 1784 Golgotha,
527 1753 702 1788 subligaculo
720 1760 827 1784 tantum
853 1765 916 1786 suc-

119 1790 243 1817 cinctum
256 1792 422 1826 pendentem
440 1795 467 1822 in
486 1804 579 1829 cruce,
597 1807 680 1834 supra
693 1801 759 1828 Adae
777 1803 914 1837 cranium,

119 1843 172 1870 pro
200 1836 306 1864 Adamo
324 1842 353 1865 et
375 1839 431 1867 Eva
450 1842 612 1876 patientem,
630 1844 664 1872 de
681 1847 784 1880 quibus
808 1848 914 1877 dictum

117 1886 178 1909 est:
196 1882 229 1910 Et
244 1884 386 1912 audierunt
415 1895 502 1914 vocem
519 1888 625 1917 Domini
647 1891 696 1918 Dei
717 1893 914 1923 deambulanti;

117 1929 146 1955 in
157 1929 285 1964 paradiso
301 1932 420 1964 meridie,
431 1939 454 1960 et
471 1934 608 1963 latuerunt
623 1937 709 1965 Adam
723 1944 748 1965 et
763 1949 830 1967 uxor
856 1943 912 1976 ejus

117 1983 134 2000 α
146 1975 216 2009 facie
231 1975 337 2004 Domini
361 1977 409 2005 Dei
422 1980 448 2005 in
465 1981 549 2007 medio
563 1981 628 2017 ligni
643 1985 773 2018 paradisi,
795 1991 820 2013 et
834 1975 912 2014 voea-

116 2021 152 2046 ait
190 2019 320 2048 Dominus
337 2023 403 2050 Deus
417 2020 560 2059 Adamum,
578 2032 603 2054 et
618 2028 685 2055 dixit
697 2031 720 2056 ei
731 2038 740 2056 :
758 2031 855 2064 Adam,
869 2033 912 2061 ubi

115 2066 163 2092 et?
172 2066 206 2093 Et
219 2068 287 2095 dixit
310 2070 334 2095 ei
346 2078 354 2096 :
368 2069 459 2098 Vocem
474 2077 548 2100 tuam
562 2075 653 2101 audiri
669 2076 864 2106 deambulanti:
883 2081 911 2106 in

114 2113 254 2146 paradiso,
266 2118 289 2140 et
303 2115 389 2148 timui,
404 2118 466 2152 quia
480 2119 565 2144 nudus
580 2128 650 2152 sum,
662 2125 685 2146 et
698 2120 775 2148 lalui.
795 2123 828 2150 Et
844 2124 910 2152 dixit

115 2159 138 2184 ei
164 2158 254 2185 Deus:
268 2159 332 2192 Quis
359 2162 405 2188 tibi
415 2165 585 2192 annuntiacit
601 2166 671 2201 quod
688 2167 723 2193 ais
747 2169 843 2201 nudus,
859 2171 910 2198 nisi

113 2210 145 2230 ex
158 2203 242 2238 ligno,
263 2212 294 2231 ex
309 2213 360 2240 quo
374 2206 430 2234 solo
446 2208 492 2235 tibi
506 2210 632 2238 mandavi
649 2220 681 2238 ne
707 2215 866 2247 comedens,
878 2224 909 2243 ea:

112 2255 142 2274 eo
160 2249 316 2277 comedisse;
331 2251 344 2277 .’

148 2294 278 2322 Fortasse
291 2304 346 2323 non
367 2303 410 2325 est
429 2299 562 2331 alienant.
590 2303 663 2336 quod
682 2303 737 2332 illae
763 2305 904 2340 dixerunt,

112 2338 199 2366 Maria
220 2344 248 2367 et
273 2340 382 2369 Salome
399 2348 426 2370 et
454 2344 572 2378 .loanna,
599 2353 758 2381 quaerentes
773 2357 837 2377 eum
859 2352 906 2386 qui

111 2385 217 2412 latebat
245 2386 272 2413 in
290 2387 419 2422 paradiso
445 2389 582 2426 Golgotha
612 2393 665 2420 sub
690 2394 776 2429 ligno,
806 2385 905 2432 nempe

111 2432 220 2459 nudum
232 2432 376 2461 Christum
393 2434 479 2463 Adam
496 2445 578 2472 quem
592 2440 699 2466 vocavit
712 2446 735 2467 et
751 2442 906 2470 eduxitDo-

110 2479 206 2506 minus
222 2479 296 2507 Deus
311 2487 344 2507 ex
371 2481 497 2514 latebris,
510 2483 635 2512 excitans
651 2492 714 2512 eum
735 2494 767 2513 ex
789 2489 905 2516 mortuis

109 2525 266 2552 secundum
283 2533 404 2557 carnem.
426 2528 479 2555 hoc
493 2536 543 2555 nos
562 2537 672 2565 quoque
697 2532 791 2560 dicere
804 2533 838 2560 de
853 2534 904 2562 hoc

108 2571 216 2597 Adamo
230 2571 279 2604 qui
296 2570 398 2598 latebat
422 2573 449 2599 in
475 2573 526 2600 hoc
551 2573 632 2600 horto
659 2574 686 2602 in
710 2576 802 2604 medio
825 2577 903 2613 ligni,

109 2623 192 2650 quem
205 2623 334 2650 quaerens
348 2617 422 2644 Deus
438 2618 573 2646 suscitare
586 2619 613 2646 in
628 2620 755 2654 meridie,
767 2622 801 2648 ad
813 2623 902 2657 ipsum

108 2662 234 2690 advenit.
249 2661 304 2690 Illa:
321 2664 407 2697 enim,
425 2672 526 2700 nempe
554 2666 640 2693 Maria
661 2667 821 2702 Magdalene
839 2677 902 2696 cum

109 2709 221 2736 duabus
233 2708 446 2737 aliisdicebant:
464 2710 530 2743 Quis
542 2712 655 2739 revolvet
668 2713 740 2740 nobis
751 2713 866 2749 lapidem
879 2716 901 2731 “

109 2759 140 2781 ut
153 2755 303 2783 videamus
317 2763 381 2783 eum
397 2757 443 2792 qui
459 2757 535 2785 intus
551 2758 637 2786 latet?

142 2801 281 2829 Similiter
298 2802 370 2829 idem
391 2803 458 2830 mihi
472 2810 583 2838 quoque
600 2807 738 2833 succurrit
754 2807 901 2836 dicendum

108 2848 134 2874 in
153 2846 310 2882 propositis
334 2853 361 2875 et
386 2857 440 2876 non
471 2851 734 2885 contemplabilibus
762 2856 901 2890 mysteriis

145 2935 168 2951 '°
185 2935 281 2962 Matth.
298 2943 347 2962 ut.
365 2938 404 2966 19.
447 2940 465 2954 “
479 2939 573 2966 Matth.
586 2948 613 2978 γ,
629 2941 668 2969 l8.

710 2943 730 2959 ³¹
745 2944 825 2975 Mare.
847 2953 897 2979 ut,
912 2947 928 2972 3

991 333 1035 365 lis,
1053 342 1152 370 nempe
1174 337 1345 365 obscuritate
1362 348 1367 366 :
1383 339 1448 371 Quis
1463 341 1543 368 nobis
1569 344 1689 372 revolvet
1715 333 1782 374 calt-

989 378 1080 413 ginem
1097 380 1207 411 litterte.
1225 388 1254 409 ut
1267 384 1338 410 intra
1351 385 1453 412 nubetn
1466 387 1596 414 etdivina
1613 389 1671 416 haec
1689 397 1778 426 adyta,

989 423 1017 450 itt
1036 424 1135 453 Sancta
1149 432 1310 456 sanctorum
1334 430 1483 461 intuentes.
1512 433 1656 461 videamus
1672 439 1779 466 occulta

988 469 1071 505 hujus
1087 473 1209 507 mysterii
1230 475 1317 509 orgia,
1337 484 1397 510 qum
1421 478 1532 511 quidem
1559 481 1703 515 perspicua
1734 492 1779 510 or-

990 515 1115 544 thodoxa:
1128 517 1190 545 fidei
1209 520 1376 549 rectitudine
1394 529 1449 549 non
1472 526 1777 561 cotnprehenderimuS,

987 561 1009 587 si
1025 562 1155 590 historice
1169 564 1280 592 abducti
1300 567 1434 594 fuerimus
1458 577 1472 594 ιι
1498 569 1629 598 dictionis
1646 574 1778 600 crassitu-

986 605 1060 633 dine.
1078 607 1151 635 Deus
1164 609 1238 636 enitn
1257 611 1304 645 qui
1323 611 1418 646 itnplet
1436 613 1536 640 malum
1552 621 1578 642 et
1596 620 1708 648 terram,
1731 621 1775 653 qui

985 650 1068 678 dicit:
1090 652 1149 679 Non
1169 655 1265 681 uidebit
1280 658 1356 682 homo
1384 657 1478 691 faciem
1496 667 1580 685 mrum
1601 665 1624 686 et
1640 662 1707 687 t'll‘t’l
1737 663 1776 695 ης

984 697 1124 730 quomodo
1139 701 1276 732 personati
1290 703 1444 735 praesentia,
1465 707 1492 729 et
1519 703 1597 730 locali
1629 706 1710 732 simul
1729 715 1777 734 va.

984 741 1053 768 dens
1071 744 1200 775 transitu,
1217 750 1245 771 et
1259 746 1336 772 vocis
1349 746 1434 773 edens
1449 748 1583 776 sonitum.
1609 749 1635 776 in
1661 752 1776 779 meridie

983 789 1100 814 accessit
1127 789 1162 816 ad
1187 791 1480 825 Adatnum?Quanam
1511 800 1602 822 autem
1631 796 1664 823 de
1692 805 1775 826 causa

982 834 1270 868 eumpuduitnudum
1287 840 1409 873 conspici
1430 848 1444 866 a
1459 841 1524 871 Deo.
1542 849 1604 868 cum
1622 844 1712 870 statim
1739 845 1774 871 ab

983 879 1063 906 initio
1078 881 1168 908 nudus
1179 890 1194 908 ιι
1209 883 1264 909 Deo
1279 884 1376 911 fuisset
1393 888 1482 913 lactus
1501 892 1528 914 et
1546 890 1678 923 apertus?
1696 891 1774 924 igno-

982 925 1097 952 rabatne
1107 927 1189 958 Deus,
1204 929 1249 962 qui
1262 930 1366 956 sciebat
1378 933 1468 958 omnia
1485 939 1547 960 ante
1560 939 1650 960 ortum
1665 943 1771 966 eorum,

944 963 965 991 Β
980 970 1070 997 locum
1091 971 1116 998 in
1141 980 1196 1006 quo
1212 974 1313 1001 lateltat
1340 976 1436 1008 Adam,
1461 982 1488 1004 et
1505 979 1567 1006 ideo
1590 982 1769 1009 exelamavit:

979 1015 1065 1043 Adam
1076 1017 1118 1044 tibi
1136 1018 1185 1044 es?
1212 1018 1288 1052 Quod
1322 1026 1364 1047 cst
1387 1027 1479 1048 autem
1495 1024 1704 1058 admirabilius,
1723 1036 1772 1054 cur

979 1069 1032 1088 non
1051 1068 1131 1089 vocat
1154 1069 1297 1099 utrosque,
1314 1071 1341 1092 et
1354 1067 1440 1094 inulto
1454 1069 1539 1103 magis
1552 1071 1696 1097 mulierem
1709 1081 1771 1106 quae

977 1107 1209 1145 fueratdeecpta:
1235 1111 1319 1138 Αάιιιη
1338 1113 1407 1139 ιήἱηι
1430 1121 1481 1140 non
1512 1120 1549 1141 est
1564 1115 1697 1149 deceptus,
1724 1120 1770 1145 sed

978 1154 1075 1181 mulier
1094 1156 1145 1190 fuit
1162 1157 1280 1191 derepta.
1296 1158 1437 1190 Quomodo
1459 1164 1550 1187 autent
1568 1170 1622 1188 non
1645 1163 1769 1191 cernitur

977 1199 1050 1227 Deus
1073 1202 1187 1228 omnino
1214 1201 1299 1229 fuisse
1331 1203 1441 1230 locutus
1467 1213 1529 1232 ettm
1563 1207 1680 1234 muliere
1704 1215 1768 1236 ante

976 1247 1244 1281 transgressionem?
1255 1247 1389 1281 Quoniam
1402 1258 1467 1285 ergo
1480 1258 1524 1278 est
1538 1260 1634 1286 magna
1647 1258 1674 1280 et
1689 1261 1766 1281 eom-

975 1293 1118 1327 prehensu
1144 1293 1264 1321 diliieilis
1291 1303 1375 1330 super
1405 1297 1498 1324 omnia
1516 1306 1576 1332 qua:
1598 1300 1675 1333 prius
1690 1300 1763 1328 dicta

977 1346 1042 1367 sunt
1057 1348 1118 1367 vera
1133 1348 1230 1368 eorum
1249 1350 1310 1376 qua:
1329 1347 1393 1369 sunt
1411 1345 1552 1378 proposita
1569 1347 1765 1377 consideratio.

975 1394 1029 1413 non
1055 1386 1142 1414 solum
1159 1387 1192 1414 iis
1214 1388 1262 1422 qui
1288 1393 1353 1415 sunt
1375 1390 1478 1418 nostris
1508 1392 1698 1426 temporibus,
1717 1394 1765 1420 sed

973 1432 1055 1459 etiam
1070 1433 1104 1459 iis
1121 1433 1168 1468 qui
1194 1433 1288 1461 multis
1311 1438 1374 1461 ante
1398 1435 1506 1463 srcculis
1525 1443 1540 1462 a
1558 1436 1613 1463 Deo
1629 1438 1706 1465 fuere
1723 1439 1764 1465 at-

973 1476 1041 1508 llati,
1057 1482 1083 1504 et
1108 1478 1135 1504 in
1151 1478 1185 1504 iis
1195 1483 1259 1505 sunt
1274 1479 1388 1513 pulchre
1402 1481 1516 1513 versati,
1534 1482 1605 1517 sicut
1627 1483 1711 1510 etiam
1725 1483 1764 1511 di-

973 1523 1011 1550 cit
1025 1523 1197 1551 Adamantus
1209 1524 1311 1552 Citriin
1334 1525 1495 1561 indagator:
1524 1527 1581 1554 bzcc
1604 1536 1714 1563 quoque
1727 1530 1760 1556 ad

972 1569 1090 1596 aliorum
1119 1569 1330 1597 similitudinem
1354 1579 1511 1605 precemur,
1539 1577 1568 1599 ut
1595 1573 1762 1608 accipiamus

971 1612 1087 1646 digitum
1102 1612 1148 1646 qui
1165 1613 1254 1647 tetigit
1265 1614 1362 1640 oculos
1373 1614 1438 1641 calci
1450 1615 1484 1641 ab
1497 1619 1572 1642 ortu.
1584 1615 1634 1649 Qui
1646 1617 1760 1651 quidem

970 1657 1230 1694 DominusAdamus
1240 1659 1332 1686 statim
1346 1660 1380 1685 ab
1393 1664 1455 1686 ortu
1478 1660 1713 1694 fuitimmortalis,
1730 1668 1761 1690 ut

969 1704 1016 1738 qui
1027 1692 1241 1732 iueritoeulatus
1253 1713 1267 1732 a
1275 1694 1444 1738 Dei-lumine,
1454 1711 1494 1738 ut,
1505 1715 1567 1735 eum
1576 1708 1706 1743 tetigisset
1715 1717 1761 1736 no-

968 1756 1040 1778 stros
1046 1752 1152 1784 oculos,
1162 1751 1282 1779 diceret:
1292 1751 1568 1788 Epltplmta,quorlest.
1578 1754 1718 1789 adaperire
1725 1756 1757 1782 ⁵⁸.

967 1797 1061 1824 Nostri
1079 1798 1153 1824 enim
1187 1798 1258 1825 oculi
1277 1802 1407 1825 tenentur
1427 1806 1461 1825 ne
1486 1804 1581 1833 aperte
1596 1804 1757 1834 agnoscant.

1002 1843 1148 1877 Quomodo
1171 1845 1305 1878 propheta
1335 1845 1447 1878 quidem
1472 1845 1574 1877 Moses,
1599 1847 1640 1873 vel
1666 1847 1758 1881 potius

966 1891 1080 1925 angelus
1095 1891 1142 1925 qui
1167 1891 1290 1925 loquitur
1315 1891 1341 1917 in
1359 1891 1430 1924 ipso,
1448 1899 1498 1925 per
1524 1899 1635 1920 omnem
1665 1898 1756 1920 aetum

965 1937 1013 1972 qui
1033 1941 1076 1964 est
1105 1937 1131 1963 in
1149 1937 1348 1966 inohedientia,
1367 1941 1395 1962 et
1413 1942 1558 1970 peceatum
1574 1938 1653 1972 ligni,
1680 1945 1755 1965 σθω-

965 1991 1064 2010 munes
1076 1983 1142 2009 facit
1172 1987 1199 2008 et
1215 1983 1357 2017 conjungit
1381 1982 1477 2009 ambos
1497 1983 1692 2017 protoplastos,
1712 1985 1754 2010 vel

964 2029 1058 2064 potius
1071 2028 1216 2054 mulierem
1231 2029 1317 2054 solam
1330 2027 1450 2054 ostendit
1468 2036 1529 2055 esse
1539 2029 1566 2055 in
1584 2029 1682 2063 culpa:
1696 2029 1753 2064 ipsa

963 2079 1005 2101 est
1017 2075 1148 2105 allocuta,
1166 2074 1222 2108 ipsa
1243 2078 1284 2100 est
1313 2074 1438 2108 decepta,
1465 2075 1523 2108 ipsa
1541 2075 1673 2106 comedit,
1695 2076 1754 2111 ipsa

963 2121 1024 2147 viro
1039 2120 1126 2151 dedit,
1137 2120 1195 2154 ipsa
1206 2120 1230 2146 ei
1243 2125 1285 2146 est
1301 2119 1441 2150 insidiata,
1455 2120 1512 2154 ipsa
1524 2120 1576 2147 fuit
1593 2128 1675 2147 causa
1688 2129 1753 2155 [.ee.

962 2167 1028 2198 cati,
1050 2166 1201 2197 nuditatis,
1230 2166 1354 2197 timoris,
1381 2165 1638 2200 subligaculorum,
1666 2167 1750 2202 fugae,

961 2212 1180 2239 abseonsionisa
1205 2212 1272 2243 Deo,
1286 2220 1384 2247 pcenze,
1408 2213 1618 2245 exsecrationis,
1643 2214 1750 2245 mortis.

959 2263 998 2291 et,
1013 2263 1043 2285 ut
1057 2258 1141 2285 semel
1155 2258 1257 2290 dicam,
1278 2258 1411 2285 malorum
1439 2258 1695 2286 innumerabilium.
1718 2260 1752 2287 Et

918 2302 1021 2333 Deum
1032 2303 1141 2331 hmcita
1157 2303 1285 2334 habeant,
1305 2303 1446 2338 quomodo
1472 2305 1544 2332 Dens
1568 2312 1630 2331 eum
1656 2313 1750 2333 acces-

961 2352 1043 2379 sisset
1056 2343 1104 2377 illo
1120 2349 1237 2377 nteridie
1254 2350 1287 2377 ad
1310 2350 1521 2385 inquisitionem
1541 2356 1566 2378 et
1587 2351 1671 2379 veluti
1684 2360 1750 2379 exa-

961 2396 1140 2424 minationcm
1159 2403 1257 2424 eorum
1282 2397 1330 2432 qtti
1357 2405 1411 2424 non
1438 2397 1617 2428 obedierunt.
1632 2406 1685 2424 non
1700 2407 1750 2425 vo-

959 2443 1160 2470 eatmulierem
1173 2442 1207 2470 ad
1227 2443 1473 2475 examinationem,
1501 2452 1555 2470 non
1582 2452 1641 2470 eam
1659 2444 1749 2479 gravi-

959 2494 1002 2516 ter
1020 2489 1156 2524 increpat,
1169 2497 1224 2516 non
1249 2489 1326 2524 ponit
1340 2489 1454 2516 omnino
1481 2489 1508 2516 iu
1529 2490 1590 2524 ejus
1604 2498 1685 2524 pinna
1701 2498 1749 2517 ex-

958 2535 1151 2566 secrationem,
1169 2543 1224 2561 non
1241 2535 1288 2561 dat
1305 2535 1329 2561 ci
1355 2539 1458 2561 terram
1483 2535 1516 2561 ad
1535 2535 1748 2567 comedendum,

955 2590 1010 2608 non
1029 2581 1132 2616 spinas.
1148 2589 1202 2608 non
1227 2581 1358 2614 tribulos,
1374 2589 1428 2607 nott
1449 2589 1527 2608 esum
1540 2581 1608 2614 feni,
1630 2589 1685 2608 non
1701 2589 1749 2608 su-

955 2628 1050 2656 dorem
1073 2629 1175 2658 vultus,
1191 2627 1237 2654 sed
1268 2636 1359 2662 neque
1383 2636 1443 2655 eam
1469 2628 1584 2663 expellit
1599 2633 1646 2655 aut
1658 2632 1746 2655 exter-

955 2675 1041 2702 tninat
1057 2683 1071 2701 a
1085 2674 1224 2709 paradiso.
1241 2682 1295 2701 non
1317 2674 1341 2701 ci
1358 2674 1473 2701 omnino
1497 2678 1610 2701 revocat
1634 2681 1748 2708 serpen-

957 2726 1012 2748 tem
1026 2722 1052 2748 in
1072 2720 1246 2753 memoriam,
1265 2728 1319 2747 non
1331 2728 1391 2747 eam
1407 2721 1514 2756 pudore
1527 2719 1619 2750 allicit,
1635 2719 1744 2746 dicens:

955 2766 1151 2801 Curdecepisti
1160 2765 1313 2793 Adamum?
1324 2766 1377 2794 Sed
1386 2774 1448 2793 cum
1460 2766 1626 2792 ostendisset
1638 2771 1745 2815 omnem

955 2812 1156 2846 benignitatem
1167 2817 1194 2838 et
1212 2811 1366 2839 bonitatem
1382 2813 1408 2838 in
1434 2811 1578 2838 mulierem
1599 2818 1658 2844 qum
1672 2811 1744 2837 ceci-

953 2859 1042 2890 derat,
1059 2859 1148 2892 pergit
1162 2857 1194 2884 ad
1209 2858 1360 2889 hominem,
1390 2862 1415 2884 et
1441 2856 1507 2882 dicit
1524 2857 1566 2882 ei:
1585 2856 1680 2885 Adam,
1702 2855 1744 2882 ubi

977 2948 999 2963 ³³
1017 2947 1102 2974 Exod.
1115 2956 1206 2979 sntit,
1225 2947 1266 2974 ΞΟ,
1307 2947 1328 2962 3"
1345 2947 1426 2973 Marc.
1439 2954 1486 2978 \‘tt,
1503 2946 1548 2973 34.
