1980 3244
204 207 206 210 ’
243 206 311 237 102ῗ

849 211 868 239 S
901 211 1016 240 ANAS'I
1023 211 1099 241 ASII
1120 209 1282 242 SINAthi':

1812 212 1879 244 1028

242 283 268 302 es
281 275 293 302 ?
308 274 339 302 Et
353 276 419 303 dixit
435 277 459 302 ei
471 284 481 303 :
498 276 595 303 Audiri
609 285 696 303 uocem
718 280 791 302 luunt
813 274 988 307 ambulantis,
1008 280 1034 302 et
1049 271 1070 298 Α
1086 278 1170 309 Deus,
1183 282 1213 305 ut
1221 279 1328 305 videret
1342 277 1408 312 quid
1422 284 1454 304 ea
1465 281 1576 305 vocaret
1591 283 1719 311 tanquam
1730 277 1764 305 ad
1773 286 1878 313 regem,

242 320 320 352 (alui,
335 321 460 352 quoniam
481 329 540 347 sum
568 322 664 347 nudus;
694 320 765 348 Audi
788 325 816 348 et
840 320 975 347 Adamum
989 328 1033 347 rc-

243 367 427 401 spondentent
443 375 474 394 ca
497 375 558 402 quae
578 367 634 394 Deo
655 367 835 394 conveniunt.
853 365 934 393 Solus
957 366 1032 394 enint

240 412 373 446 qu.esitns
384 416 412 438 et
425 416 540 439 vocatus
552 411 701 447 respondet
727 411 917 446 singulariter,
936 416 964 439 et
977 412 1032 439 non

240 457 385 491 conjunxit
397 457 450 483 sibi
466 458 622 483 mulierem.
636 457 696 484 Non
705 459 779 484 enim
791 456 870 486 dicit.
885 457 1032 483 audivimus

240 510 328 528 uocem
348 506 422 528 luunt
449 502 683 528 deambulantisiu
699 501 836 536 paradiso,
849 507 873 528 et
895 502 1032 528 timuimus

241 549 303 584 quia
320 548 383 574 nudi
406 557 506 579 sumus,
522 553 546 574 et
573 548 711 580 (aluimus,
738 548 811 582 quod
834 547 946 582 quidem
972 552 1033 574 erat

241 602 347 620 veruttt.
365 594 419 620 Sed
433 595 685 621 tttittcnsaccusarc
698 599 898 624 suatncostam,
911 594 1031 631 seipsutn

241 640 336 674 prodit
351 648 401 674 pro
416 648 459 666 ea.
473 641 534 666 Ihcc
544 648 607 666 eum
618 647 818 674 persequerer,
834 639 954 674 paradisi
962 640 1032 667 civis

241 686 344 713 Paulus
364 693 474 712 rursum
489 685 627 712 accedens
639 686 666 712 in
685 685 820 717 medium.
837 684 1034 720 dixitullyue-

241 731 312 757 rium
335 722 462 765 magnum
483 735 531 757 est.
560 731 617 765 Ego
635 735 727 758 antettt
753 739 815 758 cunt
840 731 900 765 ipso
917 731 974 757 dico
1005 731 1032 757 in

242 777 346 804 Christo
357 781 380 802 et
395 776 515 803 Ecclesia
525 777 560 808 ³⁵,
583 784 635 811 pro
647 785 701 810 qua
715 784 745 803 se
762 776 840 802 dedit
858 778 891 802 ad
903 780 1031 802 mortem.

242 820 320 848 Unde
343 821 427 847 etiattt
449 829 464 846 a
488 820 546 847 Deo
568 825 665 847 vocato
691 828 759 847 vero
774 820 900 851 .Adamo,
920 819 1033 854 quando

242 866 324 897 dixit,
340 866 438 899 Adam,
457 866 559 892 alios?
583 874 638 892 tton
655 866 761 892 dictum
786 869 828 892 est
850 867 877 892 itt
888 865 1032 901 Scriptura

243 912 317 946 quod
334 911 402 938 exiit
415 916 463 938 aut
491 912 567 938 venit
595 911 628 938 ad
646 912 745 943 Deum,
761 915 804 938 est
825 911 900 939 enim
924 919 1033 946 semper

242 958 315 992 apud
329 958 415 984 Deum
434 957 628 991 inseparabilis
643 957 739 984 Filius.

277 1003 340 1030 Hice
365 1004 560 1038 put-misimus,
590 1011 638 1030 ora
658 1003 818 1030 Judteorum
842 1003 1031 1035 obstruentes.

241 1057 276 1076 ne
299 1057 351 1076 nos
364 1049 512 1076 audientes
525 1050 618 1076 omnia
634 1049 732 1076 Adami
755 1050 790 1076 ad
805 1050 946 1076 Christum
962 1049 1034 1076 refe—

245 1100 350 1127 rentes,
366 1096 527 1122 existiment
540 1103 603 1123 eum
616 1095 701 1123 fuisse
715 1096 768 1123 sub
795 1100 920 1131 peccato,
937 1100 966 1122 et
979 1095 1034 1122 cri-

242 1141 389 1168 minationi
409 1141 560 1168 olmoxiutn
579 1146 607 1170 et
624 1142 819 1169 exsecrationi.
840 1141 946 1169 Sullieit
957 1141 1033 1168 enim

242 1187 447 1214 demonstratio
462 1195 560 1214 eoruttt
576 1195 637 1221 qua:
650 1195 724 1214 ttuttc
737 1188 811 1215 dicta
833 1193 906 1220 sunt,
919 1187 952 1214 ad
968 1194 1033 1221 per-

242 1233 414 1259 suadendum
432 1233 475 1258 vel
495 1232 612 1260 maxime
633 1232 788 1265 incredulo,
807 1234 881 1268 quod
905 1241 1034 1267 quatenu-

242 1286 296 1312 que
321 1278 433 1312 quidem
457 1279 567 1314 objecta
596 1283 662 1305 suttt
688 1279 810 1317 mulieri,
836 1279 944 1315 objecta
968 1283 1034 1305 sunt

242 1326 412 1358 accusando,
434 1334 606 1361 quaecunque
630 1331 722 1353 autent
736 1326 821 1353 Adam
838 1334 852 1352 a
877 1326 934 1352 Deo
956 1325 1034 1352 audi-

242 1372 294 1405 vit,
304 1372 410 1406 absque
442 1373 638 1400 criminatione
658 1380 707 1399 seu
728 1372 915 1404 accusatione,
943 1379 976 1398 ea
1000 1371 1034 1398 de

242 1417 356 1445 Christo
371 1418 505 1445 dicuntur
523 1426 552 1445 sc
565 1418 740 1445 detttittcndo
758 1426 808 1452 pro
826 1418 959 1449 Ecclesia,
980 1417 1034 1444 sibi

243 1463 423 1490 attribuettdo
453 1463 529 1490 illius
556 1468 699 1498 peccatum
722 1467 751 1489 et
771 1463 989 1490 exsecrationem
1006 1468 1036 1490 et

243 1514 372 1536 mortem.
388 1509 540 1544 Propterea
551 1510 626 1536 enim
642 1509 715 1536 Deus
726 1508 793 1536 fecit
811 1516 857 1536 res
874 1508 971 1535 Adami
994 1509 1036 1536 di-

242 1566 340 1586 versas
353 1562 381 1586 et
397 1558 567 1585 excelsiores
580 1565 665 1592 supra
691 1557 848 1588 mulierem,
871 1559 901 1582 ut
926 1564 976 1583 nos
994 1555 1036 1582 di-

1083 329 1112 350 et
1121 324 1168 358 qui
1177 328 1236 351 erat
1245 324 1286 351 eis
1301 323 1585 351 dominaturus.Unde
1596 323 1660 350 licet
1675 323 1782 355 videre,
1793 324 1878 351 etiam

1083 377 1148 396 vere
1159 369 1299 396 hominem
1310 374 1439 404 tanquam
1452 369 1500 404 qui
1517 369 1602 396 habet
1613 373 1778 404 potestatem
1793 374 1822 396 et
1837 373 1881 396 est

1085 413 1219 441 Dominus
1246 414 1528 449 (nempeCltristum)
1549 421 1663 441 uxorem
1679 414 1871 441 nominantem

1050 493 1054 497 _
1083 458 1164 493 915
1171 459 1332 490 Eeelesiam.
1340 468 1372 487 ex
1384 460 1441 494 ipsa
1450 460 1636 494 appellantem
1645 460 1705 495 ejus
1713 468 1827 493 nomen,
1839 460 1882 488 Vi-

1069 506 1149 530 .tam.
1160 504 1229 531 Vere
1247 503 1320 531 enint
1335 504 1456 531 viviticat
1467 512 1537 539 quos
1546 509 1780 539 generatmempe
1790 505 1882 540 bapti-

1084 557 1182 580 smate.
1197 552 1230 578 Et
1245 552 1279 578 de
1295 552 1354 578 solo
1368 552 1490 583 homine,
1503 552 1640 586 Propheta
1650 552 1719 579 dicit
1733 553 1789 579 Deo
1806 561 1812 578 :
1829 552 1881 579 Mi-

1084 598 1165 625 nuiin
1180 606 1238 624 eum
1256 598 1337 632 paulo
1362 598 1448 624 minus
1465 598 1496 624 ab
1512 597 1625 632 angelis,
1640 597 1726 633 gloria
1742 603 1766 624 et
1780 599 1882 624 honore

1083 644 1218 670 eoronasti
1239 651 1309 675 eam,
1329 648 1353 670 ει
1369 644 1527 670 constituisti
1541 652 1599 670 eum
1616 645 1682 678 (non
1699 649 1791 670 autem
1819 646 1880 674 eos)

1083 697 1163 724 super
1191 695 1272 723 opera
1298 696 1425 715 manuum
1450 692 1569 719 tuarum,
1595 693 1620 714 el
1637 689 1727 715 omnia
1745 689 1882 723 subjecisti

1083 734 1129 760 sub
1145 734 1252 769 pedibus
1268 734 1564 768 ejus",etsolius,non
1575 738 1667 761 alitem
1681 734 1818 768 ipsorum,
1828 736 1883 762 hoc

1084 785 1138 812 est,
1179 789 1232 807 non
1247 780 1404 809 amborum.
1428 780 1476 806 sed
1494 780 1580 807 solius
1593 779 1702 812 Adami,
1721 781 1748 807 in
1764 780 1882 813 ﬁguram

1083 825 1199 854 Christi.
1215 826 1344 853 Ostendit
1362 826 1411 853 tibi
1428 826 1499 852 hanc
1512 830 1638 861 magnam
1659 831 1688 853 et
1704 827 1883 861 incompara-

1084 871 1167 899 bilem
1183 871 1368 899 diﬂ‘erentiam
1386 871 1483 899 Adami
1507 872 1542 898 ab
1555 872 1628 903 Eva,
1651 872 1843 907 honoremque
1855 878 1885 900 et

1048 937 1069 964 Β
1085 920 1210 954 gloriam,
1223 924 1253 946 ut
1267 925 1362 947 exacte
1380 924 1409 946 et
1425 925 1554 951 accurate
1571 919 1662 946 discas
1672 919 1885 953 quandovide-

1084 966 1122 993 ris
1136 966 1276 993 hominem
1295 966 1322 993 in
1341 966 1427 1000 ﬁgura
1445 965 1548 993 Christi
1563 973 1592 992 se
1605 965 1746 992 dimittere
1764 965 1799 992 ad
1821 973 1884 992 mu-'

1083 1011 1191 1043 licrcm,
1207 1015 1235 1038 et
1260 1011 1342 1038 simul
1358 1019 1420 1038 cum
1444 1019 1476 1038 ea
1497 1011 1645 1038 comedere
1663 1019 1698 1037 ex
1721 1011 1798 1045 ligno
1821 1019 1828 1036 :
1855 1014 1886 1037 et

1083 1057 1166 1084 simul
1183 1057 1288 1088 videre,
1309 1062 1337 1084 et
1360 1057 1441 1084 simul
1465 1057 1578 1088 nudari,
1594 1061 1623 1084 et
1640 1057 1721 1084 simul
1744 1064 1885 1084 censuere

1083 1101 1149 1128 folia
1172 1101 1240 1128 ﬁcus
1255 1111 1262 1128 :
1275 1102 1328 1128 hoc
1342 1106 1396 1133 est,
1419 1101 1604 1136 prmincditari
1618 1107 1647 1129 et
1658 1110 1839 1136 componere,
1855 1107 1887 1130 et

1084 1147 1166 1174 simul
1192 1148 1271 1174 unire
1300 1148 1415 1174 verbum
1440 1156 1502 1175 cum
1524 1148 1611 1175 verbo
1630 1147 1663 1175 ad
1677 1148 1885 1179 defensionem.

1084 1199 1112 1221 ct
1129 1195 1212 1222 simul
1227 1194 1327 1221 attdirc
1343 1202 1437 1221 vocem
1457 1194 1567 1229 Domini
1582 1193 1629 1222 Dei
1645 1194 1814 1221 ambulantis
1826 1214 1835 1224 ,
1856 1199 1888 1221 et

1085 1240 1197 1273 timere,
1221 1246 1251 1268 et
1268 1241 1382 1276 iugere,
1403 1245 1430 1269 et
1458 1241 1556 1272 latere,
1573 1245 1602 1267 et
1622 1239 1712 1267 vocari
1729 1239 1820 1268 solum
1847 1239 1885 1266 ad

1084 1286 1330 1318 cxaminationem,
1348 1291 1376 1313 et
1391 1286 1475 1314 duras
1486 1293 1582 1320 pcenas
1604 1294 1655 1320 pro
1668 1285 1714 1313 illa
1726 1285 1885 1319 suscipere,

1085 1337 1112 1359 et
1127 1333 1215 1358 solum
1231 1332 1331 1366 expelli
1347 1340 1381 1359 ex
1404 1331 1546 1366 paradiso,
1564 1336 1592 1359 et
1611 1331 1755 1366 suscipere
1769 1335 1886 1359 senten-

1087 1377 1152 1404 tiam
1170 1378 1278 1404 mortis.
1306 1377 1370 1404 Haec
1395 1377 1489 1404 omnia
1513 1376 1626 1412 quando
1643 1377 1785 1411 aspexeris
1808 1376 1885 1404 Ada-

1086 1431 1161 1453 tnum
1182 1428 1210 1450 et
1222 1431 1305 1458 agere
1315 1428 1343 1450 et
1359 1423 1488 1456 sufferre,
1503 1423 1642 1459 intelliges
1661 1423 1806 1450 Christum
1821 1423 1885 1458 (per

1086 1466 1213 1501 Paulum)
1231 1466 1280 1494 tibi
1295 1466 1388 1494 dicere
1401 1476 1407 1493 :
1420 1467 1507 1494 Adam
1521 1475 1574 1500 ηοιι
1589 1471 1626 1494 ρει
1643 1467 1765 1501 deceptus
1776 1467 1809 1493 ³⁷.
1822 1466 1884 1493 Διὶο

1085 1512 1160 1539 enim
1176 1511 1258 1539 modo
1271 1512 1394 1540 comedit
1407 1512 1538 1548 antiquus
1552 1513 1597 1540 ille
1613 1512 1640 1539 in
1656 1518 1750 1547 typum
1763 1511 1882 1544 Christi,

1086 1557 1141 1584 alio
1158 1563 1249 1585 autem
1268 1557 1351 1585 modo
1372 1559 1472 1586 mulier
1491 1558 1518 1585 in
1542 1563 1636 1594 typum
1654 1558 1796 1586 Ecclesim.
1821 1552 1898 1585 Alio.

244 1611 389 1631 sceremus
412 1608 440 1630 et
471 1603 640 1630 doceremur
653 1601 899 1637 incomparabilem
932 1601 1034 1629 Christi
1050 1604 1071 1632 (Ξ
1088 1602 1170 1629 ntodo
1181 1602 1409 1638 cslinlelligeuda
1421 1602 1519 1630 Adatni
1531 1604 1608 1630 visus
1621 1603 1814 1638 recuperatio;
1829 1604 1885 1630 alio

243 1649 430 1676 diﬂ’erentiam
446 1657 530 1684 supra
553 1648 716 1676 Ecclesiam.
744 1648 813 1675 Nam
833 1656 897 1675 cum
920 1647 1036 1675 dixisset

243 1695 328 1728 Deus,
340 1694 484 1722 Faciamus
498 1695 631 1722 hominem
646 1695 684 1720 ad
695 1695 840 1729 imaginem
857 1698 881 1720 el
907 1693 1035 1721 similitu—

243 1740 332 1767 dinem
345 1745 476 1772 nostram,
502 1739 573 1767 nihil
599 1740 736 1775 ejusmodi
766 1740 836 1767 dixit
860 1739 895 1767 de
917 1740 1036 1767 muliere

249 1786 364 1821 quando
373 1794 433 1813 cam
449 1791 510 1813 erat
526 1787 715 1814 lahricaturus
727 1794 761 1813 ex
774 1786 861 1813 latere
872 1786 982 1813 Adami.
1003 1785 1037 1812 Et

254 1833 452 1860 rursusdicens
461 1841 469 1860 :
478 1832 550 1860 Fecit
557 1833 626 1860 Deus
637 1834 780 1866 hominem;
790 1834 824 1860 ad
834 1833 976 1868 imaginem
987 1831 1037 1858 Dei

245 1879 306 1914 fecit
324 1879 401 1906 illum
412 1899 420 1912 ,
438 1887 493 1906 non
506 1879 576 1907 dicit
592 1879 627 1907 de
641 1887 685 1911 ea,
701 1880 761 1914 fecit
782 1879 870 1911 illum,
887 1879 935 1906 sed
959 1882 1036 1913 post-

245 1932 328 1959 quam
345 1925 416 1952 dixit
428 1925 462 1954 de
476 1925 601 1958 hontine,
613 1925 673 1960 fecit
691 1925 785 1957 illum,
805 1930 871 1952 tuttc
882 1925 1036 1960 subiungit,

246 1971 394 1998 masculum
409 1977 433 1998 et
449 1971 644 2006 feminamfecit
658 1971 728 1998 illos.
758 1971 892 1998 Similiter
903 1971 986 1998 etiam
1008 1970 1037 1998 ιιι

245 2016 412 2044 formatione
426 2017 557 2050 hominis,
572 2018 684 2052 quando
703 2018 789 2045 dixit:
804 2017 880 2044 Fecit
900 2019 968 2044 Deut
992 2018 1039 2044 ho-

246 2064 343 2090 minem
354 2063 416 2090 limo
430 2069 537 2099 accepto
547 2068 653 2096 eterra,
665 2065 840 2099 etimuﬂiauit
850 2065 876 2090 in
885 2065 971 2098 ipsum
984 2063 1039 2098 rpi-

247 2109 328 2134 ritum
339 2109 409 2140 vim,
428 2109 531 2136 nullan)
544 2109 612 2135 fecit
634 2108 803 2135 mentionem
821 2107 956 2134 mulieris.
970 2106 1037 2133 Nam

247 2154 320 2189 quod
328 2155 428 2182 attinet
436 2155 470 2182 ad
477 2155 709 2187 essentiam,nihil
718 2153 945 2182 habuitEcclesia
955 2160 987 2180 ex
995 2152 1038 2178 di-

248 2201 313 2228 vina
328 2202 545 2237 essetttia.cujus
561 2202 614 2229 fuit
629 2201 786 2236 symbolum
800 2199 1040 2234 ittsutllatio,prius

247 2246 407 2282 signiﬁcans
433 2248 481 2275 Dei
501 2247 584 2275 Verbi
608 2255 642 2274 ex
658 2247 738 2273 Patre
762 2245 788 2272 id
814 2245 888 2280 quod
912 2253 944 2271 ex
959 2244 1040 2271 nobis

1088 1647 1181 1679 modo,
1206 1647 1340 1675 mulieris.
1358 1647 1418 1675 Alia
1437 1652 1479 1675 est
1502 1648 1555 1675 viri
1571 1648 1697 1679 nudatio,
1712 1648 1768 1675 alia
1789 1653 1884 1676 autem

1087 1694 1220 1721 mulieris.
1240 1694 1328 1722 Aliter
1345 1694 1422 1723 timet
1434 1694 1520 1722 Adam
1536 1694 1584 1729 qui
1597 1698 1641 1723 cst
1659 1693 1764 1722 Christi
1781 1694 1884 1729 ﬁgura,

1093 1747 1150 1768 non
1164 1740 1315 1774 deceptus;
1338 1744 1366 1768 et
1378 1741 1460 1768 aliter
1468 1740 1548 1767 timet
1562 1741 1661 1768 mulier
1677 1740 1806 1775 decepta.
1823 1741 1884 1775 Ipsa

1093 1785 1168 1813 enim
1176 1793 1226 1820 per
1235 1785 1463 1818 inohedientiam,
1472 1786 1544 1814 sicut
1554 1787 1687 1819 Ecclesia;
1696 1786 1782 1813 Adam
1788 1791 1884 1814 autem

1088 1832 1198 1868 (nempe
1210 1832 1350 1867 Christus)
1362 1841 1395 1860 eo
1403 1833 1477 1868 quod
1489 1841 1538 1868 pm
1549 1833 1686 1860 ambobus
1698 1833 1724 1859 id
1737 1832 1883 1870 suscipiat.

1078 1878 1147 1916 _Hoc
1160 1878 1242 1905 modo
1256 1878 1434 1913 intelligenda
1450 1883 1494 1906 est
1509 1878 1592 1906 etiam
1612 1878 1727 1906 nudatio
1748 1886 1833 1913 quam
1857 1879 1884 1906 in

1087 1923 1213 1951 Calvaria
1225 1924 1368 1955 sustinuit,
1383 1929 1411 1951 et
1423 1924 1498 1960 fuga.
1510 1924 1698 1957 Quamobrem
1711 1931 1762 1958 per
1769 1923 1885 1958 dispen-

1088 1971 1224 1999 sationem
1239 1971 1321 1998 etiaut
1339 1971 1408 2006 fugit
1427 1970 1455 1997 in
1471 1970 1636 2006 Aigyptum,
1651 1975 1681 1998 et
1694 1971 1805 1997 vocavit
1819 1978 1885 1998 eum

1088 2017 1223 2044 Dominus
1244 2017 1316 2044 Deus
1327 2017 1459 2044 latentem
1475 2017 1502 2043 ιιι
1520 2016 1649 2051 Aigypto.
1663 2016 1755 2049 Quare
1773 2016 1885 2044 dicebat

1088 2062 1172 2090 etiam
1188 2071 1194 2088 ε
1213 2061 1254 2089 E2:
1267 2061 1383 2097 1Egypto
1397 2063 1486 2088 ι-οεαιιί
1500 2061 1598 2089 Filium
1617 2070 1703 2088 meum
1714 2062 1752 2089 ³⁸3
1763 2062 1844 2096 Quod
1861 2063 1885 2090 si

1089 2108 1132 2135 vis
1146 2108 1232 2136 etiam
1248 2108 1342 2135 videre
1357 2107 1499 2135 Christum
1512 2108 1820 2142 voluntarie_titnenJent
1834 2116 1885 2143 pro

1089 2154 1222 2186 Ecclesia,
1247 2154 1312 2181 audi
1331 2154 1528 2189 evangelistam
1550 2155 1584 2181 de
1610 2162 1644 2181 eo
1659 2154 1800 2182 dicentem
1828 2164 1834 2181 :
1852 2155 1886 2182 Et

1089 2209 1148 2227 cum
1162 2205 1229 2228 esset
1243 2201 1270 2227 in
1286 2201 1382 2235 agonia
1393 2221 1401 2231 .
1421 2201 1506 2227 orauit
1524 2201 1652 2228 intentius
1661 2200 1694 2232 ",
1710 2205 1737 2227 et
1755 2200 1819 2228 ideo
1836 2201 1887 2238 [uit

1091 2246 1174 2272 tristis
1187 2254 1269 2279 usque
1279 2246 1314 2272 ad
1331 2250 1441 2272 mortem
1452 2246 1473 2261 *⁸
1488 2255 1495 2272 :
1513 2245 1655 2272 medicans
1670 2246 1811 2273 tristitiam
1825 2254 1887 2273 tut;-

246 2299 290 2322 est
305 2293 412 2321 luteum
440 2294 606 2328 ingressum,
620 2296 648 2318 et
671 2291 869 2318 habitationem
896 2290 923 2316 in
951 2290 1037 2324 hypo-
1055 2294 1076 2322 υ
1091 2291 1178 2323 lieris,
1197 2296 1225 2318 el,
1242 2299 1292 2326 pro
1303 2299 1334 2318 ea
1346 2291 1447 2318 ductus
1455 2291 1488 2318 ad
1502 2291 1668 2326 passionem,
1684 2291 1823 2324 Quoniam
1834 2299 1887 2317 ςιιι-

247 2340 325 2367 stasi.
348 2339 383 2366 Et
400 2339 462 2365 ideo
476 2346 532 2365 non
557 2338 605 2364 dat
627 2337 701 2364 Deus
730 2336 840 2364 mulieri
864 2335 1038 2363 cssentialctn

248 2385 291 2413 sui
304 2376 543 2415 insumationetn,
575 2382 706 2417 quoniattt
735 2389 792 2408 non
815 2386 858 2409 est
887 2381 1039 2416 composita

249 2431 350 2459 mulier
364 2438 399 2457 ex
409 2430 557 2456 divinitate
569 2433 598 2456 et
612 2427 796 2459 humanitate,
827 2428 900 2455 sicut
910 2427 1040 2455 Christus

248 2478 352 2506 Adam:
381 2477 429 2504 sed
444 2484 478 2503 ex
492 2483 546 2502 una
559 2477 616 2502 sola
633 2482 727 2507 carne,
749 2481 847 2509 nempe
873 2474 960 2501 latere
985 2473 1038 2499 hu-

249 2524 400 2552 manitatis.
414 2523 502 2550 Porro
511 2526 602 2549 autetn
615 2522 641 2548 in
658 2521 796 2556 positione
807 2528 918 2555 quoque
945 2524 973 2547 et
997 2520 1039 2546 in—

249 2578 346 2606 gressu
379 2569 477 2596 Adatni
504 2568 532 2595 in
561 2568 734 2603 paradisum,
763 2575 818 2594 non
839 2567 926 2593 dicit:
953 2565 1040 2592 Simul

250 2615 324 2651 ponit
338 2623 396 2641 cum
411 2622 440 2641 eo
453 2613 600 2641 mulierem.
626 2613 721 2647 Neque
736 2620 804 2639 vero
823 2611 850 2638 in
876 2611 1038 2646 operatione

250 2661 315 2688 facit
344 2659 426 2687 simul
451 2667 514 2686 cunt
541 2666 575 2686 eo
591 2657 716 2692 operari,
746 2665 835 2691 neque
859 2656 886 2682 ιιι
913 2655 1039 2682 custodia

251 2706 336 2733 sintut
364 2713 425 2733 esse
447 2705 601 2732 custodem.
622 2703 677 2730 Sed
704 2710 794 2737 neque
818 2710 852 2729 ex
876 2701 951 2728 omni
966 2701 1041 2736 ligno

249 2752 324 2788 quod
338 2757 381 2780 est
400 2752 428 2779 in
445 2751 573 2787 paradiso
587 2750 702 2786 jubetur
721 2748 869 2776 comedere
898 2747 952 2774 nisi
966 2747 1041 2773 solus

249 2797 387 2824 Christus.
402 2797 456 2824 Sed
472 2804 561 2831 neqtte
575 2794 693 2830 imponit
705 2793 804 2819 mulier
817 2800 918 2819 nomen
944 2792 1042 2819 bestiis

249 2849 278 2872 ct
287 2844 448 2871 volucribus
462 2852 469 2870 :
487 2842 522 2869 ad
536 2842 624 2869 solutn
637 2840 712 2867 enim
723 2839 859 2866 Adamutn
870 2846 919 2866 eos
927 2838 1042 2866 adduxit

300 2903 322 2918 "
340 2902 441 2936 Ephcs.
458 2910 484 2934 v,
504 2902 548 2928 5‘2.
603 2901 624 2916 "
636 2899 708 2927 Psal.
730 2906 786 2932 \‘lll,
800 2898 857 2926 6-8.

252 2945 323 2969 nvi,
339 2937 382 2965 58.

914 2899 935 2915 "
950 2899 960 2927 1
978 2900 1091 2933 Tint.tt,
1110 2901 1151 2927 Η.

1091 2340 1146 2364 tem
1162 2337 1323 2369 meridiem,
1348 2335 1396 2364 Dei
1416 2337 1495 2364 Verbi
1518 2337 1666 2364 adventum
1685 2344 1745 2364 esse
1768 2341 1887 2371 patente

1091 2381 1229 2414 dedimus,
1244 2389 1358 2409 necesse
1367 2386 1410 2409 est
1420 2381 1784 2416 omninoviderequomodo
1798 2382 1886 2408 etiam

1091 2427 1126 2456 de
1144 2428 1256 2456 homine
1268 2428 1409 2455 communi
1425 2427 1482 2463 (qui
1499 2431 1541 2455 est
1553 2428 1638 2455 veluti
1655 2428 1768 2462 quidam
1786 2427 1886 2462 Adam)

1091 2480 1119 2502 ct
1140 2474 1174 2502 de
1190 2474 1251 2509 eius
1267 2474 1382 2509 conjuge
1409 2473 1544 2506 Ecclesia,
1558 2474 1637 2508 prius
1661 2477 1729 2500 sunt
1745 2473 1888 2508 descripta

1093 2521 1235 2556 proposita
1249 2519 1367 2555 paradisi
1380 2526 1522 2555 mysteria,
1537 2525 1564 2547 et
1577 2520 1658 2547 linem
1669 2524 1841 2554 acceperunt
1858 2520 1888 2547 in

1093 2567 1185 2594 nobis.
1205 2566 1273 2594 Cum
1295 2574 1362 2601 ergo
1388 2566 1554 2594 comedisset
1568 2566 1668 2593 mulier
1691 2574 1752 2600 qua»
1770 2565 1887 2598 dicitur,

1092 2623 1125 2642 ex
1139 2614 1212 2641 malo
1239 2613 1390 2648 impietatis
1412 2613 1502 2640 fructu
1518 2613 1596 2648 ligni,
1617 2617 1695 2640 stans
1717 2619 1807 2647 prope
1830 2619 1890 2639 ser-

1093 2664 1205 2696 pentetn
1222 2665 1352 2695 tanquam
1370 2663 1443 2686 esset
1459 2660 1520 2694 ejus
1534 2667 1614 2690 uxor,
1629 2658 1730 2686 deinde
1740 2659 1766 2685 ei
1778 2666 1888 2686 rennu-

1091 2705 1199 2737 tiasset,
1211 2709 1240 2731 ut
1252 2705 1308 2740 jant
1326 2704 1383 2732 dixi
1399 2711 1489 2736 antea,
1507 2709 1535 2731 et
1551 2704 1584 2730 ad
1602 2704 1731 2730 maritum
1750 2708 1827 2731 esset
1843 2712 1889 2736 re-

1092 2758 1182 2782 versa,
1202 2758 1258 2777 non
1276 2751 1433 2777 invenimus
1444 2758 1504 2777 eam
1518 2750 1636 2784 amplitts
1646 2749 1889 2784 appropinquasse

1092 2800 1141 2823 aut
1163 2804 1225 2823 cuttt
1259 2801 1388 2831 serpente
1407 2796 1521 2822 omnino
1545 2803 1606 2823 esse
1631 2795 1762 2822 locutam.
1787 2794 1889 2822 Omnia

1093 2850 1160 2877 ergo
1172 2850 1233 2877 qum
1251 2842 1366 2869 fuerunt
1381 2846 1443 2876 post
1455 2843 1516 2878 ejus
1527 2841 1738 2870 conversionem
1758 2840 1792 2868 ad
1813 2840 1890 2867 Ada-

1203 2901 1224 2916 "‘
1241 2900 1303 2928 (ise.
1324 2909 1360 2931 xt.
1377 2901 1401 2927 l.
1455 2902 1476 2918 "
1493 2901 1558 2929 [.ltc.
1578 2908 1642 2928 xxtt.
1658 2901 1700 2927 45.
1752 2901 1774 2915 ⁴⁰
1790 2900 1885 2927 Matth.
