1980 3232
67 227 138 260 1039

615 227 656 258 IN
677 224 955 257 HEXAEMERON.
969 238 1002 243 ——
1019 212 1091 256 LIB.
1112 226 1164 257 x1.

1641 231 1707 262 103i)

65 290 140 310 mum
161 283 226 316 (hoc
240 288 293 314 est,
313 283 465 314 Christum)
487 283 640 317 intelligere
660 285 769 317 Oportet
794 281 865 308 bona
881 282 901 310 A
917 279 999 308 lecta.
1013 281 1077 314 “:le
1090 281 1183 308 omnia
1200 287 1256 308 non
1271 285 1335 308 sunt
1351 281 1614 317 irascentisjudicis,
1629 292 1662 312 ex
1675 287 1708 314 iis

63 334 91 357 et
105 333 174 356 tunc
191 330 369 363 prteligurata
381 329 414 355 ad
427 329 557 356 Ecclesia:
574 328 755 359 beneficium,
771 331 799 354 ct
814 335 863 354 cu-

60 374 180 410 juslibet
191 374 316 401 hominis
327 374 375 408 qui
390 379 434 401 est
444 374 568 410 ejusdem
586 376 665 410 cujus
675 375 732 409 ipsa
742 373 862 409 generis.

63 419 218 449 Oculorum
237 421 350 456 quidem
370 421 447 448 visus
466 422 729 456 recuperationem,
759 420 864 448 Christi

63 475 136 495 verat
153 467 227 494 lucis
241 467 428 502 agnitionem;
445 468 579 495 nuditatis
596 472 688 495 autent
703 467 863 499 lectionem,

64 513 177 540 iniliutn
195 520 296 540 sensus
316 513 350 540 ad
374 515 585 541 correctionem.
612 514 679 541 Nam
704 514 863 548 sapientes,

64 558 167 594 inquit,
185 563 282 593 tegunt
295 566 372 585 suam
387 559 591 587 verecundiam.
610 559 682 586 Audi
695 559 769 586 enirn
789 558 863 593 quod

64 603 113 631 llat
137 608 274 638 prmterea
300 608 363 638 post
380 604 477 631 induta
501 605 683 640 subligacula.
711 605 763 638 Qui
790 605 863 632 enim

63 649 144 685 prius
156 657 212 676 non
229 649 395 677 obedierant
408 651 467 678 voci
487 655 516 678 et
529 652 659 678 mandato
676 651 722 679 Dei
740 651 864 686 quiante

63 695 210 723 meridiem
226 700 382 731 temporum
396 697 517 724 nondum
531 697 691 728 advenerat.
704 702 731 724 et
743 706 792 733 per
803 706 863 724 car-

62 749 128 769 nem
141 742 224 769 nobis
245 749 302 769 non
318 743 565 778 appropinquarat,
584 748 611 771 et
626 744 748 771 nondum
767 744 861 771 ambu-

62 787 141 816 labat
159 788 208 815 Dei
236 789 399 823 praedicatio
420 794 485 816 tttnc
500 798 563 817 eum
581 790 607 817 in
626 797 737 818 onmem
761 795 862 818 terram

62 833 152 860 exivit
169 841 256 860 sonus
267 834 327 868 ejus
346 833 465 861 dicentis
481 843 487 860 :
502 833 688 861 Paenitentiam
710 836 791 870 agite,
816 844 863 870 ap-

62 879 230 914 propinquat
257 879 327 906 enim
356 887 465 914 regnum
488 879 663 912 caelorum“,
686 880 797 915 quando
811 889 862 908 vox

62 925 179 952 Domini
196 925 268 951 facta
285 930 327 951 est
344 932 427 960 super
443 932 540 960 aquas,
557 926 793 960 qltaltdoyltltlitl‘u
816 935 863 953 vo-

917 334 978 360 quie
1003 331 1068 354 sunt
1089 327 1288 362 consequentia
1307 327 1441 354 historiaz.
1458 327 1525 354 Nam
1554 337 1615 356 cum
1636 331 1708 359 Deus

916 372 1033 399 dixisset
1048 373 1154 399 Adamn
1177 382 1182 399 :
1197 373 1260 405 Quis
1277 373 1323 399 tibi
1340 374 1501 401 renuntiarit
1515 375 1584 409 quod
1598 377 1633 402 sis
1659 380 1710 404 n'u-
1730 387 1742 392 -έ

916 419 974 450 dus,
992 419 1042 445 nisi
1052 419 1207 446 iamedisscs
1221 427 1253 445 ea:
1265 418 1335 454 ligno
1356 419 1424 454 quod
1440 420 1563 454 tlbt'jussi
1580 429 1612 447 ne
1623 430 1708 449 come-

915 464 1015 491 ἄρν’ρεῖ
1035 465 1102 492 Vide
1128 464 1202 500 qttod
1227 465 1313 492 Adam
1337 465 1393 492 Deo
1418 466 1567 500 respondet
1594 467 1708 495 (licens:

915 509 1013 536 Mulier
1027 518 1108 544 quam
1127 510 1221 536 dedisti
1238 511 1301 536 nti/ti
1315 518 1425 541 "tecum,
1443 511 1501 545 ipsa
1517 512 1580 538 milii
1594 512 1664 538 dedit
1678 520 1710 539 ex

917 555 998 590 ligno,
1029 561 1052 582 et
1077 558 1185 584 comedi.
1213 557 1322 584 Audisti
1343 557 1482 591 quomodo
1506 566 1559 584 non
1587 560 1711 594 peccavit

915 603 1013 635 Adam,
1031 608 1061 630 ttt
1076 604 1121 638 qtti
1139 611 1193 630 non
1208 604 1292 630 fuerit
1307 603 1523 638 deceptus?n0n
1536 605 1685 633 dicitenim
1701 615 1708 633 :

915 647 1021 682 Decepi!
1036 657 1075 675 me
1093 649 1196 676 mulier.
1211 649 1270 676 Non
1287 650 1356 676 dicit
1373 659 1380 676 τ
1396 650 1437 676 Me
1451 651 1650 685 supplantavit,
1664 655 1712 679 aut

913 701 946 721 ea
967 694 1035 721 mihi
1055 694 1107 721 fuit
1124 694 1228 728 peccati
1245 694 1420 722 consitiatrix
1432 716 1439 728 ,
1453 703 1487 722 ne
1510 695 1636 723 conferat
1652 696 1710 723 cnl-

914 747 976 774 pam
989 740 1016 767 in
1025 748 1088 768 eum
1101 741 1147 775 qui
1165 741 1251 776 ipsam
1263 742 1288 768 ei
1303 741 1391 768 dedit.
1408 741 1601 769 Poteratenim
1618 750 1646 770 se
1659 743 1709 770 de-

914 785 1139 817 fendere,etDeo
1155 787 1335 822 respondere,
1350 788 1445 815 dicens
1461 788 1708 816 :Rectebabebam

913 840 976 860 cum
1000 833 1078 867 prius
1098 841 1187 860 essent
1209 835 1302 866 solus;
1316 835 1362 861 sed
1375 835 1496 869 adjutrix
1513 843 1594 870 qttam
1607 835 1708 862 dedisti

913 878 983 905 mihi
1003 886 1058 905 non
1078 883 1139 906 erat
1154 879 1286 913 adjutrix,
1300 880 1347 906 sed
1361 880 1473 907 inimica
1491 885 1520 908 et
1541 881 1706 908 insidiatrix.

949 924 1023 951 Nihil
1040 929 1132 951 autem
1148 925 1217 951 dicit
1242 931 1291 952 aut
1309 927 1411 959 cogitat
1436 927 1609 961 linjusmodi.
1637 927 1710 954 Dicit

62 970 105 997 cis
121 971 290 1006 evangelicae
303 971 404 998 factum
418 975 459 998 est
475 971 501 997 in
521 976 580 998 rota
593 972 700 1002 mundi.
715 972 861 999 audierunt
880 966 899 992 Β
915 969 1007 1004 itaque
1024 979 1030 996 ε
1043 969 1139 996 Mulier
1150 978 1231 1005 quam
1243 971 1338 997 dediin
1348 971 1420 1003 mihi,
1433 971 1465 998 ad
1477 979 1519 998 me
1530 971 1708 1005 servandum,

61 1024 162 1043 vocem
187 1016 296 1043 Domini
326 1016 447 1043 dicentis
464 1025 470 1042 :
487 1016 552 1044 Oves
576 1025 641 1044 meo:
664 1025 751 1044 vacem
776 1026 862 1044 meam

61 1061 179 1089 audiunt
198 1063 230 1092 δ’,
259 1059 402 1088 audierunt
418 1070 505 1089 vocem
525 1062 632 1089 Domini
655 1062 818 1090 ambulantis
835 1064 862 1090 in

62 1108 193 1142 paradiso
210 1107 343 1135 Ecclesia:
358 1108 541 1135 oleastrorum
557 1112 668 1143 (nempe
683 1110 817 1144 gentium)
835 1114 863 1137 et

62 1153 186 1181 dicentis
209 1163 215 1180 :
248 1154 337 1181 Vertite
366 1155 402 1181 ad
430 1163 481 1186 me,
502 1163 592 1182 omnes
622 1156 667 1190 qui
694 1156 861 1190 laboratis“,

66 1199 293 1235 quandoquidem
320 1201 393 1235 ligna
416 1201 544 1229 scinditis
567 1203 702 1229 montium
723 1202 757 1229 ad
796 1203 863 1230 deos

63 1245 162 1272 inanes
177 1246 394 1281 cxsculpendos,
406 1251 435 1273 et
448 1247 482 1274 iis
501 1247 609 1274 onerati
627 1247 696 1274 estis
715 1252 745 1274 ut
757 1248 864 1276 abeatis

63 1291 97 1317 ad
111 1291 212 1326 templa
227 1292 409 1324 exsecranda,
421 1297 449 1319 et
461 1301 512 1328 ego
527 1293 561 1321 ab
576 1293 610 1320 iis
621 1294 751 1320 omnibus
761 1303 810 1321 vos
826 1295 864 1322 la-

65 1335 137 1362 eiam
157 1335 313 1370 quiescere.
335 1336 369 1363 Et
385 1337 539 1364 tintuerunt
562 1338 709 1365 Dominum
724 1340 771 1374 qui
787 1340 864 1374 prius

65 1380 158 1414 ipsum
172 1389 228 1408 non
252 1382 399 1409 timebant.
420 1383 595 1417 Tintucrunt,
613 1385 679 1420 quia
699 1393 754 1412 non
776 1386 864 1413 habe.

63 1426 132 1454 bant
153 1427 349 1455 indumentum
371 1430 510 1464 nuptiale;
537 1430 660 1457 nondum
685 1431 758 1458 enim
774 1431 863 1467 bapti-

64 1473 121 1499 ιιιιὶ
133 1478 211 1500 erant
227 1474 254 1500 in
269 1474 610 1507 Christum,utCltristum
626 1476 782 1504 induerent.
793 1478 864 1505 Nudi

63 1523 155 1551 erant,
168 1520 246 1546 exuti
267 1521 355 1554 priori
369 1521 532 1549 indumento
546 1523 767 1558 incorruptionis
776 1529 803 1551 ct
814 1525 865 1551 im-

65 1565 255 1593 mortalitatis.
281 1566 335 1593 Sed
355 1568 468 1602 quando
500 1569 651 1596 audierunt
677 1578 771 1597 vocem
804 1571 865 1605 ejus

62 1609 112 1644 qui
131 1611 234 1644 quaerit.
245 1618 325 1638 ovetn
335 1619 396 1646 qua:
408 1613 540 1647 perierat,
549 1619 577 1640 et
595 1617 784 1649 tegumentum
795 1614 862 1650 ligni

63 1654 130 1680 vitae
144 1654 302 1689 llhristiqui
317 1654 395 1682 dicit,
409 1663 458 1691 per
473 1657 640 1692 Prophetam
662 1658 696 1685 de
710 1659 790 1685 nobis
807 1668 813 1685 :
829 1658 862 1686 In

64 1699 180 1734 tegmine
190 1693 299 1727 diarum
313 1705 421 1728 tuarum
432 1707 553 1738 protegas
568 1711 615 1730 nos
622 1703 722 1736 “,cum
733 1704 862 1739 fuerimus

63 1745 92 1771 in
109 1753 213 1772 arcano
229 1746 317 1773 vultus
337 1748 386 1774 tui.
408 1747 441 1774 Et
460 1756 523 1776 cum
539 1748 692 1784 accepisset
714 1750 861 1786 prodigum

63 1790 140 1818 hunc
156 1791 265 1819 nudum
281 1792 431 1826 hominem,
443 1795 490 1829 qui
506 1795 680 1822 extrinsecus
700 1795 774 1824 intro
786 1801 862 1824 recte

63 1842 125 1864 erat
141 1837 298 1877 ingressus.
313 1847 378 1866 cum
405 1841 474 1868 texit
493 1841 590 1869 dicens
607 1850 614 1868 :
628 1842 726 1877 Affertc
745 1843 862 1878 primum

61 1882 160 1910 stolam
171 1883 195 1899 “
208 1891 292 1918 quam
306 1884 358 1912 iste
374 1885 481 1914 ferebat
490 1887 578 1921 prius,
595 1894 695 1922 nempe
714 1888 862 1916 indumen-

64 1932 121 1954 tum
140 1928 373 1964 incorruptionis,
396 1935 424 1958 et
447 1931 554 1959 induite
567 1940 641 1960 eum.
660 1933 777 1966 Quando
795 1942 862 1970 ergo

63 1974 144 2001 audis
157 1974 194 2001 de
211 1975 332 2002 Domino
349 1976 405 2003 Deo
415 1982 562 2012 praesente,
575 1983 603 2006 et
613 1978 723 2006 dicente
738 1979 860 2007 Adamo:

65 2019 111 2047 Ubi
129 2028 169 2052 es,
182 2021 211 2047 in
225 2021 330 2048 bonum
344 2022 469 2058 intelligo
481 2024 554 2051 lianc
569 2025 752 2052 vocationem.
774 2025 861 2059 Quem

61 2065 137 2092 enim
159 2066 262 2100 qua-rit
283 2071 312 2094 et
328 2072 407 2094 vocat
422 2068 456 2095 ad
479 2076 508 2095 se
522 2069 605 2101 Dens,
621 2073 665 2096 est
683 2069 861 2104 perspicuum

62 2111 136 2145 quod
150 2111 260 2138 recedit
273 2113 385 2146 quidem
400 2122 415 2140 a
429 2114 516 2147 male,
533 2123 595 2142 curn
613 2115 668 2141 Deo
682 2119 774 2142 autem
784 2115 862 2143 inve-

61 2154 150 2182 nitur.
182 2153 232 2182 Sin
253 2161 346 2184 autem
369 2165 431 2185 cum
455 2158 506 2191 ira,
523 2164 550 2186 et
567 2159 796 2187 excandescentia
808 2181 814 2192 ,
832 2167 863 2188 ut

60 2199 177 2234 quidam
195 2200 372 2239 existimant,
395 2203 468 2242 Deus
489 2204 606 2232 accessit
622 2205 657 2231 ad
677 2204 812 2232 Adamum
834 2211 862 2233 et

60 2247 148 2274 Evam
171 2247 200 2274 in
221 2248 350 2282 paradiso
365 2249 400 2276 ad
420 2257 468 2290 eos
480 2250 638 2284 puniendos
647 2251 860 2283 etcruciandos,

876 1640 897 1668 G

918 1020 946 1043 et
963 1015 1151 1042 liberandum.
1162 1020 1190 1042 et
1200 1016 1419 1050 suscipiendum.
1428 1024 1459 1042 ea
1467 1016 1534 1042 mihi
1547 1016 1624 1043 dedit
1636 1024 1708 1043 mor—

914 1064 969 1086 tem
986 1059 1089 1093 abipsa
1107 1059 1269 1093 prolectant,
1288 1059 1407 1086 fructum
1425 1060 1507 1094 ligni,
1525 1066 1708 1094 promptoque

913 1111 940 1133 et
955 1106 1038 1133 alacri
1057 1105 1150 1132 animo
1165 1105 1282 1137 comedi,
1303 1106 1372 1132 nihil
1387 1106 1498 1140 penitus
1513 1106 1707 1133 eontradicens

913 1160 1005 1187 neque
1019 1160 1152 1180 recusans
1176 1153 1326 1187 Propterea
1347 1153 1420 1180 enini
1437 1153 1522 1180 Adam
1536 1153 1636 1180 nullam
1658 1161 1706 1180 ρο·

914 1206 974 1225 rum
1000 1198 1112 1233 penitus
1129 1198 1192 1225 facit
1211 1198 1395 1229 mentionem,
1413 1205 1475 1225 cuin
1493 1198 1550 1225 Deo
1568 1199 1685 1232 loquens
1700 1219 1706 1228 ,

914 1246 1008 1279 utqui
1029 1252 1118 1278 neque
1134 1248 1209 1272 esset
1234 1244 1411 1276 inobediens,
1432 1251 1522 1278 neque
1545 1252 1560 1271 a
1578 1249 1709 1279 serpente

913 1290 1028 1316 omnino
1052 1290 1135 1316 ullam
1161 1289 1313 1324 accepisset
1343 1289 1542 1323 irruptionem,
1568 1297 1657 1324 neque
1675 1289 1709 1315 ad

913 1343 977 1362 eum
997 1335 1112 1362 omnino
1124 1335 1298 1366 accessisset,
1309 1339 1339 1361 ut
1354 1343 1444 1369 neque
1463 1335 1600 1362 Christus.
1614 1334 1710 1369 Neque

914 1391 1013 1410 rursus
1029 1384 1155 1410 cernitur
1176 1383 1250 1410 Deus
1270 1383 1296 1409 in
1315 1382 1362 1409 illa
1381 1383 1500 1410 terribili
1519 1383 1710 1410 exsecratione

915 1429 1062 1463 serpentis,
1077 1429 1228 1463 quidquam
1240 1436 1303 1455 eum
1319 1436 1380 1455 esse
1394 1428 1557 1456 criminatus
1570 1428 1604 1455 de
1620 1428 1711 1455 homi-

915 1481 962 1506 ne,
975 1479 1024 1500 aut
1042 1473 1076 1500 de
1089 1473 1195 1500 Adamn
1210 1474 1281 1508 apud
1293 1481 1357 1500 eum
1375 1474 1457 1500 ullam
1478 1474 1577 1500 fecisse
1593 1474 1710 1501 mentio-

915 1527 997 1552 nem;
1013 1519 1060 1547 sed
1076 1527 1140 1546 eum
1157 1527 1260 1554 susque
1275 1519 1365 1554 deque
1380 1526 1543 1547 exsecratur
1558 1519 1591 1546 dc
1608 1520 1711 1547 mulie-

915 1573 956 1596 re,
973 1569 1002 1592 et
1018 1565 1113 1600 abjicit
1128 1557 1252 1592 elli'ciens
1271 1569 1301 1592 ut
1325 1565 1436 1592 caderet
1454 1573 1519 1592 casu
1546 1573 1560 1592 a
1580 1573 1635 1599 quo
1653 1573 1707 1592 non

916 1616 1010 1647 posset
1022 1612 1149 1645 excitari,
1167 1617 1195 1640 et
1204 1616 1306 1639 interna
1319 1619 1382 1639 eum
1397 1611 1585 1638 condemnans
1596 1610 1708 1638 damna.

915 1656 991 1683 tione
1004 1676 1011 1688 ,
1031 1657 1163 1691 quoniam
1185 1655 1328 1684 mulierem
1348 1655 1499 1683 Ecclesium
1528 1656 1626 1686 solata,
1653 1663 1709 1683 non

913 1706 1005 1730 autent
1020 1702 1156 1730 Adamum
1173 1702 1315 1730 Christum
1327 1701 1448 1736 decepit.
1464 1701 1540 1728 Nunc
1554 1702 1629 1728 enim
1639 1722 1646 1734 ,
1665 1701 1709 1729 in.

913 1747 985 1783 quit,
1002 1749 1072 1775 venit
1089 1748 1210 1783 princeps
1224 1740 1316 1780 mundi
1331 1747 1420 1782 hujus,
1438 1750 1462 1772 et
1479 1746 1507 1772 in
1526 1753 1567 1772 me
1582 1745 1650 1773 nihil
1668 1745 1710 1772 in-

913 1795 1029 1821 uenit“.
1054 1794 1133 1823 Unde
1155 1795 1238 1822 etiam
1263 1798 1351 1822 ratam
1382 1797 1411 1820 et
1439 1796 1580 1827 acceptam
1604 1791 1711 1820 habens

913 1835 987 1867 Deus
1000 1839 1121 1867 insontis
1134 1839 1230 1868 Adami
1244 1839 1453 1875 responsionem
1470 1839 1496 1866 in
1509 1838 1622 1874 ﬁguram
1630 1837 1710 1866 Chri-

914 1885 948 1913 sti
959 1885 1006 1920 qui
1019 1893 1074 1912 non
1089 1885 1225 1921 peccavit,
1239 1893 1302 1913 cum
1315 1885 1431 1912 dixisset
1443 1894 1448 1911 :
1462 1884 1561 1911 Mulier
1574 1893 1656 1919 quam
1665 1884 1710 1911 de-

913 1931 976 1958 disti
991 1939 1104 1963 mecum,
1114 1939 1145 1958 ea
1160 1932 1223 1958 mihi
1239 1931 1311 1958 dedit
1323 1939 1355 1957 ex
1369 1931 1451 1965 ligno.
1470 1935 1495 1956 et
1509 1931 1621 1963 comedi,
1638 1931 1707 1958 nihil

913 1976 1033 2010 amplius
1047 1984 1111 2003 eum
1131 1976 1294 2011 interrogat,
1311 1976 1358 2003 sed
1375 1975 1467 2002 statim
1486 1975 1518 2002 ad
1542 1983 1602 2002 earn
1619 1975 1707 2007 vadit,

913 2021 981 2048 dicit
991 2021 1065 2047 enim
1078 2021 1181 2047 Moses:
1195 2020 1229 2047 Et
1238 2021 1262 2047 ei
1279 2021 1346 2046 dixit
1360 2020 1426 2046 Deus
1440 2028 1449 2046 :
1463 2019 1534 2052 Quid
1550 2020 1597 2046 hoc
1606 2021 1709 2055 fecisti?

913 2067 948 2094 Et
978 2066 1045 2092 dixit
1075 2065 1191 2101 mulier:
1209 2065 1322 2100 Serpens
1338 2073 1379 2092 me
1409 2066 1523 2100 decepit,
1552 2071 1576 2093 et
1598 2067 1706 2095 comedi.

914 2112 1059 2146 Quomodo
1076 2117 1167 2139 autem
1197 2111 1232 2138 de
1247 2111 1332 2139 Adam
1347 2119 1362 2138 a
1379 2112 1436 2139 Deo
1456 2116 1594 2143 accusata,
1610 2111 1644 2138 de.
1661 2112 1708 2138 illo

914 2167 970 2187 tton
986 2158 1147 2193 respondet.
1162 2157 1210 2185 sed
1230 2157 1264 2184 de
1281 2157 1334 2184 se?
1361 2155 1458 2184 Annon
1474 2161 1516 2184 est
1529 2158 1706 2192 perspicuum

914 2204 988 2240 quod
1005 2203 1154 2232 ostendens
1165 2207 1309 2238 peceatum
1325 2210 1379 2230 non
1397 2202 1496 2230 cadere
1512 2203 1539 2230 in
1552 2203 1708 2230 Atlamum?

915 2250 1031 2285 perinde
1046 2258 1078 2277 ac
1091 2250 1113 2277 si
1131 2249 1239 2276 diceret
1252 2248 1308 2276 Deo
1324 2257 1330 2276 :
1347 2248 1432 2276 Adam
1447 2253 1489 2275 est
1506 2248 1647 2279 innocens,
1657 2256 1706 2283 ego

60 2293 214 2328 oportebat
230 2301 293 2320 eum
312 2295 405 2322 statim
421 2302 535 2330 pergere
550 2295 584 2322 ad
601 2302 758 2331 serpentem
773 2302 800 2324 et
814 2306 864 2332 pu-
880 2306 901 2333 ι)
916 2297 974 2324 sola
999 2295 1055 2323 Deo
1071 2303 1133 2322 meo
1145 2303 1201 2322 non
1212 2294 1304 2322 obedii
1315 2316 1321 2327 ,
1337 2299 1365 2321 et
1387 2294 1455 2329 fregi
1473 2298 1550 2328 pacta
1573 2299 1706 2321 conventa

60 2339 122 2366 nire
133 2343 284 2366 auctorem
301 2339 449 2366 malorunt.
462 2339 615 2374 Oportebat
630 2341 775 2368 mulierem
795 2342 865 2369 insi-

61 2384 216 2412 diatricem
243 2384 295 2412 viri
316 2385 519 2419 condemnare,
535 2391 563 2414 et
580 2394 614 2414 ex
634 2387 763 2421 paradiso
775 2392 866 2415 exter-

61 2433 194 2463 minare,
219 2437 248 2459 et
270 2433 455 2460 exsecrationi
484 2439 512 2461 et
538 2433 621 2461 morti
646 2435 795 2470 subjicere.
817 2435 866 2462 Hic

59 2483 158 2505 autem
191 2474 235 2504 lit"
262 2479 453 2512 contrarium;
483 2479 595 2506 attende
620 2479 705 2506 enim.
724 2479 791 2507 Eam
815 2488 868 2508 nec

59 2527 242 2556 exsecratur,
251 2532 303 2552 nec
310 2525 487 2558 criminatur,
494 2533 583 2560 neque
593 2531 681 2555 morte
688 2526 865 2560 condemnat;

61 2569 110 2598 sed
122 2574 154 2598 et
180 2570 304 2605 separat,
324 2566 353 2598 et
367 2571 480 2599 redimit
495 2573 529 2600 ab
545 2572 709 2600 insidiatore
727 2574 788 2608 ejus
807 2581 867 2600 scr-

60 2621 166 2650 pente,
193 2615 220 2643 ei
239 2616 336 2644 dicens
351 2626 358 2644 :
372 2617 476 2645 Portam
494 2619 660 2652 inimicitias,
675 2624 703 2646 et
715 2620 800 2647 veluti
824 2627 866 2647 re-

61 2661 182 2694 pudium
193 2662 265 2689 inter
279 2667 304 2689 te
317 2667 341 2690 et
354 2663 504 2697 mulierem,
515 2673 577 2692 eam
598 2673 613 2692 a
632 2670 659 2693 te
674 2665 807 2697 liberans,
838 2670 867 2692 ct

61 2705 171 2735 faciens
192 2712 223 2734 ut
233 2715 265 2735 ea
275 2708 343 2736 mihi
361 2709 500 2738 adhaereat
512 2711 559 2746 qui
575 2720 636 2738 sum
648 2711 690 2738 vir
700 2712 761 2747 ejus
773 2716 801 2739 et
810 2711 865 2740 Do-

63 2752 168 2785 minus,
188 2757 218 2781 et
230 2761 292 2782 eam
309 2754 429 2783 induens
442 2757 547 2789 tunica,
560 2765 659 2792 nempe
677 2765 721 2784 me
742 2756 788 2791 qui
801 2765 862 2785 sum

63 2802 217 2826 contextus
231 2807 266 2826 ex
279 2800 418 2834 supernis.
433 2801 454 2827 A
465 2806 490 2828 te
508 2802 582 2828 enim
603 2801 694 2829 fuerat
708 2801 821 2833 nudata.
835 2808 864 2829 et

62 2851 123 2871 eam
143 2845 263 2871 nomino
282 2845 384 2877 Vitam,
405 2850 435 2873 ut
453 2855 514 2880 qua:
529 2855 543 2874 τι
561 2852 585 2874 te
604 2847 694 2874 fut-rat
710 2852 797 2874 morte
819 2847 861 2874 al-

98 2902 120 2918 “
134 2903 233 2930 Matth.
253 2912 291 2936 tu,
305 2904 332 2930 ‘2.
371 2906 392 2920 "
408 2904 486 2932 Joan.
515 2914 539 2934 χ,
569 2906 610 2932 lG.
651 2906 672 2920 ⁵³
686 2905 779 2932 Matth.
799 2891 834 2937 xi,
851 2905 898 2934 28.

60 2949 113 2972 xlv,
129 2938 176 2966 30.

917 2347 1007 2369 tecum
1027 2342 1105 2374 inita,
1118 2345 1145 2369 et
1164 2341 1255 2368 erravi
1269 2341 1340 2368 sicut
1354 2341 1414 2368 ovis
1427 2347 1488 2375 quae
1503 2340 1594 2374 periit,
1608 2339 1706 2367 ed’ecta

916 2388 1074 2416 errabunda
1090 2395 1122 2415 ac
1138 2388 1204 2415 deos
1221 2388 1325 2420 colens,
1340 2392 1367 2415 et
1381 2395 1465 2422 super
1484 2391 1589 2413 montes
1603 2392 1630 2412 et
1650 2386 1706 2412 col—

915 2434 956 2462 les
976 2434 1051 2462 nuda
1070 2442 1173 2470 vagans
1187 2442 1220 2461 ac
1231 2434 1353 2465 ﬂuitans,
1371 2439 1399 2461 et
1419 2433 1520 2468 polluta
1532 2431 1650 2459 sordidis
1664 2440 1708 2459 sa-

918 2480 1087 2508 criﬁciorum
1104 2481 1322 2516 inquinamentis
1333 2481 1345 2507 ?
1356 2480 1489 2513 Quoniam
1504 2478 1579 2506 vafer
1591 2485 1706 2512 serpens

919 2535 963 2554 me
989 2527 1120 2562 decepit,
1141 2520 1271 2561 tanquam
1300 2526 1454 2561 imperitam
1472 2525 1705 2552 adolescentulam

919 2573 1102 2608 supplantans
1120 2578 1148 2600 et
1163 2573 1295 2600 aberrare
1313 2573 1427 2600 faciens.
1450 2572 1509 2599 Haec
1527 2579 1589 2598 cum
1605 2570 1706 2597 mulier

918 2618 1118 2653 propemodum
1147 2618 1220 2653 apud
1247 2618 1334 2645 Deum
1362 2617 1546 2649 conﬁteretur,
1574 2623 1623 2651 per
1653 2616 1706 2643 hoc

918 2664 991 2698 quod
1003 2663 1072 2691 dixit
1088 2673 1094 2690 :
1113 2663 1226 2698 Serpens
1245 2672 1286 2690 me
1296 2664 1405 2699 decepit,
1421 2666 1449 2690 ut
1465 2670 1526 2697 quae
1542 2669 1620 2688 suam
1636 2660 1704 2687 indi-

919 2715 1009 2738 casset
1037 2710 1241 2744 paenitentiam,
1275 2715 1304 2737 et
1337 2710 1362 2738 ei
1394 2714 1465 2737 esset
1495 2706 1703 2735 condonatum:

921 2755 1018 2783 transit
1032 2756 1104 2783 Deus
1117 2756 1151 2783 :td
1164 2756 1266 2783 malum
1281 2755 1437 2787 draconem,
1455 2754 1622 2781 defectorem
1643 2759 1703 2778 ser-

918 2806 1039 2837 pentem.
1057 2802 1119 2828 etei
1139 2801 1207 2829 dicit
1220 2811 1226 2828 :
1238 2801 1293 2830 Cur
1310 2803 1358 2829 hac
1375 2800 1480 2836 fecisti?
1494 2799 1544 2826 Sed
1566 2798 1631 2833 quia
1652 2797 1705 2824 hoc

916 2848 1016 2880 fecisti,
1034 2852 1062 2875 et
1078 2856 1162 2876 ausus
1181 2856 1211 2876 es
1226 2849 1318 2876 statim
1342 2847 1466 2880 decipere
1482 2845 1564 2880 916
1582 2843 1703 2879 primum

951 2906 973 2922 “
990 2907 1062 2934 Psal.
1107 2915 1167 2934 xvt.
1188 2907 1212 2934 8.
1287 2907 1308 2922 "
1330 2906 1394 2932 an.
1420 2912 1460 2932 vv.
1484 2903 1528 2929 2‘2.
1579 2903 1601 2917 “
1624 2901 1702 2931 Joan.

1107 2915 1167 2938 xvr,
1188 2907 1212 2935 8.
1287 2907 1308 2922 “
1330 2906 1394 2932 an.
1420 2912 1460 2932 vv.
1484 2903 1528 2929 ΕΞ.
