1990 3183
281 192 344 224 1:331

874 194 902 220 ὃ.
925 191 1120 220 .\.\'.\Sl‘.\b’ll
1143 189 1304 218 SlXAllCi“.

1843 185 1915 216 1032

280 252 438 283 ﬁgmentum
455 256 585 275 manuum
611 256 748 276 ineat-uni.
769 247 842 281 quod
859 248 959 272 factum
980 252 1020 272 est
1036 247 1069 272 ad
1085 251 1104 276 Α
1122 253 1249 280 μυιιιιιιιιςι
1275 246 1417 271 ininiirititr
1435 246 1467 270 ab
1479 245 1530 271 hoc
1544 249 1665 278 tempore
1682 245 1749 270 inter
1764 249 1788 270 te
1804 249 1827 270 et
1843 246 1915 271 inter

280 300 367 319 ineant
386 292 531 327 imaginem
546 297 573 319 et
587 292 816 324 similitudinem;
835 296 861 318 tu
879 300 908 318 es
925 299 1071 318 exsecran-

279 338 330 365 das
348 339 382 365 ab
401 339 529 365 omnibus
547 339 698 373 jninentis,
721 342 749 364 et
769 338 803 364 ab
825 338 954 364 omnibus
975 337 1071 364 bestiis

279 393 341 418 qua:
357 389 421 411 sunt
436 393 519 418 super
530 390 641 410 terram.
659 385 851 411 Exsecrandus
862 393 892 411 es
906 389 932 410 tu
945 389 972 410 ct
986 384 1070 415 solus,

280 431 327 457 sed
347 439 401 456 non
411 430 496 456 Adam
511 438 518 462 ;
537 435 564 457 tu
583 430 667 461 solus,
683 435 710 456 et
725 437 779 456 non
795 431 904 457 mulier.
927 431 979 457 Sed
992 435 1019 457 tu
1043 438 1072 458 es

280 476 466 502 exsecrandus
483 476 517 502 ab
537 476 665 502 omnibus
686 476 754 502 meis
778 477 913 502 creaturis
933 485 993 510 quze
1008 483 1073 504 sunt

281 530 364 556 super
384 527 502 553 terram,
526 530 580 548 non
605 522 638 548 ab
657 524 690 548 lIS
707 530 768 556 qum
783 527 847 548 sunt
864 522 891 548 in
906 523 986 548 cudo.
1004 522 1071 548 Nam

280 569 325 602 qui
344 569 369 594 in
393 568 439 593 illo
462 571 537 599 sunt,
562 568 649 601 angeli
669 567 732 599 mei,
752 572 815 594 sunt
838 567 986 598 benedicti,
1004 576 1073 602 quo-

282 615 354 640 niam
375 622 416 640 me
435 614 602 641 bcnedicunt
619 614 693 641 missi
708 614 741 640 ad
764 622 878 640 munera
894 614 1072 640 administra-

284 660 362 686 taria.
372 660 411 686 Tu
425 660 497 686 enim
511 661 639 694 sperasti.
655 660 676 686 si
692 665 853 694 peccassent
865 660 1001 690 homines,
1014 660 1072 686 ticri

282 705 342 731 loco
359 713 455 731 Cttl‘tlttt
477 713 522 731 I‘CX
542 706 665 732 onmium
678 713 738 739 qua:
763 711 829 732 SUlll
856 714 939 740 super
958 710 1071 737 ΙΟΓΙἹΠΙΙ,

282 751 376 776 ilic-ens
398 759 403 776 :
423 750 475 776 Ero
491 751 600 777 similis
632 751 818 783 Altissimo”;
836 751 883 778 sed
907 755 952 777 tua
972 759 1019 785 spe
1044 759 1073 777 es

282 797 432 822 lrnstratus
446 805 451 821 :
466 796 507 822 cis
522 797 594 823 enim
607 796 641 823 do
653 805 762 823 omnem
774 801 937 831 potestatem
949 797 1073 824 calcandi

282 849 363 876 supra
386 847 519 876 serpentes
539 847 566 869 ct
588 843 688 869 collum
706 847 793 868 tuum.
815 842 917 868 Deinde
939 850 1000 868 cum
1017 842 1073 869 luce

283 886 408 916 dixisset,
422 887 546 920 prtedicit
558 888 582 914 ci
600 888 681 913 etiam
698 887 793 914 \itium
804 892 831 914 et
843 888 939 914 malam
954 893 1072 914 utentem

283 934 364 968 cujus
380 934 454 960 nulla
476 940 635 966 tangeretur
652 935 826 968 prunitentia,
843 934 948 965 dicens,
965 943 1019 961 non
1033 935 1077 968 ju-

284 979 373 1005 bendo
389 980 434 1006 sed
453 980 645 1014 prophetando
665 990 670 1006 :
689 980 776 1015 Super
800 985 888 1015 pectus
905 986 933 1007 et
959 985 1075 1007 ventrem

283 1029 367 1052 tuum.
383 1026 434 1053 hoc
444 1031 497 1057 est,
516 1026 542 1052 in
557 1026 596 1052 ira
610 1031 637 1052 et
649 1027 790 1060 voluptate
804 1030 850 1053 tua
861 1026 991 1060 gradieris
1001 1027 1075 1053 nulla

283 1071 435 1098 movendus
451 1071 624 1106 pmnitentia.
639 1071 672 1098 Et
695 1076 795 1098 terram
820 1071 938 1097 comedes
956 1071 1076 1097 omnibus

284 1117 371 1144 diebus
384 1119 442 1144 vim
460 1123 528 1150 tuw;
551 1118 602 1144 hoe
614 1122 666 1149 est,
681 1117 774 1151 lapsus
786 1125 800 1144 a
815 1117 919 1144 ccelesti
942 1116 1076 1151 sapientia

284 1163 479 1197 etcognitione
504 1163 608 1193 divina.
636 1168 783 1190 terrestres
806 1171 910 1197 ponens
936 1170 1033 1189 sensus
1050 1167 1078 1189 et

283 1209 458 1240 uiateriales,
478 1209 676 1244 circumageris
702 1217 733 1235 ac
757 1209 896 1240 volveris;
919 1213 942 1234 ct
967 1208 1078 1234 inimici-

284 1255 334 1280 tias
352 1263 449 1289 ponunt
475 1255 544 1280 inter
568 1259 591 1280 le
608 1259 633 1280 et
660 1254 798 1280 mulierem
824 1261 906 1287 quam
932 1253 1075 1288 decepisti.

283 1307 382 1334 nempe
398 1308 486 1327 meam
504 1300 665 1327 Eeelesiani.
680 1300 788 1326 Gratias
800 1300 905 1331 agimus
919 1303 971 1326 tua:
983 1300 1079 1326 inella-

284 1345 332 1371 bili
347 1350 375 1372 et
397 1346 575 1372 inenarrabili
601 1346 765 1376 clementia.
795 1345 905 1372 Christe
932 1346 1013 1375 Deus,
1030 1346 1077 1379 qni

284 1398 335 1418 nos
350 1391 484 1423 liberasti,
501 1397 528 1418 ct
542 1391 674 1426 separasti
695 1400 708 1418 a
726 1392 858 1418 societate
873 1396 900 1418 et
916 1391 1076 1424 dilectione,

284 1442 312 1464 et
331 1438 450 1469 unione,
474 1442 502 1464 et
524 1438 645 1464 amicitia
666 1437 778 1472 maligni
801 1436 904 1463 diaboli
928 1437 1075 1470 serpentis.

285 1482 325 1509 Tu
339 1489 369 1508 es
380 1482 451 1508 Deus
465 1482 511 1516 qui
527 1482 594 1508 iacis
608 1482 683 1508 solus
701 1480 837 1508 mirabilia
854 1489 952 1515 magna
964 1481 986 1495 “9
1005 1489 1010 1507 :
1029 1481 1076 1515 qui

284 1532 400 1562 propter
420 1533 492 1554 tuam
511 1527 538 1554 in
556 1535 685 1561 sponsam
698 1532 772 1554 tuam
787 1526 935 1554 Ecclesiam
955 1526 1076 1552 cliarita~

286 1579 339 1601 tem
356 1574 473 1608 posuisti
487 1573 644 1600 inimicitias
654 1574 725 1600 inter
737 1578 822 1600 noset
834 1573 976 1600 inimicum
987 1577 1074 1605 tuum,
1091 1581 1110 1608 ο

285 1625 318 1646 ut.
330 1628 384 1646 non
402 1620 521 1654 amplius
534 1620 559 1646 ei
579 1620 743 1652 serviamus,
756 1620 803 1647 sed
818 1620 865 1646 tibi
884 1620 935 1646 soli
949 1619 1009 1645 \l\'0
1023 1619 1077 1645 Deo

286 1673 372 1697 κεῖ-ι),
389 1665 435 1700 qui
460 1665 529 1692 dicis
547 1665 703 1692 insidiatori
726 1665 808 1700 hujus
829 1671 881 1692 tuae
901 1665 1025 1700 conjugis
1051 1669 1079 1693 et

287 1719 394 1745 sponsa:
410 1711 534 1738 mulieris
552 1720 557 1737 :
576 1711 734 1738 Inimicitias
744 1719 840 1746 ponam
855 1711 924 1737 inter
940 1715 963 1736 te
975 1715 998 1737 et
1011 1711 1079 1737 inter

288 1755 432 1781 mulierem.
450 1754 553 1782 Ponant
580 1756 754 1782 inimicitias:
770 1763 827 1782 rem
843 1756 973 1786 futuram,
986 1760 1013 1782 et
1031 1763 1079 1790 p0—

288 1799 394 1826 nendas
408 1799 568 1827 inimicitias
583 1800 722 1835 signiﬁcat
737 1801 803 1827 illud
817 1821 823 1832 ,
840 1810 954 1836 ponam,
981 1810 1013 1828 co
1031 1803 1078 1836 qui

288 1845 355 1872 dicit
367 1844 529 1872 ostendente
547 1855 553 1871 :
569 1846 625 1880 Ego
636 1846 663 1872 in
679 1847 836 1873 novissimis
849 1847 1080 1882 temporibuspo-

289 1899 351 1918 nam
364 1891 523 1918 inimicitias
540 1892 612 1918 inter
633 1897 658 1918 te
675 1897 704 1918 ct
730 1892 891 1919 Ecclesiam.
916 1893 983 1919 Nam
1006 1900 1079 1920 nunc

288 1938 400 1972 quidem
416 1938 501 1965 amica
516 1943 558 1965 est
572 1939 619 1965 tibi
638 1939 753 1970 mulier,
770 1947 842 1966 utine
853 1939 953 1966 esttibi
968 1941 1077 1974 eoiijux,

290 1991 367 2010 nunc
396 1992 457 2011 eam
482 1985 598 2011 effecisti
623 1985 780 2019 captivam,
809 1993 883 2012 nunc
904 1985 952 2012 tibi
982 1987 1078 2020 servit,

290 2038 363 2058 nunc
386 2035 428 2058 est
448 2031 497 2058 tibi
518 2032 663 2067 subjecta.
684 2041 758 2059 nunc
783 2036 808 2058 te
828 2032 894 2059 colit
922 2033 1079 2060 sacriﬁcans

289 2078 359 2104 tiiios
378 2086 443 2105 suos
460 2083 488 2105 et
507 2078 577 2105 tilias
593 2086 657 2106 suas
670 2079 719 2105 tibi
731 2084 759 2106 et
772 2079 826 2105 tuis
845 2078 1008 2112 daemoniis;
1030 2080 1078 2107 sed

291 2132 324 2150 ne
339 2125 474 2158 glorieris,
491 2125 726 2160 nequeeﬂ'eraris,
739 2133 829 2160 neque
839 2130 985 2160 propterea
1003 2125 1079 2152 inso-

293 2169 386 2196 lescas.
400 2171 466 2197 Nam
483 2171 558 2198 venit
570 2171 649 2202 hora,
661 2176 689 2198 et
700 2179 774 2198 nunc
789 2176 832 2198 est
844 2171 954 2206 quando
969 2171 1078 2198 veniam

293 2223 351 2241 eam
365 2217 478 2244 visitans
497 2217 623 2249 meridie,
646 2222 674 2245 et
696 2217 795 2245 faciam
818 2218 878 2252 ejus
894 2217 1035 2247 ultionem.
1052 2223 1080 2244 et

1122 291 1267 318 illiillt'l'e‘m.
1282 291 1336 317 (an
1349 291 1421 318 enim
1439 290 1510 317 facto
1532 290 1632 317 delicto
1648 295 1790 324 oporteret
1816 298 1916 325 postea

1124 337 1218 363 ulcisci
1234 345 1297 364 eum
1318 338 1365 371 qui
1392 336 1475 363 fecit?
1490 336 1542 363 Sed
1559 337 1602 363 his
1622 337 1715 363 verbis
1742 345 1796 364 non
1820 337 1917 364 credit

1121 381 1244 413 Judaeus,
1260 381 1346 408 solatii
1362 381 1508 408 attendens
1523 381 1651 408 litteram.
1670 381 1773 409 Deinde
1792 390 1849 409 non
1872 383 1918 409 vi-

1123 426 1171 453 des
1186 426 1234 460 (iiii
1250 426 1322 461 dico)
1347 426 1487 453 terribiles
1511 426 1672 453 inimicitias
1698 428 1780 462 hujus
1805 427 1916 455 Christi

1123 472 1217 499 uxoris
1234 471 1375 504 Ecclesia},
1392 479 1460 506 quas
1477 471 1559 498 habet
1576 471 1708 499 adversus
1731 478 1890 508 serpentem
1907 474 1920 499 ἲ

1123 517 1182 545 Non
1194 518 1271 545 vides
1286 519 1507 553 impressionem,
1517 526 1570 545 non
1579 519 1656 547 vides
1666 524 1817 552 certamen,
1828 520 1919 554 inique

1123 573 1185 592 cum
1204 569 1233 592 tu
1252 565 1355 599 primus
1369 564 1617 599 experiaris?Quid
1629 566 1701 592 cnim
1718 574 1772 593 non
1789 566 1922 594 moliris?

1123 611 1202 644 Quod
1220 619 1306 645 genus
1327 618 1425 645 pugna:
1440 618 1494 637 non
1509 611 1630 638 excitas?
1642 611 1727 644 Quam
1743 617 1834 639 autem
1854 621 1919 639 ma-

1123 664 1190 684 num
1220 664 1275 683 non
1290 665 1379 683 armas
1406 661 1436 683 ut
1451 664 1511 683 eam
1536 657 1659 684 obruas?
1677 657 1729 685 Sed
1756 662 1809 685 stat
1823 659 1920 686 adhuc

1125 700 1212 735 magis
1231 700 1307 726 lirma
1321 703 1349 726 et
1363 699 1472 727 stabilis
1488 710 1494 727 τ
1512 705 1540 728 et
1554 701 1705 736 procedens
1719 702 1853 729 adversus
1866 712 1920 729 en—

1125 752 1180 775 ses,
1192 744 1332 772 Christum
1343 753 1396 771 non
1406 749 1488 780 negat
1501 754 1507 771 :
1521 745 1552 772 Et
1561 747 1586 772 in
1599 747 1636 772 his
1649 747 1766 773 omnibus
1775 749 1918 781 superat-i-

1126 799 1182 817 mus
1191 791 1223 822 “,
1245 796 1275 818 ut
1299 799 1360 818 cum
1377 791 1460 818 Paulo
1475 786 1611 818 dicamus.
1628 791 1687 818 Non
1702 792 1779 819 vides
1793 800 1876 819 enses
1888 797 1918 819 et.

1126 837 1240 872 sagittas
1256 837 1375 871 potentis
1390 837 1437 864 Dei
1453 843 1558 868 acutas.
1571 846 1620 873 per
1632 846 1700 873 quas
1711 839 1844 866 adversus
1857 849 1918 867 ser-

1126 887 1236 916 pentem
1265 887 1318 909 stat
1334 888 1439 911 armata
1465 884 1492 910 ili
1511 885 1570 911 acie
1594 889 1621 912 et
1637 886 1745 919 pr:clio,
1773 892 1916 914 armatura

1128 928 1249 962 undique
1265 929 1380 961 munita,
1407 934 1434 956 et
1447 930 1571 957 accincta
1587 931 1677 966 gladio
1691 933 1819 967 spiritus,
1836 935 1916 969 galea

1126 974 1194 1008 spei.
1211 975 1295 1002 lorica
1310 976 1415 1010 ﬁdei",
1436 978 1532 1012 clypeo
1545 978 1693 1013 baptismi?
1711 980 1769 1007 Non
1787 981 1916 1008 videsin-

1126 1020 1198 1047 \‘icta
1210 1026 1237 1048 et
1251 1021 1366 1050 infracta
1381 1031 1468 1056 arma,
1486 1024 1512 1051 in
1525 1025 1627 1059 quibus
1645 1027 1767 1053 conterit
1782 1032 1809 1054 et
1825 1028 1918 1055 aufert

1127 1072 1210 1101 caput
1225 1070 1362 1103 serpentis
1379 1070 1390 1096 ?
1406 1070 1521 1098 Crucem
1533 1091 1539 1102 ,
1558 1071 1668 1106 inquam
1678 1093 1685 1103 ,
1699 1081 1799 1107 corpus
1813 1079 1841 1101 ct
1853 1082 1920 1101 san-

1127 1113 1238 1148 guinem
1256 1114 1332 1146 Jesu,
1349 1120 1422 1148 vota,
1449 1124 1555 1150 preces.
1587 1117 1705 1152 vigilias,
1728 1123 1756 1146 et
1780 1120 1835 1146 alia
1855 1128 1920 1154 quae

1129 1158 1240 1185 molitur
1255 1159 1388 1187 adversus
1403 1166 1572 1195 serpentem,
1588 1167 1613 1188 et
1634 1163 1767 1190 adversus
1778 1172 1841 1190 cum
1862 1170 1918 1191 stat

1128 1203 1154 1230 in
1169 1207 1239 1236 acie,
1255 1213 1289 1231 ne
1307 1206 1425 1240 amplius
1436 1207 1460 1233 ei
1478 1207 1752 1242 serviat?Qnocirca,
1767 1210 1800 1236 de
1816 1216 1919 1237 (αξιοι-ο

1128 1258 1189 1276 cum
1206 1258 1239 1277 eo
1255 1259 1353 1286 gerens
1366 1252 1535 1285 inimicitias,
1548 1258 1576 1280 et
1588 1262 1718 1282 conversa
1728 1256 1759 1282 ad
1773 1258 1920 1291 proprium

1128 1297 1217 1323 virum
1231 1298 1340 1332 (nempe
1351 1298 1514 1335 Christum),
1525 1301 1648 1335 quotidie
1664 1301 1735 1330 bello
1749 1303 1891 1330 invaditur
1905 1312 1920 1330 a

1130 1343 1297 1370 satellitibus
1313 1345 1451 1379 serpentis
1462 1367 1469 1377 ,
1490 1347 1710 1380 persecutionem
1727 1349 1842 1383 patitur,
1854 1358 1880 1376 Vt
1893 1359 1921 1376 r-

1128 1389 1252 1420 beralur.
1278 1395 1440 1425 torquetur,
1471 1392 1621 1425 occiditur,
1649 1394 1786 1426 vincitur,
1816 1395 1922 1428 injuria

1128 1434 1256 1467 allicitur,
1267 1436 1406 1468 esuriens,
1422 1436 1495 1463 nuda
1510 1437 1794 1470 incedens.ser\'iens,
1808 1440 1921 1474 sitiens,

1127 1479 1224 1506 liberis
1239 1480 1334 1507 orbata
1350 1485 1377 1508 et
1402 1481 1575 1509 membratim
1596 1482 1750 1516 discerpta,
1773 1491 1836 1510 eum
1861 1493 1923 1511 ser-

1129 1531 1210 1558 pente
1228 1531 1321 1553 autem
1335 1535 1425 1562 neque
1441 1526 1541 1560 foedus,
1554 1536 1643 1563 neque
1656 1529 1805 1557 amicitiam
1817 1531 1922 1558 iniens.

1129 1571 1181 1597 Sed
1220 1570 1329 1599 etiamsi
1365 1577 1491 1607 oporteat
1539 1573 1640 1601 millies
1669 1574 1761 1602 subire
1791 1581 1921 1608 mortem,

1131 1622 1260 1651 prmupto
1276 1622 1304 1645 et
1326 1618 1410 1645 alacri
1437 1619 1530 1646 animo
1545 1620 1670 1647 membra
1685 1628 1734 1647 sua
1761 1625 1790 1647 et
1816 1620 1924 1648 liberos

1132 1662 1186 1697 igni
1206 1663 1299 1694 tradit,
1314 1668 1342 1690 ct
1364 1664 1473 1699 gladiis,
1502 1669 1530 1692 et
1547 1666 1705 1698 tormentis,
1726 1666 1820 1700 potius
1838 1675 1922 1702 quam

1131 1717 1194 1735 cum
1212 1713 1340 1744 serpente
1355 1710 1447 1737 foedus
1466 1711 1606 1745 percutiat
1623 1716 1650 1739 et
1665 1712 1795 1739 amicitia:
1811 1713 1923 1740 obsides

1130 1754 1154 1780 ci
1170 1759 1217 1781 aut
1232 1755 1278 1780 det
1292 1759 1339 1781 aut
1358 1755 1486 1790 accipiat.
1499 1755 1601 1783 Eorum
1611 1760 1703 1784 autem
1720 1765 1780 1792 qua:
1795 1766 1870 1785 nunc
1882 1758 1925 1785 di-

1131 1806 1232 1827 cuntur
1259 1809 1310 1828 nos
1334 1805 1419 1829 testes
1443 1810 1540 1830 sumus
1553 1803 1600 1838 qui
1624 1803 1742 1830 Verbum
1768 1805 1922 1832 audimus:

1130 1854 1180 1881 pro
1196 1847 1249 1873 ﬁde
1275 1847 1359 1882 hujus
1373 1848 1497 1875 mulieris
1515 1847 1632 1881 Christi,
1652 1849 1776 1884 pericula
1797 1850 1924 1885 quotidie

1130 1893 1275 1925 adeuntes,
1292 1894 1412 1928 serpenti
1435 1899 1527 1922 autem
1552 1903 1607 1922 non
1623 1891 1799 1923 obedientes.
1827 1896 1926 1924 Testes

1132 1938 1338 1966 inimicitiarum
1362 1945 1427 1967 sunt
1445 1941 1492 1975 qui
1507 1941 1533 1967 in
1550 1941 1666 1969 desertis
1690 1946 1718 1968 et
1735 1942 1880 1969 montibus
1897 1948 1926 1970 et

1131 1984 1270 2018 speluncis
1295 1985 1434 2013 decertant
1464 1986 1598 2014 adversus
1623 1992 1794 2022 serpentem.
1826 1987 1926 2015 Testes

1131 2029 1340 2058 inimicitiarum
1372 2032 1453 2066 hujus
1481 2032 1606 2059 mulieris
1629 2037 1695 2060 sunt
1720 2038 1857 2067 pastores,
1875 2033 1924 2068 qui

1131 2082 1190 2100 eam
1208 2075 1321 2109 pulchre
1335 2075 1434 2102 docent
1447 2076 1573 2110 quotidie
1588 2076 1682 2105 dicere
1696 2077 1854 2104 :Renuntio
1874 2077 1928 2104 Sa-

1132 2125 1201 2148 tana:
1218 2121 1290 2148 malo
1315 2123 1447 2156 serpenti,
1475 2127 1503 2150 et
1517 2123 1577 2157 ejus
1589 2123 1675 2150 cultui
1689 2143 1695 2154 .
1720 2129 1747 2150 et
1765 2124 1826 2158 ejus
1838 2124 1924 2151 dece-

1131 2167 1229 2201 ptioni,
1245 2172 1274 2194 ct
1288 2167 1346 2202 ejus
1359 2168 1451 2200 idolis,
1465 2174 1493 2195 et
1508 2169 1567 2204 ejus
1591 2169 1779 2202 facultatibus,
1808 2175 1837 2197 et
1862 2171 1924 2205 ejus

1132 2213 1322 2245 libaminibus,
1338 2215 1436 2247 eteius
1450 2214 1589 2242 servituti.
1609 2215 1701 2243 Testis
1713 2220 1755 2243 est
1771 2224 1787 2242 a
1802 2216 1860 2242 Deo
1873 2216 1924 2243 da-

295 2269 391 2295 ponam
405 2262 562 2290 inimicitias
573 2264 711 2290 terribiles
722 2268 750 2290 et
765 2263 954 2297 implacabiles
970 2263 1041 2289 inter
1053 2268 1080 2290 te
1097 2250 1117 2276 ί)
1133 2262 1222 2285 larum
1235 2259 1499 2294 inimicitiarumpim
1514 2260 1596 2296 hujus
1609 2262 1734 2288 mulieris
1743 2269 1813 2296 quas
1826 2270 1924 2290 susce-

294 2312 322 2334 et
335 2308 477 2336 mulierem
498 2310 659 2337 Ecclesium.
674 2310 734 2336 Non
747 2309 856 2336 veniam
882 2309 956 2336 enim
971 2313 1037 2335 tunc
1049 2309 1083 2335 ud

296 2354 449 2380 mittendum
473 2355 542 2381 inter
562 2361 587 2382 te
612 2361 641 2382 et
655 2363 715 2382 eam
740 2363 845 2390 pacem,
871 2354 916 2381 sed
932 2354 1082 2389 gladium“

296 2400 495 2434 evangelicum,
513 2402 545 2427 ad
562 2401 743 2428 dividendum
758 2400 978 2434 etscparandum
990 2405 1015 2427 te
1025 2408 1082 2426 ina—

297 2446 402 2481 lignum
417 2451 444 2472 ct
460 2446 613 2474 adulterum
634 2447 724 2472 virum
746 2450 903 2480 serpentem
928 2454 942 2472 a
967 2446 1083 2473 muliere

298 2499 405 2526 quanta
424 2499 467 2518 me
479 2493 591 2527 rapuisti
605 2502 610 2519 :
625 2497 655 2519 ut
674 2492 785 2526 quando
801 2500 885 2526 super
899 2499 995 2518 omnes
1015 2491 1083 2518 alias

300 2537 441 2568 mulieres,
455 2545 600 2573 synagogas
616 2539 774 2569 Persarum,
793 2537 935 2569 Indorum,
949 2537 1082 2569 Arabum,

301 2581 496 2609 lsmaelitarum
513 2587 537 2610 te
553 2583 659 2615 dilexit,
675 2584 713 2611 ita
727 2590 809 2618 supra
826 2590 922 2610 omnes
936 2587 963 2610 te
975 2582 1082 2610 oderit:

300 2628 342 2655 vel
355 2628 456 2663 potius,
472 2633 502 2656 ut
513 2630 594 2657 semel
607 2631 708 2663 dicam,
722 2638 819 2658 (mines
835 2635 860 2657 te.
875 2630 997 2661 oderint,
1007 2631 1083 2665 (num

301 2675 369 2701 enim
386 2673 536 2702 Judworum
553 2676 637 2704 solum
669 2681 706 2704 est
723 2676 792 2703 Deus
805 2696 812 2708 ,
839 2683 894 2702 non
922 2676 1001 2702 etiam
1020 2683 1084 2710 geu-

301 2722 368 2748 tium
377 2721 399 2738 '°
407 2722 428 2756 ?)
447 2727 582 2758 noctuque
590 2723 741 2758 etinterdiu
753 2731 784 2750 ea
796 2722 929 2749 adversus
940 2725 966 2748 te
979 2727 1084 2748 armata

301 2771 330 2793 et.
342 2768 473 2794 resistens
488 2773 514 2795 te
540 2769 686 2796 interimat.
706 2769 735 2796 Si
761 2768 819 2795 haec
844 2768 882 2795 ita
905 2775 960 2794 non
979 2767 1084 2802 signiti-

302 2817 376 2845 caut,
391 2814 536 2847 oportebat
551 2815 632 2842 Deum
646 2815 681 2842 ita
699 2815 793 2841 dicere
808 2813 930 2849 serpenti
950 2823 955 2840 :
978 2813 1010 2840 Et
1028 2822 1084 2840 H‘l‘t?

340 2871 361 2886 "
371 2871 422 2897 lsa.
435 2879 487 2903 xiv,
500 2873 541 2899 Η.

579 2874 600 2888 ⁸⁸³
613 2875 678 2901 l‘sal.
694 2883 781 2908 um,
796 2875 836 2902 tri,

309 2903 328 2920 "
348 2904 448 2942 Ephcs.
467 2916 491 2939 \,
506 2908 546 2934 :5.

876 2875 896 2889 ³⁸³
909 2874 1003 2901 Matth.
1015 2883 1040 2905 ξι,
1058 2874 1101 2900 5t.

1132 2303 1252 2344 pitlrcum
1280 2309 1419 2338 serpente,
1436 2304 1574 2332 idolorum
1598 2305 1767 2338 destructio,
1796 2305 1922 2340 ipsorum

1133 2347 1297 2381 templorum
1317 2347 1433 2380 eversio,
1447 2353 1600 2376 statuarum
1613 2349 1756 2380 contritio,
1775 2349 1923 2376 columna-

1134 2401 1193 2419 rum
1207 2393 1318 2426 dcletio,
1334 2395 1406 2428 apud
1422 2400 1519 2430 gentes
1538 2395 1660 2431 cognitio
1673 2395 1721 2422 Dei
1743 2395 1788 2431 qui
1801 2395 1852 2423 has
1872 2396 1923 2423 bo-

1133 2447 1182 2466 nas
1203 2440 1361 2467 inimicitias
1381 2441 1598 2476 pricdestinavit.
1627 2442 1660 2468 Et
1681 2442 1753 2470 dixit
1772 2442 1898 2476 serpenti
1917 2451 1923 2468 :

1131 2485 1234 2513 Ponant
1248 2487 1399 2515 inimicitias
1412 2489 1480 2515 inter
1490 2492 1545 2514 teet
1556 2488 1702 2515 mulierem.
1716 2488 1749 2515 Et
1765 2496 1850 2522 qu:ure
1861 2496 1924 2514 mu-

1132 2531 1237 2565 lierem,
1254 2536 1281 2558 et
1302 2540 1356 2560 non
1375 2534 1469 2568 potius
1489 2533 1597 2560 virum?
1614 2533 1733 2560 Mulieris
1756 2534 1825 2560 enim
1842 2537 1925 2568 caput

1133 2579 1217 2606 cstuir
1230 2579 1263 2610 ⁵³,
1279 2584 1306 2606 ct
1318 2579 1406 2615 ipsum
1421 2581 1492 2614 (cum
1506 2580 1542 2607 sit
1558 2579 1700 2607 inimicum
1712 2581 1804 2614 caput)
1819 2580 1925 2607 beilum

1133 2634 1230 2660 gerere
1245 2634 1307 2653 cum
1327 2627 1416 2661 capite
1429 2626 1565 2661 serpentis
1581 2626 1711 2658 decebat;
1733 2626 1781 2653 sed
1797 2626 1866 2652 nihil
1882 2626 1927 2652 di.

1136 2672 1174 2698 cit
1192 2672 1340 2706 ejusmodi.
1354 2674 1483 2708 quoniam
1501 2673 1571 2700 nihil
1583 2677 1622 2699 est
1641 2680 1787 2700 commune
1801 2673 1925 2707 serpenti

1137 2728 1198 2747 cum
1219 2720 1359 2765 spirituali
1378 2721 1492 2752 Adamo,
1509 2727 1607 2754 nempe
1629 2719 1749 2747 Christo.
1777 2719 1848 2747 Dicit
1873 2720 1926 2747 ita-

1135 2776 1189 2802 que
1211 2777 1217 2794 :
1231 2767 1333 2794 Ponant
1351 2767 1502 2794 inimicitias
1517 2768 1584 2794 inter
1599 2771 1623 2793 te
1634 2773 1658 2793 et
1671 2766 1817 2793 mulierem.
1832 2766 1862 2792 Si
1875 2775 1926 2794 au-

1137 2818 1189 2840 tem
1209 2813 1392 2848 corporaliter
1405 2812 1536 2848 intelligis
1548 2812 1594 2839 Dei
1608 2812 1690 2840 verba
1707 2811 1740 2839 ad
1755 2817 1926 2846 serpentem,

1141 2875 1162 2889 επ
1174 2875 1239 2901 ltmn
1270 2882 1309 2901 ιιι.
1324 2873 1367 2900 ΞΕ).
1407 2874 1427 2887 "“
1444 2874 1520 2900 Ιῖιιττι.
1538 2881 1593 2905 ιιιι,
1607 2873 1650 2899 37.
1689 2873 1731 2899 “l
1747 2871 1844 2899 Thess.
1859 2879 1888 2904 ν,
1901 2874 1924 2899 8.
