  <div class='ocr_page' id='page_1' title='image "/cluster/home/n/w/nwhite01/storage/ocr_20150623/89/njp.32101064224908/526.png"; bbox 0 0 1980 3262; ppageno 0'>
   <div class='ocr_carea' id='block_1_1' title="bbox 84 249 154 282">
    <p class='ocr_par' dir='ltr' id='par_1_1' title="bbox 84 249 154 282">
     <span class='ocr_line' id='line_1_1' title="bbox 84 249 154 282; baseline 0.029 -2"><span class='ocrx_word' id='word_1_1' title='bbox 84 249 154 282; x_wconf 83' lang='grc'><strong>1033</strong></span> 
     </span>
    </p>
   </div>
   <div class='ocr_carea' id='block_1_2' title="bbox 642 247 1190 280">
    <p class='ocr_par' dir='ltr' id='par_1_2' title="bbox 642 247 1190 280">
     <span class='ocr_line' id='line_1_2' title="bbox 642 247 1190 280; baseline 0 -2"><span class='ocrx_word' id='word_1_2' title='bbox 642 249 682 280; x_wconf 85' lang='grc' dir='ltr'>ΙΝ</span> <span class='ocrx_word' id='word_1_3' title='bbox 701 247 979 279; x_wconf 68' lang='lat' dir='ltr'><strong>HEXAEMERON.</strong></span> <span class='ocrx_word' id='word_1_4' title='bbox 996 261 1030 265; x_wconf 95' lang='lat'>—</span> <span class='ocrx_word' id='word_1_5' title='bbox 1044 249 1117 278; x_wconf 79' lang='lat' dir='ltr'><strong>LIli.</strong></span> <span class='ocrx_word' id='word_1_6' title='bbox 1138 249 1190 278; x_wconf 81' lang='lat' dir='ltr'><strong>XI.</strong></span> 
     </span>
    </p>
   </div>
   <div class='ocr_carea' id='block_1_3' title="bbox 1668 251 1736 284">
    <p class='ocr_par' dir='ltr' id='par_1_3' title="bbox 1668 251 1736 284">
     <span class='ocr_line' id='line_1_3' title="bbox 1668 251 1736 284; baseline -0.015 -1"><span class='ocrx_word' id='word_1_7' title='bbox 1668 251 1736 284; x_wconf 65' lang='grc'><strong>1034</strong></span> 
     </span>
    </p>
   </div>
   <div class='ocr_carea' id='block_1_4' title="bbox 82 302 1734 340">
    <p class='ocr_par' dir='ltr' id='par_1_4' title="bbox 82 302 1734 340">
     <span class='ocr_line' id='line_1_4' title="bbox 82 302 1734 340; baseline 0.002 -9"><span class='ocrx_word' id='word_1_8' title='bbox 82 303 148 331; x_wconf 82' lang='lat' dir='ltr'><strong>vide</strong></span> <span class='ocrx_word' id='word_1_9' title='bbox 166 303 195 330; x_wconf 89' lang='lat' dir='ltr'><strong>in</strong></span> <span class='ocrx_word' id='word_1_10' title='bbox 209 311 295 338; x_wconf 85' lang='lat' dir='ltr'><strong>quam</strong></span> <span class='ocrx_word' id='word_1_11' title='bbox 308 303 395 331; x_wconf 85' lang='lat' dir='ltr'><strong>multa</strong></span> <span class='ocrx_word' id='word_1_12' title='bbox 407 302 510 331; x_wconf 80' lang='lat' dir='ltr'><strong>incidis</strong></span> <span class='ocrx_word' id='word_1_13' title='bbox 527 302 650 331; x_wconf 84' lang='lat' dir='ltr'><strong>absurda</strong></span> <span class='ocrx_word' id='word_1_14' title='bbox 663 303 704 330; x_wconf 89' lang='lat' dir='ltr'><strong>sie</strong></span> <span class='ocrx_word' id='word_1_15' title='bbox 715 303 886 338; x_wconf 73' lang='lat' dir='ltr'><strong>intelligens.</strong></span> <span class='ocrx_word' id='word_1_16' title='bbox 903 307 925 334; x_wconf 81' lang='grc' dir='ltr'>Α</span> <span class='ocrx_word' id='word_1_17' title='bbox 941 302 1024 329; x_wconf 86' lang='lat' dir='ltr'><strong>modo</strong></span> <span class='ocrx_word' id='word_1_18' title='bbox 1041 302 1073 329; x_wconf 88' lang='lat' dir='ltr'><strong>ad</strong></span> <span class='ocrx_word' id='word_1_19' title='bbox 1102 302 1176 330; x_wconf 89' lang='lat' dir='ltr'><strong>mill&#39;e</strong></span> <span class='ocrx_word' id='word_1_20' title='bbox 1197 311 1285 330; x_wconf 80' lang='lat' dir='ltr'><strong>annos</strong></span> <span class='ocrx_word' id='word_1_21' title='bbox 1300 303 1358 331; x_wconf 76' lang='lat' dir='ltr'><strong>lucc</strong></span> <span class='ocrx_word' id='word_1_22' title='bbox 1384 309 1458 331; x_wconf 88' lang='lat' dir='ltr'><strong>recte</strong></span> <span class='ocrx_word' id='word_1_23' title='bbox 1481 304 1592 340; x_wconf 77' lang='lat' dir='ltr'><strong>legens,</strong></span> <span class='ocrx_word' id='word_1_24' title='bbox 1612 307 1734 335; x_wconf 83' lang='lat' dir='ltr'><strong>nondum</strong></span> 
     </span>
    </p>
   </div>
   <div class='ocr_carea' id='block_1_5' title="bbox 84 348 887 385">
    <p class='ocr_par' dir='ltr' id='par_1_5' title="bbox 84 348 887 385">
     <span class='ocr_line' id='line_1_5' title="bbox 84 348 887 385; baseline 0 -9"><span class='ocrx_word' id='word_1_25' title='bbox 84 350 119 377; x_wconf 80' lang='lat' dir='ltr'><strong>Et</strong></span> <span class='ocrx_word' id='word_1_26' title='bbox 132 349 257 385; x_wconf 86' lang='lat' dir='ltr'><strong>primum</strong></span> <span class='ocrx_word' id='word_1_27' title='bbox 271 349 397 384; x_wconf 86' lang='lat' dir='ltr'><strong>quidem,</strong></span> <span class='ocrx_word' id='word_1_28' title='bbox 415 348 490 384; x_wconf 87' lang='lat' dir='ltr'><strong>quod</strong></span> <span class='ocrx_word' id='word_1_29' title='bbox 506 349 580 376; x_wconf 87' lang='lat' dir='ltr'><strong>Deus</strong></span> <span class='ocrx_word' id='word_1_30' title='bbox 593 349 696 384; x_wconf 79' lang='lat' dir='ltr'><strong>injuste</strong></span> <span class='ocrx_word' id='word_1_31' title='bbox 709 356 773 376; x_wconf 88' lang='lat' dir='ltr'><strong>eum</strong></span> <span class='ocrx_word' id='word_1_32' title='bbox 785 353 828 376; x_wconf 90' lang='lat' dir='ltr'><strong>est</strong></span> <span class='ocrx_word' id='word_1_33' title='bbox 838 357 887 376; x_wconf 81' lang='lat' dir='ltr'><strong>cx-</strong></span> 
     </span>
    </p>
   </div>
   <div class='ocr_carea' id='block_1_6' title="bbox 85 395 886 430">
    <p class='ocr_par' dir='ltr' id='par_1_6' title="bbox 85 395 886 430">
     <span class='ocr_line' id='line_1_6' title="bbox 85 395 886 430; baseline -0.002 -6"><span class='ocrx_word' id='word_1_34' title='bbox 85 400 224 424; x_wconf 78' lang='lat' dir='ltr'><strong>secratus.</strong></span> <span class='ocrx_word' id='word_1_35' title='bbox 239 396 391 428; x_wconf 86' lang='lat' dir='ltr'><strong>Nam,cum</strong></span> <span class='ocrx_word' id='word_1_36' title='bbox 406 396 514 423; x_wconf 75' lang='lat' dir='ltr'><strong>ratione</strong></span> <span class='ocrx_word' id='word_1_37' title='bbox 527 400 636 423; x_wconf 78' lang='lat' dir='ltr'><strong>careret</strong></span> <span class='ocrx_word' id='word_1_38' title='bbox 652 400 680 423; x_wconf 90' lang='lat' dir='ltr'><strong>et</strong></span> <span class='ocrx_word' id='word_1_39' title='bbox 692 395 886 430; x_wconf 82' lang='lat' dir='ltr'><strong>intelligentia,</strong></span> 
     </span>
    </p>
   </div>
   <div class='ocr_carea' id='block_1_7' title="bbox 85 441 888 476">
    <p class='ocr_par' dir='ltr' id='par_1_7' title="bbox 85 441 888 476">
     <span class='ocr_line' id='line_1_7' title="bbox 85 441 888 476; baseline 0.001 -8"><span class='ocrx_word' id='word_1_40' title='bbox 85 441 192 468; x_wconf 89' lang='lat' dir='ltr'><strong>invitus</strong></span> <span class='ocrx_word' id='word_1_41' title='bbox 212 441 266 468; x_wconf 90' lang='lat' dir='ltr'><strong>l&#39;uit</strong></span> <span class='ocrx_word' id='word_1_42' title='bbox 294 442 513 469; x_wconf 86' lang='lat' dir='ltr'><strong>instrumentum</strong></span> <span class='ocrx_word' id='word_1_43' title='bbox 535 441 652 475; x_wconf 83' lang='lat' dir='ltr'><strong>diaboli;</strong></span> <span class='ocrx_word' id='word_1_44' title='bbox 673 449 726 469; x_wconf 90' lang='lat' dir='ltr'><strong>nec</strong></span> <span class='ocrx_word' id='word_1_45' title='bbox 741 441 888 476; x_wconf 78' lang='lat' dir='ltr'><strong>oportebat</strong></span> 
     </span>
    </p>
   </div>
   <div class='ocr_carea' id='block_1_8' title="bbox 86 487 887 523">
    <p class='ocr_par' dir='ltr' id='par_1_8' title="bbox 86 487 887 523">
     <span class='ocr_line' id='line_1_8' title="bbox 86 487 887 523; baseline 0.001 -9"><span class='ocrx_word' id='word_1_46' title='bbox 86 487 169 515; x_wconf 83' lang='lat' dir='ltr'><strong>irasci</strong></span> <span class='ocrx_word' id='word_1_47' title='bbox 191 488 378 515; x_wconf 88' lang='lat' dir='ltr'><strong>instrumento</strong></span> <span class='ocrx_word' id='word_1_48' title='bbox 394 488 500 523; x_wconf 79' lang='lat' dir='ltr'><strong>experti</strong></span> <span class='ocrx_word' id='word_1_49' title='bbox 512 488 638 515; x_wconf 85' lang='lat' dir='ltr'><strong>rationis.</strong></span> <span class='ocrx_word' id='word_1_50' title='bbox 655 487 795 520; x_wconf 88' lang='lat' dir='ltr'><strong>Secundo,</strong></span> <span class='ocrx_word' id='word_1_51' title='bbox 812 487 887 523; x_wconf 89' lang='lat' dir='ltr'><strong>quod</strong></span> 
     </span>
    </p>
   </div>
   <div class='ocr_carea' id='block_1_9' title="bbox 86 534 888 569">
    <p class='ocr_par' dir='ltr' id='par_1_9' title="bbox 86 534 888 569">
     <span class='ocr_line' id='line_1_9' title="bbox 86 534 888 569; baseline -0.001 -8"><span class='ocrx_word' id='word_1_52' title='bbox 86 534 110 561; x_wconf 90' lang='lat' dir='ltr'><strong>si</strong></span> <span class='ocrx_word' id='word_1_53' title='bbox 130 534 278 561; x_wconf 87' lang='lat' dir='ltr'><strong>mulierem</strong></span> <span class='ocrx_word' id='word_1_54' title='bbox 290 534 377 561; x_wconf 87' lang='lat' dir='ltr'><strong>solam</strong></span> <span class='ocrx_word' id='word_1_55' title='bbox 390 535 450 561; x_wconf 88' lang='lat' dir='ltr'><strong>vult</strong></span> <span class='ocrx_word' id='word_1_56' title='bbox 465 534 626 561; x_wconf 83' lang='lat' dir='ltr'><strong>inimicitias</strong></span> <span class='ocrx_word' id='word_1_57' title='bbox 641 542 737 569; x_wconf 83' lang='lat' dir='ltr'><strong>gerere</strong></span> <span class='ocrx_word' id='word_1_58' title='bbox 749 542 811 561; x_wconf 90' lang='lat' dir='ltr'><strong>cum</strong></span> <span class='ocrx_word' id='word_1_59' title='bbox 828 541 888 560; x_wconf 85' lang='lat' dir='ltr'><strong>ma-</strong></span> 
     </span>
    </p>
   </div>
   <div class='ocr_carea' id='block_1_10' title="bbox 86 579 889 614">
    <p class='ocr_par' dir='ltr' id='par_1_10' title="bbox 86 579 889 614">
     <span class='ocr_line' id='line_1_10' title="bbox 86 579 889 614; baseline -0.001 -8"><span class='ocrx_word' id='word_1_60' title='bbox 86 579 173 614; x_wconf 80' lang='lat' dir='ltr'><strong>ligno,</strong></span> <span class='ocrx_word' id='word_1_61' title='bbox 197 582 241 606; x_wconf 85' lang='lat' dir='ltr'><strong>est</strong></span> <span class='ocrx_word' id='word_1_62' title='bbox 271 579 452 614; x_wconf 89' lang='lat' dir='ltr'><strong>perspicuum</strong></span> <span class='ocrx_word' id='word_1_63' title='bbox 476 579 551 614; x_wconf 89' lang='lat' dir='ltr'><strong>quod</strong></span> <span class='ocrx_word' id='word_1_64' title='bbox 571 580 631 607; x_wconf 82' lang='lat' dir='ltr'><strong>vult</strong></span> <span class='ocrx_word' id='word_1_65' title='bbox 647 579 738 606; x_wconf 89' lang='lat' dir='ltr'><strong>virum</strong></span> <span class='ocrx_word' id='word_1_66' title='bbox 752 587 813 607; x_wconf 84' lang='lat' dir='ltr'><strong>esse</strong></span> <span class='ocrx_word' id='word_1_67' title='bbox 834 587 889 606; x_wconf 88' lang='lat' dir='ltr'><strong>ser-</strong></span> 
     </span>
    </p>
   </div>
   <div class='ocr_carea' id='block_1_11' title="bbox 86 625 887 662">
    <p class='ocr_par' dir='ltr' id='par_1_11' title="bbox 86 625 887 662">
     <span class='ocr_line' id='line_1_11' title="bbox 86 625 887 662; baseline 0 -10"><span class='ocrx_word' id='word_1_68' title='bbox 86 625 181 660; x_wconf 84' lang='lat' dir='ltr'><strong>pentis</strong></span> <span class='ocrx_word' id='word_1_69' title='bbox 198 625 345 653; x_wconf 88' lang='lat' dir='ltr'><strong>dilectum.</strong></span> <span class='ocrx_word' id='word_1_70' title='bbox 359 626 465 659; x_wconf 87' lang='lat' dir='ltr'><strong>Tertio,</strong></span> <span class='ocrx_word' id='word_1_71' title='bbox 483 626 558 661; x_wconf 91' lang='lat' dir='ltr'><strong>quod</strong></span> <span class='ocrx_word' id='word_1_72' title='bbox 581 627 604 653; x_wconf 90' lang='lat' dir='ltr'><strong>si</strong></span> <span class='ocrx_word' id='word_1_73' title='bbox 625 626 699 654; x_wconf 90' lang='lat' dir='ltr'><strong>inter</strong></span> <span class='ocrx_word' id='word_1_74' title='bbox 714 626 887 662; x_wconf 86' lang='lat' dir='ltr'><strong>corporalem</strong></span> 
     </span>
    </p>
   </div>
   <div class='ocr_carea' id='block_1_12' title="bbox 88 669 888 705">
    <p class='ocr_par' dir='ltr' id='par_1_12' title="bbox 88 669 888 705">
     <span class='ocr_line' id='line_1_12' title="bbox 88 669 888 705; baseline 0 -8"><span class='ocrx_word' id='word_1_75' title='bbox 88 676 247 705; x_wconf 78' lang='lat' dir='ltr'><strong>serpentem</strong></span> <span class='ocrx_word' id='word_1_76' title='bbox 268 675 297 698; x_wconf 86' lang='lat' dir='ltr'><strong>et</strong></span> <span class='ocrx_word' id='word_1_77' title='bbox 316 671 457 698; x_wconf 82' lang='lat' dir='ltr'><strong>carnalem</strong></span> <span class='ocrx_word' id='word_1_78' title='bbox 475 675 599 698; x_wconf 85' lang='lat' dir='ltr'><strong>nostram</strong></span> <span class='ocrx_word' id='word_1_79' title='bbox 623 671 768 698; x_wconf 80' lang='lat' dir='ltr'><strong>mulierem</strong></span> <span class='ocrx_word' id='word_1_80' title='bbox 793 669 888 705; x_wconf 84' lang='lat' dir='ltr'><strong>posuit</strong></span> 
     </span>
    </p>
   </div>
   <div class='ocr_carea' id='block_1_13' title="bbox 88 716 888 751">
    <p class='ocr_par' dir='ltr' id='par_1_13' title="bbox 88 716 888 751">
     <span class='ocr_line' id='line_1_13' title="bbox 88 716 888 751; baseline 0 -8"><span class='ocrx_word' id='word_1_81' title='bbox 88 716 162 743; x_wconf 86' lang='lat' dir='ltr'><strong>Deus</strong></span> <span class='ocrx_word' id='word_1_82' title='bbox 176 716 352 748; x_wconf 78' lang='lat' dir='ltr'><strong>inimicitias,</strong></span> <span class='ocrx_word' id='word_1_83' title='bbox 363 716 392 743; x_wconf 83' lang='lat' dir='ltr'><strong>in</strong></span> <span class='ocrx_word' id='word_1_84' title='bbox 413 724 468 743; x_wconf 88' lang='lat' dir='ltr'><strong>uno</strong></span> <span class='ocrx_word' id='word_1_85' title='bbox 481 722 624 744; x_wconf 88' lang='lat' dir='ltr'><strong>momento</strong></span> <span class='ocrx_word' id='word_1_86' title='bbox 640 716 773 751; x_wconf 88' lang='lat' dir='ltr'><strong>temporis</strong></span> <span class='ocrx_word' id='word_1_87' title='bbox 786 723 888 743; x_wconf 87' lang='lat' dir='ltr'><strong>consu-</strong></span> 
     </span>
    </p>
   </div>
   <div class='ocr_carea' id='block_1_14' title="bbox 87 761 890 796">
    <p class='ocr_par' dir='ltr' id='par_1_14' title="bbox 87 761 890 796">
     <span class='ocr_line' id='line_1_14' title="bbox 87 761 890 796; baseline -0.001 -7"><span class='ocrx_word' id='word_1_88' title='bbox 87 766 199 789; x_wconf 83' lang='lat' dir='ltr'><strong>merent</strong></span> <span class='ocrx_word' id='word_1_89' title='bbox 219 766 367 796; x_wconf 85' lang='lat' dir='ltr'><strong>serpentes</strong></span> <span class='ocrx_word' id='word_1_90' title='bbox 377 769 476 789; x_wconf 90' lang='lat' dir='ltr'><strong>omnes</strong></span> <span class='ocrx_word' id='word_1_91' title='bbox 487 761 620 789; x_wconf 83' lang='lat' dir='ltr'><strong>mulieres</strong></span> <span class='ocrx_word' id='word_1_92' title='bbox 630 782 637 794; x_wconf 93' lang='lat'><strong>,</strong></span> <span class='ocrx_word' id='word_1_93' title='bbox 647 765 676 789; x_wconf 91' lang='lat' dir='ltr'><strong>et</strong></span> <span class='ocrx_word' id='word_1_94' title='bbox 694 761 813 788; x_wconf 78' lang='lat' dir='ltr'><strong>maxime</strong></span> <span class='ocrx_word' id='word_1_95' title='bbox 828 769 890 796; x_wconf 77' lang='lat' dir='ltr'><strong>qua:</strong></span> 
     </span>
    </p>
   </div>
   <div class='ocr_carea' id='block_1_15' title="bbox 86 806 889 842">
    <p class='ocr_par' dir='ltr' id='par_1_15' title="bbox 86 806 889 842">
     <span class='ocr_line' id='line_1_15' title="bbox 86 806 889 842; baseline 0 -8"><span class='ocrx_word' id='word_1_96' title='bbox 86 815 144 835; x_wconf 90' lang='lat' dir='ltr'><strong>non</strong></span> <span class='ocrx_word' id='word_1_97' title='bbox 160 812 227 837; x_wconf 88' lang='lat' dir='ltr'><strong>sunt</strong></span> <span class='ocrx_word' id='word_1_98' title='bbox 244 808 273 835; x_wconf 93' lang='lat' dir='ltr'><strong>in</strong></span> <span class='ocrx_word' id='word_1_99' title='bbox 286 807 405 835; x_wconf 87' lang='lat' dir='ltr'><strong>urbibus</strong></span> <span class='ocrx_word' id='word_1_100' title='bbox 425 808 491 835; x_wconf 93' lang='lat' dir='ltr'><strong>dum</strong></span> <span class='ocrx_word' id='word_1_101' title='bbox 507 807 660 835; x_wconf 89' lang='lat' dir='ltr'><strong>dormiunt.</strong></span> <span class='ocrx_word' id='word_1_102' title='bbox 681 807 802 840; x_wconf 83' lang='lat' dir='ltr'><strong>Quarto,</strong></span> <span class='ocrx_word' id='word_1_103' title='bbox 815 806 889 842; x_wconf 88' lang='lat' dir='ltr'><strong>quod</strong></span> 
     </span>
    </p>
   </div>
   <div class='ocr_carea' id='block_1_16' title="bbox 87 852 889 889">
    <p class='ocr_par' dir='ltr' id='par_1_16' title="bbox 87 852 889 889">
     <span class='ocr_line' id='line_1_16' title="bbox 87 852 889 889; baseline -0.001 -9"><span class='ocrx_word' id='word_1_104' title='bbox 87 854 217 889; x_wconf 73' lang='lat' dir='ltr'><strong>plurima:</strong></span> <span class='ocrx_word' id='word_1_105' title='bbox 236 853 322 881; x_wconf 88' lang='lat' dir='ltr'><strong>etiam</strong></span> <span class='ocrx_word' id='word_1_106' title='bbox 350 853 410 880; x_wconf 60' lang='lat' dir='ltr'><strong>alia</strong></span> <span class='ocrx_word' id='word_1_107' title='bbox 429 853 526 881; x_wconf 61' lang='lat' dir='ltr'><strong>bestiae</strong></span> <span class='ocrx_word' id='word_1_108' title='bbox 556 859 622 881; x_wconf 87' lang='lat' dir='ltr'><strong>sunt</strong></span> <span class='ocrx_word' id='word_1_109' title='bbox 643 853 725 881; x_wconf 90' lang='lat' dir='ltr'><strong>nobis</strong></span> <span class='ocrx_word' id='word_1_110' title='bbox 759 852 889 881; x_wconf 65' lang='lat' dir='ltr'><strong>inimicae.</strong></span> 
     </span>
    </p>
   </div>
   <div class='ocr_carea' id='block_1_17' title="bbox 87 899 888 935">
    <p class='ocr_par' dir='ltr' id='par_1_17' title="bbox 87 899 888 935">
     <span class='ocr_line' id='line_1_17' title="bbox 87 899 888 935; baseline 0 -8"><span class='ocrx_word' id='word_1_111' title='bbox 87 899 142 927; x_wconf 88' lang='lat' dir='ltr'><strong>Sed</strong></span> <span class='ocrx_word' id='word_1_112' title='bbox 166 908 257 935; x_wconf 87' lang='lat' dir='ltr'><strong>neque</strong></span> <span class='ocrx_word' id='word_1_113' title='bbox 279 904 385 927; x_wconf 88' lang='lat' dir='ltr'><strong>terram</strong></span> <span class='ocrx_word' id='word_1_114' title='bbox 399 900 526 935; x_wconf 87' lang='lat' dir='ltr'><strong>quotidie</strong></span> <span class='ocrx_word' id='word_1_115' title='bbox 547 899 671 927; x_wconf 87' lang='lat' dir='ltr'><strong>comedit</strong></span> <span class='ocrx_word' id='word_1_116' title='bbox 683 907 799 935; x_wconf 90' lang='lat' dir='ltr'><strong>serpens</strong></span> <span class='ocrx_word' id='word_1_117' title='bbox 812 920 819 932; x_wconf 88' lang='lat'><strong>,</strong></span> <span class='ocrx_word' id='word_1_118' title='bbox 839 899 888 927; x_wconf 88' lang='lat' dir='ltr'><strong>sed</strong></span> 
     </span>
    </p>
   </div>
   <div class='ocr_carea' id='block_1_18' title="bbox 85 945 888 982">
    <p class='ocr_par' dir='ltr' id='par_1_18' title="bbox 85 945 888 982">
     <span class='ocr_line' id='line_1_18' title="bbox 85 945 888 982; baseline 0.001 -9"><span class='ocrx_word' id='word_1_119' title='bbox 85 945 173 973; x_wconf 87' lang='lat' dir='ltr'><strong>etiam</strong></span> <span class='ocrx_word' id='word_1_120' title='bbox 191 946 262 973; x_wconf 85' lang='lat' dir='ltr'><strong>alias</strong></span> <span class='ocrx_word' id='word_1_121' title='bbox 277 952 357 973; x_wconf 87' lang='lat' dir='ltr'><strong>escas</strong></span> <span class='ocrx_word' id='word_1_122' title='bbox 375 945 514 972; x_wconf 90' lang='lat' dir='ltr'><strong>carnium.</strong></span> <span class='ocrx_word' id='word_1_123' title='bbox 536 945 590 973; x_wconf 89' lang='lat' dir='ltr'><strong>Sed</strong></span> <span class='ocrx_word' id='word_1_124' title='bbox 609 953 701 981; x_wconf 88' lang='lat' dir='ltr'><strong>neque</strong></span> <span class='ocrx_word' id='word_1_125' title='bbox 712 947 760 982; x_wconf 91' lang='lat' dir='ltr'><strong>qui</strong></span> <span class='ocrx_word' id='word_1_126' title='bbox 776 946 828 974; x_wconf 89' lang='lat' dir='ltr'><strong>sub</strong></span> <span class='ocrx_word' id='word_1_127' title='bbox 844 947 888 974; x_wconf 91' lang='lat' dir='ltr'><strong>in-</strong></span> 
     </span>
    </p>
   </div>
   <div class='ocr_carea' id='block_1_19' title="bbox 939 347 1735 384">
    <p class='ocr_par' dir='ltr' id='par_1_19' title="bbox 939 347 1735 384">
     <span class='ocr_line' id='line_1_19' title="bbox 939 347 1735 384; baseline 0.009 -11"><span class='ocrx_word' id='word_1_128' title='bbox 939 347 1095 382; x_wconf 82' lang='lat' dir='ltr'><strong>cognovisti</strong></span> <span class='ocrx_word' id='word_1_129' title='bbox 1110 355 1170 375; x_wconf 85' lang='lat' dir='ltr'><strong>eam</strong></span> <span class='ocrx_word' id='word_1_130' title='bbox 1190 356 1252 383; x_wconf 74' lang='lat' dir='ltr'><strong>qua:</strong></span> <span class='ocrx_word' id='word_1_131' title='bbox 1266 353 1308 376; x_wconf 84' lang='lat' dir='ltr'><strong>est</strong></span> <span class='ocrx_word' id='word_1_132' title='bbox 1329 349 1356 376; x_wconf 83' lang='lat' dir='ltr'><strong>in</strong></span> <span class='ocrx_word' id='word_1_133' title='bbox 1376 349 1443 384; x_wconf 83' lang='lat' dir='ltr'><strong>ipsis</strong></span> <span class='ocrx_word' id='word_1_134' title='bbox 1459 350 1614 384; x_wconf 76' lang='lat' dir='ltr'><strong>veritatem,</strong></span> <span class='ocrx_word' id='word_1_135' title='bbox 1627 359 1690 379; x_wconf 87' lang='lat' dir='ltr'><strong>cum</strong></span> <span class='ocrx_word' id='word_1_136' title='bbox 1705 358 1735 380; x_wconf 89' lang='lat' dir='ltr'><strong>tu</strong></span> 
     </span>
    </p>
   </div>
   <div class='ocr_carea' id='block_1_20' title="bbox 939 393 1736 431">
    <p class='ocr_par' dir='ltr' id='par_1_20' title="bbox 939 393 1736 431">
     <span class='ocr_line' id='line_1_20' title="bbox 939 393 1736 431; baseline 0.006 -11"><span class='ocrx_word' id='word_1_137' title='bbox 939 401 983 420; x_wconf 89' lang='lat' dir='ltr'><strong>me</strong></span> <span class='ocrx_word' id='word_1_138' title='bbox 998 394 1091 428; x_wconf 85' lang='lat' dir='ltr'><strong>potius</strong></span> <span class='ocrx_word' id='word_1_139' title='bbox 1116 393 1235 421; x_wconf 82' lang='lat' dir='ltr'><strong>deberes</strong></span> <span class='ocrx_word' id='word_1_140' title='bbox 1250 394 1278 421; x_wconf 89' lang='lat' dir='ltr'><strong>in</strong></span> <span class='ocrx_word' id='word_1_141' title='bbox 1294 394 1338 422; x_wconf 90' lang='lat' dir='ltr'><strong>his</strong></span> <span class='ocrx_word' id='word_1_142' title='bbox 1355 395 1522 428; x_wconf 84' lang='lat' dir='ltr'><strong>illuminare,</strong></span> <span class='ocrx_word' id='word_1_143' title='bbox 1545 401 1575 424; x_wconf 92' lang='lat' dir='ltr'><strong>ut</strong></span> <span class='ocrx_word' id='word_1_144' title='bbox 1601 397 1647 431; x_wconf 89' lang='lat' dir='ltr'><strong>qui</strong></span> <span class='ocrx_word' id='word_1_145' title='bbox 1674 405 1705 425; x_wconf 84' lang='lat' dir='ltr'><strong>ea</strong></span> <span class='ocrx_word' id='word_1_146' title='bbox 1721 407 1736 426; x_wconf 88' lang='lat' dir='ltr'><strong>a</strong></span> 
     </span>
    </p>
   </div>
   <div class='ocr_carea' id='block_1_21' title="bbox 939 439 1736 476">
    <p class='ocr_par' dir='ltr' id='par_1_21' title="bbox 939 439 1736 476">
     <span class='ocr_line' id='line_1_21' title="bbox 939 439 1736 476; baseline 0.008 -11"><span class='ocrx_word' id='word_1_147' title='bbox 939 439 996 466; x_wconf 86' lang='lat' dir='ltr'><strong>Deo</strong></span> <span class='ocrx_word' id='word_1_148' title='bbox 1012 440 1164 474; x_wconf 76' lang='lat' dir='ltr'><strong>acceperis,</strong></span> <span class='ocrx_word' id='word_1_149' title='bbox 1180 445 1208 468; x_wconf 90' lang='lat' dir='ltr'><strong>et</strong></span> <span class='ocrx_word' id='word_1_150' title='bbox 1227 441 1272 468; x_wconf 90' lang='lat' dir='ltr'><strong>cui</strong></span> <span class='ocrx_word' id='word_1_151' title='bbox 1289 449 1321 468; x_wconf 88' lang='lat' dir='ltr'><strong>ea</strong></span> <span class='ocrx_word' id='word_1_152' title='bbox 1339 446 1404 468; x_wconf 87' lang='lat' dir='ltr'><strong>sunt</strong></span> <span class='ocrx_word' id='word_1_153' title='bbox 1432 442 1549 468; x_wconf 86' lang='lat' dir='ltr'><strong>credita.</strong></span> <span class='ocrx_word' id='word_1_154' title='bbox 1568 442 1606 470; x_wconf 90' lang='lat' dir='ltr'><strong>De</strong></span> <span class='ocrx_word' id='word_1_155' title='bbox 1624 447 1736 476; x_wconf 65' lang='lat' dir='ltr'><strong>caetero,</strong></span> 
     </span>
    </p>
   </div>
   <div class='ocr_carea' id='block_1_22' title="bbox 939 485 1736 518">
    <p class='ocr_par' dir='ltr' id='par_1_22' title="bbox 939 485 1736 518">
     <span class='ocr_line' id='line_1_22' title="bbox 939 485 1736 518; baseline 0.008 -8"><span class='ocrx_word' id='word_1_156' title='bbox 939 489 954 511; x_wconf 87' lang='lat' dir='ltr'><strong>a</strong></span> <span class='ocrx_word' id='word_1_157' title='bbox 972 492 1015 511; x_wconf 91' lang='lat' dir='ltr'><strong>me</strong></span> <span class='ocrx_word' id='word_1_158' title='bbox 1029 485 1075 518; x_wconf 88' lang='lat' dir='ltr'><strong>qui</strong></span> <span class='ocrx_word' id='word_1_159' title='bbox 1092 492 1152 512; x_wconf 92' lang='lat' dir='ltr'><strong>sum</strong></span> <span class='ocrx_word' id='word_1_160' title='bbox 1171 485 1305 513; x_wconf 83' lang='lat' dir='ltr'><strong>barbarus</strong></span> <span class='ocrx_word' id='word_1_161' title='bbox 1316 491 1343 513; x_wconf 89' lang='lat' dir='ltr'><strong>et</strong></span> <span class='ocrx_word' id='word_1_162' title='bbox 1355 487 1443 515; x_wconf 83' lang='lat' dir='ltr'><strong>bestia</strong></span> <span class='ocrx_word' id='word_1_163' title='bbox 1456 488 1532 515; x_wconf 87' lang='lat' dir='ltr'><strong>disce</strong></span> <span class='ocrx_word' id='word_1_164' title='bbox 1549 495 1659 516; x_wconf 83' lang='lat' dir='ltr'><strong>sensum</strong></span> <span class='ocrx_word' id='word_1_165' title='bbox 1676 494 1736 516; x_wconf 82' lang='lat' dir='ltr'><strong>tua-</strong></span> 
     </span>
    </p>
   </div>
   <div class='ocr_carea' id='block_1_23' title="bbox 941 529 1739 568">
    <p class='ocr_par' dir='ltr' id='par_1_23' title="bbox 941 529 1739 568">
     <span class='ocr_line' id='line_1_23' title="bbox 941 529 1739 568; baseline 0.009 -14"><span class='ocrx_word' id='word_1_166' title='bbox 941 537 1002 555; x_wconf 87' lang='lat' dir='ltr'><strong>rum</strong></span> <span class='ocrx_word' id='word_1_167' title='bbox 1016 529 1107 564; x_wconf 83' lang='lat' dir='ltr'><strong>legum</strong></span> <span class='ocrx_word' id='word_1_168' title='bbox 1137 529 1227 565; x_wconf 80' lang='lat' dir='ltr'><strong>Atque</strong></span> <span class='ocrx_word' id='word_1_169' title='bbox 1243 535 1274 558; x_wconf 88' lang='lat' dir='ltr'><strong>ut</strong></span> <span class='ocrx_word' id='word_1_170' title='bbox 1289 531 1410 567; x_wconf 87' lang='lat' dir='ltr'><strong>maligno</strong></span> <span class='ocrx_word' id='word_1_171' title='bbox 1434 533 1547 568; x_wconf 84' lang='lat' dir='ltr'><strong>quidem</strong></span> <span class='ocrx_word' id='word_1_172' title='bbox 1561 534 1686 568; x_wconf 84' lang='lat' dir='ltr'><strong>serpenti</strong></span> <span class='ocrx_word' id='word_1_173' title='bbox 1702 535 1739 561; x_wconf 89' lang='lat' dir='ltr'><strong>sit</strong></span> 
     </span>
    </p>
   </div>
   <div class='ocr_carea' id='block_1_24' title="bbox 940 573 1739 608">
    <p class='ocr_par' dir='ltr' id='par_1_24' title="bbox 940 573 1739 608">
     <span class='ocr_line' id='line_1_24' title="bbox 940 573 1739 608; baseline 0.009 -9"><span class='ocrx_word' id='word_1_174' title='bbox 940 573 1053 600; x_wconf 82' lang='lat' dir='ltr'><strong>inimica</strong></span> <span class='ocrx_word' id='word_1_175' title='bbox 1071 575 1133 601; x_wconf 84' lang='lat' dir='ltr'><strong>etei</strong></span> <span class='ocrx_word' id='word_1_176' title='bbox 1146 583 1201 601; x_wconf 92' lang='lat' dir='ltr'><strong>non</strong></span> <span class='ocrx_word' id='word_1_177' title='bbox 1216 575 1338 608; x_wconf 88' lang='lat' dir='ltr'><strong>obediat,</strong></span> <span class='ocrx_word' id='word_1_178' title='bbox 1350 577 1460 604; x_wconf 81' lang='lat' dir='ltr'><strong>mulieri</strong></span> <span class='ocrx_word' id='word_1_179' title='bbox 1476 582 1503 605; x_wconf 91' lang='lat' dir='ltr'><strong>et</strong></span> <span class='ocrx_word' id='word_1_180' title='bbox 1517 579 1648 606; x_wconf 74' lang='lat' dir='ltr'><strong>Ecclesia:</strong></span> <span class='ocrx_word' id='word_1_181' title='bbox 1660 579 1739 606; x_wconf 86' lang='lat' dir='ltr'><strong>dedit</strong></span> 
     </span>
    </p>
   </div>
   <div class='ocr_carea' id='block_1_25' title="bbox 939 618 1737 659">
    <p class='ocr_par' dir='ltr' id='par_1_25' title="bbox 939 618 1737 659">
     <span class='ocr_line' id='line_1_25' title="bbox 939 618 1737 659; baseline 0.009 -14"><span class='ocrx_word' id='word_1_182' title='bbox 939 618 1030 652; x_wconf 85' lang='lat' dir='ltr'><strong>Deus;</strong></span> <span class='ocrx_word' id='word_1_183' title='bbox 1048 619 1198 648; x_wconf 86' lang='lat' dir='ltr'><strong>observare</strong></span> <span class='ocrx_word' id='word_1_184' title='bbox 1217 626 1326 653; x_wconf 87' lang='lat' dir='ltr'><strong>autem,</strong></span> <span class='ocrx_word' id='word_1_185' title='bbox 1348 630 1397 649; x_wconf 87' lang='lat' dir='ltr'><strong>seu</strong></span> <span class='ocrx_word' id='word_1_186' title='bbox 1414 631 1477 649; x_wconf 91' lang='lat' dir='ltr'><strong>cum</strong></span> <span class='ocrx_word' id='word_1_187' title='bbox 1493 623 1603 651; x_wconf 88' lang='lat' dir='ltr'><strong>insidiis</strong></span> <span class='ocrx_word' id='word_1_188' title='bbox 1614 625 1675 659; x_wconf 86' lang='lat' dir='ltr'><strong>ejus</strong></span> <span class='ocrx_word' id='word_1_189' title='bbox 1690 632 1737 651; x_wconf 88' lang='lat' dir='ltr'><strong>ca-</strong></span> 
     </span>
    </p>
   </div>
   <div class='ocr_carea' id='block_1_26' title="bbox 939 667 1484 701">
    <p class='ocr_par' dir='ltr' id='par_1_26' title="bbox 939 667 1484 701">
     <span class='ocr_line' id='line_1_26' title="bbox 939 667 1484 701; baseline 0.007 -10"><span class='ocrx_word' id='word_1_190' title='bbox 939 667 991 699; x_wconf 93' lang='lat' dir='ltr'><strong>put</strong></span> <span class='ocrx_word' id='word_1_191' title='bbox 1003 668 1160 698; x_wconf 86' lang='lat' dir='ltr'><strong>conterere,</strong></span> <span class='ocrx_word' id='word_1_192' title='bbox 1173 674 1228 693; x_wconf 92' lang='lat' dir='ltr'><strong>non</strong></span> <span class='ocrx_word' id='word_1_193' title='bbox 1250 671 1341 701; x_wconf 88' lang='lat' dir='ltr'><strong>potest</strong></span> <span class='ocrx_word' id='word_1_194' title='bbox 1352 667 1484 695; x_wconf 81' lang='lat' dir='ltr'><strong>Ecclesia.</strong></span> 
     </span>
    </p>
   </div>
   <div class='ocr_carea' id='block_1_27' title="bbox 975 710 1737 751">
    <p class='ocr_par' dir='ltr' id='par_1_27' title="bbox 975 710 1737 751">
     <span class='ocr_line' id='line_1_27' title="bbox 975 710 1737 751; baseline 0.009 -15"><span class='ocrx_word' id='word_1_195' title='bbox 975 710 1009 737; x_wconf 85' lang='lat' dir='ltr'><strong>Et</strong></span> <span class='ocrx_word' id='word_1_196' title='bbox 1034 715 1181 745; x_wconf 83' lang='lat' dir='ltr'><strong>propterea</strong></span> <span class='ocrx_word' id='word_1_197' title='bbox 1209 719 1225 738; x_wconf 89' lang='lat' dir='ltr'><strong>a</strong></span> <span class='ocrx_word' id='word_1_198' title='bbox 1248 713 1366 740; x_wconf 86' lang='lat' dir='ltr'><strong>muliere</strong></span> <span class='ocrx_word' id='word_1_199' title='bbox 1394 714 1430 741; x_wconf 89' lang='lat' dir='ltr'><strong>ad</strong></span> <span class='ocrx_word' id='word_1_200' title='bbox 1457 715 1598 742; x_wconf 83' lang='lat' dir='ltr'><strong>hominem</strong></span> <span class='ocrx_word' id='word_1_201' title='bbox 1627 715 1737 751; x_wconf 85' lang='lat' dir='ltr'><strong>(nempe</strong></span> 
     </span>
    </p>
   </div>
   <div class='ocr_carea' id='block_1_28' title="bbox 939 755 1737 793">
    <p class='ocr_par' dir='ltr' id='par_1_28' title="bbox 939 755 1737 793">
     <span class='ocr_line' id='line_1_28' title="bbox 939 755 1737 793; baseline 0.008 -10"><span class='ocrx_word' id='word_1_202' title='bbox 939 755 1092 792; x_wconf 83' lang='lat' dir='ltr'><strong>Christum)</strong></span> <span class='ocrx_word' id='word_1_203' title='bbox 1119 757 1244 785; x_wconf 86' lang='lat' dir='ltr'><strong>traduxit</strong></span> <span class='ocrx_word' id='word_1_204' title='bbox 1268 759 1340 786; x_wconf 84' lang='lat' dir='ltr'><strong>Deus</strong></span> <span class='ocrx_word' id='word_1_205' title='bbox 1361 760 1528 793; x_wconf 88' lang='lat' dir='ltr'><strong>orationem,</strong></span> <span class='ocrx_word' id='word_1_206' title='bbox 1560 760 1656 788; x_wconf 85' lang='lat' dir='ltr'><strong>dicens</strong></span> <span class='ocrx_word' id='word_1_207' title='bbox 1678 769 1737 788; x_wconf 90' lang='lat' dir='ltr'><strong>ser—</strong></span> 
     </span>
    </p>
   </div>
   <div class='ocr_carea' id='block_1_29' title="bbox 940 803 1736 842">
    <p class='ocr_par' dir='ltr' id='par_1_29' title="bbox 940 803 1736 842">
     <span class='ocr_line' id='line_1_29' title="bbox 940 803 1736 842; baseline 0.008 -13"><span class='ocrx_word' id='word_1_208' title='bbox 940 803 1017 839; x_wconf 87' lang='lat' dir='ltr'><strong>penti</strong></span> <span class='ocrx_word' id='word_1_209' title='bbox 1028 812 1034 830; x_wconf 91' lang='lat'>:</span> <span class='ocrx_word' id='word_1_210' title='bbox 1045 803 1104 838; x_wconf 73' lang='lat' dir='ltr'><strong>Ipse</strong></span> <span class='ocrx_word' id='word_1_211' title='bbox 1116 804 1262 831; x_wconf 76' lang='lat' dir='ltr'><strong>abscrvabit</strong></span> <span class='ocrx_word' id='word_1_212' title='bbox 1273 811 1355 840; x_wconf 76' lang='lat' dir='ltr'><strong>caput</strong></span> <span class='ocrx_word' id='word_1_213' title='bbox 1370 810 1456 842; x_wconf 81' lang='lat' dir='ltr'><strong>tuum,</strong></span> <span class='ocrx_word' id='word_1_214' title='bbox 1474 811 1500 834; x_wconf 91' lang='lat' dir='ltr'><strong>te</strong></span> <span class='ocrx_word' id='word_1_215' title='bbox 1515 813 1663 835; x_wconf 87' lang='lat' dir='ltr'><strong>conterens</strong></span> <span class='ocrx_word' id='word_1_216' title='bbox 1674 815 1736 835; x_wconf 87' lang='lat' dir='ltr'><strong>cum</strong></span> 
     </span>
    </p>
   </div>
   <div class='ocr_carea' id='block_1_30' title="bbox 941 848 1735 886">
    <p class='ocr_par' dir='ltr' id='par_1_30' title="bbox 941 848 1735 886">
     <span class='ocr_line' id='line_1_30' title="bbox 941 848 1735 886; baseline 0.006 -11"><span class='ocrx_word' id='word_1_217' title='bbox 941 848 1053 876; x_wconf 88' lang='lat' dir='ltr'><strong>insidiis</strong></span> <span class='ocrx_word' id='word_1_218' title='bbox 1069 857 1076 875; x_wconf 87' lang='lat'><strong>:</strong></span> <span class='ocrx_word' id='word_1_219' title='bbox 1093 853 1118 875; x_wconf 77' lang='lat' dir='ltr'><strong>et</strong></span> <span class='ocrx_word' id='word_1_220' title='bbox 1139 853 1167 875; x_wconf 79' lang='lat' dir='ltr'><strong>tu</strong></span> <span class='ocrx_word' id='word_1_221' title='bbox 1182 849 1330 877; x_wconf 74' lang='lat' dir='ltr'><strong>observabis</strong></span> <span class='ocrx_word' id='word_1_222' title='bbox 1346 851 1403 886; x_wconf 76' lang='lat' dir='ltr'><strong>ejus</strong></span> <span class='ocrx_word' id='word_1_223' title='bbox 1417 852 1584 885; x_wconf 82' lang='lat' dir='ltr'><strong>calcaneum,</strong></span> <span class='ocrx_word' id='word_1_224' title='bbox 1610 853 1664 880; x_wconf 89' lang='lat' dir='ltr'><strong>hoc</strong></span> <span class='ocrx_word' id='word_1_225' title='bbox 1683 858 1735 886; x_wconf 86' lang='lat' dir='ltr'><strong>est,</strong></span> 
     </span>
    </p>
   </div>
   <div class='ocr_carea' id='block_1_31' title="bbox 941 896 1739 935">
    <p class='ocr_par' dir='ltr' id='par_1_31' title="bbox 941 896 1739 935">
     <span class='ocr_line' id='line_1_31' title="bbox 941 896 1739 935; baseline 0.008 -13"><span class='ocrx_word' id='word_1_226' title='bbox 941 899 1066 922; x_wconf 88' lang='lat' dir='ltr'><strong>extrema</strong></span> <span class='ocrx_word' id='word_1_227' title='bbox 1093 896 1180 923; x_wconf 82' lang='lat' dir='ltr'><strong>totius</strong></span> <span class='ocrx_word' id='word_1_228' title='bbox 1204 897 1333 931; x_wconf 87' lang='lat' dir='ltr'><strong>corporis</strong></span> <span class='ocrx_word' id='word_1_229' title='bbox 1356 897 1461 926; x_wconf 87' lang='lat' dir='ltr'><strong>Christi</strong></span> <span class='ocrx_word' id='word_1_230' title='bbox 1484 899 1548 935; x_wconf 89' lang='lat' dir='ltr'><strong>(hoc</strong></span> <span class='ocrx_word' id='word_1_231' title='bbox 1579 904 1672 926; x_wconf 87' lang='lat' dir='ltr'><strong>autem</strong></span> <span class='ocrx_word' id='word_1_232' title='bbox 1695 905 1739 928; x_wconf 82' lang='lat' dir='ltr'><strong>est</strong></span> 
     </span>
    </p>
   </div>
   <div class='ocr_carea' id='block_1_32' title="bbox 942 941 1736 978">
    <p class='ocr_par' dir='ltr' id='par_1_32' title="bbox 942 941 1736 978">
     <span class='ocr_line' id='line_1_32' title="bbox 942 941 1736 978; baseline 0.008 -10"><span class='ocrx_word' id='word_1_233' title='bbox 942 941 1078 976; x_wconf 86' lang='lat' dir='ltr'><strong>Ecclesia)</strong></span> <span class='ocrx_word' id='word_1_234' title='bbox 1105 942 1135 969; x_wconf 86' lang='lat' dir='ltr'><strong>in</strong></span> <span class='ocrx_word' id='word_1_235' title='bbox 1158 943 1293 970; x_wconf 85' lang='lat' dir='ltr'><strong>extremis</strong></span> <span class='ocrx_word' id='word_1_236' title='bbox 1315 945 1490 978; x_wconf 86' lang='lat' dir='ltr'><strong>temporibus</strong></span> <span class='ocrx_word' id='word_1_237' title='bbox 1512 954 1573 972; x_wconf 87' lang='lat' dir='ltr'><strong>eam</strong></span> <span class='ocrx_word' id='word_1_238' title='bbox 1599 947 1736 975; x_wconf 87' lang='lat' dir='ltr'><strong>cribrans.</strong></span> 
     </span>
    </p>
   </div>
   <div class='ocr_carea' id='block_1_33' title="bbox 87 985 1738 1028">
    <p class='ocr_par' dir='ltr' id='par_1_33' title="bbox 87 985 1738 1028">
     <span class='ocr_line' id='line_1_33' title="bbox 87 985 1738 1028; baseline 0.007 -20"><span class='ocrx_word' id='word_1_239' title='bbox 87 992 273 1028; x_wconf 54' lang='lat' dir='ltr'><strong>mnigemiam</strong></span> <span class='ocrx_word' id='word_1_240' title='bbox 301 991 376 1019; x_wconf 56' lang='lat' dir='ltr'><strong>cadit</strong></span> <span class='ocrx_word' id='word_1_241' title='bbox 401 999 534 1027; x_wconf 55' lang='lat' dir='ltr'><strong>serpens,</strong></span> <span class='ocrx_word' id='word_1_242' title='bbox 555 1000 619 1020; x_wconf 73' lang='lat' dir='ltr'><strong>cum</strong></span> <span class='ocrx_word' id='word_1_243' title='bbox 645 993 681 1020; x_wconf 70' lang='grc' dir='ltr'><strong>είι</strong></span> <span class='ocrx_word' id='word_1_244' title='bbox 706 993 883 1025; x_wconf 56' lang='lat' dir='ltr'><strong>immortalis,</strong></span> <span class='ocrx_word' id='word_1_245' title='bbox 900 985 1090 1017; x_wconf 84' lang='lat' dir='ltr'><strong>BCalcaneus</strong></span> <span class='ocrx_word' id='word_1_246' title='bbox 1102 991 1195 1015; x_wconf 90' lang='lat' dir='ltr'><strong>autem</strong></span> <span class='ocrx_word' id='word_1_247' title='bbox 1211 989 1272 1023; x_wconf 85' lang='lat' dir='ltr'><strong>ejus</strong></span> <span class='ocrx_word' id='word_1_248' title='bbox 1285 992 1313 1016; x_wconf 89' lang='lat' dir='ltr'><strong>et</strong></span> <span class='ocrx_word' id='word_1_249' title='bbox 1326 994 1495 1022; x_wconf 70' lang='lat' dir='ltr'><strong>extremum,</strong></span> <span class='ocrx_word' id='word_1_250' title='bbox 1516 996 1559 1018; x_wconf 89' lang='lat' dir='ltr'><strong>est</strong></span> <span class='ocrx_word' id='word_1_251' title='bbox 1571 992 1738 1020; x_wconf 85' lang='lat' dir='ltr'><strong>Antichristi</strong></span> 
     </span>
    </p>
   </div>
   <div class='ocr_carea' id='block_1_34' title="bbox 88 1036 889 1069">
    <p class='ocr_par' dir='ltr' id='par_1_34' title="bbox 88 1036 889 1069">
     <span class='ocr_line' id='line_1_34' title="bbox 88 1036 889 1069; baseline 0.001 -4"><span class='ocrx_word' id='word_1_252' title='bbox 88 1042 192 1066; x_wconf 90' lang='lat' dir='ltr'><strong>terram</strong></span> <span class='ocrx_word' id='word_1_253' title='bbox 207 1037 340 1069; x_wconf 82' lang='lat' dir='ltr'><strong>comedit.</strong></span> <span class='ocrx_word' id='word_1_254' title='bbox 352 1038 482 1066; x_wconf 84' lang='lat' dir='ltr'><strong>Omnibus</strong></span> <span class='ocrx_word' id='word_1_255' title='bbox 497 1036 598 1066; x_wconf 82' lang='lat' dir='ltr'><strong>diebus</strong></span> <span class='ocrx_word' id='word_1_256' title='bbox 620 1039 683 1067; x_wconf 67' lang='lat' dir='ltr'><strong>vitae</strong></span> <span class='ocrx_word' id='word_1_257' title='bbox 709 1046 766 1067; x_wconf 65' lang='lat' dir='ltr'><strong>sua:</strong></span> <span class='ocrx_word' id='word_1_258' title='bbox 788 1039 889 1066; x_wconf 89' lang='lat' dir='ltr'><strong>missus</strong></span> 
     </span>
    </p>
   </div>
   <div class='ocr_carea' id='block_1_35' title="bbox 87 1084 889 1120">
    <p class='ocr_par' dir='ltr' id='par_1_35' title="bbox 87 1084 889 1120">
     <span class='ocr_line' id='line_1_35' title="bbox 87 1084 889 1120; baseline 0.001 -9"><span class='ocrx_word' id='word_1_259' title='bbox 87 1084 118 1111; x_wconf 92' lang='lat' dir='ltr'><strong>in</strong></span> <span class='ocrx_word' id='word_1_260' title='bbox 142 1084 235 1119; x_wconf 79' lang='lat' dir='ltr'><strong>ignem</strong></span> <span class='ocrx_word' id='word_1_261' title='bbox 254 1089 400 1111; x_wconf 75' lang='lat' dir='ltr'><strong>aeternum.</strong></span> <span class='ocrx_word' id='word_1_262' title='bbox 425 1084 464 1111; x_wconf 91' lang='lat' dir='ltr'><strong>De</strong></span> <span class='ocrx_word' id='word_1_263' title='bbox 490 1084 551 1119; x_wconf 87' lang='lat' dir='ltr'><strong>ipso</strong></span> <span class='ocrx_word' id='word_1_264' title='bbox 567 1089 659 1112; x_wconf 90' lang='lat' dir='ltr'><strong>tamen</strong></span> <span class='ocrx_word' id='word_1_265' title='bbox 688 1089 820 1120; x_wconf 85' lang='lat' dir='ltr'><strong>serpente</strong></span> <span class='ocrx_word' id='word_1_266' title='bbox 840 1085 889 1120; x_wconf 90' lang='lat' dir='ltr'><strong>qui</strong></span> 
     </span>
    </p>
   </div>
   <div class='ocr_carea' id='block_1_36' title="bbox 87 1129 889 1166">
    <p class='ocr_par' dir='ltr' id='par_1_36' title="bbox 87 1129 889 1166">
     <span class='ocr_line' id='line_1_36' title="bbox 87 1129 889 1166; baseline 0 -9"><span class='ocrx_word' id='word_1_267' title='bbox 87 1129 165 1158; x_wconf 86' lang='lat' dir='ltr'><strong>cadit</strong></span> <span class='ocrx_word' id='word_1_268' title='bbox 188 1129 242 1156; x_wconf 90' lang='lat' dir='ltr'><strong>sub</strong></span> <span class='ocrx_word' id='word_1_269' title='bbox 270 1129 493 1164; x_wconf 78' lang='lat' dir='ltr'><strong>intelligentiam,</strong></span> <span class='ocrx_word' id='word_1_270' title='bbox 509 1133 537 1157; x_wconf 93' lang='lat' dir='ltr'><strong>et</strong></span> <span class='ocrx_word' id='word_1_271' title='bbox 562 1129 596 1158; x_wconf 87' lang='lat' dir='ltr'><strong>de</strong></span> <span class='ocrx_word' id='word_1_272' title='bbox 617 1130 741 1158; x_wconf 83' lang='lat' dir='ltr'><strong>Ecclesia</strong></span> <span class='ocrx_word' id='word_1_273' title='bbox 767 1131 889 1166; x_wconf 78' lang='lat' dir='ltr'><strong>intelligo</strong></span> 
     </span>
    </p>
   </div>
   <div class='ocr_carea' id='block_1_37' title="bbox 88 1172 888 1210">
    <p class='ocr_par' dir='ltr' id='par_1_37' title="bbox 88 1172 888 1210">
     <span class='ocr_line' id='line_1_37' title="bbox 88 1172 888 1210; baseline 0.003 -8"><span class='ocrx_word' id='word_1_274' title='bbox 88 1175 216 1202; x_wconf 76' lang='lat' dir='ltr'><strong>divinum</strong></span> <span class='ocrx_word' id='word_1_275' title='bbox 242 1174 385 1210; x_wconf 87' lang='lat' dir='ltr'><strong>eloquium</strong></span> <span class='ocrx_word' id='word_1_276' title='bbox 409 1175 483 1210; x_wconf 84' lang='lat' dir='ltr'><strong>quod</strong></span> <span class='ocrx_word' id='word_1_277' title='bbox 499 1175 568 1202; x_wconf 90' lang='lat' dir='ltr'><strong>dicit</strong></span> <span class='ocrx_word' id='word_1_278' title='bbox 585 1185 591 1203; x_wconf 91' lang='lat'><strong>:</strong></span> <span class='ocrx_word' id='word_1_279' title='bbox 613 1172 716 1203; x_wconf 70' lang='lat' dir='ltr'><strong>Panum</strong></span> <span class='ocrx_word' id='word_1_280' title='bbox 736 1178 888 1204; x_wconf 77' lang='lat' dir='ltr'><strong>inimicitias</strong></span> 
     </span>
    </p>
   </div>
   <div class='ocr_carea' id='block_1_38' title="bbox 87 1221 889 1258">
    <p class='ocr_par' dir='ltr' id='par_1_38' title="bbox 87 1221 889 1258">
     <span class='ocr_line' id='line_1_38' title="bbox 87 1221 889 1258; baseline 0.004 -10"><span class='ocrx_word' id='word_1_281' title='bbox 87 1222 159 1249; x_wconf 79' lang='lat' dir='ltr'><strong>inter</strong></span> <span class='ocrx_word' id='word_1_282' title='bbox 176 1221 321 1249; x_wconf 84' lang='lat' dir='ltr'><strong>diabolum</strong></span> <span class='ocrx_word' id='word_1_283' title='bbox 336 1227 360 1249; x_wconf 85' lang='lat' dir='ltr'><strong>et</strong></span> <span class='ocrx_word' id='word_1_284' title='bbox 385 1222 535 1250; x_wconf 72' lang='lat' dir='ltr'><strong>mulierem.</strong></span> <span class='ocrx_word' id='word_1_285' title='bbox 558 1223 642 1251; x_wconf 88' lang='lat' dir='ltr'><strong>Beata</strong></span> <span class='ocrx_word' id='word_1_286' title='bbox 660 1227 704 1250; x_wconf 89' lang='lat' dir='ltr'><strong>est</strong></span> <span class='ocrx_word' id='word_1_287' title='bbox 728 1231 795 1258; x_wconf 80' lang='lat' dir='ltr'><strong>ergo</strong></span> <span class='ocrx_word' id='word_1_288' title='bbox 815 1223 889 1251; x_wconf 91' lang='lat' dir='ltr'><strong>inter</strong></span> 
     </span>
    </p>
   </div>
   <div class='ocr_carea' id='block_1_39' title="bbox 89 1267 890 1297">
    <p class='ocr_par' dir='ltr' id='par_1_39' title="bbox 89 1267 890 1297">
     <span class='ocr_line' id='line_1_39' title="bbox 89 1267 890 1297; baseline 0.002 -2"><span class='ocrx_word' id='word_1_289' title='bbox 89 1267 226 1296; x_wconf 82' lang='lat' dir='ltr'><strong>mulieres</strong></span> <span class='ocrx_word' id='word_1_290' title='bbox 236 1268 297 1295; x_wconf 87' lang='lat' dir='ltr'><strong>sola</strong></span> <span class='ocrx_word' id='word_1_291' title='bbox 307 1269 366 1297; x_wconf 58' lang='lat' dir='ltr'><strong>hac</strong></span> <span class='ocrx_word' id='word_1_292' title='bbox 382 1269 493 1296; x_wconf 82' lang='lat' dir='ltr'><strong>mulier.</strong></span> <span class='ocrx_word' id='word_1_293' title='bbox 510 1269 580 1297; x_wconf 82' lang='lat' dir='ltr'><strong>Hinc</strong></span> <span class='ocrx_word' id='word_1_294' title='bbox 600 1270 675 1297; x_wconf 89' lang='lat' dir='ltr'><strong>enim</strong></span> <span class='ocrx_word' id='word_1_295' title='bbox 687 1269 822 1297; x_wconf 88' lang='lat' dir='ltr'><strong>discimus</strong></span> <span class='ocrx_word' id='word_1_296' title='bbox 833 1278 890 1297; x_wconf 90' lang='lat' dir='ltr'><strong>ma-</strong></span> 
     </span>
    </p>
   </div>
   <div class='ocr_carea' id='block_1_40' title="bbox 88 1304 890 1348">
    <p class='ocr_par' dir='ltr' id='par_1_40' title="bbox 88 1304 890 1348">
     <span class='ocr_line' id='line_1_40' title="bbox 88 1304 890 1348; baseline 0.004 -11"><span class='ocrx_word' id='word_1_297' title='bbox 88 1319 174 1347; x_wconf 76' lang='lat' dir='ltr'><strong>gnum</strong></span> <span class='ocrx_word' id='word_1_298' title='bbox 194 1311 295 1347; x_wconf 81' lang='lat' dir='ltr'><strong>dogma</strong></span> <span class='ocrx_word' id='word_1_299' title='bbox 315 1312 350 1339; x_wconf 90' lang='lat' dir='ltr'><strong>de</strong></span> <span class='ocrx_word' id='word_1_300' title='bbox 359 1304 429 1347; x_wconf 62' lang='lat' dir='ltr'><strong>ipsa;</strong></span> <span class='ocrx_word' id='word_1_301' title='bbox 441 1313 528 1340; x_wconf 85' lang='lat' dir='ltr'><strong>etiam</strong></span> <span class='ocrx_word' id='word_1_302' title='bbox 538 1313 610 1348; x_wconf 91' lang='lat' dir='ltr'><strong>ipsis</strong></span> <span class='ocrx_word' id='word_1_303' title='bbox 622 1313 700 1340; x_wconf 69' lang='lat' dir='ltr'><strong>ccelis</strong></span> <span class='ocrx_word' id='word_1_304' title='bbox 710 1313 848 1340; x_wconf 76' lang='lat' dir='ltr'><strong>excelsius</strong></span> <span class='ocrx_word' id='word_1_305' title='bbox 861 1317 890 1340; x_wconf 89' lang='lat' dir='ltr'><strong>ct</strong></span> 
     </span>
    </p>
   </div>
   <div class='ocr_carea' id='block_1_41' title="bbox 88 1357 889 1394">
    <p class='ocr_par' dir='ltr' id='par_1_41' title="bbox 88 1357 889 1394">
     <span class='ocr_line' id='line_1_41' title="bbox 88 1357 889 1394; baseline 0.001 -8"><span class='ocrx_word' id='word_1_306' title='bbox 88 1358 279 1393; x_wconf 77' lang='lat' dir='ltr'><strong>praestantius.</strong></span> <span class='ocrx_word' id='word_1_307' title='bbox 304 1357 450 1391; x_wconf 86' lang='lat' dir='ltr'><strong>Quodnam</strong></span> <span class='ocrx_word' id='word_1_308' title='bbox 474 1364 518 1387; x_wconf 79' lang='lat' dir='ltr'><strong>est</strong></span> <span class='ocrx_word' id='word_1_309' title='bbox 546 1360 620 1386; x_wconf 85' lang='lat' dir='ltr'><strong>hoc?</strong></span> <span class='ocrx_word' id='word_1_310' title='bbox 637 1359 704 1387; x_wconf 83' lang='lat' dir='ltr'><strong>Dico</strong></span> <span class='ocrx_word' id='word_1_311' title='bbox 730 1359 804 1394; x_wconf 88' lang='lat' dir='ltr'><strong>quod</strong></span> <span class='ocrx_word' id='word_1_312' title='bbox 831 1361 889 1388; x_wconf 87' lang='lat' dir='ltr'><strong>sola</strong></span> 
     </span>
    </p>
   </div>
   <div class='ocr_carea' id='block_1_42' title="bbox 89 1403 890 1439">
    <p class='ocr_par' dir='ltr' id='par_1_42' title="bbox 89 1403 890 1439">
     <span class='ocr_line' id='line_1_42' title="bbox 89 1403 890 1439; baseline 0.002 -8"><span class='ocrx_word' id='word_1_313' title='bbox 89 1412 149 1439; x_wconf 73' lang='lat' dir='ltr'><strong>quae</strong></span> <span class='ocrx_word' id='word_1_314' title='bbox 163 1408 208 1432; x_wconf 89' lang='lat' dir='ltr'><strong>est</strong></span> <span class='ocrx_word' id='word_1_315' title='bbox 222 1403 447 1432; x_wconf 85' lang='lat' dir='ltr'><strong>Christianorum</strong></span> <span class='ocrx_word' id='word_1_316' title='bbox 463 1406 588 1433; x_wconf 83' lang='lat' dir='ltr'><strong>Ecclesia</strong></span> <span class='ocrx_word' id='word_1_317' title='bbox 600 1405 704 1433; x_wconf 88' lang='lat' dir='ltr'><strong>Christi</strong></span> <span class='ocrx_word' id='word_1_318' title='bbox 714 1426 722 1438; x_wconf 90' lang='lat'><strong>,</strong></span> <span class='ocrx_word' id='word_1_319' title='bbox 738 1410 781 1433; x_wconf 89' lang='lat' dir='ltr'><strong>est</strong></span> <span class='ocrx_word' id='word_1_320' title='bbox 800 1406 890 1434; x_wconf 81' lang='lat' dir='ltr'><strong>hostis</strong></span> 
     </span>
    </p>
   </div>
   <div class='ocr_carea' id='block_1_43' title="bbox 88 1450 890 1495">
    <p class='ocr_par' dir='ltr' id='par_1_43' title="bbox 88 1450 890 1495">
     <span class='ocr_line' id='line_1_43' title="bbox 88 1450 890 1495; baseline 0.001 -17"><span class='ocrx_word' id='word_1_321' title='bbox 88 1453 116 1478; x_wconf 84' lang='lat' dir='ltr'><strong>et</strong></span> <span class='ocrx_word' id='word_1_322' title='bbox 132 1450 249 1477; x_wconf 85' lang='lat' dir='ltr'><strong>inimica</strong></span> <span class='ocrx_word' id='word_1_323' title='bbox 281 1452 419 1485; x_wconf 84' lang='lat' dir='ltr'><strong>serpenti;</strong></span> <span class='ocrx_word' id='word_1_324' title='bbox 442 1451 563 1493; x_wconf 51' lang='lat' dir='ltr'><strong>reliqum</strong></span> <span class='ocrx_word' id='word_1_325' title='bbox 589 1455 683 1478; x_wconf 76' lang='lat' dir='ltr'><strong>autem</strong></span> <span class='ocrx_word' id='word_1_326' title='bbox 704 1459 802 1479; x_wconf 85' lang='lat' dir='ltr'><strong>omnes</strong></span> <span class='ocrx_word' id='word_1_327' title='bbox 829 1459 890 1495; x_wconf 30' lang='lat' dir='ltr'><strong>quva:</strong></span> 
     </span>
    </p>
   </div>
   <div class='ocr_carea' id='block_1_44' title="bbox 89 1495 890 1533">
    <p class='ocr_par' dir='ltr' id='par_1_44' title="bbox 89 1495 890 1533">
     <span class='ocr_line' id='line_1_44' title="bbox 89 1495 890 1533; baseline 0.004 -11"><span class='ocrx_word' id='word_1_328' title='bbox 89 1501 154 1522; x_wconf 91' lang='lat' dir='ltr'><strong>sunt</strong></span> <span class='ocrx_word' id='word_1_329' title='bbox 174 1495 204 1522; x_wconf 92' lang='lat' dir='ltr'><strong>in</strong></span> <span class='ocrx_word' id='word_1_330' title='bbox 236 1495 343 1523; x_wconf 86' lang='lat' dir='ltr'><strong>mundo</strong></span> <span class='ocrx_word' id='word_1_331' title='bbox 373 1496 522 1531; x_wconf 77' lang='lat' dir='ltr'><strong>religiones</strong></span> <span class='ocrx_word' id='word_1_332' title='bbox 549 1502 577 1525; x_wconf 88' lang='lat' dir='ltr'><strong>et</strong></span> <span class='ocrx_word' id='word_1_333' title='bbox 592 1497 660 1525; x_wconf 88' lang='lat' dir='ltr'><strong>ﬁdes</strong></span> <span class='ocrx_word' id='word_1_334' title='bbox 680 1498 805 1533; x_wconf 80' lang='lat' dir='ltr'><strong>gentium</strong></span> <span class='ocrx_word' id='word_1_335' title='bbox 823 1498 890 1533; x_wconf 79' lang='lat' dir='ltr'><strong>(tam</strong></span> 
     </span>
    </p>
   </div>
   <div class='ocr_carea' id='block_1_45' title="bbox 87 1540 890 1577">
    <p class='ocr_par' dir='ltr' id='par_1_45' title="bbox 87 1540 890 1577">
     <span class='ocr_line' id='line_1_45' title="bbox 87 1540 890 1577; baseline 0.005 -10"><span class='ocrx_word' id='word_1_336' title='bbox 87 1540 250 1568; x_wconf 61' lang='lat' dir='ltr'><strong>Judmorum</strong></span> <span class='ocrx_word' id='word_1_337' title='bbox 262 1549 345 1576; x_wconf 86' lang='lat' dir='ltr'><strong>quam</strong></span> <span class='ocrx_word' id='word_1_338' title='bbox 357 1541 553 1577; x_wconf 83' lang='lat' dir='ltr'><strong>Barbarorum)</strong></span> <span class='ocrx_word' id='word_1_339' title='bbox 567 1547 632 1570; x_wconf 91' lang='lat' dir='ltr'><strong>sunt</strong></span> <span class='ocrx_word' id='word_1_340' title='bbox 640 1543 736 1570; x_wconf 78' lang='lat' dir='ltr'><strong>amicae</strong></span> <span class='ocrx_word' id='word_1_341' title='bbox 747 1548 776 1570; x_wconf 89' lang='lat' dir='ltr'><strong>et</strong></span> <span class='ocrx_word' id='word_1_342' title='bbox 790 1548 890 1571; x_wconf 85' lang='lat' dir='ltr'><strong>contu-</strong></span> 
     </span>
    </p>
   </div>
   <div class='ocr_carea' id='block_1_46' title="bbox 89 1587 888 1624">
    <p class='ocr_par' dir='ltr' id='par_1_46' title="bbox 89 1587 888 1624">
     <span class='ocr_line' id='line_1_46' title="bbox 89 1587 888 1624; baseline 0.003 -10"><span class='ocrx_word' id='word_1_343' title='bbox 89 1587 231 1619; x_wconf 87' lang='lat' dir='ltr'><strong>bernales,</strong></span> <span class='ocrx_word' id='word_1_344' title='bbox 245 1591 274 1614; x_wconf 92' lang='lat' dir='ltr'><strong>et</strong></span> <span class='ocrx_word' id='word_1_345' title='bbox 288 1588 431 1623; x_wconf 77' lang='lat' dir='ltr'><strong>conjuges,</strong></span> <span class='ocrx_word' id='word_1_346' title='bbox 442 1592 471 1616; x_wconf 92' lang='lat' dir='ltr'><strong>et</strong></span> <span class='ocrx_word' id='word_1_347' title='bbox 482 1589 603 1624; x_wconf 63' lang='lat' dir='ltr'><strong>propriae</strong></span> <span class='ocrx_word' id='word_1_348' title='bbox 619 1589 723 1616; x_wconf 90' lang='lat' dir='ltr'><strong>diaboli</strong></span> <span class='ocrx_word' id='word_1_349' title='bbox 734 1589 888 1624; x_wconf 86' lang='lat' dir='ltr'><strong>serpentis:</strong></span> 
     </span>
    </p>
   </div>
   <div class='ocr_carea' id='block_1_47' title="bbox 88 1635 890 1670">
    <p class='ocr_par' dir='ltr' id='par_1_47' title="bbox 88 1635 890 1670">
     <span class='ocr_line' id='line_1_47' title="bbox 88 1635 890 1670; baseline 0.002 -10"><span class='ocrx_word' id='word_1_350' title='bbox 88 1640 122 1660; x_wconf 72' lang='lat' dir='ltr'><strong>CX</strong></span> <span class='ocrx_word' id='word_1_351' title='bbox 142 1641 177 1660; x_wconf 71' lang='grc' dir='ltr'><strong>ΒΟ</strong></span> <span class='ocrx_word' id='word_1_352' title='bbox 195 1638 275 1666; x_wconf 71' lang='lat' dir='ltr'><strong>natae,</strong></span> <span class='ocrx_word' id='word_1_353' title='bbox 293 1637 322 1661; x_wconf 91' lang='lat' dir='ltr'><strong>et</strong></span> <span class='ocrx_word' id='word_1_354' title='bbox 340 1641 403 1668; x_wconf 74' lang='lat' dir='ltr'><strong>qua:</strong></span> <span class='ocrx_word' id='word_1_355' title='bbox 417 1642 451 1661; x_wconf 82' lang='lat' dir='ltr'><strong>ex</strong></span> <span class='ocrx_word' id='word_1_356' title='bbox 470 1641 505 1661; x_wconf 89' lang='lat' dir='ltr'><strong>eo</strong></span> <span class='ocrx_word' id='word_1_357' title='bbox 524 1639 715 1670; x_wconf 86' lang='lat' dir='ltr'><strong>concepernnt</strong></span> <span class='ocrx_word' id='word_1_358' title='bbox 730 1635 832 1662; x_wconf 90' lang='lat' dir='ltr'><strong>malum</strong></span> <span class='ocrx_word' id='word_1_359' title='bbox 845 1643 890 1662; x_wconf 72' lang='lat'><strong>58-</strong></span> 
     </span>
    </p>
   </div>
   <div class='ocr_carea' id='block_1_48' title="bbox 88 1680 889 1716">
    <p class='ocr_par' dir='ltr' id='par_1_48' title="bbox 88 1680 889 1716">
     <span class='ocr_line' id='line_1_48' title="bbox 88 1680 889 1716; baseline 0.002 -10"><span class='ocrx_word' id='word_1_360' title='bbox 88 1687 152 1706; x_wconf 89' lang='lat' dir='ltr'><strong>men</strong></span> <span class='ocrx_word' id='word_1_361' title='bbox 167 1680 406 1707; x_wconf 78' lang='lat' dir='ltr'><strong>exsecrandorum</strong></span> <span class='ocrx_word' id='word_1_362' title='bbox 426 1680 597 1716; x_wconf 75' lang='lat' dir='ltr'><strong>dogmatum,</strong></span> <span class='ocrx_word' id='word_1_363' title='bbox 621 1681 690 1709; x_wconf 88' lang='lat' dir='ltr'><strong>adeo</strong></span> <span class='ocrx_word' id='word_1_364' title='bbox 708 1686 740 1708; x_wconf 85' lang='lat' dir='ltr'><strong>ut</strong></span> <span class='ocrx_word' id='word_1_365' title='bbox 759 1681 799 1709; x_wconf 91' lang='lat' dir='ltr'><strong>eis</strong></span> <span class='ocrx_word' id='word_1_366' title='bbox 816 1681 889 1709; x_wconf 91' lang='lat' dir='ltr'><strong>idem</strong></span> 
     </span>
    </p>
   </div>
   <div class='ocr_carea' id='block_1_49' title="bbox 88 1725 890 1761">
    <p class='ocr_par' dir='ltr' id='par_1_49' title="bbox 88 1725 890 1761">
     <span class='ocr_line' id='line_1_49' title="bbox 88 1725 890 1761; baseline 0.004 -9"><span class='ocrx_word' id='word_1_367' title='bbox 88 1725 126 1752; x_wconf 80' lang='lat' dir='ltr'><strong>sit</strong></span> <span class='ocrx_word' id='word_1_368' title='bbox 147 1730 176 1752; x_wconf 87' lang='lat' dir='ltr'><strong>et</strong></span> <span class='ocrx_word' id='word_1_369' title='bbox 192 1730 271 1760; x_wconf 76' lang='lat' dir='ltr'><strong>pater</strong></span> <span class='ocrx_word' id='word_1_370' title='bbox 285 1730 314 1753; x_wconf 87' lang='lat' dir='ltr'><strong>et</strong></span> <span class='ocrx_word' id='word_1_371' title='bbox 327 1726 380 1757; x_wconf 88' lang='lat' dir='ltr'><strong>vir.</strong></span> <span class='ocrx_word' id='word_1_372' title='bbox 397 1727 446 1761; x_wconf 92' lang='lat' dir='ltr'><strong>qui</strong></span> <span class='ocrx_word' id='word_1_373' title='bbox 459 1727 615 1759; x_wconf 72' lang='lat' dir='ltr'><strong>introduxit</strong></span> <span class='ocrx_word' id='word_1_374' title='bbox 632 1728 829 1756; x_wconf 78' lang='lat' dir='ltr'><strong>exsecrandam</strong></span> <span class='ocrx_word' id='word_1_375' title='bbox 844 1727 890 1755; x_wconf 89' lang='lat' dir='ltr'><strong>sui</strong></span> 
     </span>
    </p>
   </div>
   <div class='ocr_carea' id='block_1_50' title="bbox 88 1771 890 1809">
    <p class='ocr_par' dir='ltr' id='par_1_50' title="bbox 88 1771 890 1809">
     <span class='ocr_line' id='line_1_50' title="bbox 88 1771 890 1809; baseline 0.005 -12"><span class='ocrx_word' id='word_1_376' title='bbox 88 1771 163 1797; x_wconf 89' lang='lat' dir='ltr'><strong>inter</strong></span> <span class='ocrx_word' id='word_1_377' title='bbox 178 1778 208 1797; x_wconf 91' lang='lat' dir='ltr'><strong>se</strong></span> <span class='ocrx_word' id='word_1_378' title='bbox 222 1771 433 1806; x_wconf 89' lang='lat' dir='ltr'><strong>corruptionem</strong></span> <span class='ocrx_word' id='word_1_379' title='bbox 454 1780 460 1798; x_wconf 87' lang='lat'><strong>:</strong></span> <span class='ocrx_word' id='word_1_380' title='bbox 478 1772 530 1800; x_wconf 89' lang='lat' dir='ltr'><strong>hoc</strong></span> <span class='ocrx_word' id='word_1_381' title='bbox 544 1774 618 1800; x_wconf 92' lang='lat' dir='ltr'><strong>enim</strong></span> <span class='ocrx_word' id='word_1_382' title='bbox 635 1774 793 1809; x_wconf 82' lang='lat' dir='ltr'><strong>signiﬁcant</strong></span> <span class='ocrx_word' id='word_1_383' title='bbox 805 1775 890 1802; x_wconf 90' lang='lat' dir='ltr'><strong>etiam</strong></span> 
     </span>
    </p>
   </div>
   <div class='ocr_carea' id='block_1_51' title="bbox 88 1815 890 1854">
    <p class='ocr_par' dir='ltr' id='par_1_51' title="bbox 88 1815 890 1854">
     <span class='ocr_line' id='line_1_51' title="bbox 88 1815 890 1854; baseline 0.007 -13"><span class='ocrx_word' id='word_1_384' title='bbox 88 1823 150 1850; x_wconf 65' lang='lat' dir='ltr'><strong>quae</strong></span> <span class='ocrx_word' id='word_1_385' title='bbox 166 1815 301 1850; x_wconf 88' lang='lat' dir='ltr'><strong>deinceps</strong></span> <span class='ocrx_word' id='word_1_386' title='bbox 319 1821 477 1851; x_wconf 90' lang='lat' dir='ltr'><strong>sequuntur</strong></span> <span class='ocrx_word' id='word_1_387' title='bbox 491 1818 540 1845; x_wconf 91' lang='lat' dir='ltr'><strong>Dei</strong></span> <span class='ocrx_word' id='word_1_388' title='bbox 555 1819 640 1846; x_wconf 85' lang='lat' dir='ltr'><strong>verba</strong></span> <span class='ocrx_word' id='word_1_389' title='bbox 661 1819 695 1846; x_wconf 92' lang='lat' dir='ltr'><strong>ad</strong></span> <span class='ocrx_word' id='word_1_390' title='bbox 717 1819 808 1854; x_wconf 90' lang='lat' dir='ltr'><strong>ipsum</strong></span> <span class='ocrx_word' id='word_1_391' title='bbox 831 1827 890 1847; x_wconf 89' lang='lat' dir='ltr'><strong>ser-</strong></span> 
     </span>
    </p>
   </div>
   <div class='ocr_carea' id='block_1_52' title="bbox 88 1862 891 1898">
    <p class='ocr_par' dir='ltr' id='par_1_52' title="bbox 88 1862 891 1898">
     <span class='ocr_line' id='line_1_52' title="bbox 88 1862 891 1898; baseline 0.006 -10"><span class='ocrx_word' id='word_1_392' title='bbox 88 1866 213 1896; x_wconf 89' lang='lat' dir='ltr'><strong>pentem.</strong></span> <span class='ocrx_word' id='word_1_393' title='bbox 227 1862 295 1889; x_wconf 89' lang='lat' dir='ltr'><strong>Nam</strong></span> <span class='ocrx_word' id='word_1_394' title='bbox 309 1870 371 1890; x_wconf 89' lang='lat' dir='ltr'><strong>cum</strong></span> <span class='ocrx_word' id='word_1_395' title='bbox 385 1863 501 1891; x_wconf 87' lang='lat' dir='ltr'><strong>dixisset</strong></span> <span class='ocrx_word' id='word_1_396' title='bbox 516 1864 637 1898; x_wconf 76' lang='lat' dir='ltr'><strong>:Ponam</strong></span> <span class='ocrx_word' id='word_1_397' title='bbox 650 1865 805 1893; x_wconf 73' lang='lat' dir='ltr'><strong>inimicitias</strong></span> <span class='ocrx_word' id='word_1_398' title='bbox 819 1867 891 1893; x_wconf 79' lang='lat' dir='ltr'><strong>inter</strong></span> 
     </span>
    </p>
   </div>
   <div class='ocr_carea' id='block_1_53' title="bbox 89 1906 888 1944">
    <p class='ocr_par' dir='ltr' id='par_1_53' title="bbox 89 1906 888 1944">
     <span class='ocr_line' id='line_1_53' title="bbox 89 1906 888 1944; baseline 0.009 -12"><span class='ocrx_word' id='word_1_399' title='bbox 89 1911 114 1932; x_wconf 76' lang='lat' dir='ltr'><strong>te</strong></span> <span class='ocrx_word' id='word_1_400' title='bbox 129 1911 154 1932; x_wconf 81' lang='lat' dir='ltr'><strong>et</strong></span> <span class='ocrx_word' id='word_1_401' title='bbox 169 1906 309 1933; x_wconf 79' lang='lat' dir='ltr'><strong>mulierem</strong></span> <span class='ocrx_word' id='word_1_402' title='bbox 319 1927 327 1939; x_wconf 94' lang='lat'><strong>,</strong></span> <span class='ocrx_word' id='word_1_403' title='bbox 343 1908 503 1944; x_wconf 84' lang='lat' dir='ltr'><strong>subjunxit,</strong></span> <span class='ocrx_word' id='word_1_404' title='bbox 518 1909 615 1937; x_wconf 90' lang='lat' dir='ltr'><strong>dicens</strong></span> <span class='ocrx_word' id='word_1_405' title='bbox 633 1918 639 1936; x_wconf 95' lang='lat'>:</span> <span class='ocrx_word' id='word_1_406' title='bbox 654 1909 691 1936; x_wconf 81' lang='lat' dir='ltr'><strong>Et</strong></span> <span class='ocrx_word' id='word_1_407' title='bbox 707 1911 777 1937; x_wconf 80' lang='lat' dir='ltr'><strong>inter</strong></span> <span class='ocrx_word' id='word_1_408' title='bbox 799 1920 888 1939; x_wconf 75' lang='lat' dir='ltr'><strong>semen</strong></span> 
     </span>
    </p>
   </div>
   <div class='ocr_carea' id='block_1_54' title="bbox 89 1952 889 1994">
    <p class='ocr_par' dir='ltr' id='par_1_54' title="bbox 89 1952 889 1994">
     <span class='ocr_line' id='line_1_54' title="bbox 89 1952 889 1994; baseline 0.01 -16"><span class='ocrx_word' id='word_1_409' title='bbox 89 1952 157 1987; x_wconf 71' lang='lat' dir='ltr'><strong>ejus.</strong></span> <span class='ocrx_word' id='word_1_410' title='bbox 178 1952 263 1988; x_wconf 83' lang='lat' dir='ltr'><strong>Atqui</strong></span> <span class='ocrx_word' id='word_1_411' title='bbox 290 1953 410 1981; x_wconf 86' lang='lat' dir='ltr'><strong>debebat</strong></span> <span class='ocrx_word' id='word_1_412' title='bbox 429 1955 522 1983; x_wconf 89' lang='lat' dir='ltr'><strong>dicere</strong></span> <span class='ocrx_word' id='word_1_413' title='bbox 541 1963 548 1982; x_wconf 89' lang='lat'><strong>:</strong></span> <span class='ocrx_word' id='word_1_414' title='bbox 574 1955 609 1983; x_wconf 77' lang='lat' dir='ltr'><strong>Et</strong></span> <span class='ocrx_word' id='word_1_415' title='bbox 625 1957 694 1993; x_wconf 80' lang='lat' dir='ltr'><strong>inter</strong></span> <span class='ocrx_word' id='word_1_416' title='bbox 715 1957 784 1993; x_wconf 65' lang='lat' dir='ltr'><strong>fetus</strong></span> <span class='ocrx_word' id='word_1_417' title='bbox 810 1959 889 1994; x_wconf 81' lang='lat' dir='ltr'><strong>ejus:</strong></span> 
     </span>
    </p>
   </div>
   <div class='ocr_carea' id='block_1_55' title="bbox 89 1994 889 2040">
    <p class='ocr_par' dir='ltr' id='par_1_55' title="bbox 89 1994 889 2040">
     <span class='ocr_line' id='line_1_55' title="bbox 89 1994 889 2040; baseline 0.009 -15"><span class='ocrx_word' id='word_1_418' title='bbox 89 1998 111 2025; x_wconf 88' lang='lat' dir='ltr'><strong>si</strong></span> <span class='ocrx_word' id='word_1_419' title='bbox 129 1998 164 2026; x_wconf 89' lang='lat' dir='ltr'><strong>ad</strong></span> <span class='ocrx_word' id='word_1_420' title='bbox 183 1999 356 2034; x_wconf 84' lang='lat' dir='ltr'><strong>corporalem</strong></span> <span class='ocrx_word' id='word_1_421' title='bbox 374 1994 575 2036; x_wconf 48' lang='lat' dir='ltr'><strong>scrpcntem‘et</strong></span> <span class='ocrx_word' id='word_1_422' title='bbox 588 2002 733 2031; x_wconf 89' lang='lat' dir='ltr'><strong>mulierem</strong></span> <span class='ocrx_word' id='word_1_423' title='bbox 755 2012 889 2040; x_wconf 88' lang='lat' dir='ltr'><strong>corpora-</strong></span> 
     </span>
    </p>
   </div>
   <div class='ocr_carea' id='block_1_56' title="bbox 89 2044 889 2082">
    <p class='ocr_par' dir='ltr' id='par_1_56' title="bbox 89 2044 889 2082">
     <span class='ocr_line' id='line_1_56' title="bbox 89 2044 889 2082; baseline 0.009 -11"><span class='ocrx_word' id='word_1_424' title='bbox 89 2044 145 2072; x_wconf 89' lang='lat' dir='ltr'><strong>lem</strong></span> <span class='ocrx_word' id='word_1_425' title='bbox 160 2046 248 2072; x_wconf 87' lang='lat' dir='ltr'><strong>solam</strong></span> <span class='ocrx_word' id='word_1_426' title='bbox 269 2051 363 2074; x_wconf 86' lang='lat' dir='ltr'><strong>essent</strong></span> <span class='ocrx_word' id='word_1_427' title='bbox 386 2055 418 2074; x_wconf 89' lang='lat' dir='ltr'><strong>ea</strong></span> <span class='ocrx_word' id='word_1_428' title='bbox 446 2055 507 2082; x_wconf 66' lang='lat' dir='ltr'><strong>qua:</strong></span> <span class='ocrx_word' id='word_1_429' title='bbox 529 2048 673 2076; x_wconf 90' lang='lat' dir='ltr'><strong>dicuntur.</strong></span> <span class='ocrx_word' id='word_1_430' title='bbox 700 2050 799 2078; x_wconf 81' lang='lat' dir='ltr'><strong>Mulier</strong></span> <span class='ocrx_word' id='word_1_431' title='bbox 814 2051 889 2078; x_wconf 91' lang='lat' dir='ltr'><strong>enim</strong></span> 
     </span>
    </p>
   </div>
   <div class='ocr_carea' id='block_1_57' title="bbox 89 2091 888 2131">
    <p class='ocr_par' dir='ltr' id='par_1_57' title="bbox 89 2091 888 2131">
     <span class='ocr_line' id='line_1_57' title="bbox 89 2091 888 2131; baseline 0.009 -14"><span class='ocrx_word' id='word_1_432' title='bbox 89 2098 145 2117; x_wconf 87' lang='lat' dir='ltr'><strong>non</strong></span> <span class='ocrx_word' id='word_1_433' title='bbox 165 2091 271 2118; x_wconf 85' lang='lat' dir='ltr'><strong>emittit</strong></span> <span class='ocrx_word' id='word_1_434' title='bbox 290 2099 401 2124; x_wconf 86' lang='lat' dir='ltr'><strong>semen;</strong></span> <span class='ocrx_word' id='word_1_435' title='bbox 418 2093 466 2120; x_wconf 88' lang='lat' dir='ltr'><strong>sed</strong></span> <span class='ocrx_word' id='word_1_436' title='bbox 491 2101 553 2120; x_wconf 92' lang='lat' dir='ltr'><strong>cum</strong></span> <span class='ocrx_word' id='word_1_437' title='bbox 568 2095 727 2129; x_wconf 86' lang='lat' dir='ltr'><strong>acceperit,</strong></span> <span class='ocrx_word' id='word_1_438' title='bbox 749 2096 822 2131; x_wconf 84' lang='lat' dir='ltr'><strong>parit</strong></span> <span class='ocrx_word' id='word_1_439' title='bbox 847 2096 888 2124; x_wconf 86' lang='lat' dir='ltr'><strong>l‘e-</strong></span> 
     </span>
    </p>
   </div>
   <div class='ocr_carea' id='block_1_58' title="bbox 90 2138 890 2178">
    <p class='ocr_par' dir='ltr' id='par_1_58' title="bbox 90 2138 890 2178">
     <span class='ocr_line' id='line_1_58' title="bbox 90 2138 890 2178; baseline 0.009 -15"><span class='ocrx_word' id='word_1_440' title='bbox 90 2140 159 2164; x_wconf 82' lang='lat' dir='ltr'><strong>tum.</strong></span> <span class='ocrx_word' id='word_1_441' title='bbox 178 2138 291 2165; x_wconf 84' lang='lat' dir='ltr'><strong>Semina</strong></span> <span class='ocrx_word' id='word_1_442' title='bbox 318 2146 385 2173; x_wconf 81' lang='lat' dir='ltr'><strong>ergo</strong></span> <span class='ocrx_word' id='word_1_443' title='bbox 409 2139 542 2167; x_wconf 81' lang='lat' dir='ltr'><strong>Ecclesiae</strong></span> <span class='ocrx_word' id='word_1_444' title='bbox 566 2145 632 2167; x_wconf 91' lang='lat' dir='ltr'><strong>sunt</strong></span> <span class='ocrx_word' id='word_1_445' title='bbox 651 2142 697 2176; x_wconf 91' lang='lat' dir='ltr'><strong>pia</strong></span> <span class='ocrx_word' id='word_1_446' title='bbox 719 2142 847 2178; x_wconf 78' lang='lat' dir='ltr'><strong>dogmata</strong></span> <span class='ocrx_word' id='word_1_447' title='bbox 861 2143 890 2171; x_wconf 84' lang='lat' dir='ltr'><strong>et</strong></span> 
     </span>
    </p>
   </div>
   <div class='ocr_carea' id='block_1_59' title="bbox 88 2181 887 2221">
    <p class='ocr_par' dir='ltr' id='par_1_59' title="bbox 88 2181 887 2221">
     <span class='ocr_line' id='line_1_59' title="bbox 88 2181 887 2221; baseline 0.01 -12"><span class='ocrx_word' id='word_1_448' title='bbox 88 2181 245 2217; x_wconf 68' lang='lat' dir='ltr'><strong>disciplinae</strong></span> <span class='ocrx_word' id='word_1_449' title='bbox 265 2191 333 2218; x_wconf 84' lang='lat' dir='ltr'><strong>quas</strong></span> <span class='ocrx_word' id='word_1_450' title='bbox 363 2185 509 2212; x_wconf 84' lang='lat' dir='ltr'><strong>seminavit</strong></span> <span class='ocrx_word' id='word_1_451' title='bbox 537 2186 582 2213; x_wconf 84' lang='lat' dir='ltr'><strong>ille</strong></span> <span class='ocrx_word' id='word_1_452' title='bbox 597 2187 736 2221; x_wconf 83' lang='lat' dir='ltr'><strong>agricola,</strong></span> <span class='ocrx_word' id='word_1_453' title='bbox 763 2188 859 2217; x_wconf 86' lang='lat' dir='ltr'><strong>dicens</strong></span> <span class='ocrx_word' id='word_1_454' title='bbox 880 2198 887 2217; x_wconf 89' lang='lat'><strong>:</strong></span> 
     </span>
    </p>
   </div>
   <div class='ocr_carea' id='block_1_60' title="bbox 87 2227 889 2270">
    <p class='ocr_par' dir='ltr' id='par_1_60' title="bbox 87 2227 889 2270">
     <span class='ocr_line' id='line_1_60' title="bbox 87 2227 889 2270; baseline 0.01 -15"><span class='ocrx_word' id='word_1_455' title='bbox 87 2227 164 2255; x_wconf 69' lang='lat' dir='ltr'><strong>Exiit</strong></span> <span class='ocrx_word' id='word_1_456' title='bbox 182 2229 228 2263; x_wconf 84' lang='lat' dir='ltr'><strong>qui</strong></span> <span class='ocrx_word' id='word_1_457' title='bbox 242 2230 356 2256; x_wconf 76' lang='lat' dir='ltr'><strong>seminat</strong></span> <span class='ocrx_word' id='word_1_458' title='bbox 371 2230 406 2257; x_wconf 83' lang='lat' dir='ltr'><strong>ad</strong></span> <span class='ocrx_word' id='word_1_459' title='bbox 416 2230 645 2259; x_wconf 73' lang='lat' dir='ltr'><strong>seminandum”.</strong></span> <span class='ocrx_word' id='word_1_460' title='bbox 659 2233 766 2261; x_wconf 82' lang='lat' dir='ltr'><strong>Rursus</strong></span> <span class='ocrx_word' id='word_1_461' title='bbox 774 2242 889 2270; x_wconf 88' lang='lat' dir='ltr'><strong>serpen-</strong></span> 
     </span>
    </p>
   </div>
   <div class='ocr_carea' id='block_1_61' title="bbox 88 2273 889 2311">
    <p class='ocr_par' dir='ltr' id='par_1_61' title="bbox 88 2273 889 2311">
     <span class='ocr_line' id='line_1_61' title="bbox 88 2273 889 2311; baseline 0.01 -11"><span class='ocrx_word' id='word_1_462' title='bbox 88 2273 125 2300; x_wconf 89' lang='lat' dir='ltr'><strong>tis</strong></span> <span class='ocrx_word' id='word_1_463' title='bbox 136 2278 202 2300; x_wconf 90' lang='lat' dir='ltr'><strong>sunt</strong></span> <span class='ocrx_word' id='word_1_464' title='bbox 214 2274 285 2302; x_wconf 88' lang='lat' dir='ltr'><strong>mala</strong></span> <span class='ocrx_word' id='word_1_465' title='bbox 301 2275 407 2302; x_wconf 78' lang='lat' dir='ltr'><strong>semina</strong></span> <span class='ocrx_word' id='word_1_466' title='bbox 422 2280 451 2302; x_wconf 88' lang='lat' dir='ltr'><strong>et</strong></span> <span class='ocrx_word' id='word_1_467' title='bbox 463 2276 557 2311; x_wconf 76' lang='lat' dir='ltr'><strong>impia,</strong></span> <span class='ocrx_word' id='word_1_468' title='bbox 574 2277 767 2306; x_wconf 75' lang='lat' dir='ltr'><strong>hmreticorum</strong></span> <span class='ocrx_word' id='word_1_469' title='bbox 784 2280 889 2308; x_wconf 83' lang='lat' dir='ltr'><strong>zizania</strong></span> 
     </span>
    </p>
   </div>
   <div class='ocr_carea' id='block_1_62' title="bbox 939 1033 1736 1073">
    <p class='ocr_par' dir='ltr' id='par_1_62' title="bbox 939 1033 1736 1073">
     <span class='ocr_line' id='line_1_62' title="bbox 939 1033 1736 1073; baseline 0.008 -13"><span class='ocrx_word' id='word_1_470' title='bbox 939 1034 1086 1068; x_wconf 60' lang='lat' dir='ltr'><strong>praesentia</strong></span> <span class='ocrx_word' id='word_1_471' title='bbox 1100 1039 1163 1068; x_wconf 83' lang='lat' dir='ltr'><strong>quae</strong></span> <span class='ocrx_word' id='word_1_472' title='bbox 1183 1033 1277 1061; x_wconf 79' lang='lat' dir='ltr'><strong>futura</strong></span> <span class='ocrx_word' id='word_1_473' title='bbox 1294 1039 1338 1062; x_wconf 89' lang='lat' dir='ltr'><strong>est</strong></span> <span class='ocrx_word' id='word_1_474' title='bbox 1352 1035 1380 1062; x_wconf 92' lang='lat' dir='ltr'><strong>in</strong></span> <span class='ocrx_word' id='word_1_475' title='bbox 1393 1037 1528 1064; x_wconf 84' lang='lat' dir='ltr'><strong>extremis</strong></span> <span class='ocrx_word' id='word_1_476' title='bbox 1546 1038 1736 1073; x_wconf 80' lang='lat' dir='ltr'><strong>temporibus;</strong></span> 
     </span>
    </p>
   </div>
   <div class='ocr_carea' id='block_1_63' title="bbox 939 1080 1740 1118">
    <p class='ocr_par' dir='ltr' id='par_1_63' title="bbox 939 1080 1740 1118">
     <span class='ocr_line' id='line_1_63' title="bbox 939 1080 1740 1118; baseline 0.007 -12"><span class='ocrx_word' id='word_1_477' title='bbox 939 1080 1000 1115; x_wconf 87' lang='lat' dir='ltr'><strong>ejus</strong></span> <span class='ocrx_word' id='word_1_478' title='bbox 1015 1080 1090 1107; x_wconf 89' lang='lat' dir='ltr'><strong>enim</strong></span> <span class='ocrx_word' id='word_1_479' title='bbox 1108 1084 1218 1115; x_wconf 88' lang='lat' dir='ltr'><strong>tempus</strong></span> <span class='ocrx_word' id='word_1_480' title='bbox 1233 1081 1364 1109; x_wconf 85' lang='lat' dir='ltr'><strong>observat</strong></span> <span class='ocrx_word' id='word_1_481' title='bbox 1379 1087 1408 1110; x_wconf 90' lang='lat' dir='ltr'><strong>et</strong></span> <span class='ocrx_word' id='word_1_482' title='bbox 1419 1087 1563 1118; x_wconf 74' lang='lat' dir='ltr'><strong>exspectat</strong></span> <span class='ocrx_word' id='word_1_483' title='bbox 1574 1084 1665 1111; x_wconf 88' lang='lat' dir='ltr'><strong>malus</strong></span> <span class='ocrx_word' id='word_1_484' title='bbox 1679 1092 1740 1112; x_wconf 87' lang='lat' dir='ltr'><strong>ser-</strong></span> 
     </span>
    </p>
   </div>
   <div class='ocr_carea' id='block_1_64' title="bbox 940 1129 1738 1166">
    <p class='ocr_par' dir='ltr' id='par_1_64' title="bbox 940 1129 1738 1166">
     <span class='ocr_line' id='line_1_64' title="bbox 940 1129 1738 1166; baseline 0.009 -14"><span class='ocrx_word' id='word_1_485' title='bbox 940 1134 1020 1161; x_wconf 90' lang='lat' dir='ltr'><strong>pens,</strong></span> <span class='ocrx_word' id='word_1_486' title='bbox 1045 1133 1101 1160; x_wconf 87' lang='lat' dir='ltr'><strong>quo</strong></span> <span class='ocrx_word' id='word_1_487' title='bbox 1123 1130 1217 1154; x_wconf 87' lang='lat' dir='ltr'><strong>utetur</strong></span> <span class='ocrx_word' id='word_1_488' title='bbox 1238 1131 1369 1163; x_wconf 85' lang='lat' dir='ltr'><strong>tanquam</strong></span> <span class='ocrx_word' id='word_1_489' title='bbox 1394 1129 1593 1163; x_wconf 85' lang='lat' dir='ltr'><strong>instrumento,</strong></span> <span class='ocrx_word' id='word_1_490' title='bbox 1618 1130 1652 1158; x_wconf 84' lang='lat' dir='ltr'><strong>ad</strong></span> <span class='ocrx_word' id='word_1_491' title='bbox 1671 1139 1738 1166; x_wconf 87' lang='lat' dir='ltr'><strong>sup-</strong></span> 
     </span>
    </p>
   </div>
   <div class='ocr_carea' id='block_1_65' title="bbox 939 1170 1738 1212">
    <p class='ocr_par' dir='ltr' id='par_1_65' title="bbox 939 1170 1738 1212">
     <span class='ocr_line' id='line_1_65' title="bbox 939 1170 1738 1212; baseline 0.009 -16"><span class='ocrx_word' id='word_1_492' title='bbox 939 1170 1121 1205; x_wconf 85' lang='lat' dir='ltr'><strong>plantandum</strong></span> <span class='ocrx_word' id='word_1_493' title='bbox 1138 1179 1239 1200; x_wconf 90' lang='lat' dir='ltr'><strong>rursus</strong></span> <span class='ocrx_word' id='word_1_494' title='bbox 1259 1181 1309 1208; x_wconf 93' lang='lat' dir='ltr'><strong>per</strong></span> <span class='ocrx_word' id='word_1_495' title='bbox 1332 1173 1425 1201; x_wconf 88' lang='lat' dir='ltr'><strong>cibum</strong></span> <span class='ocrx_word' id='word_1_496' title='bbox 1442 1174 1596 1202; x_wconf 86' lang='lat' dir='ltr'><strong>Ecelesiam</strong></span> <span class='ocrx_word' id='word_1_497' title='bbox 1620 1185 1626 1202; x_wconf 73' lang='grc' dir='ltr'>ε</span> <span class='ocrx_word' id='word_1_498' title='bbox 1651 1176 1738 1212; x_wconf 88' lang='lat' dir='ltr'><strong>idque</strong></span> 
     </span>
    </p>
   </div>
   <div class='ocr_carea' id='block_1_66' title="bbox 940 1217 1741 1251">
    <p class='ocr_par' dir='ltr' id='par_1_66' title="bbox 940 1217 1741 1251">
     <span class='ocr_line' id='line_1_66' title="bbox 940 1217 1741 1251; baseline 0.007 -8"><span class='ocrx_word' id='word_1_499' title='bbox 940 1224 1004 1243; x_wconf 91' lang='lat' dir='ltr'><strong>cum</strong></span> <span class='ocrx_word' id='word_1_500' title='bbox 1031 1222 1097 1244; x_wconf 90' lang='lat' dir='ltr'><strong>tunc</strong></span> <span class='ocrx_word' id='word_1_501' title='bbox 1119 1218 1155 1245; x_wconf 89' lang='lat' dir='ltr'><strong>sit</strong></span> <span class='ocrx_word' id='word_1_502' title='bbox 1180 1217 1273 1245; x_wconf 83' lang='lat' dir='ltr'><strong>futura</strong></span> <span class='ocrx_word' id='word_1_503' title='bbox 1297 1219 1395 1251; x_wconf 81' lang='lat' dir='ltr'><strong>fames,</strong></span> <span class='ocrx_word' id='word_1_504' title='bbox 1421 1220 1494 1247; x_wconf 84' lang='lat' dir='ltr'><strong>sicut</strong></span> <span class='ocrx_word' id='word_1_505' title='bbox 1510 1221 1595 1248; x_wconf 89' lang='lat' dir='ltr'><strong>etiam</strong></span> <span class='ocrx_word' id='word_1_506' title='bbox 1623 1222 1741 1250; x_wconf 89' lang='lat' dir='ltr'><strong>tradidi-</strong></span> 
     </span>
    </p>
   </div>
   <div class='ocr_carea' id='block_1_67' title="bbox 941 1262 1740 1298">
    <p class='ocr_par' dir='ltr' id='par_1_67' title="bbox 941 1262 1740 1298">
     <span class='ocr_line' id='line_1_67' title="bbox 941 1262 1740 1298; baseline 0.009 -10"><span class='ocrx_word' id='word_1_507' title='bbox 941 1270 1004 1289; x_wconf 88' lang='lat' dir='ltr'><strong>mus</strong></span> <span class='ocrx_word' id='word_1_508' title='bbox 1024 1262 1052 1288; x_wconf 94' lang='lat' dir='ltr'><strong>in</strong></span> <span class='ocrx_word' id='word_1_509' title='bbox 1076 1262 1150 1290; x_wconf 87' lang='lat' dir='ltr'><strong>libro</strong></span> <span class='ocrx_word' id='word_1_510' title='bbox 1175 1264 1362 1298; x_wconf 63' lang='lat' dir='ltr'><strong>praecedente.</strong></span> <span class='ocrx_word' id='word_1_511' title='bbox 1386 1264 1466 1298; x_wconf 84' lang='lat' dir='ltr'><strong>Quod</strong></span> <span class='ocrx_word' id='word_1_512' title='bbox 1493 1271 1587 1293; x_wconf 89' lang='lat' dir='ltr'><strong>autem</strong></span> <span class='ocrx_word' id='word_1_513' title='bbox 1611 1267 1740 1296; x_wconf 87' lang='lat' dir='ltr'><strong>Christus</strong></span> 
     </span>
    </p>
   </div>
   <div class='ocr_carea' id='block_1_68' title="bbox 941 1307 1740 1346">
    <p class='ocr_par' dir='ltr' id='par_1_68' title="bbox 941 1307 1740 1346">
     <span class='ocr_line' id='line_1_68' title="bbox 941 1307 1740 1346; baseline 0.009 -12"><span class='ocrx_word' id='word_1_514' title='bbox 941 1307 1026 1334; x_wconf 80' lang='lat' dir='ltr'><strong>fuerit</strong></span> <span class='ocrx_word' id='word_1_515' title='bbox 1045 1312 1141 1335; x_wconf 88' lang='lat' dir='ltr'><strong>custos</strong></span> <span class='ocrx_word' id='word_1_516' title='bbox 1161 1308 1305 1341; x_wconf 68' lang='lat' dir='ltr'><strong>Ecclesiaa,</strong></span> <span class='ocrx_word' id='word_1_517' title='bbox 1328 1316 1384 1337; x_wconf 81' lang='lat' dir='ltr'><strong>nan</strong></span> <span class='ocrx_word' id='word_1_518' title='bbox 1408 1319 1479 1346; x_wconf 90' lang='lat' dir='ltr'><strong>opus</strong></span> <span class='ocrx_word' id='word_1_519' title='bbox 1502 1311 1557 1338; x_wconf 90' lang='lat' dir='ltr'><strong>erit</strong></span> <span class='ocrx_word' id='word_1_520' title='bbox 1579 1312 1614 1340; x_wconf 89' lang='lat' dir='ltr'><strong>de</strong></span> <span class='ocrx_word' id='word_1_521' title='bbox 1639 1321 1673 1340; x_wconf 87' lang='lat' dir='ltr'><strong>co</strong></span> <span class='ocrx_word' id='word_1_522' title='bbox 1687 1314 1740 1341; x_wconf 89' lang='lat' dir='ltr'><strong>alia</strong></span> 
     </span>
    </p>
   </div>
   <div class='ocr_carea' id='block_1_69' title="bbox 941 1354 1740 1394">
    <p class='ocr_par' dir='ltr' id='par_1_69' title="bbox 941 1354 1740 1394">
     <span class='ocr_line' id='line_1_69' title="bbox 941 1354 1740 1394; baseline 0.008 -15"><span class='ocrx_word' id='word_1_523' title='bbox 941 1354 1039 1388; x_wconf 88' lang='lat' dir='ltr'><strong>majori</strong></span> <span class='ocrx_word' id='word_1_524' title='bbox 1056 1354 1223 1388; x_wconf 86' lang='lat' dir='ltr'><strong>probatione</strong></span> <span class='ocrx_word' id='word_1_525' title='bbox 1245 1363 1329 1390; x_wconf 88' lang='lat' dir='ltr'><strong>quam</strong></span> <span class='ocrx_word' id='word_1_526' title='bbox 1351 1363 1384 1383; x_wconf 86' lang='lat' dir='ltr'><strong>ea</strong></span> <span class='ocrx_word' id='word_1_527' title='bbox 1401 1357 1459 1384; x_wconf 87' lang='lat' dir='ltr'><strong>sola</strong></span> <span class='ocrx_word' id='word_1_528' title='bbox 1473 1364 1534 1392; x_wconf 68' lang='lat' dir='ltr'><strong>quae</strong></span> <span class='ocrx_word' id='word_1_529' title='bbox 1548 1357 1618 1385; x_wconf 88' lang='lat' dir='ltr'><strong>dicit</strong></span> <span class='ocrx_word' id='word_1_530' title='bbox 1634 1358 1661 1385; x_wconf 94' lang='lat' dir='ltr'><strong>in</strong></span> <span class='ocrx_word' id='word_1_531' title='bbox 1677 1367 1740 1394; x_wconf 89' lang='lat' dir='ltr'><strong>per-</strong></span> 
     </span>
    </p>
   </div>
   <div class='ocr_carea' id='block_1_70' title="bbox 942 1400 1740 1438">
    <p class='ocr_par' dir='ltr' id='par_1_70' title="bbox 942 1400 1740 1438">
     <span class='ocr_line' id='line_1_70' title="bbox 942 1400 1740 1438; baseline 0.008 -12"><span class='ocrx_word' id='word_1_532' title='bbox 942 1407 1010 1427; x_wconf 85' lang='lat' dir='ltr'><strong>sona</strong></span> <span class='ocrx_word' id='word_1_533' title='bbox 1035 1400 1140 1428; x_wconf 86' lang='lat' dir='ltr'><strong>Christi</strong></span> <span class='ocrx_word' id='word_1_534' title='bbox 1164 1410 1170 1427; x_wconf 85' lang='lat'><strong>:</strong></span> <span class='ocrx_word' id='word_1_535' title='bbox 1192 1401 1227 1428; x_wconf 77' lang='lat' dir='ltr'><strong>Et</strong></span> <span class='ocrx_word' id='word_1_536' title='bbox 1245 1403 1345 1438; x_wconf 81' lang='lat' dir='ltr'><strong>accepit</strong></span> <span class='ocrx_word' id='word_1_537' title='bbox 1366 1402 1495 1430; x_wconf 76' lang='lat' dir='ltr'><strong>Dominus</strong></span> <span class='ocrx_word' id='word_1_538' title='bbox 1510 1403 1580 1431; x_wconf 73' lang='lat' dir='ltr'><strong>Deus</strong></span> <span class='ocrx_word' id='word_1_539' title='bbox 1596 1405 1740 1438; x_wconf 80' lang='lat' dir='ltr'><strong>Adamnm,</strong></span> 
     </span>
    </p>
   </div>
   <div class='ocr_carea' id='block_1_71' title="bbox 941 1447 1741 1486">
    <p class='ocr_par' dir='ltr' id='par_1_71' title="bbox 941 1447 1741 1486">
     <span class='ocr_line' id='line_1_71' title="bbox 941 1447 1741 1486; baseline 0.009 -14"><span class='ocrx_word' id='word_1_540' title='bbox 941 1450 966 1472; x_wconf 83' lang='lat' dir='ltr'><strong>et</strong></span> <span class='ocrx_word' id='word_1_541' title='bbox 993 1448 1078 1481; x_wconf 76' lang='lat' dir='ltr'><strong>posuit</strong></span> <span class='ocrx_word' id='word_1_542' title='bbox 1106 1455 1166 1474; x_wconf 85' lang='lat' dir='ltr'><strong>eum</strong></span> <span class='ocrx_word' id='word_1_543' title='bbox 1180 1447 1210 1474; x_wconf 81' lang='lat' dir='ltr'><strong>in</strong></span> <span class='ocrx_word' id='word_1_544' title='bbox 1225 1449 1352 1482; x_wconf 75' lang='lat' dir='ltr'><strong>paradiso</strong></span> <span class='ocrx_word' id='word_1_545' title='bbox 1382 1449 1417 1476; x_wconf 82' lang='lat' dir='ltr'><strong>ad</strong></span> <span class='ocrx_word' id='word_1_546' title='bbox 1440 1457 1501 1476; x_wconf 83' lang='lat' dir='ltr'><strong>eum</strong></span> <span class='ocrx_word' id='word_1_547' title='bbox 1524 1452 1690 1486; x_wconf 74' lang='lat' dir='ltr'><strong>operantium</strong></span> <span class='ocrx_word' id='word_1_548' title='bbox 1717 1458 1741 1479; x_wconf 80' lang='lat' dir='ltr'><strong>et</strong></span> 
     </span>
    </p>
   </div>
   <div class='ocr_carea' id='block_1_72' title="bbox 940 1492 1152 1519">
    <p class='ocr_par' dir='ltr' id='par_1_72' title="bbox 940 1492 1152 1519">
     <span class='ocr_line' id='line_1_72' title="bbox 940 1492 1152 1519; baseline 0.005 -1"><span class='ocrx_word' id='word_1_549' title='bbox 940 1492 1152 1519; x_wconf 79' lang='lat' dir='ltr'><strong>custodiendum.</strong></span> 
     </span>
    </p>
   </div>
   <div class='ocr_carea' id='block_1_73' title="bbox 977 1536 1741 1574">
    <p class='ocr_par' dir='ltr' id='par_1_73' title="bbox 977 1536 1741 1574">
     <span class='ocr_line' id='line_1_73' title="bbox 977 1536 1741 1574; baseline 0.009 -11"><span class='ocrx_word' id='word_1_550' title='bbox 977 1536 1010 1563; x_wconf 87' lang='lat' dir='ltr'><strong>Et</strong></span> <span class='ocrx_word' id='word_1_551' title='bbox 1026 1537 1089 1564; x_wconf 84' lang='lat' dir='ltr'><strong>ideo</strong></span> <span class='ocrx_word' id='word_1_552' title='bbox 1107 1538 1200 1572; x_wconf 90' lang='lat' dir='ltr'><strong>posuit</strong></span> <span class='ocrx_word' id='word_1_553' title='bbox 1212 1538 1341 1566; x_wconf 87' lang='lat' dir='ltr'><strong>Christus</strong></span> <span class='ocrx_word' id='word_1_554' title='bbox 1357 1539 1515 1574; x_wconf 88' lang='lat' dir='ltr'><strong>cherubim,</strong></span> <span class='ocrx_word' id='word_1_555' title='bbox 1537 1545 1566 1569; x_wconf 91' lang='lat' dir='ltr'><strong>et</strong></span> <span class='ocrx_word' id='word_1_556' title='bbox 1585 1541 1741 1570; x_wconf 83' lang='lat' dir='ltr'><strong>ﬂammeam</strong></span> 
     </span>
    </p>
   </div>
   <div class='ocr_carea' id='block_1_74' title="bbox 941 1582 1740 1620">
    <p class='ocr_par' dir='ltr' id='par_1_74' title="bbox 941 1582 1740 1620">
     <span class='ocr_line' id='line_1_74' title="bbox 941 1582 1740 1620; baseline 0.008 -10"><span class='ocrx_word' id='word_1_557' title='bbox 941 1582 1129 1618; x_wconf 75' lang='lat' dir='ltr'><strong>rhomphzeam</strong></span> <span class='ocrx_word' id='word_1_558' title='bbox 1142 1585 1384 1620; x_wconf 76' lang='lat' dir='ltr'><strong>versatilcm,qua:</strong></span> <span class='ocrx_word' id='word_1_559' title='bbox 1399 1586 1427 1613; x_wconf 91' lang='lat' dir='ltr'><strong>in</strong></span> <span class='ocrx_word' id='word_1_560' title='bbox 1442 1586 1538 1614; x_wconf 91' lang='lat' dir='ltr'><strong>orbem</strong></span> <span class='ocrx_word' id='word_1_561' title='bbox 1552 1588 1676 1615; x_wconf 87' lang='lat' dir='ltr'><strong>custodit</strong></span> <span class='ocrx_word' id='word_1_562' title='bbox 1687 1589 1740 1616; x_wconf 83' lang='lat' dir='ltr'><strong>Ec-</strong></span> 
     </span>
    </p>
   </div>
   <div class='ocr_carea' id='block_1_75' title="bbox 941 1629 1741 1668">
    <p class='ocr_par' dir='ltr' id='par_1_75' title="bbox 941 1629 1741 1668">
     <span class='ocr_line' id='line_1_75' title="bbox 941 1629 1741 1668; baseline 0.01 -13"><span class='ocrx_word' id='word_1_563' title='bbox 941 1629 1066 1662; x_wconf 88' lang='lat' dir='ltr'><strong>clesiam,</strong></span> <span class='ocrx_word' id='word_1_564' title='bbox 1090 1638 1125 1657; x_wconf 89' lang='lat' dir='ltr'><strong>ne</strong></span> <span class='ocrx_word' id='word_1_565' title='bbox 1142 1630 1216 1658; x_wconf 86' lang='lat' dir='ltr'><strong>intro</strong></span> <span class='ocrx_word' id='word_1_566' title='bbox 1238 1632 1337 1659; x_wconf 87' lang='lat' dir='ltr'><strong>subeat</strong></span> <span class='ocrx_word' id='word_1_567' title='bbox 1352 1637 1436 1668; x_wconf 86' lang='lat' dir='ltr'><strong>caput</strong></span> <span class='ocrx_word' id='word_1_568' title='bbox 1448 1634 1594 1668; x_wconf 88' lang='lat' dir='ltr'><strong>serpentis.</strong></span> <span class='ocrx_word' id='word_1_569' title='bbox 1613 1634 1741 1664; x_wconf 84' lang='lat' dir='ltr'><strong>Fortasse</strong></span> 
     </span>
    </p>
   </div>
   <div class='ocr_carea' id='block_1_76' title="bbox 942 1677 1741 1712">
    <p class='ocr_par' dir='ltr' id='par_1_76' title="bbox 942 1677 1741 1712">
     <span class='ocr_line' id='line_1_76' title="bbox 942 1677 1741 1712; baseline 0.01 -10"><span class='ocrx_word' id='word_1_570' title='bbox 942 1680 1034 1702; x_wconf 85' lang='lat' dir='ltr'><strong>autem</strong></span> <span class='ocrx_word' id='word_1_571' title='bbox 1060 1683 1158 1705; x_wconf 85' lang='lat' dir='ltr'><strong>rursus</strong></span> <span class='ocrx_word' id='word_1_572' title='bbox 1187 1677 1270 1710; x_wconf 89' lang='lat' dir='ltr'><strong>etiam</strong></span> <span class='ocrx_word' id='word_1_573' title='bbox 1294 1687 1327 1706; x_wconf 88' lang='lat' dir='ltr'><strong>ea</strong></span> <span class='ocrx_word' id='word_1_574' title='bbox 1349 1679 1383 1706; x_wconf 91' lang='lat' dir='ltr'><strong>de</strong></span> <span class='ocrx_word' id='word_1_575' title='bbox 1407 1687 1502 1712; x_wconf 90' lang='lat' dir='ltr'><strong>causa,</strong></span> <span class='ocrx_word' id='word_1_576' title='bbox 1525 1689 1540 1708; x_wconf 88' lang='lat' dir='ltr'><strong>a</strong></span> <span class='ocrx_word' id='word_1_577' title='bbox 1564 1682 1683 1710; x_wconf 86' lang='lat' dir='ltr'><strong>muliere</strong></span> <span class='ocrx_word' id='word_1_578' title='bbox 1706 1684 1741 1710; x_wconf 87' lang='lat' dir='ltr'><strong>ad</strong></span> 
     </span>
    </p>
   </div>
   <div class='ocr_carea' id='block_1_77' title="bbox 942 1721 1741 1763">
    <p class='ocr_par' dir='ltr' id='par_1_77' title="bbox 942 1721 1741 1763">
     <span class='ocr_line' id='line_1_77' title="bbox 942 1721 1741 1763; baseline 0.011 -16"><span class='ocrx_word' id='word_1_579' title='bbox 942 1721 1035 1748; x_wconf 90' lang='lat' dir='ltr'><strong>virum</strong></span> <span class='ocrx_word' id='word_1_580' title='bbox 1063 1723 1186 1750; x_wconf 83' lang='lat' dir='ltr'><strong>traduxit</strong></span> <span class='ocrx_word' id='word_1_581' title='bbox 1211 1723 1362 1752; x_wconf 77' lang='lat' dir='ltr'><strong>dictionem</strong></span> <span class='ocrx_word' id='word_1_582' title='bbox 1386 1725 1470 1758; x_wconf 88' lang='lat' dir='ltr'><strong>Deus,</strong></span> <span class='ocrx_word' id='word_1_583' title='bbox 1499 1726 1597 1754; x_wconf 81' lang='lat' dir='ltr'><strong>dicens</strong></span> <span class='ocrx_word' id='word_1_584' title='bbox 1618 1729 1741 1763; x_wconf 85' lang='lat' dir='ltr'><strong>serpenti</strong></span> 
     </span>
    </p>
   </div>
   <div class='ocr_carea' id='block_1_78' title="bbox 942 1768 1742 1810">
    <p class='ocr_par' dir='ltr' id='par_1_78' title="bbox 942 1768 1742 1810">
     <span class='ocr_line' id='line_1_78' title="bbox 942 1768 1742 1810; baseline 0.011 -15"><span class='ocrx_word' id='word_1_585' title='bbox 942 1768 977 1796; x_wconf 87' lang='lat' dir='ltr'><strong>de</strong></span> <span class='ocrx_word' id='word_1_586' title='bbox 1000 1768 1115 1796; x_wconf 83' lang='lat' dir='ltr'><strong>Christo</strong></span> <span class='ocrx_word' id='word_1_587' title='bbox 1132 1779 1138 1796; x_wconf 91' lang='lat'>:</span> <span class='ocrx_word' id='word_1_588' title='bbox 1154 1769 1214 1805; x_wconf 79' lang='lat' dir='ltr'><strong>Ipse</strong></span> <span class='ocrx_word' id='word_1_589' title='bbox 1239 1771 1386 1799; x_wconf 78' lang='lat' dir='ltr'><strong>observabil</strong></span> <span class='ocrx_word' id='word_1_590' title='bbox 1406 1779 1485 1808; x_wconf 85' lang='lat' dir='ltr'><strong>caput</strong></span> <span class='ocrx_word' id='word_1_591' title='bbox 1504 1778 1577 1801; x_wconf 78' lang='lat' dir='ltr'><strong>tuum</strong></span> <span class='ocrx_word' id='word_1_592' title='bbox 1596 1780 1742 1810; x_wconf 26' lang='lat' dir='ltr'><strong>:‘propter</strong></span> 
     </span>
    </p>
   </div>
   <div class='ocr_carea' id='block_1_79' title="bbox 942 1813 1743 1855">
    <p class='ocr_par' dir='ltr' id='par_1_79' title="bbox 942 1813 1743 1855">
     <span class='ocr_line' id='line_1_79' title="bbox 942 1813 1743 1855; baseline 0.009 -12"><span class='ocrx_word' id='word_1_593' title='bbox 942 1823 1039 1844; x_wconf 89' lang='lat' dir='ltr'><strong>vocem</strong></span> <span class='ocrx_word' id='word_1_594' title='bbox 1066 1817 1141 1844; x_wconf 87' lang='lat' dir='ltr'><strong>illam</strong></span> <span class='ocrx_word' id='word_1_595' title='bbox 1165 1825 1226 1852; x_wconf 77' lang='lat' dir='ltr'><strong>quae</strong></span> <span class='ocrx_word' id='word_1_596' title='bbox 1242 1822 1374 1854; x_wconf 88' lang='lat' dir='ltr'><strong>utrosque</strong></span> <span class='ocrx_word' id='word_1_597' title='bbox 1391 1819 1536 1855; x_wconf 77' lang='lat' dir='ltr'><strong>coniungit</strong></span> <span class='ocrx_word' id='word_1_598' title='bbox 1552 1813 1685 1850; x_wconf 64' lang='lat' dir='ltr'><strong>sociétatc</strong></span> <span class='ocrx_word' id='word_1_599' title='bbox 1699 1823 1743 1850; x_wconf 93' lang='lat' dir='ltr'><strong>di-</strong></span> 
     </span>
    </p>
   </div>
   <div class='ocr_carea' id='block_1_80' title="bbox 941 1863 1740 1903">
    <p class='ocr_par' dir='ltr' id='par_1_80' title="bbox 941 1863 1740 1903">
     <span class='ocr_line' id='line_1_80' title="bbox 941 1863 1740 1903; baseline 0.01 -14"><span class='ocrx_word' id='word_1_600' title='bbox 941 1869 1009 1890; x_wconf 89' lang='lat' dir='ltr'><strong>cens</strong></span> <span class='ocrx_word' id='word_1_601' title='bbox 1026 1871 1033 1889; x_wconf 86' lang='lat'>:</span> <span class='ocrx_word' id='word_1_602' title='bbox 1048 1863 1083 1890; x_wconf 77' lang='lat' dir='ltr'><strong>Et</strong></span> <span class='ocrx_word' id='word_1_603' title='bbox 1097 1868 1174 1890; x_wconf 81' lang='lat' dir='ltr'><strong>erunt</strong></span> <span class='ocrx_word' id='word_1_604' title='bbox 1187 1866 1239 1890; x_wconf 83' lang='lat' dir='ltr'><strong>duo</strong></span> <span class='ocrx_word' id='word_1_605' title='bbox 1256 1865 1283 1890; x_wconf 85' lang='lat' dir='ltr'><strong>in</strong></span> <span class='ocrx_word' id='word_1_606' title='bbox 1305 1873 1386 1892; x_wconf 87' lang='lat' dir='ltr'><strong>carne</strong></span> <span class='ocrx_word' id='word_1_607' title='bbox 1405 1874 1459 1892; x_wconf 85' lang='lat' dir='ltr'><strong>una</strong></span> <span class='ocrx_word' id='word_1_608' title='bbox 1475 1866 1509 1898; x_wconf 78' lang='grc'><strong>⁵⁸,</strong></span> <span class='ocrx_word' id='word_1_609' title='bbox 1526 1871 1557 1894; x_wconf 92' lang='lat' dir='ltr'><strong>ut</strong></span> <span class='ocrx_word' id='word_1_610' title='bbox 1578 1876 1629 1903; x_wconf 91' lang='lat' dir='ltr'><strong>per</strong></span> <span class='ocrx_word' id='word_1_611' title='bbox 1644 1876 1740 1897; x_wconf 88' lang='lat' dir='ltr'><strong>vocem</strong></span> 
     </span>
    </p>
   </div>
   <div class='ocr_carea' id='block_1_81' title="bbox 940 1906 1739 1942">
    <p class='ocr_par' dir='ltr' id='par_1_81' title="bbox 940 1906 1739 1942">
     <span class='ocr_line' id='line_1_81' title="bbox 940 1906 1739 1942; baseline 0.01 -9"><span class='ocrx_word' id='word_1_612' title='bbox 940 1906 1103 1934; x_wconf 73' lang='lat' dir='ltr'><strong>femininum</strong></span> <span class='ocrx_word' id='word_1_613' title='bbox 1129 1908 1212 1936; x_wconf 88' lang='lat' dir='ltr'><strong>simul</strong></span> <span class='ocrx_word' id='word_1_614' title='bbox 1227 1917 1260 1936; x_wconf 87' lang='lat' dir='ltr'><strong>ac</strong></span> <span class='ocrx_word' id='word_1_615' title='bbox 1282 1909 1392 1937; x_wconf 89' lang='lat' dir='ltr'><strong>virilem</strong></span> <span class='ocrx_word' id='word_1_616' title='bbox 1408 1919 1460 1938; x_wconf 91' lang='lat' dir='ltr'><strong>nos</strong></span> <span class='ocrx_word' id='word_1_617' title='bbox 1481 1911 1580 1939; x_wconf 84' lang='lat' dir='ltr'><strong>doceat</strong></span> <span class='ocrx_word' id='word_1_618' title='bbox 1597 1912 1739 1942; x_wconf 88' lang='lat' dir='ltr'><strong>Christum</strong></span> 
     </span>
    </p>
   </div>
   <div class='ocr_carea' id='block_1_82' title="bbox 941 1953 1740 1993">
    <p class='ocr_par' dir='ltr' id='par_1_82' title="bbox 941 1953 1740 1993">
     <span class='ocr_line' id='line_1_82' title="bbox 941 1953 1740 1993; baseline 0.006 -13"><span class='ocrx_word' id='word_1_619' title='bbox 941 1957 971 1980; x_wconf 90' lang='lat' dir='ltr'><strong>et</strong></span> <span class='ocrx_word' id='word_1_620' title='bbox 981 1953 1136 1981; x_wconf 87' lang='lat' dir='ltr'><strong>Ecclesiam</strong></span> <span class='ocrx_word' id='word_1_621' title='bbox 1146 1961 1207 1981; x_wconf 87' lang='lat' dir='ltr'><strong>esse</strong></span> <span class='ocrx_word' id='word_1_622' title='bbox 1223 1953 1398 1982; x_wconf 84' lang='lat' dir='ltr'><strong>individuum</strong></span> <span class='ocrx_word' id='word_1_623' title='bbox 1411 1955 1543 1990; x_wconf 88' lang='lat' dir='ltr'><strong>quiddam</strong></span> <span class='ocrx_word' id='word_1_624' title='bbox 1555 1957 1740 1993; x_wconf 83' lang='lat' dir='ltr'><strong>ejusdemque</strong></span> 
     </span>
    </p>
   </div>
   <div class='ocr_carea' id='block_1_83' title="bbox 941 1999 1740 2037">
    <p class='ocr_par' dir='ltr' id='par_1_83' title="bbox 941 1999 1740 2037">
     <span class='ocr_line' id='line_1_83' title="bbox 941 1999 1740 2037; baseline 0.008 -12"><span class='ocrx_word' id='word_1_625' title='bbox 941 2003 1060 2032; x_wconf 77' lang='lat' dir='ltr'><strong>naturae,</strong></span> <span class='ocrx_word' id='word_1_626' title='bbox 1073 1999 1253 2035; x_wconf 82' lang='lat' dir='ltr'><strong>ejusdemque</strong></span> <span class='ocrx_word' id='word_1_627' title='bbox 1264 2000 1367 2032; x_wconf 86' lang='lat' dir='ltr'><strong>carnis,</strong></span> <span class='ocrx_word' id='word_1_628' title='bbox 1382 2006 1411 2028; x_wconf 93' lang='lat' dir='ltr'><strong>et</strong></span> <span class='ocrx_word' id='word_1_629' title='bbox 1422 2003 1631 2037; x_wconf 86' lang='lat' dir='ltr'><strong>concorporale,</strong></span> <span class='ocrx_word' id='word_1_630' title='bbox 1644 2008 1672 2030; x_wconf 89' lang='lat' dir='ltr'><strong>et</strong></span> <span class='ocrx_word' id='word_1_631' title='bbox 1683 2004 1740 2031; x_wconf 82' lang='lat' dir='ltr'><strong>sin-</strong></span> 
     </span>
    </p>
   </div>
   <div class='ocr_carea' id='block_1_84' title="bbox 940 2044 1739 2081">
    <p class='ocr_par' dir='ltr' id='par_1_84' title="bbox 940 2044 1739 2081">
     <span class='ocr_line' id='line_1_84' title="bbox 940 2044 1739 2081; baseline 0.008 -10"><span class='ocrx_word' id='word_1_632' title='bbox 940 2045 1044 2080; x_wconf 86' lang='lat' dir='ltr'><strong>gulare.</strong></span> <span class='ocrx_word' id='word_1_633' title='bbox 1061 2044 1201 2072; x_wconf 88' lang='lat' dir='ltr'><strong>Conserva</strong></span> <span class='ocrx_word' id='word_1_634' title='bbox 1214 2045 1294 2077; x_wconf 85' lang='lat' dir='ltr'><strong>mihi,</strong></span> <span class='ocrx_word' id='word_1_635' title='bbox 1307 2053 1324 2073; x_wconf 89' lang='lat'><strong>0</strong></span> <span class='ocrx_word' id='word_1_636' title='bbox 1336 2045 1427 2073; x_wconf 89' lang='lat' dir='ltr'><strong>ﬁdelis</strong></span> <span class='ocrx_word' id='word_1_637' title='bbox 1437 2051 1466 2074; x_wconf 91' lang='lat' dir='ltr'><strong>et</strong></span> <span class='ocrx_word' id='word_1_638' title='bbox 1477 2055 1555 2075; x_wconf 88' lang='lat' dir='ltr'><strong>sacer</strong></span> <span class='ocrx_word' id='word_1_639' title='bbox 1566 2053 1664 2081; x_wconf 73' lang='lat' dir='ltr'><strong>coetus,</strong></span> <span class='ocrx_word' id='word_1_640' title='bbox 1679 2049 1739 2078; x_wconf 69' lang='lat' dir='ltr'><strong>haec</strong></span> 
     </span>
    </p>
   </div>
   <div class='ocr_carea' id='block_1_85' title="bbox 942 2090 1739 2131">
    <p class='ocr_par' dir='ltr' id='par_1_85' title="bbox 942 2090 1739 2131">
     <span class='ocr_line' id='line_1_85' title="bbox 942 2090 1739 2131; baseline 0.006 -14"><span class='ocrx_word' id='word_1_641' title='bbox 942 2090 1054 2118; x_wconf 88' lang='lat' dir='ltr'><strong>assidue</strong></span> <span class='ocrx_word' id='word_1_642' title='bbox 1081 2092 1109 2118; x_wconf 92' lang='lat' dir='ltr'><strong>in</strong></span> <span class='ocrx_word' id='word_1_643' title='bbox 1133 2093 1278 2124; x_wconf 88' lang='lat' dir='ltr'><strong>memoria,</strong></span> <span class='ocrx_word' id='word_1_644' title='bbox 1294 2099 1355 2127; x_wconf 61' lang='lat' dir='ltr'><strong>quae</strong></span> <span class='ocrx_word' id='word_1_645' title='bbox 1370 2091 1443 2119; x_wconf 87' lang='lat' dir='ltr'><strong>dicta</strong></span> <span class='ocrx_word' id='word_1_646' title='bbox 1462 2096 1527 2119; x_wconf 87' lang='lat' dir='ltr'><strong>sunt</strong></span> <span class='ocrx_word' id='word_1_647' title='bbox 1549 2093 1685 2131; x_wconf 87' lang='lat' dir='ltr'><strong>(inquam)</strong></span> <span class='ocrx_word' id='word_1_648' title='bbox 1703 2095 1739 2123; x_wconf 92' lang='lat' dir='ltr'><strong>de</strong></span> 
     </span>
    </p>
   </div>
   <div class='ocr_carea' id='block_1_86' title="bbox 940 2137 1739 2173">
    <p class='ocr_par' dir='ltr' id='par_1_86' title="bbox 940 2137 1739 2173">
     <span class='ocr_line' id='line_1_86' title="bbox 940 2137 1739 2173; baseline 0.005 -9"><span class='ocrx_word' id='word_1_649' title='bbox 940 2144 1009 2164; x_wconf 88' lang='lat' dir='ltr'><strong>voce</strong></span> <span class='ocrx_word' id='word_1_650' title='bbox 1030 2137 1124 2164; x_wconf 89' lang='lat' dir='ltr'><strong>divina</strong></span> <span class='ocrx_word' id='word_1_651' title='bbox 1150 2145 1210 2172; x_wconf 75' lang='lat' dir='ltr'><strong>qua:</strong></span> <span class='ocrx_word' id='word_1_652' title='bbox 1225 2137 1293 2164; x_wconf 91' lang='lat' dir='ltr'><strong>dicit</strong></span> <span class='ocrx_word' id='word_1_653' title='bbox 1308 2137 1430 2173; x_wconf 89' lang='lat' dir='ltr'><strong>serpenti</strong></span> <span class='ocrx_word' id='word_1_654' title='bbox 1447 2138 1569 2166; x_wconf 88' lang='lat' dir='ltr'><strong>:Ponam</strong></span> <span class='ocrx_word' id='word_1_655' title='bbox 1585 2140 1739 2168; x_wconf 77' lang='lat' dir='ltr'><strong>inimicitias</strong></span> 
     </span>
    </p>
   </div>
   <div class='ocr_carea' id='block_1_87' title="bbox 940 2184 1739 2215">
    <p class='ocr_par' dir='ltr' id='par_1_87' title="bbox 940 2184 1739 2215">
     <span class='ocr_line' id='line_1_87' title="bbox 940 2184 1739 2215; baseline 0.006 -6"><span class='ocrx_word' id='word_1_656' title='bbox 940 2184 1011 2210; x_wconf 81' lang='lat' dir='ltr'><strong>inter</strong></span> <span class='ocrx_word' id='word_1_657' title='bbox 1033 2187 1057 2210; x_wconf 82' lang='lat' dir='ltr'><strong>te</strong></span> <span class='ocrx_word' id='word_1_658' title='bbox 1077 2187 1102 2210; x_wconf 87' lang='lat' dir='ltr'><strong>et</strong></span> <span class='ocrx_word' id='word_1_659' title='bbox 1125 2184 1263 2210; x_wconf 72' lang='lat' dir='ltr'><strong>mulierem</strong></span> <span class='ocrx_word' id='word_1_660' title='bbox 1282 2191 1364 2211; x_wconf 89' lang='lat' dir='ltr'><strong>unam</strong></span> <span class='ocrx_word' id='word_1_661' title='bbox 1384 2188 1412 2212; x_wconf 92' lang='lat' dir='ltr'><strong>et</strong></span> <span class='ocrx_word' id='word_1_662' title='bbox 1424 2184 1510 2212; x_wconf 87' lang='lat' dir='ltr'><strong>solam</strong></span> <span class='ocrx_word' id='word_1_663' title='bbox 1531 2194 1538 2211; x_wconf 93' lang='lat'>:</span> <span class='ocrx_word' id='word_1_664' title='bbox 1555 2189 1583 2212; x_wconf 90' lang='lat' dir='ltr'><strong>et</strong></span> <span class='ocrx_word' id='word_1_665' title='bbox 1600 2185 1662 2213; x_wconf 90' lang='lat' dir='ltr'><strong>ideo</strong></span> <span class='ocrx_word' id='word_1_666' title='bbox 1682 2195 1739 2215; x_wconf 91' lang='lat' dir='ltr'><strong>non</strong></span> 
     </span>
    </p>
   </div>
   <div class='ocr_carea' id='block_1_88' title="bbox 941 2230 1741 2269">
    <p class='ocr_par' dir='ltr' id='par_1_88' title="bbox 941 2230 1741 2269">
     <span class='ocr_line' id='line_1_88' title="bbox 941 2230 1741 2269; baseline 0.008 -12"><span class='ocrx_word' id='word_1_667' title='bbox 941 2230 1020 2263; x_wconf 86' lang='lat' dir='ltr'><strong>dicit,</strong></span> <span class='ocrx_word' id='word_1_668' title='bbox 1034 2230 1179 2264; x_wconf 75' lang='lat' dir='ltr'><strong>mulieres;</strong></span> <span class='ocrx_word' id='word_1_669' title='bbox 1203 2231 1335 2267; x_wconf 88' lang='lat' dir='ltr'><strong>quoniam</strong></span> <span class='ocrx_word' id='word_1_670' title='bbox 1361 2237 1467 2260; x_wconf 69' lang='lat' dir='ltr'><strong>cmterae</strong></span> <span class='ocrx_word' id='word_1_671' title='bbox 1480 2241 1578 2261; x_wconf 85' lang='lat' dir='ltr'><strong>omnes</strong></span> <span class='ocrx_word' id='word_1_672' title='bbox 1598 2242 1659 2269; x_wconf 64' lang='lat' dir='ltr'><strong>qua!</strong></span> <span class='ocrx_word' id='word_1_673' title='bbox 1674 2240 1741 2263; x_wconf 88' lang='lat' dir='ltr'><strong>sunt</strong></span> 
     </span>
    </p>
   </div>
   <div class='ocr_carea' id='block_1_89' title="bbox 942 2275 1740 2312">
    <p class='ocr_par' dir='ltr' id='par_1_89' title="bbox 942 2275 1740 2312">
     <span class='ocr_line' id='line_1_89' title="bbox 942 2275 1740 2312; baseline 0.006 -9"><span class='ocrx_word' id='word_1_674' title='bbox 942 2276 971 2303; x_wconf 94' lang='lat' dir='ltr'><strong>in</strong></span> <span class='ocrx_word' id='word_1_675' title='bbox 999 2277 1104 2304; x_wconf 91' lang='lat' dir='ltr'><strong>mundo</strong></span> <span class='ocrx_word' id='word_1_676' title='bbox 1123 2275 1202 2310; x_wconf 87' lang='lat' dir='ltr'><strong>ﬁdes,</strong></span> <span class='ocrx_word' id='word_1_677' title='bbox 1217 2281 1320 2312; x_wconf 66' lang='lat' dir='ltr'><strong>praeter</strong></span> <span class='ocrx_word' id='word_1_678' title='bbox 1336 2285 1419 2305; x_wconf 88' lang='lat' dir='ltr'><strong>unam</strong></span> <span class='ocrx_word' id='word_1_679' title='bbox 1436 2283 1464 2306; x_wconf 91' lang='lat' dir='ltr'><strong>et</strong></span> <span class='ocrx_word' id='word_1_680' title='bbox 1481 2278 1553 2306; x_wconf 86' lang='lat' dir='ltr'><strong>hanc</strong></span> <span class='ocrx_word' id='word_1_681' title='bbox 1568 2279 1671 2307; x_wconf 88' lang='lat' dir='ltr'><strong>Christi</strong></span> <span class='ocrx_word' id='word_1_682' title='bbox 1693 2289 1740 2308; x_wconf 83' lang='lat' dir='ltr'><strong>so-</strong></span> 
     </span>
    </p>
   </div>
   <div class='ocr_carea' id='block_1_90' title="bbox 87 2319 1742 2361">
    <p class='ocr_par' dir='ltr' id='par_1_90' title="bbox 87 2319 1742 2361">
     <span class='ocr_line' id='line_1_90' title="bbox 87 2319 1742 2361; baseline 0.007 -16"><span class='ocrx_word' id='word_1_683' title='bbox 87 2323 116 2346; x_wconf 88' lang='lat' dir='ltr'><strong>et</strong></span> <span class='ocrx_word' id='word_1_684' title='bbox 145 2319 370 2354; x_wconf 65' lang='lat' dir='ltr'><strong>praedicationes.</strong></span> <span class='ocrx_word' id='word_1_685' title='bbox 401 2321 468 2354; x_wconf 68' lang='lat' dir='ltr'><strong>Quae</strong></span> <span class='ocrx_word' id='word_1_686' title='bbox 495 2322 609 2358; x_wconf 89' lang='lat' dir='ltr'><strong>quidem</strong></span> <span class='ocrx_word' id='word_1_687' title='bbox 638 2324 738 2352; x_wconf 79' lang='lat' dir='ltr'><strong>videns</strong></span> <span class='ocrx_word' id='word_1_688' title='bbox 764 2325 892 2355; x_wconf 84' lang='lat' dir='ltr'><strong>Christus</strong></span> <span class='ocrx_word' id='word_1_689' title='bbox 909 2327 1001 2359; x_wconf 83' lang='lat' dir='ltr'><strong>Diam</strong></span> <span class='ocrx_word' id='word_1_690' title='bbox 1027 2334 1142 2354; x_wconf 72' lang='lat' dir='ltr'><strong>uxorem</strong></span> <span class='ocrx_word' id='word_1_691' title='bbox 1167 2331 1196 2354; x_wconf 91' lang='lat' dir='ltr'><strong>et</strong></span> <span class='ocrx_word' id='word_1_692' title='bbox 1216 2325 1439 2354; x_wconf 87' lang='lat' dir='ltr'><strong>Christianorum</strong></span> <span class='ocrx_word' id='word_1_693' title='bbox 1476 2327 1627 2355; x_wconf 84' lang='lat' dir='ltr'><strong>Eeclesiam</strong></span> <span class='ocrx_word' id='word_1_694' title='bbox 1646 2349 1654 2361; x_wconf 90' lang='lat'><strong>,</strong></span> <span class='ocrx_word' id='word_1_695' title='bbox 1676 2334 1742 2356; x_wconf 85' lang='lat' dir='ltr'><strong>sunt</strong></span> 
     </span>
    </p>
   </div>
   <div class='ocr_carea' id='block_1_91' title="bbox 87 2365 895 2402">
    <p class='ocr_par' dir='ltr' id='par_1_91' title="bbox 87 2365 895 2402">
     <span class='ocr_line' id='line_1_91' title="bbox 87 2365 895 2402; baseline 0.012 -12"><span class='ocrx_word' id='word_1_696' title='bbox 87 2365 275 2399; x_wconf 78' lang='lat' dir='ltr'><strong>germinantia</strong></span> <span class='ocrx_word' id='word_1_697' title='bbox 298 2366 326 2392; x_wconf 91' lang='lat' dir='ltr'><strong>in</strong></span> <span class='ocrx_word' id='word_1_698' title='bbox 344 2366 437 2394; x_wconf 86' lang='lat' dir='ltr'><strong>medio</strong></span> <span class='ocrx_word' id='word_1_699' title='bbox 448 2367 581 2395; x_wconf 81' lang='lat' dir='ltr'><strong>frumenti</strong></span> <span class='ocrx_word' id='word_1_700' title='bbox 595 2389 602 2402; x_wconf 92' lang='lat'><strong>,</strong></span> <span class='ocrx_word' id='word_1_701' title='bbox 624 2369 734 2397; x_wconf 86' lang='lat' dir='ltr'><strong>dicebat</strong></span> <span class='ocrx_word' id='word_1_702' title='bbox 749 2380 755 2397; x_wconf 88' lang='lat'>:</span> <span class='ocrx_word' id='word_1_703' title='bbox 769 2371 895 2400; x_wconf 77' lang='lat' dir='ltr'><strong>Inimicus</strong></span> 
     </span>
    </p>
   </div>
   <div class='ocr_carea' id='block_1_92' title="bbox 87 2409 452 2437">
    <p class='ocr_par' dir='ltr' id='par_1_92' title="bbox 87 2409 452 2437">
     <span class='ocr_line' id='line_1_92' title="bbox 87 2409 452 2437; baseline 0.008 -3"><span class='ocrx_word' id='word_1_704' title='bbox 87 2410 166 2435; x_wconf 80' lang='lat' dir='ltr'><strong>homo</strong></span> <span class='ocrx_word' id='word_1_705' title='bbox 193 2409 250 2435; x_wconf 59' lang='lat' dir='ltr'><strong>haec</strong></span> <span class='ocrx_word' id='word_1_706' title='bbox 263 2411 452 2437; x_wconf 72' lang='lat' dir='ltr'><strong>seminavit&quot;:</strong></span> 
     </span>
    </p>
   </div>
   <div class='ocr_carea' id='block_1_93' title="bbox 87 2499 893 2539">
    <p class='ocr_par' dir='ltr' id='par_1_93' title="bbox 87 2499 893 2539">
     <span class='ocr_line' id='line_1_93' title="bbox 87 2499 893 2539; baseline 0.01 -13"><span class='ocrx_word' id='word_1_707' title='bbox 87 2499 201 2527; x_wconf 79' lang='lat' dir='ltr'><strong>dicebat</strong></span> <span class='ocrx_word' id='word_1_708' title='bbox 219 2509 226 2527; x_wconf 85' lang='lat'>:</span> <span class='ocrx_word' id='word_1_709' title='bbox 249 2500 353 2528; x_wconf 77' lang='lat' dir='ltr'><strong>Ponant</strong></span> <span class='ocrx_word' id='word_1_710' title='bbox 370 2502 524 2530; x_wconf 72' lang='lat' dir='ltr'><strong>inimicitias</strong></span> <span class='ocrx_word' id='word_1_711' title='bbox 535 2503 605 2530; x_wconf 79' lang='lat' dir='ltr'><strong>inter</strong></span> <span class='ocrx_word' id='word_1_712' title='bbox 616 2508 640 2530; x_wconf 85' lang='lat' dir='ltr'><strong>le</strong></span> <span class='ocrx_word' id='word_1_713' title='bbox 656 2509 680 2530; x_wconf 75' lang='lat' dir='ltr'><strong>et</strong></span> <span class='ocrx_word' id='word_1_714' title='bbox 692 2505 847 2539; x_wconf 81' lang='lat' dir='ltr'><strong>mulierem,</strong></span> <span class='ocrx_word' id='word_1_715' title='bbox 867 2513 893 2534; x_wconf 83' lang='lat' dir='ltr'><strong>et</strong></span> 
     </span>
    </p>
   </div>
   <div class='ocr_carea' id='block_1_94' title="bbox 86 2545 892 2585">
    <p class='ocr_par' dir='ltr' id='par_1_94' title="bbox 86 2545 892 2585">
     <span class='ocr_line' id='line_1_94' title="bbox 86 2545 892 2585; baseline 0.01 -14"><span class='ocrx_word' id='word_1_716' title='bbox 86 2545 156 2572; x_wconf 82' lang='lat' dir='ltr'><strong>inter</strong></span> <span class='ocrx_word' id='word_1_717' title='bbox 183 2554 277 2573; x_wconf 64' lang='lat' dir='ltr'><strong>semen</strong></span> <span class='ocrx_word' id='word_1_718' title='bbox 302 2551 378 2574; x_wconf 81' lang='lat' dir='ltr'><strong>tuum</strong></span> <span class='ocrx_word' id='word_1_719' title='bbox 395 2552 421 2575; x_wconf 79' lang='lat' dir='ltr'><strong>et</strong></span> <span class='ocrx_word' id='word_1_720' title='bbox 446 2556 535 2576; x_wconf 76' lang='lat' dir='ltr'><strong>semen</strong></span> <span class='ocrx_word' id='word_1_721' title='bbox 556 2549 632 2584; x_wconf 75' lang='lat' dir='ltr'><strong>ejus,</strong></span> <span class='ocrx_word' id='word_1_722' title='bbox 660 2551 716 2585; x_wconf 79' lang='lat' dir='ltr'><strong>ipse</strong></span> <span class='ocrx_word' id='word_1_723' title='bbox 744 2551 892 2579; x_wconf 79' lang='lat' dir='ltr'><strong>observabit</strong></span> 
     </span>
    </p>
   </div>
   <div class='ocr_carea' id='block_1_95' title="bbox 85 2593 888 2629">
    <p class='ocr_par' dir='ltr' id='par_1_95' title="bbox 85 2593 888 2629">
     <span class='ocr_line' id='line_1_95' title="bbox 85 2593 888 2629; baseline 0.009 -11"><span class='ocrx_word' id='word_1_724' title='bbox 85 2596 178 2626; x_wconf 79' lang='lat' dir='ltr'><strong>caput,</strong></span> <span class='ocrx_word' id='word_1_725' title='bbox 200 2597 226 2619; x_wconf 84' lang='lat' dir='ltr'><strong>et</strong></span> <span class='ocrx_word' id='word_1_726' title='bbox 244 2596 272 2619; x_wconf 84' lang='lat' dir='ltr'><strong>tu</strong></span> <span class='ocrx_word' id='word_1_727' title='bbox 293 2593 440 2621; x_wconf 76' lang='lat' dir='ltr'><strong>observabis</strong></span> <span class='ocrx_word' id='word_1_728' title='bbox 459 2595 516 2629; x_wconf 76' lang='lat' dir='ltr'><strong>ejus</strong></span> <span class='ocrx_word' id='word_1_729' title='bbox 530 2595 697 2623; x_wconf 83' lang='lat' dir='ltr'><strong>calcaneum.</strong></span> <span class='ocrx_word' id='word_1_730' title='bbox 719 2597 758 2624; x_wconf 89' lang='lat' dir='ltr'><strong>De</strong></span> <span class='ocrx_word' id='word_1_731' title='bbox 771 2599 888 2626; x_wconf 88' lang='lat' dir='ltr'><strong>muliere</strong></span> 
     </span>
    </p>
   </div>
   <div class='ocr_carea' id='block_1_96' title="bbox 86 2637 888 2676">
    <p class='ocr_par' dir='ltr' id='par_1_96' title="bbox 86 2637 888 2676">
     <span class='ocr_line' id='line_1_96' title="bbox 86 2637 888 2676; baseline 0.011 -12"><span class='ocrx_word' id='word_1_732' title='bbox 86 2637 208 2672; x_wconf 86' lang='lat' dir='ltr'><strong>loquens</strong></span> <span class='ocrx_word' id='word_1_733' title='bbox 234 2643 263 2666; x_wconf 90' lang='lat' dir='ltr'><strong>et</strong></span> <span class='ocrx_word' id='word_1_734' title='bbox 287 2640 349 2674; x_wconf 91' lang='lat' dir='ltr'><strong>ejus</strong></span> <span class='ocrx_word' id='word_1_735' title='bbox 372 2641 489 2674; x_wconf 86' lang='lat' dir='ltr'><strong>semine,</strong></span> <span class='ocrx_word' id='word_1_736' title='bbox 504 2642 646 2676; x_wconf 84' lang='lat' dir='ltr'><strong>quomodo</strong></span> <span class='ocrx_word' id='word_1_737' title='bbox 667 2643 699 2670; x_wconf 93' lang='lat' dir='ltr'><strong>ad</strong></span> <span class='ocrx_word' id='word_1_738' title='bbox 736 2645 888 2672; x_wconf 88' lang='lat' dir='ltr'><strong>masculum</strong></span> 
     </span>
    </p>
   </div>
   <div class='ocr_carea' id='block_1_97' title="bbox 86 2683 889 2725">
    <p class='ocr_par' dir='ltr' id='par_1_97' title="bbox 86 2683 889 2725">
     <span class='ocr_line' id='line_1_97' title="bbox 86 2683 889 2725; baseline 0.007 -16"><span class='ocrx_word' id='word_1_739' title='bbox 86 2683 215 2711; x_wconf 83' lang='lat' dir='ltr'><strong>traduxit</strong></span> <span class='ocrx_word' id='word_1_740' title='bbox 230 2686 386 2712; x_wconf 90' lang='lat' dir='ltr'><strong>orationem</strong></span> <span class='ocrx_word' id='word_1_741' title='bbox 397 2706 403 2718; x_wconf 91' lang='lat'><strong>,</strong></span> <span class='ocrx_word' id='word_1_742' title='bbox 419 2686 517 2714; x_wconf 88' lang='lat' dir='ltr'><strong>dicens</strong></span> <span class='ocrx_word' id='word_1_743' title='bbox 536 2696 542 2714; x_wconf 92' lang='lat'>:</span> <span class='ocrx_word' id='word_1_744' title='bbox 555 2688 617 2723; x_wconf 83' lang='lat' dir='ltr'><strong>Ipse</strong></span> <span class='ocrx_word' id='word_1_745' title='bbox 633 2688 780 2716; x_wconf 78' lang='lat' dir='ltr'><strong>observabil</strong></span> <span class='ocrx_word' id='word_1_746' title='bbox 796 2693 889 2725; x_wconf 83' lang='lat' dir='ltr'><strong>caput,</strong></span> 
     </span>
    </p>
   </div>
   <div class='ocr_carea' id='block_1_98' title="bbox 86 2729 892 2770">
    <p class='ocr_par' dir='ltr' id='par_1_98' title="bbox 86 2729 892 2770">
     <span class='ocr_line' id='line_1_98' title="bbox 86 2729 892 2770; baseline 0.01 -16"><span class='ocrx_word' id='word_1_747' title='bbox 86 2733 112 2755; x_wconf 78' lang='lat' dir='ltr'><strong>et</strong></span> <span class='ocrx_word' id='word_1_748' title='bbox 138 2733 165 2755; x_wconf 74' lang='lat' dir='ltr'><strong>tu</strong></span> <span class='ocrx_word' id='word_1_749' title='bbox 192 2729 343 2757; x_wconf 75' lang='lat' dir='ltr'><strong>obseruabis</strong></span> <span class='ocrx_word' id='word_1_750' title='bbox 360 2731 517 2759; x_wconf 81' lang='lat' dir='ltr'><strong>calcaneum</strong></span> <span class='ocrx_word' id='word_1_751' title='bbox 540 2733 597 2768; x_wconf 69' lang='lat' dir='ltr'><strong>ejus</strong></span> <span class='ocrx_word' id='word_1_752' title='bbox 618 2735 631 2761; x_wconf 83' lang='lat'><strong><em>?</em></strong></span> <span class='ocrx_word' id='word_1_753' title='bbox 661 2733 727 2769; x_wconf 81' lang='lat' dir='ltr'><strong>Ejus</strong></span> <span class='ocrx_word' id='word_1_754' title='bbox 745 2735 758 2761; x_wconf 67' lang='lat'><strong>.7</strong></span> <span class='ocrx_word' id='word_1_755' title='bbox 789 2735 892 2770; x_wconf 88' lang='lat' dir='ltr'><strong>Cujus,</strong></span> 
     </span>
    </p>
   </div>
   <div class='ocr_carea' id='block_1_99' title="bbox 92 2774 891 2816">
    <p class='ocr_par' dir='ltr' id='par_1_99' title="bbox 92 2774 891 2816">
     <span class='ocr_line' id='line_1_99' title="bbox 92 2774 891 2816; baseline 0.009 -15"><span class='ocrx_word' id='word_1_756' title='bbox 92 2774 224 2810; x_wconf 88' lang='lat' dir='ltr'><strong>nunquid</strong></span> <span class='ocrx_word' id='word_1_757' title='bbox 241 2776 385 2804; x_wconf 87' lang='lat' dir='ltr'><strong>mulieris?</strong></span> <span class='ocrx_word' id='word_1_758' title='bbox 400 2777 500 2806; x_wconf 83' lang='lat' dir='ltr'><strong>Absitl</strong></span> <span class='ocrx_word' id='word_1_759' title='bbox 528 2779 589 2806; x_wconf 88' lang='lat' dir='ltr'><strong>Non</strong></span> <span class='ocrx_word' id='word_1_760' title='bbox 616 2779 701 2807; x_wconf 85' lang='lat' dir='ltr'><strong>habet</strong></span> <span class='ocrx_word' id='word_1_761' title='bbox 719 2780 795 2808; x_wconf 88' lang='lat' dir='ltr'><strong>enim</strong></span> <span class='ocrx_word' id='word_1_762' title='bbox 817 2780 891 2816; x_wconf 89' lang='lat' dir='ltr'><strong>quod</strong></span> 
     </span>
    </p>
   </div>
   <div class='ocr_carea' id='block_1_100' title="bbox 86 2819 893 2857">
    <p class='ocr_par' dir='ltr' id='par_1_100' title="bbox 86 2819 893 2857">
     <span class='ocr_line' id='line_1_100' title="bbox 86 2819 893 2857; baseline 0.009 -11"><span class='ocrx_word' id='word_1_763' title='bbox 86 2819 198 2847; x_wconf 84' lang='lat' dir='ltr'><strong>dictum</strong></span> <span class='ocrx_word' id='word_1_764' title='bbox 223 2820 306 2855; x_wconf 81' lang='lat'><strong>917</strong></span> <span class='ocrx_word' id='word_1_765' title='bbox 320 2826 373 2855; x_wconf 90' lang='lat' dir='ltr'><strong>est,</strong></span> <span class='ocrx_word' id='word_1_766' title='bbox 389 2830 513 2851; x_wconf 87' lang='lat' dir='ltr'><strong>sensum.</strong></span> <span class='ocrx_word' id='word_1_767' title='bbox 531 2824 672 2857; x_wconf 90' lang='lat' dir='ltr'><strong>Dissecor,</strong></span> <span class='ocrx_word' id='word_1_768' title='bbox 687 2831 715 2853; x_wconf 91' lang='lat' dir='ltr'><strong>et</strong></span> <span class='ocrx_word' id='word_1_769' title='bbox 739 2826 780 2853; x_wconf 87' lang='lat' dir='ltr'><strong>tui</strong></span> <span class='ocrx_word' id='word_1_770' title='bbox 795 2834 893 2854; x_wconf 87' lang='lat' dir='ltr'><strong>rursus</strong></span> 
     </span>
    </p>
   </div>
   <div class='ocr_carea' id='block_1_101' title="bbox 84 2867 891 2908">
    <p class='ocr_par' dir='ltr' id='par_1_101' title="bbox 84 2867 891 2908">
     <span class='ocr_line' id='line_1_101' title="bbox 84 2867 891 2908; baseline 0.01 -15"><span class='ocrx_word' id='word_1_771' title='bbox 84 2869 187 2894; x_wconf 84' lang='lat' dir='ltr'><strong>teneor</strong></span> <span class='ocrx_word' id='word_1_772' title='bbox 207 2867 395 2896; x_wconf 88' lang='lat' dir='ltr'><strong>admiratione</strong></span> <span class='ocrx_word' id='word_1_773' title='bbox 418 2871 482 2905; x_wconf 92' lang='lat' dir='ltr'><strong>(tibi</strong></span> <span class='ocrx_word' id='word_1_774' title='bbox 495 2871 591 2899; x_wconf 71' lang='lat' dir='ltr'><strong>Judzco</strong></span> <span class='ocrx_word' id='word_1_775' title='bbox 611 2880 708 2900; x_wconf 85' lang='lat' dir='ltr'><strong>rursus</strong></span> <span class='ocrx_word' id='word_1_776' title='bbox 730 2872 805 2908; x_wconf 89' lang='lat' dir='ltr'><strong>dico)</strong></span> <span class='ocrx_word' id='word_1_777' title='bbox 821 2881 891 2908; x_wconf 86' lang='lat' dir='ltr'><strong>quo-</strong></span> 
     </span>
    </p>
   </div>
   <div class='ocr_carea' id='block_1_102' title="bbox 445 2412 896 2450">
    <p class='ocr_par' dir='ltr' id='par_1_102' title="bbox 445 2412 896 2450">
     <span class='ocr_line' id='line_1_102' title="bbox 445 2412 896 2450; baseline 0.018 -12"><span class='ocrx_word' id='word_1_778' title='bbox 445 2419 453 2444; x_wconf 85' lang='lat'><strong>;</strong></span> <span class='ocrx_word' id='word_1_779' title='bbox 482 2412 534 2439; x_wconf 91' lang='lat' dir='ltr'><strong>hoc</strong></span> <span class='ocrx_word' id='word_1_780' title='bbox 553 2417 596 2440; x_wconf 88' lang='lat' dir='ltr'><strong>cst</strong></span> <span class='ocrx_word' id='word_1_781' title='bbox 614 2414 705 2441; x_wconf 88' lang='lat' dir='ltr'><strong>malus</strong></span> <span class='ocrx_word' id='word_1_782' title='bbox 721 2422 848 2450; x_wconf 89' lang='lat' dir='ltr'><strong>serpens,</strong></span> <span class='ocrx_word' id='word_1_783' title='bbox 867 2422 896 2446; x_wconf 92' lang='lat' dir='ltr'><strong>et</strong></span> 
     </span>
    </p>
   </div>
   <div class='ocr_carea' id='block_1_103' title="bbox 87 2456 895 2496">
    <p class='ocr_par' dir='ltr' id='par_1_103' title="bbox 87 2456 895 2496">
     <span class='ocr_line' id='line_1_103' title="bbox 87 2456 895 2496; baseline 0.011 -16"><span class='ocrx_word' id='word_1_784' title='bbox 87 2458 239 2488; x_wconf 78' lang='lat' dir='ltr'><strong>propterea</strong></span> <span class='ocrx_word' id='word_1_785' title='bbox 253 2458 384 2490; x_wconf 87' lang='lat' dir='ltr'><strong>tanquam</strong></span> <span class='ocrx_word' id='word_1_786' title='bbox 399 2456 508 2484; x_wconf 89' lang='lat' dir='ltr'><strong>hostem</strong></span> <span class='ocrx_word' id='word_1_787' title='bbox 523 2457 656 2486; x_wconf 78' lang='lat' dir='ltr'><strong>Ecclesia:</strong></span> <span class='ocrx_word' id='word_1_788' title='bbox 670 2467 733 2487; x_wconf 88' lang='lat' dir='ltr'><strong>eum</strong></span> <span class='ocrx_word' id='word_1_789' title='bbox 749 2461 895 2496; x_wconf 82' lang='lat' dir='ltr'><strong>alloquens</strong></span> 
     </span>
    </p>
   </div>
   <div class='ocr_carea' id='block_1_104' title="bbox 946 2373 1742 2409">
    <p class='ocr_par' dir='ltr' id='par_1_104' title="bbox 946 2373 1742 2409">
     <span class='ocr_line' id='line_1_104' title="bbox 946 2373 1742 2409; baseline 0.004 -9"><span class='ocrx_word' id='word_1_790' title='bbox 946 2373 1042 2400; x_wconf 66' lang='lat' dir='ltr'><strong>amicre</strong></span> <span class='ocrx_word' id='word_1_791' title='bbox 1055 2373 1204 2409; x_wconf 88' lang='lat' dir='ltr'><strong>serpentis.</strong></span> <span class='ocrx_word' id='word_1_792' title='bbox 1222 2373 1260 2400; x_wconf 90' lang='lat' dir='ltr'><strong>De</strong></span> <span class='ocrx_word' id='word_1_793' title='bbox 1275 2378 1375 2401; x_wconf 72' lang='lat' dir='ltr'><strong>czetero</strong></span> <span class='ocrx_word' id='word_1_794' title='bbox 1390 2377 1496 2407; x_wconf 87' lang='lat' dir='ltr'><strong>autem,</strong></span> <span class='ocrx_word' id='word_1_795' title='bbox 1510 2375 1621 2409; x_wconf 87' lang='lat' dir='ltr'><strong>quando</strong></span> <span class='ocrx_word' id='word_1_796' title='bbox 1636 2375 1742 2403; x_wconf 84' lang='lat' dir='ltr'><strong>videris</strong></span> 
     </span>
    </p>
   </div>
   <div class='ocr_carea' id='block_1_105' title="bbox 946 2416 1741 2454">
    <p class='ocr_par' dir='ltr' id='par_1_105' title="bbox 946 2416 1741 2454">
     <span class='ocr_line' id='line_1_105' title="bbox 946 2416 1741 2454; baseline 0.005 -11"><span class='ocrx_word' id='word_1_797' title='bbox 946 2416 1070 2452; x_wconf 86' lang='lat' dir='ltr'><strong>reliquas</strong></span> <span class='ocrx_word' id='word_1_798' title='bbox 1092 2417 1225 2445; x_wconf 87' lang='lat' dir='ltr'><strong>mulieres</strong></span> <span class='ocrx_word' id='word_1_799' title='bbox 1242 2422 1270 2444; x_wconf 86' lang='lat' dir='ltr'><strong>et</strong></span> <span class='ocrx_word' id='word_1_800' title='bbox 1293 2418 1371 2451; x_wconf 89' lang='lat' dir='ltr'><strong>ﬁdes,</strong></span> <span class='ocrx_word' id='word_1_801' title='bbox 1393 2418 1609 2454; x_wconf 80' lang='lat' dir='ltr'><strong>Judzeorumque</strong></span> <span class='ocrx_word' id='word_1_802' title='bbox 1628 2424 1656 2447; x_wconf 91' lang='lat' dir='ltr'><strong>et</strong></span> <span class='ocrx_word' id='word_1_803' title='bbox 1674 2420 1741 2447; x_wconf 87' lang='lat' dir='ltr'><strong>Bar-</strong></span> 
     </span>
    </p>
   </div>
   <div class='ocr_carea' id='block_1_106' title="bbox 945 2462 1743 2499">
    <p class='ocr_par' dir='ltr' id='par_1_106' title="bbox 945 2462 1743 2499">
     <span class='ocr_line' id='line_1_106' title="bbox 945 2462 1743 2499; baseline 0.004 -9"><span class='ocrx_word' id='word_1_804' title='bbox 945 2462 1076 2490; x_wconf 90' lang='lat' dir='ltr'><strong>barorum</strong></span> <span class='ocrx_word' id='word_1_805' title='bbox 1101 2471 1271 2499; x_wconf 77' lang='lat' dir='ltr'><strong>synagogas,</strong></span> <span class='ocrx_word' id='word_1_806' title='bbox 1296 2464 1464 2498; x_wconf 80' lang='lat' dir='ltr'><strong>psallentes,</strong></span> <span class='ocrx_word' id='word_1_807' title='bbox 1491 2466 1653 2498; x_wconf 86' lang='lat' dir='ltr'><strong>clamantes,</strong></span> <span class='ocrx_word' id='word_1_808' title='bbox 1682 2466 1743 2493; x_wconf 74' lang='lat' dir='ltr'><strong>dies</strong></span> 
     </span>
    </p>
   </div>
   <div class='ocr_carea' id='block_1_107' title="bbox 943 2509 1742 2546">
    <p class='ocr_par' dir='ltr' id='par_1_107' title="bbox 943 2509 1742 2546">
     <span class='ocr_line' id='line_1_107' title="bbox 943 2509 1742 2546; baseline 0.004 -10"><span class='ocrx_word' id='word_1_809' title='bbox 943 2509 1028 2536; x_wconf 78' lang='lat' dir='ltr'><strong>festos</strong></span> <span class='ocrx_word' id='word_1_810' title='bbox 1040 2509 1223 2542; x_wconf 87' lang='lat' dir='ltr'><strong>celebrantes,</strong></span> <span class='ocrx_word' id='word_1_811' title='bbox 1233 2510 1391 2546; x_wconf 82' lang='lat' dir='ltr'><strong>vigilantes,</strong></span> <span class='ocrx_word' id='word_1_812' title='bbox 1404 2511 1572 2546; x_wconf 86' lang='lat' dir='ltr'><strong>jejunantes,</strong></span> <span class='ocrx_word' id='word_1_813' title='bbox 1582 2511 1742 2539; x_wconf 86' lang='lat' dir='ltr'><strong>sacriﬁcan-</strong></span> 
     </span>
    </p>
   </div>
   <div class='ocr_carea' id='block_1_108' title="bbox 944 2556 1743 2593">
    <p class='ocr_par' dir='ltr' id='par_1_108' title="bbox 944 2556 1743 2593">
     <span class='ocr_line' id='line_1_108' title="bbox 944 2556 1743 2593; baseline 0.004 -11"><span class='ocrx_word' id='word_1_814' title='bbox 944 2558 996 2587; x_wconf 86' lang='lat' dir='ltr'><strong>tes,</strong></span> <span class='ocrx_word' id='word_1_815' title='bbox 1020 2556 1185 2588; x_wconf 70' lang='lat' dir='ltr'><strong>adorantes,</strong></span> <span class='ocrx_word' id='word_1_816' title='bbox 1213 2556 1299 2584; x_wconf 88' lang='lat' dir='ltr'><strong>Deum</strong></span> <span class='ocrx_word' id='word_1_817' title='bbox 1325 2557 1518 2589; x_wconf 88' lang='lat' dir='ltr'><strong>nominantes,</strong></span> <span class='ocrx_word' id='word_1_818' title='bbox 1537 2557 1620 2585; x_wconf 90' lang='lat' dir='ltr'><strong>ﬁdem</strong></span> <span class='ocrx_word' id='word_1_819' title='bbox 1642 2558 1743 2593; x_wconf 72' lang='lat' dir='ltr'><strong>prmdi-</strong></span> 
     </span>
    </p>
   </div>
   <div class='ocr_carea' id='block_1_109' title="bbox 942 2603 1741 2640">
    <p class='ocr_par' dir='ltr' id='par_1_109' title="bbox 942 2603 1741 2640">
     <span class='ocr_line' id='line_1_109' title="bbox 942 2603 1741 2640; baseline 0.005 -12"><span class='ocrx_word' id='word_1_820' title='bbox 942 2607 1048 2633; x_wconf 75' lang='lat' dir='ltr'><strong>cantes,</strong></span> <span class='ocrx_word' id='word_1_821' title='bbox 1075 2603 1204 2638; x_wconf 80' lang='lat' dir='ltr'><strong>dogmata</strong></span> <span class='ocrx_word' id='word_1_822' title='bbox 1231 2607 1396 2637; x_wconf 88' lang='lat' dir='ltr'><strong>statuentes,</strong></span> <span class='ocrx_word' id='word_1_823' title='bbox 1427 2604 1587 2639; x_wconf 88' lang='lat' dir='ltr'><strong>Scripturas</strong></span> <span class='ocrx_word' id='word_1_824' title='bbox 1605 2605 1741 2640; x_wconf 79' lang='lat' dir='ltr'><strong>legentes.</strong></span> 
     </span>
    </p>
   </div>
   <div class='ocr_carea' id='block_1_110' title="bbox 944 2647 1742 2679">
    <p class='ocr_par' dir='ltr' id='par_1_110' title="bbox 944 2647 1742 2679">
     <span class='ocr_line' id='line_1_110' title="bbox 944 2647 1742 2679; baseline 0.005 -5"><span class='ocrx_word' id='word_1_825' title='bbox 944 2647 1086 2676; x_wconf 88' lang='lat' dir='ltr'><strong>Christum</strong></span> <span class='ocrx_word' id='word_1_826' title='bbox 1108 2653 1201 2676; x_wconf 84' lang='lat' dir='ltr'><strong>autem</strong></span> <span class='ocrx_word' id='word_1_827' title='bbox 1229 2650 1316 2677; x_wconf 88' lang='lat' dir='ltr'><strong>Deum</strong></span> <span class='ocrx_word' id='word_1_828' title='bbox 1341 2659 1438 2678; x_wconf 88' lang='lat' dir='ltr'><strong>verum</strong></span> <span class='ocrx_word' id='word_1_829' title='bbox 1460 2659 1494 2678; x_wconf 85' lang='lat' dir='ltr'><strong>cx</strong></span> <span class='ocrx_word' id='word_1_830' title='bbox 1517 2651 1573 2679; x_wconf 87' lang='lat' dir='ltr'><strong>Deo</strong></span> <span class='ocrx_word' id='word_1_831' title='bbox 1590 2659 1657 2679; x_wconf 78' lang='lat' dir='ltr'><strong>vero</strong></span> <span class='ocrx_word' id='word_1_832' title='bbox 1685 2659 1742 2678; x_wconf 86' lang='lat' dir='ltr'><strong>non</strong></span> 
     </span>
    </p>
   </div>
   <div class='ocr_carea' id='block_1_111' title="bbox 944 2693 1742 2732">
    <p class='ocr_par' dir='ltr' id='par_1_111' title="bbox 944 2693 1742 2732">
     <span class='ocr_line' id='line_1_111' title="bbox 944 2693 1742 2732; baseline 0.006 -13"><span class='ocrx_word' id='word_1_833' title='bbox 944 2693 1121 2726; x_wconf 88' lang='lat' dir='ltr'><strong>conﬁtentes,</strong></span> <span class='ocrx_word' id='word_1_834' title='bbox 1135 2699 1214 2722; x_wconf 90' lang='lat' dir='ltr'><strong>certo</strong></span> <span class='ocrx_word' id='word_1_835' title='bbox 1230 2696 1302 2723; x_wconf 85' lang='lat' dir='ltr'><strong>scias</strong></span> <span class='ocrx_word' id='word_1_836' title='bbox 1314 2697 1389 2732; x_wconf 89' lang='lat' dir='ltr'><strong>quod</strong></span> <span class='ocrx_word' id='word_1_837' title='bbox 1401 2705 1441 2724; x_wconf 71' lang='lat' dir='ltr'><strong>ese</strong></span> <span class='ocrx_word' id='word_1_838' title='bbox 1454 2706 1551 2724; x_wconf 87' lang='lat' dir='ltr'><strong>omnes</strong></span> <span class='ocrx_word' id='word_1_839' title='bbox 1565 2702 1631 2725; x_wconf 86' lang='lat' dir='ltr'><strong>sunt</strong></span> <span class='ocrx_word' id='word_1_840' title='bbox 1645 2698 1742 2725; x_wconf 74' lang='lat' dir='ltr'><strong>amica:</strong></span> 
     </span>
    </p>
   </div>
   <div class='ocr_carea' id='block_1_112' title="bbox 943 2738 1741 2776">
    <p class='ocr_par' dir='ltr' id='par_1_112' title="bbox 943 2738 1741 2776">
     <span class='ocr_line' id='line_1_112' title="bbox 943 2738 1741 2776; baseline 0.008 -12"><span class='ocrx_word' id='word_1_841' title='bbox 943 2738 1046 2766; x_wconf 82' lang='lat' dir='ltr'><strong>diaboli</strong></span> <span class='ocrx_word' id='word_1_842' title='bbox 1073 2740 1183 2775; x_wconf 85' lang='lat' dir='ltr'><strong>(nempe</strong></span> <span class='ocrx_word' id='word_1_843' title='bbox 1206 2743 1358 2776; x_wconf 88' lang='lat' dir='ltr'><strong>serpentis)</strong></span> <span class='ocrx_word' id='word_1_844' title='bbox 1381 2747 1410 2770; x_wconf 86' lang='lat' dir='ltr'><strong>et</strong></span> <span class='ocrx_word' id='word_1_845' title='bbox 1432 2743 1509 2770; x_wconf 85' lang='lat' dir='ltr'><strong>nulla</strong></span> <span class='ocrx_word' id='word_1_846' title='bbox 1525 2751 1558 2770; x_wconf 80' lang='lat' dir='ltr'><strong>ex</strong></span> <span class='ocrx_word' id='word_1_847' title='bbox 1581 2744 1615 2770; x_wconf 91' lang='lat' dir='ltr'><strong>iis</strong></span> <span class='ocrx_word' id='word_1_848' title='bbox 1628 2747 1671 2770; x_wconf 87' lang='lat' dir='ltr'><strong>est</strong></span> <span class='ocrx_word' id='word_1_849' title='bbox 1688 2742 1741 2769; x_wconf 90' lang='lat' dir='ltr'><strong>ini-</strong></span> 
     </span>
    </p>
   </div>
   <div class='ocr_carea' id='block_1_113' title="bbox 943 2785 1740 2824">
    <p class='ocr_par' dir='ltr' id='par_1_113' title="bbox 943 2785 1740 2824">
     <span class='ocr_line' id='line_1_113' title="bbox 943 2785 1740 2824; baseline 0.006 -13"><span class='ocrx_word' id='word_1_850' title='bbox 943 2785 1015 2812; x_wconf 88' lang='lat' dir='ltr'><strong>mica</strong></span> <span class='ocrx_word' id='word_1_851' title='bbox 1036 2791 1065 2813; x_wconf 92' lang='lat' dir='ltr'><strong>et</strong></span> <span class='ocrx_word' id='word_1_852' title='bbox 1082 2787 1116 2813; x_wconf 90' lang='lat' dir='ltr'><strong>ab</strong></span> <span class='ocrx_word' id='word_1_853' title='bbox 1133 2794 1167 2814; x_wconf 91' lang='lat' dir='ltr'><strong>eo</strong></span> <span class='ocrx_word' id='word_1_854' title='bbox 1187 2787 1290 2821; x_wconf 87' lang='lat' dir='ltr'><strong>aliena,</strong></span> <span class='ocrx_word' id='word_1_855' title='bbox 1308 2789 1362 2816; x_wconf 88' lang='lat' dir='ltr'><strong>nisi</strong></span> <span class='ocrx_word' id='word_1_856' title='bbox 1379 2789 1438 2824; x_wconf 86' lang='lat' dir='ltr'><strong>ipsa</strong></span> <span class='ocrx_word' id='word_1_857' title='bbox 1460 2797 1549 2824; x_wconf 78' lang='lat' dir='ltr'><strong>eaque</strong></span> <span class='ocrx_word' id='word_1_858' title='bbox 1566 2789 1623 2816; x_wconf 86' lang='lat' dir='ltr'><strong>sola</strong></span> <span class='ocrx_word' id='word_1_859' title='bbox 1638 2788 1740 2816; x_wconf 79' lang='lat' dir='ltr'><strong>Christi</strong></span> 
     </span>
    </p>
   </div>
   <div class='ocr_carea' id='block_1_114' title="bbox 942 2830 1740 2868">
    <p class='ocr_par' dir='ltr' id='par_1_114' title="bbox 942 2830 1740 2868">
     <span class='ocr_line' id='line_1_114' title="bbox 942 2830 1740 2868; baseline 0.004 -11"><span class='ocrx_word' id='word_1_860' title='bbox 942 2830 1078 2864; x_wconf 87' lang='lat' dir='ltr'><strong>Ecclesia,</strong></span> <span class='ocrx_word' id='word_1_861' title='bbox 1096 2836 1124 2860; x_wconf 89' lang='lat' dir='ltr'><strong>et</strong></span> <span class='ocrx_word' id='word_1_862' title='bbox 1136 2834 1196 2868; x_wconf 86' lang='lat' dir='ltr'><strong>ejus</strong></span> <span class='ocrx_word' id='word_1_863' title='bbox 1211 2841 1316 2861; x_wconf 87' lang='lat' dir='ltr'><strong>semen.</strong></span> <span class='ocrx_word' id='word_1_864' title='bbox 1337 2835 1391 2862; x_wconf 80' lang='lat' dir='ltr'><strong>like</strong></span> <span class='ocrx_word' id='word_1_865' title='bbox 1405 2836 1478 2862; x_wconf 91' lang='lat' dir='ltr'><strong>enim</strong></span> <span class='ocrx_word' id='word_1_866' title='bbox 1492 2843 1588 2862; x_wconf 90' lang='lat' dir='ltr'><strong>omnes</strong></span> <span class='ocrx_word' id='word_1_867' title='bbox 1600 2840 1666 2862; x_wconf 90' lang='lat' dir='ltr'><strong>sunt</strong></span> <span class='ocrx_word' id='word_1_868' title='bbox 1683 2835 1740 2862; x_wconf 75' lang='grc' dir='ltr'><strong>[οι--</strong></span> 
     </span>
    </p>
   </div>
   <div class='ocr_carea' id='block_1_115' title="bbox 943 2878 1742 2915">
    <p class='ocr_par' dir='ltr' id='par_1_115' title="bbox 943 2878 1742 2915">
     <span class='ocr_line' id='line_1_115' title="bbox 943 2878 1742 2915; baseline 0.005 -11"><span class='ocrx_word' id='word_1_869' title='bbox 943 2878 1097 2906; x_wconf 89' lang='lat' dir='ltr'><strong>nicationes</strong></span> <span class='ocrx_word' id='word_1_870' title='bbox 1111 2883 1138 2906; x_wconf 90' lang='lat' dir='ltr'><strong>et</strong></span> <span class='ocrx_word' id='word_1_871' title='bbox 1154 2880 1299 2913; x_wconf 61' lang='lat' dir='ltr'><strong>adulterae,</strong></span> <span class='ocrx_word' id='word_1_872' title='bbox 1316 2885 1343 2908; x_wconf 78' lang='lat' dir='ltr'><strong>ct</strong></span> <span class='ocrx_word' id='word_1_873' title='bbox 1359 2889 1392 2908; x_wconf 75' lang='lat' dir='ltr'><strong>ex</strong></span> <span class='ocrx_word' id='word_1_874' title='bbox 1407 2881 1512 2908; x_wconf 74' lang='lat' dir='ltr'><strong>semine</strong></span> <span class='ocrx_word' id='word_1_875' title='bbox 1525 2881 1664 2915; x_wconf 84' lang='lat' dir='ltr'><strong>serpentis</strong></span> <span class='ocrx_word' id='word_1_876' title='bbox 1676 2889 1742 2908; x_wconf 80' lang='lat' dir='ltr'><strong>con-</strong></span> 
     </span>
    </p>
   </div>
   <div class='ocr_carea' id='block_1_116' title="bbox 118 2965 889 3015">
    <p class='ocr_par' dir='ltr' id='par_1_116' title="bbox 118 2965 870 3008">
     <span class='ocr_line' id='line_1_116' title="bbox 118 2965 870 3008; baseline 0.011 -14"><span class='ocrx_word' id='word_1_877' title='bbox 118 2965 142 2981; x_wconf 81' lang='lat'>&quot;</span> <span class='ocrx_word' id='word_1_878' title='bbox 166 2968 269 2995; x_wconf 81' lang='lat' dir='ltr'><strong>Matth.</strong></span> <span class='ocrx_word' id='word_1_879' title='bbox 288 2977 346 3000; x_wconf 83' lang='lat' dir='ltr'><strong>xm,</strong></span> <span class='ocrx_word' id='word_1_880' title='bbox 361 2970 386 2996; x_wconf 81' lang='grc'><strong>5.</strong></span> <span class='ocrx_word' id='word_1_881' title='bbox 426 2972 527 3000; x_wconf 78' lang='lat' dir='ltr'><strong>“ibid.</strong></span> <span class='ocrx_word' id='word_1_882' title='bbox 541 2973 586 3000; x_wconf 74' lang='lat'><strong>28.</strong></span> <span class='ocrx_word' id='word_1_883' title='bbox 625 2974 648 2990; x_wconf 77' lang='grc'><strong>⁵⁸</strong></span> <span class='ocrx_word' id='word_1_884' title='bbox 668 2974 736 3001; x_wconf 70' lang='lat' dir='ltr'><strong>lien.</strong></span> <span class='ocrx_word' id='word_1_885' title='bbox 768 2983 796 3007; x_wconf 82' lang='grc' dir='ltr'><strong>ιι,</strong></span> <span class='ocrx_word' id='word_1_886' title='bbox 817 2975 870 3008; x_wconf 71' lang='grc' dir='ltr'><strong>ΕΜ;</strong></span> 
     </span>
    </p>
   </div>
   <div class='ocr_carea' id='block_1_117' title="bbox 942 2965 1368 3015">
    <p class='ocr_par' dir='ltr' id='par_1_117' title="bbox 942 2979 1368 3015">
     <span class='ocr_line' id='line_1_117' title="bbox 942 2979 1368 3015; baseline 0.007 -10"><span class='ocrx_word' id='word_1_887' title='bbox 942 2979 989 3006; x_wconf 87' lang='lat' dir='ltr'><strong>llh.</strong></span> <span class='ocrx_word' id='word_1_888' title='bbox 1010 2987 1064 3012; x_wconf 74' lang='lat' dir='ltr'><strong>nx,</strong></span> <span class='ocrx_word' id='word_1_889' title='bbox 1090 2981 1122 3012; x_wconf 79' lang='lat'><strong>5;</strong></span> <span class='ocrx_word' id='word_1_890' title='bbox 1141 2981 1233 3015; x_wconf 66' lang='lat' dir='ltr'><strong>Epiros</strong></span> <span class='ocrx_word' id='word_1_891' title='bbox 1272 2990 1297 3014; x_wconf 75' lang='grc' dir='ltr'><strong>ν,</strong></span> <span class='ocrx_word' id='word_1_892' title='bbox 1324 2982 1368 3008; x_wconf 69' lang='grc'><strong>51.</strong></span> 
     </span>
    </p>
   </div>
   <div class='ocr_carea' id='block_1_118' title="bbox 255 3015 664 3052">
    <p class='ocr_par' dir='ltr' id='par_1_118' title="bbox 255 3015 664 3052">
     <span class='ocr_line' id='line_1_118' title="bbox 255 3015 664 3052; baseline 0.022 -9"><span class='ocrx_word' id='word_1_893' title='bbox 255 3015 393 3047; x_wconf 67' lang='lat' dir='ltr'><strong>Parant.</strong></span> <span class='ocrx_word' id='word_1_894' title='bbox 411 3018 469 3047; x_wconf 78' lang='lat' dir='ltr'><strong>(in.</strong></span> <span class='ocrx_word' id='word_1_895' title='bbox 488 3019 664 3052; x_wconf 58' lang='lat' dir='ltr'><strong>LXXXIX.</strong></span> 
     </span>
    </p>
   </div>
   <div class='ocr_carea' id='block_1_119' title="bbox 1545 3030 1582 3060">
    <p class='ocr_par' dir='ltr' id='par_1_119' title="bbox 1545 3030 1582 3060">
     <span class='ocr_line' id='line_1_119' title="bbox 1545 3030 1582 3060; baseline 0.054 -2"><span class='ocrx_word' id='word_1_896' title='bbox 1545 3030 1582 3060; x_wconf 79' lang='lat'><strong>33</strong></span> 
     </span>
    </p>
   </div>
  </div>
