1978 3185
256 207 322 239 1035

253 266 389 301 eipientel
414 268 442 292 et
464 264 619 299 parientes.
645 261 762 288 fortasse
791 264 884 287 autem
911 259 1045 285 habentes
1061 261 1081 287 Α

255 313 338 340 etiam
355 311 498 346 proprium
513 315 542 337 et
559 309 682 336 innatum
698 315 792 335 semen
815 309 943 340 serpente
966 304 1044 331 dete-

258 361 315 387 rius
331 368 337 385 :
357 359 402 385 ille
418 358 492 385 enim
505 361 532 384 et
548 355 595 391 qui
612 363 674 383 cum
689 362 723 381 eo
741 357 804 380 sunt
821 352 960 379 daemones
974 357 1045 384 stepe

256 405 374 433 ποιήσεςὶ
389 408 453 432 sunt
467 407 494 430 et
516 402 703 437 prtedicarunt
725 399 866 426 Christum
882 397 981 424 Filium
997 395 1045 422 Dei

257 451 394 479 altissimi.
414 449 492 477 [lude
510 449 593 476 etiam
611 449 638 474 in
659 446 811 474 tentatione
824 444 848 471 ei
864 443 975 470 dicebat
989 450 1048 469 ser-

258 505 324 532 pcns
334 502 463 530 tanquam
473 494 542 521 Filio
553 493 615 519 Dei:
626 491 672 518 Dic
684 495 711 516 ut
724 489 824 525 lapides
837 496 918 523 panes
932 486 1045 520 ﬁunt”;

256 546 284 568 et
296 547 425 576 tanquam
439 539 508 566 Filio
525 539 571 565 Dei
589 537 699 564 dicebat
712 545 718 562 :
729 535 817 569 Dejire
829 539 853 559 te
867 534 953 568 ipsum
970 532 1046 557 deor-

257 596 315 614 sum
337 588 359 602 "
372 594 404 613 ex
427 585 528 619 templo
546 593 551 610 :
565 589 593 610 et
609 588 738 616 tanquam
759 581 816 607 Deo
830 579 1048 614 deprecabantur

259 640 354 660 omnes
375 640 410 659 ne
431 639 480 658 eos
504 630 627 657 tuitteret
653 629 680 654 in
705 627 844 662 abyssum,
872 630 899 652 et
918 629 1047 658 tauquam

260 681 314 706 Deo
337 685 365 705 et
387 678 504 704 Domino
525 676 650 702 outnium
663 674 775 701 Christo
798 670 1000 706 supplicabant,
1020 672 1049 694 ut

259 727 300 752 eis
319 725 493 760 pertuitteret
514 723 616 748 intrare
642 721 670 746 in
695 727 787 754 porcos
810 719 843 749 ‘5’,
866 722 894 744 et
918 721 1048 750 tanquam

259 773 344 799 Deum
360 778 423 797 eum
436 768 580 804 adjurahat
592 766 758 794 diemonium
776 772 810 791 ne
829 764 919 799 ipsum
937 767 1049 797 torque-

261 824 312 844 ret.
337 816 409 844 Nulli
435 815 510 842 enim
531 815 670 849 justorum
695 811 741 846 qui
763 810 875 837 fuerunt
900 817 915 835 a
937 808 1048 839 szeculo,

261 865 329 891 tales
354 870 451 898 preces
472 865 622 888 trementes
637 859 712 886 eﬂati
734 861 799 884 sunt
820 856 969 886 dtemones,
996 854 1049 880 nisi

260 910 312 937 soli
336 908 447 936 Christo
464 907 530 934 Deo.
557 905 689 933 Sciebant
706 903 781 930 enim
803 910 836 929 ex
859 902 892 928 iis
916 908 976 935 quze
1001 907 1050 934 pa-

261 955 411 984 tiebantur,
429 952 503 987 quod
527 951 561 978 ad
579 957 676 977 eorum
697 947 849 984 perniciem
865 951 892 974 et
909 946 1050 973 interitum
1068 938 1087 964 Β

260 1006 289 1028 et
310 1000 439 1027 draconis
457 1005 554 1025 eorum
571 995 716 1032 principis,
741 994 819 1021 venit
837 993 921 1028 judex
939 992 972 1018 ad
989 999 1051 1018 mu-

261 1048 357 1074 lierem
375 1051 404 1073 et
427 1044 568 1072 hominem
591 1042 638 1077 qui
663 1044 855 1076 peccaverant,
879 1047 934 1066 non
954 1042 985 1064 ut
1006 1044 1052 1064 eos

259 1092 398 1128 judicaret
411 1095 459 1117 aut
480 1092 683 1119 exsecraretur,
707 1086 754 1114 sed
773 1091 804 1113 ut
825 1088 959 1116 servaret,
982 1083 1053 1110 sicut

263 1138 320 1174 ipse
345 1137 474 1165 Servatur
489 1135 558 1162 dicit
572 1143 578 1160 :
593 1134 650 1161 Non
670 1134 728 1160 veni
745 1136 772 1158 ut
783 1132 899 1167 judicent
916 1130 1052 1161 mundum,

262 1183 308 1210 sed
324 1187 350 1209 ut
363 1189 462 1208 servem
477 1180 510 1206 ‘°.
524 1179 597 1205 Venit
613 1178 683 1205 enim
706 1176 786 1204 Filius
802 1175 914 1201 hominis
932 1173 966 1200 ad
980 1181 1055 1208 qua:-

264 1227 376 1254 rendum
398 1231 422 1253 et
442 1225 603 1252 servandum
626 1222 695 1258 quod
717 1222 832 1257 perierat
851 1221 889 1252 °",
913 1227 965 1246 non
985 1220 1056 1244 enim

263 1275 335 1302 venit
355 1274 390 1300 ad
411 1272 559 1299 vocandum
577 1271 677 1306 justas,
693 1269 736 1296 sed
758 1272 904 1304 peccatores
920 1266 955 1293 ad
976 1266 1057 1301 panti-

265 1321 377 1347 tentiam
390 1320 424 1352 °',
441 1317 572 1353 quoniattt
595 1324 646 1342 non
669 1323 733 1350 opus
753 1314 848 1341 habent
865 1313 910 1347 qui
923 1312 983 1338 sani
995 1315 1057 1337 sunt

266 1367 377 1398 medico,
393 1365 438 1392 sed
448 1366 492 1399 qui
507 1363 576 1391 male
590 1371 618 1390 se
632 1362 727 1389 [tabent
748 1362 782 1387 “.
804 1359 833 1387 Si
857 1366 923 1393 ergo
945 1362 1058 1393 propter

267 1412 478 1447 benignitatem,
501 1415 530 1438 et
550 1408 737 1439 clementiatn,
753 1410 781 1433 et
795 1409 971 1440 peccatorum
989 1411 1057 1430 cott-

267 1458 446 1486 donationem
465 1455 541 1483 venit
564 1455 591 1481 in
618 1454 703 1480 vitam
727 1452 867 1482 Christus,
885 1450 976 1485 Agnus
998 1448 1057 1480 Dei,

267 1505 312 1540 qui
338 1503 406 1530 tollit
424 1506 533 1538 peccata
560 1499 653 1527 mundi
671 1499 692 1514 θ’
712 1506 718 1524 :
735 1498 795 1532 ejus
816 1501 908 1523 autem
924 1495 1060 1521 adventus

268 1550 296 1576 in
318 1547 488 1584 paradisum,
505 1546 552 1581 qui
569 1545 621 1572 fuit
637 1543 671 1571 ad
691 1550 739 1570 eos
759 1542 806 1576 qui
822 1545 982 1576 peccarunt,
1000 1542 1060 1566 erat

268 1603 350 1623 verus
368 1599 448 1630 typus
466 1593 526 1628 ejus
548 1591 684 1618 adventus
702 1588 735 1616 ad
759 1588 903 1615 mulieretu
928 1594 989 1621 qua:
1011 1585 1060 1612 de-

270 1646 347 1675 cepta
359 1642 458 1671 fuerat,
473 1639 568 1670 Evam,
583 1635 744 1666 Ecclesium,
755 1639 883 1661 naturam
897 1633 1060 1664 humanam;

272 1685 408 1718 intelligat
423 1682 541 1718 quilibet
563 1681 647 1708 houto
661 1679 763 1711 ﬁdelis,
780 1678 852 1713 quod
867 1685 922 1704 non
938 1677 971 1704 ad
995 1684 1062 1711 sup-

273 1730 386 1765 plicium
409 1727 598 1762 irrogandum,
614 1733 702 1760 neque
717 1724 750 1751 ad
764 1731 874 1759 prunam
888 1722 1060 1754 sumendam,

273 1781 362 1810 neque
382 1773 416 1801 ad
440 1770 693 1802 exterminandum,
713 1777 801 1804 neque
814 1768 847 1795 ad
864 1766 1062 1794 exsecrandum

273 1826 339 1848 tunc
365 1820 442 1847 venit
465 1819 538 1846 Deus
553 1818 588 1846 ad
608 1817 742 1844 Adamum
763 1819 790 1842 et
808 1815 902 1842 Evam.
919 1812 977 1840 Ovis
990 1812 1064 1840 enim

276 1877 334 1904 (ιυω
354 1868 469 1902 perierat
488 1866 509 1881 ⁸⁸
531 1868 590 1892 erat
606 1864 746 1898 exemplar
768 1861 876 1898 Adami,
892 1867 982 1895 neque
1002 1867 1065 1886 cum

276 1916 317 1941 ira
344 1914 431 1949 ipsam
464 1911 590 1947 quzesivit
616 1911 714 1938 Pastor
741 1909 840 1941 bonus,
873 1907 921 1935 sed
947 1906 1064 1942 gestavit

275 1960 411 1987 humeris:
421 1963 449 1986 et
460 1958 571 1992 dragma
584 1964 645 1991 qua:
656 1955 795 1982 ceciderat
806 1962 839 1981 ex
850 1953 957 1984 decem,
967 1960 1066 1987 nempe

275 2006 341 2038 Eva,
364 2009 424 2032 erat
438 2002 574 2033 Ecclesia,
589 2009 681 2036 neque
698 2008 759 2027 cuttt
779 2000 820 2027 ira
843 1999 971 2034 quaesivit
985 2003 1013 2025 et
1026 1998 1068 2026 in-

276 2052 351 2079 venit
366 2058 426 2078 eam
451 2049 499 2077 Dei
520 2048 677 2083 benignitas
692 2056 698 2073 :
714 2051 742 2074 et
758 2046 841 2073 homo
862 2045 909 2081 qui
927 2045 1026 2073 incidit
1039 2045 1067 2072 in

274 2099 408 2130 latrones,
433 2096 487 2123 fuit
499 2095 687 2131 protoplastus
700 2092 802 2124 Adam;
819 2099 909 2127 neque
922 2099 984 2118 cum
1005 2090 1069 2118 ullis

277 2145 359 2173 minis
381 2152 444 2172 eum
462 2143 569 2171 cttravit
581 2147 610 2169 et
631 2141 749 2177 gestavit
765 2140 888 2167 humeris
901 2138 923 2154 εδ
936 2158 943 2170 ,
968 2137 1009 2165 ttti
1026 2137 1069 2165 Je-

276 2197 325 2218 sus
351 2197 471 2217 crucem.
496 2189 581 2215 Porro
595 2191 688 2214 autem
705 2186 796 2213 bonus
809 2192 920 2219 quoque
935 2183 1005 2210 latro
1023 2191 1070 2210 ex-

278 2236 414 2271 primebat
438 2235 594 2262 evidentem
611 2238 705 2268 typum
722 2231 830 2264 Adami,
854 2235 883 2257 et
899 2229 1002 2256 donum
1021 2237 1069 2264 pa-

854 202 883 230 S.
911 199 1054 229 ANASTA
1060 199 1110 228 SII
1136 199 1297 230 SINAITE

1817 189 1895 222 1036

1097 257 1130 283 ad
1149 257 1245 291 ipsam,
1266 263 1348 290 quem
1374 258 1468 288 aperte
1495 252 1572 287 prius
1592 250 1739 285 descripsit
1761 258 1794 277 ac
1816 249 1899 284 figu-

1097 303 1167 329 ravit
1192 302 1239 328 Dei
1267 301 1403 328 adventus
1427 300 1453 326 in
1475 298 1605 334 paradiso
1630 298 1658 324 in
1687 297 1734 324 illo
1757 296 1897 324 meridie.

1097 349 1159 376 llaec
1183 348 1341 375 necessario
1365 355 1425 374 sum
1444 346 1584 380 praelatus,
1599 348 1627 371 et
1641 343 1784 379 pnemunii
1808 342 1901 369 audi—

1098 400 1185 422 torem
1201 402 1235 421 ne
1252 402 1323 429 :egre
1339 394 1419 425 lerat,
1435 397 1483 418 aut
1500 399 1533 418 ne
1548 395 1627 425 putet
1641 389 1737 416 audire
1751 389 1843 415 aliena
1862 387 1899 414 in

1098 442 1132 468 iis
1143 449 1211 476 quas
1220 440 1321 467 dicturi
1340 446 1435 466 sumus
1445 436 1726 471 contentplationibus
1742 434 1808 462 dum
1823 441 1902 468 age-

1098 496 1160 514 mus
1183 487 1217 513 de
1241 486 1340 521 ρωιιίε,
1366 489 1395 511 ut
1414 492 1475 519 qua:
1488 484 1545 510 sint
1565 490 1654 514 novat,
1669 482 1777 511 alienat.
1799 485 1827 507 et
1846 480 1898 506 in-

1098 533 1255 560 credibiles.
1271 532 1329 558 Non
1342 535 1431 558 cessat
1442 529 1516 556 enim
1534 535 1655 562 unquam
1668 526 1754 553 sancti
1767 525 1901 560 Spiritus

1098 579 1185 614 gratia
1209 585 1309 604 ornare
1329 581 1357 603 et
1373 583 1506 602 coronare
1521 573 1679 609 paradisum
1693 569 1822 600 Ecclesiae
1838 579 1901 598 no-

1098 625 1140 651 vis
1161 623 1277 650 ﬂoribus
1294 621 1496 655 intelligentiis.
1509 620 1576 646 Nam
1591 619 1661 645 sicut
1672 620 1728 653 jam
1739 618 1794 644 dixi
1807 622 1901 644 antea

1100 670 1175 696 mille
1193 673 1297 696 exorta:
1320 672 1384 694 sunt
1404 667 1523 693 haereses
1541 673 1603 700 quae
1620 664 1766 691 audierant
1776 663 1900 698 quidem

1101 717 1134 742 de
1150 714 1278 750 paradiso
1293 719 1321 740 et
1338 712 1527 748 protoplastis,
1548 711 1617 738 nihil
1631 715 1725 737 autent
1748 710 1901 744 spirituale

1101 761 1128 787 in
1145 760 1186 786 eis
1208 759 1412 785 intellexerant.
1435 757 1502 783 Nam
1523 755 1689 783 Samaritani
1713 755 1837 789 quidem,
1859 762 1903 781 ex

1100 814 1133 833 eo
1151 805 1224 840 quod
1239 804 1308 831 dixit
1324 813 1330 830 :
1346 803 1427 830 Terra
1447 811 1483 834 es,
1501 806 1524 828 ct
1542 802 1568 828 in
1583 806 1682 827 terram
1698 800 1834 827 reverterit
1848 800 1872 814 "
1889 804 1898 823 ἒ

1101 852 1225 879 arbitrati
1245 855 1332 877 totum
1349 849 1489 876 hominem
1505 856 1565 875 esse
1587 847 1731 874 mortalem
1746 851 1902 882 propterea

1101 897 1174 932 quod
1195 897 1230 924 sit
1255 895 1395 923 terrestris
1417 895 1507 921 anima
1528 901 1638 929 quoque
1665 901 1728 920 cum
1756 899 1900 926 corpore,

1103 947 1241 978 ttegarunt
1262 941 1504 968 resurrectionem.
1524 939 1659 974 Origenes
1675 943 1767 965 autem
1786 937 1900 969 infelix,

1104 996 1166 1015 cum
1180 987 1274 1014 nescio
1286 985 1425 1021 quomodo
1434 985 1575 1012 diceretur
1586 992 1646 1012 esse
1659 984 1779 1019 sapiens,
1793 984 1902 1010 stultus

1104 1033 1194 1060 iactus
1213 1037 1271 1063 est,
1292 1031 1477 1066 prostibulum
1496 1030 1582 1057 fuisse
1600 1030 1782 1064 pronuntians
1803 1029 1902 1056 locum

1106 1078 1334 1113 incorruptionis,
1366 1078 1468 1104 coitum
1499 1077 1627 1103 mulieris
1654 1083 1715 1104 esse
1744 1076 1903 1104 decernens

1106 1126 1252 1161 pulchrunt
1268 1125 1389 1152 fructum
1416 1124 1482 1160 ligni
1507 1123 1711 1150 inobedientite.

1142 1193 1310 1220 Manichteus
1333 1196 1426 1218 autem
1439 1190 1608 1218 existimavit
1622 1189 1692 1216 duas
1706 1196 1766 1216 esse
1784 1191 1905 1215 contra-

1107 1239 1162 1266 rias
1189 1241 1341 1272 potestates
1358 1236 1526 1266 divinitatis,
1543 1240 1699 1270 serpentem
1713 1240 1740 1261 et
1754 1234 1905 1269 Opilicem,

1108 1292 1168 1319 qua:
1194 1283 1221 1310 in
1251 1283 1310 1310 acie
1329 1283 1401 1309 inter
1418 1290 1447 1309 se
1467 1281 1638 1309 decertariut
1663 1281 1691 1308 in
1706 1280 1856 1316 paradiso:
1873 1285 1904 1307 et

1108 1330 1212 1358 bomnn
1235 1329 1346 1364 quidem
1365 1329 1450 1355 Deum
1465 1336 1526 1355 esse
1550 1332 1703 1354 creatorem
1724 1327 1833 1358 animae,
1853 1327 1907 1360 Qui

1108 1381 1150 1403 est
1163 1376 1246 1403 etiam
1267 1375 1350 1402 ltonto
1368 1375 1401 1402 ad
1422 1374 1470 1401 Dei
1496 1373 1660 1409 imaginem;
1683 1373 1785 1399 malum
1806 1376 1906 1399 autem

1110 1423 1197 1450 Deunt
1209 1430 1270 1449 esse
1283 1421 1442 1448 effectorem
1466 1420 1602 1454 corporis,
1617 1418 1691 1454 quod
1713 1419 1816 1445 bellum
1832 1418 1909 1452 gerit

1111 1469 1243 1496 adversus
1266 1469 1397 1496 animam.
1412 1468 1449 1494 De
1466 1475 1522 1502 quo
1539 1467 1622 1494 etiattt
1640 1466 1773 1500 scriptum
1789 1469 1844 1496 est,
1863 1465 1908 1491 in-

1112 1516 1172 1550 quit
1188 1525 1194 1542 :
1211 1515 1244 1542 Et
1259 1515 1337 1549 ﬁnxit
1350 1515 1421 1541 Deus
1440 1515 1571 1541 hominem
1584 1513 1646 1540 limo
1658 1517 1763 1547 arrepto
1778 1520 1792 1538 ε
1820 1516 1907 1538 terra.

1113 1561 1232 1589 [heresis
1253 1566 1345 1588 autent
1359 1568 1420 1595 quae
1431 1560 1535 1586 dicitur
1550 1560 1767 1591 Encratitarum,
1782 1557 1909 1584 abstinet

1075 1606 1097 1636 C
1113 1616 1128 1635 a
1151 1607 1257 1642 nuptiis
1280 1612 1308 1634 et
1335 1607 1463 1639 muliere,
1492 1612 1620 1640 tanquam
1639 1613 1654 1632 a
1669 1613 1698 1631 re
1711 1605 1782 1631 mala
1795 1609 1824 1631 et
1840 1604 1911 1631 insi-

1114 1655 1206 1687 diosa;
1229 1653 1360 1681 similiter
1385 1653 1468 1680 etiam
1495 1653 1528 1680 ab
1547 1652 1677 1679 arborum
1700 1651 1850 1683 fructibus,
1880 1654 1910 1677 ut

1115 1701 1162 1736 qui
1183 1700 1239 1727 sitit
1264 1700 1367 1735 peccati
1388 1699 1550 1731 ellicientes,
1567 1703 1680 1734 propter
1694 1698 1820 1725 arborem
1849 1704 1911 1731 qum

1116 1747 1219 1774 dicitur
1240 1745 1448 1773 iuobedicntize.

1151 1814 1207 1841 Nec
1227 1813 1279 1841 hoc
1299 1813 1405 1845 solum,
1425 1812 1472 1840 sed
1496 1813 1580 1840 etiam
1603 1811 1714 1847 plurimi
1735 1819 1769 1839 ex
1784 1811 1911 1838 Ecclesia

1117 1863 1319 1886 convertuntur
1338 1858 1371 1885 ad
1396 1858 1494 1893 impias
1508 1858 1541 1885 de
1567 1858 1624 1884 Deo
1640 1857 1832 1893 cogitationes,
1850 1864 1912 1884 cor-

1117 1905 1249 1940 poraliter
1275 1909 1303 1932 et
1331 1911 1423 1932 crasse
1448 1905 1594 1931 audientes
1621 1911 1653 1931 ea
1670 1912 1731 1939 qua:
1752 1903 1824 1931 facta
1846 1907 1912 1930 sunt

1118 1952 1146 1979 in
1171 1946 1310 1987 paradiso.
1339 1951 1367 1979 Si
1390 1951 1465 1978 euitn
1484 1951 1656 1986 prtesciehat,
1679 1950 1819 1985 inquiunt,
1837 1950 1912 1977 Deus

1119 1997 1146 2025 id
1167 1998 1242 2033 quod
1264 2003 1441 2030 evettturunt,
1460 1998 1518 2032 ipse
1544 2002 1586 2024 est
1607 1999 1668 2033 ejus
1683 2001 1795 2029 auctor;
1817 1995 1911 2031 utqui

1119 2044 1243 2078 serpenti
1256 2043 1427 2071 concesserit
1436 2043 1528 2070 statim
1538 2050 1717 2077 corrumpere
1729 2043 1820 2077 printo
1833 2050 1913 2069 crea-

1119 2092 1178 2115 tuut
1202 2096 1272 2123 opus
1288 2096 1419 2115 ntanuum
1437 2088 1497 2115 Dei.
1517 2088 1588 2120 Quid
1609 2088 1683 2115 enittt
1699 2095 1768 2122 opus
1779 2092 1841 2114 erat.
1855 2094 1913 2114 om-

1120 2135 1197 2166 nino,
1215 2139 1244 2161 ut
1266 2135 1312 2161 ille
1330 2135 1438 2161 dmmon
1456 2135 1538 2161 simul
1553 2142 1615 2161 cum
1636 2135 1677 2161 eis
1689 2133 1802 2168 degeret
1818 2134 1846 2160 in
1866 2140 1912 2168 pa-

1121 2181 1233 2208 radiso?
1249 2180 1365 2213 Quidam
1388 2185 1480 2207 autem
1506 2180 1666 2206 inciderunt
1685 2179 1770 2206 etiam
1792 2178 1821 2204 in
1845 2178 1913 2204 alias

1122 2226 1299 2253 ahsurdiorcs
1329 2226 1529 2260 cogitationes,
1556 2234 1639 2260 quas,
1667 2233 1702 2252 ne
1736 2224 1913 2251 olfeudantur

279 2283 362 2310 radisi
375 2282 457 2308 uoltis
473 2281 601 2308 Christus
615 2287 663 2314 per
677 2279 766 2313 ipsum
783 2276 903 2312 aperuit.
921 2277 958 2303 De
971 2281 1071 2303 cmtcro
1087 2279 1108 2307 ι)
1124 2272 1319 2307 simpliciores,
1345 2280 1401 2298 non
1425 2277 1467 2298 est
1483 2279 1596 2299 necesse
1616 2272 1719 2299 dicere.
1737 2272 1816 2299 Unde
1830 2272 1911 2298 etiam

278 2330 335 2356 noli
348 2337 401 2356 nott
420 2328 543 2357 credere.
555 2326 630 2361 qttod
642 2326 724 2352 etiam
736 2325 870 2352 adversus
887 2323 1072 2358 protoplastos

279 2375 326 2410 qui
352 2378 515 2409 peccaruut,
541 2377 608 2399 tuttc
635 2372 708 2398 Deus
733 2370 848 2397 multam
869 2369 993 2396 ostendit
1018 2367 1074 2394 cle-

279 2421 411 2448 mentiam
439 2419 465 2446 in
491 2419 581 2454 poenis
605 2426 666 2454 qua:
680 2417 714 2444 ab
734 2417 794 2451 ipso
812 2416 945 2443 adversus
961 2422 1009 2442 eos
1024 2414 1073 2440 de-

281 2467 479 2498 cernebantur,
497 2463 524 2492 in
546 2465 648 2500 quibus
672 2463 757 2490 verba
782 2462 893 2497 quidem
922 2460 1073 2488 adumbra—

284 2514 321 2541 vit
336 2514 423 2540 instar
447 2512 630 2548 qttarttmdam
652 2509 872 2537 exsecrationth
888 2507 920 2534 ad
939 2511 1073 2534 terrorem

282 2561 406 2588 scelesta:
428 2559 518 2594 gentis
540 2558 710 2589 Judtcorum,
736 2555 847 2591 quando
874 2554 961 2589 legem
991 2561 1075 2589 expo—

283 2606 374 2634 nebat.

320 2653 358 2680 Ea
373 2658 477 2684 autem,
494 2650 671 2686 prtediccndo
685 2658 739 2676 non
756 2649 896 2684 putticndo
915 2652 980 2676 sunt
994 2648 1079 2676 inter-

286 2702 405 2734 pretata,
425 2702 454 2724 ut
473 2697 628 2724 referantur
642 2696 674 2722 ad
692 2696 827 2723 Adaumm
844 2699 872 2721 et
886 2694 981 2726 Evam,
996 2693 1030 2720 de
1046 2693 1080 2720 iis

287 2752 348 2780 qua:
371 2747 451 2770 erant
468 2746 603 2770 eventura
629 2741 770 2775 Ecclesiae,
795 2740 906 2776 quando
929 2741 956 2767 in
982 2747 1080 2766 errore

286 2791 401 2826 degehat
417 2789 489 2824 apttd
508 2793 668 2824 serpentem
682 2792 746 2814 ante
769 2788 916 2814 adventum
933 2786 980 2812 Ι)οἰ
998 2785 1079 2814 Verbi

343 2892 364 2906 ⁵⁷
386 2891 482 2917 Matth;
505 2898 541 2920 μ’,
570 2890 596 2915 5.

307 2934 333 2959 v,
354 2927 398 2952 δῇ.

635 2889 657 2904 ⁸¹¹
679 2887 748 2914 ibid.
770 2889 796 2914 (ἱ.
836 2888 859 2903 ⁵³
880 2887 976 2914 Matth.
998 2896 1053 2917 vui,
1081 2887 1111 2914 3i

438 2926 459 2940 ¹²⁵¹
483 2926 563 2951 Ηιινν.
586 2933 613 2954 u.
629 2925 670 2951 I7.
739 2924 818 2949 .loan.
840 2931 858 2954 ι,
879 2923 923 2949 29.

1120 2907 1126 2913 .
1183 2888 1205 2902 εο
1225 2887 1303 2914 Joan.
1323 2895 1370 2917 xu,
1391 2887 1434 2913 t7.

963 2923 984 2937 ιε
1008 2923 1074 2949 Luc.
1097 2931 1139 2953 xv,
1164 2922 1190 2949 6.

1124 2327 1170 2346 eas
1188 2319 1298 2346 solvens
1323 2327 1439 2354 magnus
1456 2319 1500 2345 ille
1515 2319 1679 2346 Ambrosius
1693 2319 1781 2346 audiit
1806 2327 1838 2345 ea
1855 2325 1913 2353 qua:

1123 2367 1254 2393 dicuntur
1268 2366 1301 2393 dc
1319 2366 1504 2393 iuohcdieutia
1528 2370 1556 2392 et
1583 2365 1719 2400 paradiso,
1739 2371 1765 2392 et
1779 2365 1873 2400 lignis,
1888 2369 1914 2391 et

1124 2412 1223 2447 poenis,
1241 2416 1268 2439 et
1282 2416 1380 2445 morte,
1394 2420 1449 2439 non
1478 2419 1539 2439 esse
1568 2417 1696 2446 tanquam
1723 2419 1756 2439 ex
1779 2415 1915 2446 potestate

1125 2459 1269 2490 (Immonis,
1291 2459 1339 2486 sed
1367 2467 1428 2486 esse
1454 2464 1585 2494 tanquam
1607 2466 1639 2485 ex
1663 2459 1776 2493 mystica
1797 2458 1915 2492 quadam

1126 2506 1346 2540 dispensatione.
1372 2506 1410 2532 Dc
1433 2510 1533 2533 caetero
1553 2510 1645 2532 autem
1673 2510 1782 2540 tempus
1796 2509 1839 2531 est
1855 2511 1917 2531 con-

1127 2552 1251 2579 siderare
1274 2551 1358 2579 verba
1382 2560 1442 2586 qua:
1465 2559 1481 2579 a
1506 2553 1563 2579 Deo
1584 2552 1657 2579 dicta
1682 2556 1748 2578 sunt
1765 2551 1876 2577 mulieri
1892 2553 1917 2576 et

1128 2599 1244 2626 Adamo.
1259 2598 1325 2631 Qum
1336 2599 1449 2633 quidem
1463 2594 1589 2625 nonnulli
1608 2597 1768 2625 existimant
1780 2605 1843 2624 esse
1860 2604 1919 2623 sen-

1129 2645 1231 2672 tentias
1254 2650 1282 2672 et
1300 2645 1546 2672 condemnationes
1568 2643 1803 2671 exsecrationum.
1825 2642 1917 2669 Prius-

1127 2701 1210 2727 quam
1224 2697 1316 2719 autent
1329 2700 1361 2719 ea
1372 2691 1532 2723 dissolvatn,
1549 2691 1671 2718 auditori
1696 2696 1798 2717 revoco
1811 2689 1839 2715 iit
1864 2694 1917 2714 me-

1128 2741 1258 2773 moriam,
1273 2740 1347 2774 quod
1370 2739 1443 2774 apud
1454 2747 1518 2766 eum
1531 2738 1565 2765 de
1578 2738 1679 2772 qltinto
1693 2737 1737 2764 die
1753 2736 1915 2764 disserente!|

1130 2787 1251 2814 divinius
1266 2786 1299 2813 de
1316 2786 1510 2813 benedictione
1522 2785 1640 2820 piscium
1652 2783 1723 2811 facta
1739 2791 1753 2810 a
1765 2783 1835 2815 Deo;
1848 2779 1917 2817 quod

1475 2887 1495 2902 ⁶¹
1518 2886 1613 2913 Matth.
1635 2893 1710 2917 xvut,
1733 2885 1774 2911 ll.
1813 2884 1836 2900 ⁶²
1856 2883 1915 2910 Luc.

1231 2922 1254 2937 θ⁶
1275 2922 1341 2949 Luc.
1362 2931 1387 2952 κ,
1407 2923 1441 2949 50
1460 2929 1538 2956 seqq.
1577 2922 1599 2936 ’τ
1621 2921 1690 2948 Gen.
1713 2928 1751 2952 tu,
1776 2919 1817 2946 l9.
