1980 3260
82 243 145 276 103⁵1

628 242 669 272 IN
689 241 962 274 HEXAEMERON.
978 256 1011 262 —
1026 245 1101 275 LIB.
1124 245 1176 274 XI.

1647 241 1714 274 1038

80 306 193 336 propter
220 304 378 334 serpentem
396 303 423 326 et
445 297 663 326 exsecrationem
689 307 737 326 seu
755 299 871 326 maledi-
887 302 909 329 Α
923 299 1116 334 fuitdeceptus
1134 299 1238 327 sancita
1254 303 1318 326 sunt
1335 299 1487 334 asperrima
1500 302 1527 326 et
1541 298 1714 334 gravissima,

80 347 198 374 stionem
222 345 308 380 918
335 353 417 380 quam
443 348 505 372 erat
532 345 650 377 laturus,
678 353 710 372 ea
733 346 767 372 de
790 354 871 373 causa

80 392 232 419 animantia
261 400 316 418 non
340 391 475 425 impertiit
500 391 558 424 pari
583 391 788 418 benedictione.

112 438 174 465 Non
191 438 265 464 enim
279 437 402 464 invenies
415 437 442 463 in
457 441 512 464 tota
528 437 670 472 Scriptura
687 437 765 471 legis,
782 437 872 471 aliqua

79 491 112 510 ex
136 491 187 510 ore
216 483 266 509 Dei
295 482 381 509 fuisse
405 482 562 512 benedicta.
593 486 621 509 et
649 490 746 509 rursu_s
772 490 786 508 a
816 483 872 509 Deo

80 528 164 555 fuisse
190 528 313 562 subjecta
337 527 536 559 exsecrationi;
559 531 588 554 et
614 527 667 553 hoc
694 527 872 561 perspicuutn

79 581 111 600 ex
127 573 215 601 Cham
235 573 291 599 tilio
303 573 371 600 Noe.
387 573 454 599 Nam
470 581 532 599 cum
551 573 574 599 is
590 580 618 599 se
634 572 727 606 inique
742 573 874 606 gessisset

80 619 106 646 in
124 619 278 647 nudatione
294 619 391 654 patris,
407 625 436 646 et
455 624 602 654 postquam
621 627 636 647 e
654 627 752 646 somno
769 615 874 647 excita-

80 670 122 692 tus
144 666 203 692 Noe
222 666 382 700 agnovisset
408 665 456 692 lilii
482 665 578 693 Chami
594 666 792 700 iniquitatem,
817 673 873 694 non

80 719 162 738 ausus
178 716 221 739 est
237 712 294 739 Noe
306 704 443 739 exsecrari
459 712 558 743 ﬁliuni,
574 713 705 747 quoniam
722 712 774 739 fuit
787 720 802 739 a
817 713 874 740 Deo

80 756 245 783 benedictus
268 761 330 791 post
356 756 491 783 diluvium
520 765 581 783 cum
600 757 710 784 duobus
735 759 795 792 ejus
815 758 872 784 lra-

80 802 180 829 tribus.
208 803 395 835 Quamobrem
418 810 474 829 non
491 802 559 829 dicit
579 811 586 829 :
603 802 756 830 Matt-dictus
776 802 869 834 Cliam,

79 849 125 876 sed
150 848 308 875 maledictus
332 848 462 875 Chanaan
480 849 500 863 ⁸⁸
511 869 518 879 .
535 853 695 875 exsecratus
712 856 761 875 eos
775 849 822 883 qui
839 857 872 876 ex

80 894 140 929 ipso
161 898 245 921 erant
269 893 415 924 nascituri.
441 897 469 920 et
495 902 550 920 non
569 894 673 921 Cham.‘
692 894 754 921 Haec
780 899 871 921 autem

80 940 141 967 dico
163 939 299 966 resistens
314 940 391 974 prius
413 939 562 966 nominatis
581 939 749 972 Incresibus;
767 940 800 966 de
821 949 872 968 ca:-

924 345 953 374 in
979 346 1125 381 punitione
1150 351 1242 373 autem
1262 346 1325 373 Eva:
1345 345 1538 377 insidiatricis,
1568 353 1624 372 non
1650 350 1714 372 sunt

923 392 1037 418 omnino
1061 392 1165 419 saneita
1179 401 1186 418 :
1202 400 1257 419 non
1271 392 1425 419 exsecratio
1438 396 1517 419 terrae
1532 391 1559 418 in
1574 391 1635 426 ejus
1649 398 1716 425 ope-

924 437 1012 468 ribus,
1029 445 1084 464 non
1100 438 1181 465 cibus
1195 438 1320 465 dolorem
1336 442 1499 472 perpetuum
1515 437 1644 468 aﬂ'erens,
1659 443 1715 463 non

924 490 988 509 esus
1012 482 1114 515 herbaa,
1136 491 1192 510 non
1214 483 1363 518 productio
1390 483 1542 518 spinarum,
1568 490 1624 509 non
1638 486 1716 509 ortus

925 528 1103 561 tribulorum,
1127 536 1185 555 non
1209 529 1326 556 sudores
1353 529 1458 560 vultus,
1474 537 1529 555 non
1550 528 1672 555 reversio
1687 527 1716 554 in

924 579 1037 606 terram,
1059 582 1112 601 non
1141 582 1226 606 mors,
1251 582 1306 602 non
1331 575 1430 609 eiectio
1448 582 1483 602 ex
1504 574 1642 609 paradiso,
1658 581 1714 600 non

923 620 1075 655 prohibitio
1087 620 1152 655 ligni
1164 621 1227 647 vita:
1239 641 1245 651 ,
1255 628 1310 647 non
1319 621 1394 647 circa
1405 621 1492 655 ipsam
1507 620 1631 647 custodia
1648 619 1716 646 che—

923 667 1097 698 rubinorum,
1109 675 1165 694 non
1189 671 1285 694 contra
1309 674 1368 693 eam
1381 667 1539 701 rhomphma
1551 665 1689 693 versatilis
1703 665 1716 692 ?

923 711 991 738 Nam
1008 712 1054 745 qui
1078 711 1105 737 in
1132 710 1204 738 idem
1221 714 1363 745 peccatum
1389 710 1553 740 inciderant.
1576 709 1717 736 debebant

923 757 1035 784 easdem
1052 761 1080 784 et
1094 765 1175 792 pares
1191 765 1285 792 pmnas
1303 757 1407 788 subire,
1423 761 1452 784 et
1469 757 1556 783 multo
1570 756 1655 790 magis
1669 755 1716 782 de-

923 803 1030 838 cepti-ix
1048 804 1159 830 mulier.
1176 803 1203 830 Si
1221 808 1314 830 autem
1329 803 1396 830 mihi
1413 802 1480 830 dicit
1497 802 1620 833 auditor,
1640 800 1716 836 quod

923 857 987 876 cum
1006 849 1106 876 mulier
1135 853 1209 876 esset
1234 849 1299 876 vitre
1323 849 1398 876 socia
1414 853 1442 876 et
1459 848 1570 883 conjux,
1586 851 1614 874 et
1630 847 1716 873 coha-

923 895 1015 922 bitans
1031 902 1093 922 cum
1115 894 1232 925 Adamn,
1258 899 1319 922 erat
1335 895 1449 921 omnino
1471 893 1546 921 socia
1569 900 1715 928 penarum

923 946 952 968 et
971 941 1158 968 calamitatum
1185 941 1277 967 mariti
1299 949 1305 966 :
1332 948 1388 967 non
1410 945 1484 967 recte
1508 943 1603 966 censet
1623 939 1646 965 is
1668 938 1715 973 qui

80 989 139 1013 tero
160 993 211 1019 pro
226 985 329 1012 Christi
355 993 466 1019 quoque
489 985 612 1012 Ecclesia
636 993 695 1012 eam
719 985 872 1013 defendens
889 989 909 1017 Β
923 987 982 1014 haec
1005 987 1082 1014 dicit.
1104 986 1171 1014 Nam
1190 986 1213 1013 si
1237 986 1290 1012 hoc
1312 986 1350 1012 ita
1376 985 1500 1016 haberet,
1519 984 1584 1019 quid
1603 983 1716 1010 omnino

79 1031 138 1058 hinc
159 1030 236 1063 dico;
252 1030 286 1057 ad
300 1030 349 1057 hoc
366 1035 397 1057 ut
409 1038 471 1057 eam
490 1031 635 1058 ostendam
648 1031 743 1058 Judmo
759 1035 786 1058 ct
807 1031 872 1058 Bar-

80 1077 156 1108 baro,
186 1077 223 1103 ab
243 1077 318 1104 omni
342 1077 389 1104 Dei
410 1077 601 1104 exsecratione
621 1084 682 1103 esse
708 1077 824 1104 liberam
846 1081 874 1104 et

79 1123 112 1150 ab
124 1122 320 1157 indignatione
336 1122 464 1149 alienam.
481 1121 552 1154 Quid
563 1121 637 1148 enim
649 1121 718 1148 dicit
731 1121 874 1156 Scriptura

79 1169 111 1196 de
126 1169 247 1195 muliere
259 1173 321 1203 post
332 1168 549 1195 exsecrationem
566 1168 720 1202 serpentis?
732 1167 803 1194 Dixit
820 1168 875 1195 sci-

79 1215 143 1243 licet
160 1215 230 1242 Deus
247 1214 445 1248 :Multiplirans
460 1213 639 1248 multiplicabo
660 1213 762 1240 dolores
777 1218 834 1241 tuos
849 1219 874 1241 et

81 1262 192 1296 gemitus
209 1265 285 1291 tuos:
301 1261 328 1287 in
355 1260 490 1287 doloribus
517 1261 605 1295 paries
634 1260 713 1293 ﬁlios,
736 1265 760 1287 et
784 1261 819 1287 ad
833 1262 874 1288 vi-

80 1315 136 1335 rum
155 1310 232 1332 tuum
251 1306 383 1332 conversio
401 1306 506 1337 tua,’et
529 1307 582 1340 ipse
611 1305 658 1332 tibi
682 1306 872 1333 dominabitur.

79 1352 112 1379 Ut
133 1356 231 1379 autem
254 1352 476 1386 contemplemur
496 1351 648 1380 dilucidius
665 1352 795 1387 mysteria
813 1360 874 1386 quae

79 1403 141 1426 sunt
163 1399 191 1426 in
218 1398 252 1425 iis
265 1405 326 1432 qua).
336 1397 466 1424 videntur
480 1405 541 1425 esse
561 1404 660 1431 poenae.
674 1398 874 1432 conjungamus

79 1445 161 1472 etiam
176 1452 238 1479 qua:
250 1443 324 1470 dicta
337 1447 402 1470 sunt
417 1443 535 1470 Adamn.
554 1443 622 1470 Nam
637 1443 662 1470 ei
679 1451 790 1478 quoque
807 1443 874 1470 dicit

78 1490 150 1518 Deus
165 1500 172 1516 :
189 1489 323 1522 Quoniam
337 1489 460 1516 audivisti
475 1497 582 1516 uxorem
598 1493 683 1520 luant,
702 1493 727 1515 et
740 1489 874 1516 comedisti

79 1544 109 1562 ex
126 1535 202 1572 ligno
221 1543 254 1562 ea:
280 1536 409 1571 quojussi
434 1536 480 1562 tibi
494 1543 527 1562 ne
550 1535 707 1566 comederes,
732 1535 873 1562 maledicta

79 1586 115 1608 est
139 1587 216 1608 terra
233 1582 262 1608 in
274 1582 393 1616 operibus
406 1582 456 1608 tuis
471 1582 516 1608 :iu
534 1580 665 1608 laboribus
678 1582 797 1608 comcdes
814 1590 874 1608 eam

79 1627 200 1653 omnibus
224 1627 313 1653 diebus
332 1627 392 1653 vita!
410 1631 462 1653 tute
480 1635 489 1654 :
508 1627 599 1662 spinas
627 1631 652 1653 et
681 1626 790 1653 tribulos
810 1635 874 1661 pro-

923 1037 996 1059 esset
1009 1041 1079 1067 opus
1093 1032 1227 1059 adversus
1239 1039 1287 1059 eos
1298 1031 1480 1058 dissimilibus
1496 1031 1597 1065 poenis.
1613 1034 1641 1057 et
1655 1037 1716 1064 quas

924 1079 1027 1106 habent
1053 1086 1177 1114 magnam
1211 1078 1398 1105 diﬂ‘ercntiam
1427 1082 1456 1104 et
1483 1073 1717 1111 repugnantiam?

924 1124 1069 1158 Oporteret
1082 1124 1155 1150 enim
1170 1131 1246 1153 eum,
1258 1123 1331 1150 sicut
1344 1122 1399 1149 illic
1410 1122 1439 1149 in
1450 1121 1588 1156 principio
1604 1119 1716 1155 quando

923 1169 989 1196 fecit
1002 1177 1061 1200 eos,
1075 1169 1157 1196 simul
1167 1169 1208 1196 eis
1222 1168 1299 1195 dedit
1311 1176 1390 1195 esum
1405 1167 1520 1194 seminis
1534 1173 1596 1193 cum
1611 1166 1714 1193 brutis:

925 1215 961 1242 ita
983 1215 1066 1242 etiam
1083 1214 1128 1242 hic
1146 1223 1256 1249 quoque
1274 1215 1460 1241 communiter
1476 1213 1542 1240 dare
1560 1219 1666 1247 paruas,
1689 1215 1716 1238 et

924 1260 1017 1287 dicere
1035 1269 1041 1286 :
1062 1270 1070 1285 ι
1086 1260 1231 1288 Maledicta
1258 1265 1332 1288 terra
1350 1260 1378 1287 in
1401 1259 1534 1294 operibus
1551 1258 1662 1290 vestris,
1687 1257 1715 1284 in

923 1306 1067 1334 doloribus
1085 1306 1237 1334 comedetis
1261 1314 1333 1338 eam,
1357 1307 1450 1341 spinas
1470 1309 1499 1333 et
1518 1305 1637 1332 tribulos
1653 1311 1717 1339 pro-

924 1352 1007 1379 ducet
1028 1352 1117 1384 vobis,
1141 1357 1169 1380 et
1184 1352 1336 1380 comedetis
1355 1352 1469 1379 herbam
1487 1351 1546 1386 agri
1569 1351 1596 1378 in
1613 1350 1716 1378 sudore

923 1399 1017 1425 vultus
1037 1399 1132 1431 vestri,
1149 1399 1237 1426 donec
1247 1398 1425 1426 revertamini
1441 1398 1470 1425 in
1485 1403 1600 1428 terram,
1615 1405 1648 1424 ex
1662 1403 1717 1431 qua

924 1442 1027 1476 sumpti
1039 1443 1126 1475 estis;
1145 1452 1154 1468 ι
1172 1442 1219 1470 sed
1234 1442 1304 1470 nihil
1322 1442 1376 1470 tale
1400 1442 1467 1470 facit
1482 1446 1531 1469 aut
1549 1442 1619 1470 dicit
1632 1441 1716 1469 Deus.

924 1487 1002 1516 Unde
1014 1496 1076 1515 cum
1089 1489 1204 1516 dixisset
1215 1489 1338 1520 mulieri,
1351 1489 1383 1516 In
1393 1489 1526 1516 doloribus
1538 1489 1626 1523 paries
1635 1487 1716 1522 filios,

924 1532 993 1558 nihil
1013 1533 1065 1559 tale
1086 1532 1154 1559 dicit
1170 1532 1285 1559 homini.
1301 1533 1334 1560 Et
1351 1540 1401 1567 per
1415 1532 1573 1559 universam
1591 1531 1717 1566 Scriptu-

925 1586 981 1604 ram
1003 1583 1096 1612 patres
1118 1578 1264 1606 nominans
1288 1579 1440 1614 genitores,
1459 1578 1507 1605 sed
1530 1585 1585 1604 non
1603 1581 1716 1608 matres,

925 1631 1021 1650 rursus
1038 1623 1106 1651 dicit
1123 1623 1181 1650 ﬁeri
1199 1623 1325 1651 mulieris
1337 1624 1547 1651 conversionem
1564 1622 1599 1650 ad
1613 1623 1716 1652 virum.

77 1672 151 1698 ducet
167 1671 225 1701 tibi,
244 1675 268 1697 et
281 1671 398 1698 comedas
411 1672 517 1698 herbam
538 1671 598 1706 agri
612 1679 621 1698 :
638 1672 665 1698 in
677 1672 772 1698 sudore
788 1671 874 1698 vultus
888 1667 908 1694 C
930 1670 1114 1697 reversionem
1131 1674 1224 1697 autem
1236 1670 1288 1696 viri
1306 1670 1332 1697 in
1345 1674 1457 1697 terram.
1470 1670 1502 1696 Et
1515 1677 1612 1696 rursus
1626 1669 1716 1695 virum

78 1717 115 1743 tui
136 1717 260 1744 comedes
278 1725 373 1750 panem
385 1721 466 1744 tuum.
483 1717 564 1744 donec
580 1717 722 1743 revertaris
733 1717 760 1743 in
776 1722 875 1744 terram

79 1770 110 1788 ea:
128 1771 185 1798 qua
206 1767 328 1797 sumptus
347 1771 384 1794 es,
413 1763 541 1797 quoniam
557 1767 629 1790 terra
647 1771 672 1789 es
689 1768 712 1789 ct
728 1764 755 1789 in
776 1767 876 1789 terram

80 1809 232 1835 reverteris.
257 1808 372 1836 Alienus
396 1813 424 1836 et
451 1817 561 1836 omnem
585 1817 696 1836 sensum
717 1809 876 1837 omnimodo

78 1861 217 1888 superans
236 1858 280 1881 est
305 1854 328 1881 is
345 1854 391 1888 qui
414 1854 474 1881 vult
489 1854 547 1881 haec
569 1854 725 1889 intelligere
742 1861 876 1888 corpora-

78 1898 153 1931 liter,
173 1904 204 1926 et
223 1899 250 1925 in
266 1899 316 1926 has
330 1899 375 1926 hic
400 1898 503 1926 incidet
524 1899 721 1926 absurditates.
745 1899 812 1926 Dico
825 1906 876 1926 au-

79 1950 158 1972 tem:
188 1945 330 1980 quomodo
349 1949 508 1979 serpentem
543 1945 656 1980 quidem
679 1949 877 1972 exsccraturus

78 1989 161 2023 Deus,
177 1991 205 2018 ei
230 1990 312 2018 aﬂert
326 1998 436 2018 causam
452 1998 508 2018 sua;
521 1991 732 2023 exsecrationis,
755 1998 818 2025 qua:
833 1994 877 2018 est

78 2036 209 2071 deceptio
225 2035 368 2069 nuilieris;
381 2036 510 2063 similiter
523 2036 608 2063 etiam
628 2036 763 2063 Adamum
782 2036 876 2064 incre—

77 2089 146 2115 pans
154 2083 181 2109 ci
196 2081 330 2112 ostendit,
346 2082 444 2109 dicens
457 2081 604 2114 :Quom'am
615 2081 739 2109 audivisti
749 2089 875 2113 mrem;

77 2128 216 2155 adversus
244 2128 390 2155 mulierem
411 2133 516 2159 autem,
533 2128 560 2155 in
584 2135 666 2163 pmna
688 2128 795 2155 nullum
815 2135 876 2155 om-

75 2174 142 2202 nino
165 2179 313 2209 peccatum
339 2179 388 2201 aut
412 2181 524 2201 causam
546 2174 628 2202 aﬁ‘ert
653 2174 727 2202 Deus
752 2180 876 2209 :nempe

75 2229 130 2248 non
153 2221 327 2248 intentionem
352 2221 501 2256 serpentis,
520 2229 576 2247 non
600 2228 701 2247 nomen
725 2219 793 2252 cibi,
817 2225 873 2247 non

75 2266 141 2301 ligni
168 2266 369 2294 inobedientim
394 2274 484 2301 neque
499 2266 580 2293 aliatn
602 2265 728 2300 quamvis
750 2271 870 2292 causam.

74 2313 107 2339 Et
129 2318 173 2339 est
202 2313 367 2340 tuiraculum
392 2318 505 2347 stupore
530 2313 642 2348 dignum
666 2311 739 2346 quod
759 2319 875 2346 serpens

73 2358 189 2391 quidem
216 2357 263 2391 qui
279 2357 388 2392 decepit
408 2357 562 2388 mulierem,
581 2357 724 2392 subjectus
743 2357 794 2383 l'uil.
812 2361 865 2383 tam

73 2405 149 2437 gravi
175 2408 206 2430 et
221 2403 330 2430 πει-ιω
341 2408 368 2430 et
389 2399 532 2438 nunquam
548 2403 618 2430 cond
632 2403 723 2430 mabili
737 2411 869 2430 exsecra—

73 2449 141 2475 tioni
169 2450 198 2475 in
223 2453 374 2481 telernmu;
397 2457 458 2483 quc
482 2454 573 2476 autent
601 2449 712 2482 decepit
735 2456 798 2475 eum
824 2448 872 2483 qul

72 2494 163 2521 factus
184 2499 230 2521 est
252 2495 284 2520 ad
303 2495 348 2521 Dei
368 2496 514 2529 imaginem
542 2499 570 2521 et
585 2494 795 2521 similitudinem
810 2495 872 2528 (ho-

72 2542 178 2568 tninem
191 2541 291 2572 Adam,
306 2542 462 2576 inquam),a
477 2541 530 2568 Deo
544 2542 645 2568 nullam
659 2541 874 2575 accepitcontu-

71 2589 185 2614 meliam
207 2596 215 2614 :
237 2595 300 2614 nam
318 2587 510 2621 corporalibus
531 2585 642 2622 quidem
662 2587 770 2622 legibus
785 2587 873 2622 major

70 2637 112 2659 est
128 2634 216 2666 culpa
236 2633 297 2667 ejus
314 2633 361 2667 qui
379 2633 489 2668 decepit
504 2641 606 2668 regem,
620 2641 702 2668 quam
721 2633 767 2667 qui
785 2633 868 2660 dece-

71 2679 110 2712 pit
126 2679 287 2705 mulierem.
300 2678 378 2711 Quod
388 2678 460 2706 enint
474 2686 599 2713 serpens,
612 2686 702 2712 neque
715 2682 758 2705 cst
774 2685 868 2709 ausus.

71 2731 164 2758 neque
179 2731 438 2758 aggressus,ncque
461 2724 551 2758 potuit
576 2732 583 2750 :
609 2724 660 2751 hoc
684 2724 784 2750 mulier
807 2723 873 2750 fecit.

69 2769 211 2796 adversus
235 2768 333 2795 virum.
361 2769 426 2802 Qum
452 2773 517 2796 sunt
543 2773 634 2796 autem
659 2769 734 2795 omni
757 2774 871 2803 stupore

69 2815 94 2848 pl
102 2822 152 2841 :na
172 2815 233 2840 hmc
250 2817 314 2840 sunt
330 2815 488 2848 :qnomodo
500 2823 562 2842 cum
578 2815 688 2850 sapiens
696 2815 798 2843 Christi
815 2815 870 2841 liii-

68 2867 121 2895 gua
142 2860 253 2887 Paulus
270 2859 366 2887 dicat:
386 2861 472 2887 Adam
492 2870 544 2887 non
567 2869 604 2888 est
619 2862 753 2896 deceptus,
774 2861 871 2888 mulier

68 2911 161 2932 autem
190 2905 241 2940 fuit
261 2906 367 2940 decepta
386 2907 418 2939 “9,
439 2907 466 2934 in
493 2915 573 2941 posita
596 2908 708 2942 quidem
738 2908 797 2942 ejus
821 2907 868 2942 qui

104 2976 127 2990 "
149 2975 227 3001 Cen.
249 2982 285 3003 Ix.
303 2974 347 3003 25.
375 2975 396 2990 θ’
417 2976 426 3002 1
448 2976 518 3003 Tim.
541 2984 568 3006 ιι,
593 2977 634 3004 14.

925 1716 1072 1743 nominans
1089 1721 1201 1747 terram,
1223 1724 1276 1743 non
1293 1716 1418 1742 nominat
1445 1715 1599 1742 mulierem.
1623 1715 1719 1748 Neque

926 1769 992 1788 vero
1017 1761 1075 1788 ﬁeri
1100 1766 1190 1796 potest
1205 1767 1234 1788 ut
1248 1760 1403 1795 appelletur
1415 1766 1500 1791 terra,
1511 1768 1573 1787 cum
1591 1759 1627 1786 sit
1643 1763 1718 1787 costa

926 1807 1046 1834 viventis
1066 1811 1094 1834 et
1128 1807 1193 1834 vita.
1219 1806 1288 1834 Cum
1315 1814 1380 1841 ergo
1403 1807 1430 1833 in
1455 1806 1606 1842 propositis
1630 1805 1720 1840 pcenis

927 1856 1002 1879 tanta
1019 1853 1056 1879 sit
1081 1853 1248 1887 perplexitas
1276 1857 1304 1880 et
1331 1852 1481 1884 dubitatio.
1506 1853 1562 1887 jam
1589 1852 1636 1879 diu
1662 1851 1720 1880 hazc

927 1906 970 1925 me
993 1903 1188 1933 persequente.
1210 1898 1282 1926 latus
1313 1906 1404 1925 meum
1441 1906 1524 1925 manu
1557 1897 1720 1931 frequenter

926 1943 1024 1978 pungit
1044 1943 1156 1971 divinus
1178 1943 1327 1978 Apostolus
1342 1950 1441 1970 rursus
1463 1943 1560 1970 dicens
1574 1951 1581 1968 :
1598 1942 1660 1969 Haec
1674 1943 1718 1969 in-

926 1986 1015 2023 tellige
1031 1988 1064 2016 de
1081 1988 1185 2017 Christo
1201 1993 1226 2015 et
1237 1988 1356 2017 Ecclesia
1367 2009 1374 2021 ,
1388 1988 1433 2015 cui
1449 1988 1521 2016 Deus
1537 1988 1565 2014 in
1580 1987 1719 2023 principio

926 2033 1052 2069 praedicit
1074 2033 1248 2069 prophetiae,
1276 2042 1332 2061 non
1352 2037 1445 2061 autem
1465 2034 1609 2066 iracunde,
1635 2033 1718 2062 dot»

925 2080 1047 2116 ptionem
1060 2088 1122 2116 qua:
1128 2084 1171 2108 est
1179 2079 1205 2108 ei
1218 2083 1351 2108 eventura
1363 2087 1370 2106 :
1380 2083 1409 2107 et
1416 2079 1518 2107 deinde
1525 2078 1720 2115 castigationes

926 2130 954 2154 et
968 2126 1131 2154 atllictiones
1145 2134 1207 2161 quae
1219 2125 1245 2153 ei
1260 2126 1394 2155 eveniunt
1404 2133 1453 2161 per
1464 2125 1668 2162 deceptionem,
1684 2126 1717 2154 ad

925 2172 987 2208 ejus
997 2173 1155 2205 utilitatem,
1173 2176 1202 2199 et
1221 2171 1322 2200 deinde
1333 2171 1466 2208 optimam
1485 2180 1534 2208 per
1558 2172 1720 2201 aﬂllctioues

926 2217 960 2246 ad
975 2218 1062 2246 Deum
1077 2218 1290 2247 conversionem
1307 2221 1337 2245 et
1355 2217 1485 2246 salutem.
1503 2218 1572 2246 Nam
1589 2222 1719 2254 tanquam

927 2272 973 2291 rex
992 2264 1130 2299 quispiam
1147 2271 1210 2291 cum
1235 2269 1285 2290 sua
1307 2264 1425 2300 conjuge
1441 2271 1503 2300 qua
1526 2268 1652 2299 stuprum
1678 2268 1721 2292 est

925 2310 1090 2342 admissura,
1106 2308 1229 2337 modeste
1241 2310 1446 2346 quodammodo
1462 2312 1491 2338 et
1502 2309 1721 2338 misericorditer

926 2355 1074 2386 disserens,
1095 2355 1179 2382 Evam
1204 2355 1355 2390 alloquitur
1373 2356 1470 2383 dioens
1486 2365 1494 2384 :
1512 2355 1720 2390 Audi.mulier,

926 2409 986 2435 quae
1001 2408 1016 2427 a
1035 2408 1088 2430 me,
1104 2401 1169 2432 Deo,
1187 2401 1236 2427 tibi
1251 2409 1304 2428 non
1320 2401 1380 2429 sine
1394 2401 1491 2430 dolore
1505 2403 1720 2435 annuutiautur,

924 2452 951 2474 et
967 2455 1027 2482 qme
1040 2446 1087 2473 tibi
1100 2451 1248 2481 protestor.
1263 2447 1303 2474 Tu
1324 2456 1366 2475 me
1383 2456 1413 2475 es
1430 2454 1573 2483 spretura,
1600 2450 1646 2484 qui
1659 2456 1720 2476 sum

924 2495 1057 2522 Dominus
1070 2495 1141 2521 Deus
1153 2499 1217 2522 tuus
1229 2505 1235 2522 ε
1245 2500 1272 2522 et
1285 2495 1386 2522 malum
1399 2501 1557 2530 serpentem
1570 2495 1719 2522 adoratura

924 2545 952 2568 et
966 2542 1083 2569 cultura.
1096 2541 1150 2576 Ego
1160 2546 1251 2568 autem
1262 2542 1472 2569 conversionem
1481 2546 1509 2569 et
1517 2542 1635 2568 salutem
1645 2545 1720 2568 tuam

925 2596 1068 2622 quaerens.
1094 2588 1281 2622 multiplicans
1305 2588 1496 2623 multiplicabo
1524 2588 1636 2615 dolores
1658 2592 1720 2615 tuos

926 2637 954 2660 et
975 2633 1138 2660 aﬂlictiones
1165 2638 1226 2660 tuas
1242 2637 1270 2660 et
1284 2634 1405 2668 gemitus
1424 2638 1486 2661 tuos
1504 2637 1532 2660 ct
1549 2633 1720 2661 calamitates

927 2683 988 2705 tuas
1004 2687 1010 2704 :
1029 2686 1102 2715 nunc
1117 2678 1229 2712 quidem
1249 2679 1296 2706 tibi
1315 2679 1436 2707 inferens
1455 2679 1604 2710 diluvium,
1617 2677 1718 2705 deinde

925 2729 1028 2759 pestem
1042 2733 1074 2751 ac
1100 2725 1217 2755 fatuetn.
1238 2730 1442 2754 terrzemotum.
1463 2725 1585 2760 pluviam
1604 2723 1673 2759 ignis
1689 2728 1716 2749 et

924 2770 1075 2805 sulphuris.
1102 2771 1201 2805 pluviae
1220 2771 1404 2798 defectionem
1434 2779 1482 2805 per
1509 2778 1540 2798 os
1561 2769 1716 2804 prophetaz.

925 2815 1046 2850 pericula
1071 2823 1103 2842 ex
1126 2816 1206 2848 mari,
1222 2817 1345 2851 pericula
1364 2825 1395 2843 ex
1415 2817 1505 2846 bellis,
1527 2823 1559 2842 ex
1574 2814 1715 2848 gentibus,

923 2869 956 2888 ex
975 2862 1226 2895 persecutinnilms,
1249 2867 1277 2889 et
1296 2870 1377 2888 omne
1400 2869 1488 2896 genus
1511 2859 1717 2887 calamitatibus

924 2912 951 2935 et
968 2907 1164 2934 amictionibus
1187 2912 1214 2935 et
1238 2908 1392 2935 doloribus.
1416 2906 1603 2940 Quamobrem
1624 2905 1652 2933 in
1674 2905 1717 2932 lns
