1980 3246
256 223 323 255 1039

857 228 888 260 S.
908 227 1106 258 ANASTASH
1135 228 1221 258 SlNA
1227 229 1299 259 [Ti-E

1838 228 1907 260 toto

255 280 399 310 doloribus
416 280 508 316 paries
522 281 608 310 malos
631 281 712 315 filios,
729 281 882 310 allicientes
901 282 1007 318 peccati
1024 286 1052 309 et
1067 285 1090 312 Δ
1105 283 1204 310 mulier
1217 291 1279 318 qua
1294 283 1407 311 dicebat
1422 283 1491 311 Osee
1507 283 1652 318 propheta:
1666 293 1673 310 ;
1687 283 1732 311 Ibo
1745 289 1768 310 et
1784 289 1910 310 revertar

256 327 436 364 impudicitia:
448 332 477 355 et
499 327 654 363 iniquitatis
680 333 709 356 et
723 328 895 362 idololatriae.
911 329 965 358 Sed
978 329 1052 357 bono

255 379 316 402 esto
335 374 440 407 animo,
464 382 557 410 neque
576 374 697 402 animam
714 375 902 410 despondeas,
924 383 976 403 nec
1000 365 1051 403 de-

255 428 362 456 speres,
389 428 480 456 neque
509 421 610 449 bonam
630 429 707 456 spem
730 421 902 449 contrahas:
919 422 1052 456 quoniam

256 471 318 502 post
336 467 398 495 illos
410 467 513 495 multos
523 475 594 502 quos
607 475 658 503 ego
675 467 726 496 tibi
747 468 834 495 affero
846 468 958 496 dolores
967 487 975 498 .
991 473 1053 503 post

257 514 360 540 mullos
384 514 506 549 gemitus
527 521 598 549 quos
619 514 653 542 ad
677 522 722 542 me
745 514 868 546 emittes,
890 519 953 550 post
967 515 1054 542 casti-

256 560 383 594 gationes
408 565 436 587 et
453 560 555 589 famem
569 568 601 588 ac
617 561 824 593 necessitatem,
840 561 977 588 annuntio
1002 560 1053 587 tibi

256 606 386 640 gaudium
412 615 541 642 magnum
565 607 640 642 quod
663 607 719 635 erit
747 607 823 634 omni
853 607 955 642 populo
980 612 1051 634 tuo:

258 656 404 687 postquam
431 652 480 679 tibi
499 652 584 680 fuerit
607 652 734 687 adempta
758 652 849 680 omnis
869 652 913 680 via
933 656 963 680 et
983 652 1054 680 ratio

259 698 371 725 humani
384 730 386 733 π
399 698 506 731 auxilii,
530 698 565 726 ad
584 699 674 726 virum
696 703 773 726 tuum
790 698 965 733 spiritualem
979 698 1053 726 Ada-

260 750 334 768 nmm
349 743 459 778 (nempe
471 742 625 779 Christum)
641 743 696 771 erit
707 743 852 771 conversio
872 747 929 775 tua.
953 747 981 770 et
995 743 1054 778 ipse

261 789 309 815 tibi
328 789 518 817 dominabitur
541 798 556 817 a
574 789 642 817 mari
663 798 751 825 usque
766 789 801 817 ad
817 797 904 822 mare,
923 794 951 817 et
963 797 979 816 a
1001 789 1054 817 llu-

259 835 382 863 minibus
398 843 486 871 usque
500 835 533 863 ad
547 835 617 864 fines
631 835 707 864 orbis
723 840 803 864 terra:
820 835 962 868 Ecclesiae,
978 835 1052 868 Evaz,

260 882 324 908 vita:
343 886 396 909 tua:
419 889 481 917 qum
505 882 610 910 dicitur
631 882 743 910 mulier.
769 881 964 909 Benedicimus
991 881 1052 913 tibi,

258 927 379 959 Christe.
396 929 444 963 qui
467 929 570 956 vocasti
595 936 656 961 nos,
682 933 710 956 et
734 929 769 956 ab
795 936 891 956 errore
906 928 997 956 fecisti
1019 927 1054 955 ad

1105 328 1141 355 ad
1159 329 1246 356 virum
1267 337 1356 356 meum
1376 329 1504 364 priorem,
1532 329 1661 364 quoniam
1683 334 1745 356 tunc
1763 329 1828 355 mihi
1847 333 1910 354 erat

1105 374 1198 401 melius
1214 383 1296 410 quam
1311 383 1382 401 nunc
1396 375 1430 401 ⁷¹.
1447 374 1481 402 Et
1494 378 1642 409 propterea
1664 374 1730 401 dicit
1747 374 1823 401 Deus
1839 373 1910 400 huic

1104 420 1233 448 Ecclesia:
1247 428 1309 455 quas
1338 420 1443 448 dicitur
1458 419 1558 447 mulier
1583 429 1589 446 ε
1610 418 1644 446 Ει
1665 420 1700 446 ad
1714 420 1804 447 vitam
1829 424 1909 446 tuum

1104 467 1235 494 conversio
1260 471 1318 499 tua,
1345 470 1370 493 et
1393 467 1448 502 ipse
1466 465 1512 493 tibi
1531 465 1722 493 dominabitur.

1140 512 1211 540 Hinc
1231 512 1364 540 discimus
1392 517 1509 547 propter
1532 519 1593 539 eam
1616 518 1700 546 quam
1718 510 1745 537 in
1769 510 1910 537 extremis

1105 559 1278 594 temporibus
1310 558 1394 586 habet
1418 559 1492 586 Deus
1504 557 1532 585 in
1544 557 1691 585 mulierem
1704 577 1712 590 ,
1733 556 1909 584 dominatio-

1107 612 1170 632 nem
1181 613 1188 631 :
1199 604 1274 640 quod
1285 612 1349 632 cum
1362 604 1482 639 primum
1493 603 1630 637 plantavit
1640 603 1713 629 Deus
1726 602 1903 637 paradisum,

1106 655 1200 687 typum
1216 650 1356 682 Ecclesia,
1381 649 1536 678 nominavit
1551 650 1696 684 Scriptura
1720 649 1808 676 Deum
1838 658 1845 676 ε
1871 652 1903 676 et

1105 697 1222 728 addens.
1233 697 1393 724 Dominum.
1407 696 1468 723 Non
1483 695 1558 723 enim
1587 696 1713 724 invenies
1728 696 1820 731 ipsum
1837 700 1906 722 ante

1106 743 1264 779 paradisum
1274 743 1413 770 nominari
1424 742 1573 770 Dominum
1583 748 1612 770 et
1622 743 1708 770 Deum
1721 751 1728 769 :
1740 742 1788 769 sed
1800 742 1905 773 solum.

1106 790 1203 818 Deum.
1230 789 1259 817 Si
1279 794 1371 817 autem
1387 789 1421 816 ab
1447 789 1511 816 aliis
1537 789 1571 816 ad
1588 789 1657 816 alias
1673 789 1810 824 gradatim
1828 794 1908 816 tran-

1105 836 1243 864 scendens
1262 835 1526 868 demonstrationes,
1550 843 1606 863 non
1631 836 1787 864 satietatem
1819 835 1908 863 aﬂ'ero

1105 883 1203 910 lectori
1217 883 1302 910 multa
1317 883 1437 910 dicens:
1455 883 1481 910 ei
1508 883 1652 910 ostendam
1680 883 1762 910 falsas
1793 890 1907 918 quoque

1107 928 1304 956 similitudines
1320 936 1353 956 ac
1372 928 1506 963 paritates
1532 928 1638 955 erroris
1666 928 1797 956 mulieris
1811 933 1839 955 et
1857 927 1908 957 Eo-

259 981 310 1000 nos
331 981 346 1000 a
377 978 403 1000 te
430 973 652 1001 conversionem.
679 973 836 1001 Adoramus
862 978 888 1002 te
905 974 954 1009 qui
968 973 1057 1002 domi.
1072 971 1094 1000 Β
1107 976 1210 1004 clesiaa.
1227 976 1350 1003 Primum
1365 976 1440 1004 enim
1454 975 1595 1012 quomodo
1607 976 1708 1003 mulier
1726 975 1754 1002 in
1774 975 1907 1010 paradiso

259 1024 342 1047 natus
359 1027 389 1046 es
405 1019 497 1052 nobis,
515 1024 645 1055 tanquam
671 1020 817 1048 Dominum
833 1020 1054 1048 dominantium:

259 1073 294 1093 ne
314 1066 374 1101 ipsa
396 1070 444 1094 tua
467 1067 570 1102 conjux
585 1066 686 1094 mulier
704 1071 733 1094 et
757 1074 860 1102 sponsa
881 1067 1057 1103 opprimatur

259 1112 403 1140 dominatu
433 1112 499 1140 mali
527 1112 677 1147 serpentis.
709 1113 747 1141 De
774 1118 875 1141 caetero
903 1114 1003 1149 psallat
1028 1118 1057 1142 et

258 1166 356 1194 magna
369 1167 436 1187 voce
443 1159 543 1187 clamet
551 1159 611 1187 haec
622 1159 680 1186 vita
689 1159 791 1187 mulier
802 1167 866 1187 cum
879 1159 926 1187 illa
938 1159 1056 1188 muliere

258 1211 320 1239 qua:
348 1208 390 1231 est
414 1211 481 1232 vere
505 1205 562 1232 vita
584 1208 613 1232 et
636 1212 698 1240 quae
719 1205 806 1232 vitam
831 1204 903 1237 fert,
929 1210 958 1232 et
983 1205 1057 1240 parit

257 1251 354 1284 vitam,
369 1250 466 1278 dicens
481 1259 488 1277 :
504 1250 661 1286 Magniﬁcat
681 1251 772 1278 anima
793 1259 853 1278 mea
867 1258 931 1278 cum
949 1251 996 1286 qui
1014 1255 1058 1279 est

258 1296 328 1324 mihi
353 1297 524 1329 dominatus,
545 1305 607 1332 quae
627 1305 689 1325 sum
709 1297 834 1325 Ecclesia
856 1305 891 1325 ex
905 1298 1055 1334 gentibus:

260 1342 294 1369 Et
319 1343 462 1370 exsultavit
477 1343 587 1378 spiritus
613 1352 686 1371 meus
715 1345 742 1371 in
773 1344 827 1371 Deo
851 1344 966 1372 salutari
988 1353 1056 1372 meo.

259 1387 328 1420 Quia
349 1389 464 1424 respexit
482 1389 660 1418 humilitatem
687 1390 793 1418 ancilla:
817 1399 882 1418 sure.
901 1390 968 1418 Ecce
986 1391 1057 1418 enim

259 1435 353 1462 abhinc
375 1436 480 1463 beatam
498 1445 540 1464 me
555 1437 641 1464 dicent
658 1445 749 1465 ontnes
770 1438 963 1472 generationes.
986 1437 1058 1470 Quo-

259 1481 333 1508 niam
353 1481 414 1516 [erit
428 1483 576 1516 potentiam
589 1483 616 1509 in
631 1483 738 1510 brachio
755 1483 826 1511 Filio
840 1491 901 1516 suo,
914 1488 939 1511 et
954 1484 1057 1519 disper-

258 1528 292 1554 sit
314 1528 438 1562 superbos
465 1527 577 1556 Judaaos
594 1537 625 1556 ea:
650 1529 727 1556 corde
756 1530 851 1556 utentis
879 1538 946 1562 sum,
978 1535 1008 1558 et
1029 1531 1058 1558 in

262 1572 349 1600 altum
373 1573 468 1601 extulit
487 1582 540 1602 nos
564 1574 686 1602 humiles.
707 1575 861 1602 Esurientes
886 1583 969 1603 canes
992 1583 1058 1612 gen-

261 1620 330 1646 tium
354 1620 523 1654 populorum
545 1621 668 1656 implevit
695 1621 770 1648 bonis
795 1621 874 1655 panis
888 1622 963 1654 Viue,
979 1627 1003 1649 et
1017 1622 1058 1649 di-

259 1671 322 1693 vites
339 1667 366 1693 in
384 1666 531 1694 sacriﬁciis
554 1672 582 1694 et
601 1667 783 1695 libaminibus
797 1668 896 1695 dimisit
916 1669 1010 1695 inanes
1022 1669 1055 1701 ⁷⁸,

260 1721 294 1739 ne
313 1713 431 1747 amplius
444 1713 472 1740 in
487 1713 529 1740 eis
541 1713 634 1740 colant
650 1718 680 1740 et
697 1714 815 1741 adorent
832 1715 936 1750 templo
951 1715 1056 1743 diruto.

261 1759 446 1787 Excandescit
463 1764 492 1786 et
515 1759 688 1795 discerpitur
710 1760 770 1788 hac
793 1760 911 1788 audiens
934 1761 1057 1794 iudicas,

260 1809 288 1833 et
299 1813 355 1832 non
376 1809 469 1840 potest
489 1805 556 1833 falsa
577 1805 738 1834 ostendere.
757 1805 785 1834 Si
801 1811 893 1833 autem
909 1814 964 1834 non
979 1807 1014 1834 ita
1029 1815 1058 1835 se

261 1852 346 1880 habet
384 1860 478 1880 rerum
504 1852 617 1885 veritas,
651 1853 887 1888 quemadmodum
913 1853 941 1880 in
965 1854 1060 1881 verbis

262 1899 310 1926 Dei
338 1899 372 1926 ad
395 1891 542 1926 mulierem
575 1899 749 1934 interpretati
773 1907 889 1927 sumus:
912 1899 986 1927 dicat
1009 1900 1059 1927 Ju-

262 1947 348 1977 dmns,
373 1945 432 1977 ubi,
454 1953 517 1974 cum
535 1946 684 1974 avertisset
699 1946 755 1974 Eva
783 1952 831 1974 aut
847 1952 974 1982 separata
990 1946 1059 1974 fuis-

262 1997 303 2019 srt
321 1991 493 2023 ah‘Adamo,
518 1991 590 2019 dixit
612 1993 637 2019 ei
655 1992 728 2020 Deus
749 1992 811 2020 :Ad
830 1993 916 2020 virum
936 1997 1009 2020 tuum
1023 1998 1061 2021 est

263 2039 396 2065 conversio
414 2043 459 2065 tua
473 2038 485 2065 ?
498 2038 532 2066 Et.
554 2046 674 2074 quonam
699 2039 724 2065 ci
741 2038 902 2066 dominante
929 2039 997 2067 dicit
1013 2040 1038 2066 ei
1053 2049 1060 2066 :

266 2083 310 2110 Vir
330 2073 376 2111 tibi
400 2073 604 2111 dominabitur?
626 2088 759 2120 tanquam
780 2085 885 2112 scilicet
910 2085 934 2112 ei
960 2080 1061 2120 aliquis

264 2130 426 2157 insultasset
451 2134 479 2157 et
503 2130 529 2157 ei
558 2134 634 2157 esset
659 2130 811 2158 dominata.
836 2131 904 2158 Nam
931 2131 1061 2158 omnibus

264 2175 352 2203 tnodis
381 2176 506 2204 cernitur
530 2176 589 2205 lucc
611 2176 713 2204 mulier
732 2185 746 2204 a
773 2177 834 2204 viro
863 2169 1008 2212 separata,
1033 2180 1062 2203 et

263 2222 364 2250 deinde
390 2223 424 2250 ad
448 2231 512 2250 eum
529 2231 626 2250 rursus
650 2231 794 2251 conversa.
812 2223 881 2250 Nam
903 2223 951 2257 qui
966 2230 1061 2250 rever-

264 2269 342 2299 titur.
365 2273 407 2296 est
424 2269 602 2304 perspicuum
627 2269 701 2304 quod
725 2269 791 2296 illuc
811 2269 962 2296 revertitur
988 2268 1061 2296 umle

1107 1026 1122 1050 a'
1134 1027 1263 1058 serpente
1276 1022 1401 1055 seducta,
1415 1030 1494 1058 passa
1510 1027 1552 1050 est
1565 1030 1615 1058 per
1626 1022 1724 1050 oculos
1739 1029 1805 1048 cum
1820 1021 1906 1049 vidis-

1107 1074 1150 1098 set
1169 1069 1243 1104 quod
1258 1069 1364 1104 lignum
1393 1069 1498 1096 bonum
1517 1073 1560 1096 est
1582 1068 1618 1096 ad
1640 1067 1859 1100 comedendum,
1879 1071 1906 1094 et

1107 1121 1215 1152 gratum
1227 1115 1317 1143 oculis
1330 1115 1363 1142 ad
1383 1115 1547 1148 videndum,
1566 1119 1595 1143 et
1617 1108 1774 1150 speciosum
1787 1113 1823 1141 ad
1836 1121 1903 1141 con-

1108 1161 1286 1188 siderandum
1299 1169 1307 1193 ;
1319 1160 1444 1188 secundo
1457 1165 1553 1188 autem
1573 1159 1672 1188 aﬂ'ecta
1695 1164 1739 1187 est
1755 1159 1907 1187 affectione

1107 1214 1158 1242 per
1182 1210 1342 1234 contactum
1369 1214 1467 1234 manus
1490 1207 1581 1234 fructu
1607 1209 1745 1241 accepto;
1770 1209 1799 1233 et
1823 1205 1908 1232 tertio

1108 1260 1207 1280 rursus
1222 1259 1271 1288 per
1295 1259 1374 1279 esum
1393 1251 1452 1279 :sic
1469 1251 1537 1279 mihi
1550 1251 1684 1286 deinceps
1696 1251 1731 1278 ab
1755 1259 1788 1278 ea
1805 1250 1908 1278 accede

1108 1299 1142 1326 ad
1158 1298 1322 1326 catholicam
1343 1297 1487 1325 hominum
1504 1297 1667 1329 Eeclesiam,
1687 1301 1715 1324 et
1732 1297 1844 1324 videbis
1862 1304 1909 1324 ea-

1108 1345 1170 1372 dem
1183 1352 1294 1380 quoque
1310 1345 1335 1372 ei
1353 1344 1380 1371 in
1394 1344 1494 1379 primis
1509 1343 1657 1371 accidisse.
1675 1343 1743 1370 Nam
1761 1351 1826 1370 cum
1847 1343 1909 1370 dua:

1109 1396 1175 1419 tunc
1186 1395 1280 1419 essent
1293 1391 1488 1427 generationes
1502 1390 1649 1418 hominmu
1670 1389 1697 1416 in
1713 1390 1856 1424 principio
1881 1389 1908 1417 in

1108 1439 1223 1470 mundo,
1241 1438 1330 1473 quiin
1345 1437 1485 1473 propriam
1507 1441 1536 1465 et
1561 1441 1716 1472 separatam
1742 1435 1909 1463 refereban-

1109 1490 1155 1512 tur
1179 1484 1379 1520 genealogiam,
1404 1488 1541 1518 erantque
1567 1483 1756 1518 przeliguratio
1785 1483 1908 1510 duorum
1955 1514 1961 1518 ί

1107 1531 1272 1566 populorum
1291 1534 1337 1558 :et
1352 1530 1397 1557 alii
1411 1529 1524 1566 quidem
1549 1529 1584 1556 ab
1596 1529 1713 1559 Adamo,
1738 1528 1784 1556 alii
1812 1535 1880 1556 vero
1893 1535 1909 1555 a

1107 1577 1174 1605 Cain
1188 1576 1325 1612 parricida
1340 1577 1529 1612 procedebant
1542 1585 1548 1603 :
1559 1576 1607 1611 qui
1625 1576 1659 1603 ab
1674 1576 1781 1603 Adamo
1792 1576 1908 1610 quidem

1109 1623 1307 1658 procedebant,
1323 1623 1350 1650 in
1370 1623 1485 1660 ﬁguram
1508 1622 1604 1657 populi
1633 1621 1737 1650 Christi
1766 1621 1909 1650 habebant

1109 1670 1257 1705 quamdam
1291 1670 1409 1705 gratiam
1437 1670 1524 1698 sancti
1555 1669 1678 1703 Spiritus
1702 1669 1730 1696 in
1747 1669 1828 1696 vultu
1846 1677 1908 1697 suo.

1109 1725 1170 1752 qum
1184 1725 1233 1744 eos
1250 1717 1414 1744 ostendebat
1428 1721 1457 1744 et
1483 1717 1631 1751 separabat
1645 1724 1659 1743 a
1681 1716 1784 1750 popqu
1798 1715 1882 1744 Caini
1899 1725 1905 1741 :

1109 1768 1137 1790 et
1153 1763 1270 1791 maxime
1281 1763 1348 1790 Seth
1367 1771 1448 1798 quem
1466 1763 1564 1798 genuit
1587 1762 1674 1790 Adam
1689 1762 1722 1789 ad
1743 1770 1825 1789 suam
1846 1770 1910 1797 spe-

1110 1810 1180 1838 ciem
1192 1815 1220 1837 et
1235 1810 1394 1845 imaginem,
1410 1813 1440 1837 ut
1453 1809 1521 1836 dicit
1540 1809 1695 1844 Scriptura.
1718 1808 1910 1841 Quamobrem

1111 1856 1238 1883 homines
1251 1855 1298 1890 qui
1310 1859 1391 1882 erant
1403 1855 1430 1882 in
1449 1855 1497 1882 illo
1511 1860 1645 1889 tempore,
1659 1854 1736 1881 illum
1748 1853 1839 1880 Deum
1863 1861 1912 1888 ap-

1111 1901 1262 1936 pellabant.
1279 1900 1331 1934 Qui
1345 1905 1437 1928 autem
1449 1900 1636 1928 nascebantur
1649 1908 1681 1926 ex
1698 1899 1807 1927 semine
1819 1899 1911 1930 Caini,

1112 1948 1139 1975 in
1156 1953 1249 1983 typum
1260 1947 1356 1982 populi
1371 1947 1493 1978 lsraclis.
1506 1953 1585 1973 erant
1599 1945 1725 1982 hospites
1737 1951 1765 1973 el
1776 1945 1862 1973 alieni
1875 1946 1912 1973 ab

1112 1994 1158 2021 illa
1175 1993 1262 2028 gratia
1277 1998 1305 2021 et
1315 1992 1518 2020 illuminationc
1530 2000 1591 2027 qua:
1601 1996 1661 2019 erat
1677 1991 1704 2018 in
1718 1991 1810 2023 vultu,
1822 1991 1911 2026 utqui

1111 2040 1247 2075 originem
1264 2039 1408 2067 duxissent
1423 2047 1438 2066 a
1453 2039 1601 2074 parricida.
1615 2038 1802 2071 Quamobrem
1817 2037 1852 2065 iis
1862 2037 1911 2072 qui

1111 2090 1191 2113 erant
1203 2094 1236 2113 ex
1248 2085 1354 2113 semine
1366 2085 1452 2112 Adam
1471 2085 1528 2120 (qui
1543 2088 1605 2111 erat
1617 2088 1700 2120 typus
1718 2083 1849 2115 Christil,
1863 2083 1913 2118 qui

1113 2131 1329 2158 nominabantur
1342 2130 1391 2158 lilii
1415 2130 1475 2162 Dei,
1497 2129 1515 2156 ii
1532 2129 1580 2164 qui
1593 2133 1674 2156 erant
1687 2137 1722 2156 ex
1742 2128 1822 2159 Cain,
1840 2128 1915 2156 invi-

1112 2177 1214 2205 debant
1237 2180 1351 2212 propter
1367 2175 1546 2211 splendorem
1572 2175 1618 2209 qui
1647 2175 1688 2202 eis
1715 2175 1860 2202 eminebat
1885 2175 1914 2201 in

1114 2225 1201 2251 vultu.
1216 2224 1236 2251 li
1249 2231 1314 2259 ergo
1325 2223 1372 2258 qui
1386 2222 1551 2250 dicebantur
1565 2221 1617 2256 filii
1630 2221 1686 2253 Dei,
1702 2225 1732 2248 ut
1756 2221 1806 2256 qui
1819 2227 1915 2247 essent

1114 2271 1161 2298 filii
1180 2270 1244 2297 Eva:
1255 2277 1270 2297 a
1283 2273 1381 2300 matre,
1398 2276 1449 2303 per
1471 2267 1569 2294 oculos
1584 2267 1701 2302 primam
1727 2271 1915 2301 susceperunt

261 2317 340 2351 prius
361 2317 477 2344 exierat.
503 2316 567 2343 Mihi
583 2316 656 2344 enim
682 2317 771 2351 rogita
786 2315 960 2343 individuam
978 2316 1061 2342 unio-
1077 2313 1101 2342 D
1114 2316 1309 2344 aﬂ‘ectionem:
1325 2314 1426 2342 deinde
1451 2314 1580 2344 alterum.
1609 2321 1658 2348 per
1685 2318 1788 2340 tactum
1807 2318 1836 2339 et
1861 2320 1915 2347 gu-

261 2371 325 2389 ncm
342 2362 393 2389 viri
414 2368 442 2389 et
458 2361 593 2394 mulieris,
612 2361 686 2396 quod
700 2366 743 2388 est
757 2364 870 2395 cdrpus,
891 2360 1059 2393 membrum,

261 2413 288 2435 et
311 2415 387 2435 costa
405 2409 475 2443 ejus.
491 2398 678 2441 Otiamobrem
693 2408 727 2441 de
741 2415 774 2434 ea
797 2416 909 2443 quoque
926 2407 1059 2434 dicebat:

263 2454 316 2481 iloc
332 2462 402 2480 nunc
416 2463 443 2481 os
459 2462 491 2482 ex
505 2454 606 2481 ossibus
623 2454 696 2486 meis,
711 2459 736 2481 et
752 2462 816 2481 caro
831 2462 863 2481 ex
882 2463 964 2481 carne
979 2463 1036 2482 mea
1052 2463 1061 2486 .'

262 2501 446 2535 quamobrem
462 2509 558 2527 sumus
570 2501 625 2528 duo
643 2500 671 2528 in
683 2508 794 2528 carnem
809 2508 902 2528 unam.
917 2501 1062 2534 Quomodo

261 2555 327 2581 ergo
351 2555 412 2574 cum
432 2555 485 2574 una
511 2556 575 2575 caro
595 2547 632 2575 sit
648 2547 839 2590 conglutinata
860 2552 888 2574 et
914 2555 999 2574 unum
1017 2555 1059 2581 os,

262 2595 318 2621 duo
341 2595 396 2622 sint
420 2595 574 2629 individue,
595 2596 667 2624 Deus
682 2603 757 2624 nunc
779 2596 847 2624 dicit
871 2596 1004 2623 mulieri:
1021 2597 1062 2624 Ad

263 2642 347 2668 virum
371 2646 447 2668 tuum
470 2643 519 2669 erit
538 2643 670 2670 conversio
685 2647 742 2675 tua,
760 2647 784 2669 et
802 2643 857 2678 ipse
881 2643 918 2669 tui
936 2642 1061 2669 domina-

262 2687 355 2714 bitur?
373 2687 518 2721 Quomodo
537 2697 568 2716 os
583 2694 611 2717 et
628 2697 692 2716 caro
706 2697 769 2716 cum
786 2689 821 2716 sit
833 2689 903 2724 ejus,
922 2688 955 2715 ad
971 2689 1061 2723 ipsum

263 2734 456 2762 convertitur?
469 2735 540 2771 Ergo
553 2743 602 2770 per
622 2735 715 2763 omnia
728 2743 790 2771 qua:
805 2735 879 2762 dicta
898 2740 962 2762 sunt
978 2735 1062 2762 disci-

264 2787 325 2807 mus
340 2780 414 2815 quod
435 2785 513 2808 extra
539 2781 630 2808 virum
653 2789 735 2808 suum
759 2781 895 2809 abscessit
911 2780 1063 2812 mulier,et

263 2826 364 2854 deirxde
386 2835 497 2854 reversa
521 2832 563 2854 est
585 2827 619 2854 ad
647 2827 748 2862 ipsum,
770 2832 798 2854 et
820 2819 919 2854 rursus
935 2827 1005 2853 facta
1019 2830 1063 2852 est

239 2898 242 2901 .
263 2872 322 2905 eius
345 2879 421 2900 msta
440 2878 469 2900 ct
490 2873 591 2901 mulier
606 2877 631 2901 cl
649 2882 723 2901 caro.
747 2873 806 2908 Ipsa
829 2873 913 2908 919
927 2879 967 2899 est
988 2872 1062 2899 enim

300 2962 322 2977 ’ν
350 2962 417 2989 Luc.
436 2971 455 2995 ι,
478 2964 511 2991 Π
528 2964 572 2991 55.

610 2964 631 2979 ⁷¹
654 2963 721 2991 Osce
744 2972 771 2995 II,
789 2964 814 2989 7.
854 2963 876 2978 7’
893 2963 961 2989 Gon.
979 2971 1014 2995 γι,
1029 2963 1057 2990 ἓ.

1111 2367 1195 2389 stum.
1208 2361 1353 2395 Quomodo
1365 2359 1438 2387 enim
1454 2359 1488 2386 de
1503 2367 1534 2386 ea
1560 2359 1665 2386 dictum
1678 2363 1720 2386 est
1738 2358 1816 2393 quod
1843 2358 1915 2385 vidit

1110 2407 1215 2442 lignum
1233 2407 1335 2434 bonum
1354 2405 1388 2433 ad
1404 2405 1618 2437 comedendum,
1639 2409 1668 2431 et
1692 2405 1783 2432 oculis
1802 2410 1915 2440 gratum

1113 2454 1147 2481 ad
1160 2453 1321 2485 videndum,
1336 2457 1364 2480 et
1375 2452 1523 2487 pulchrum
1551 2451 1585 2478 all
1607 2451 1857 2483 considerandum,
1878 2452 1916 2479 ita

1113 2501 1196 2527 etiam
1213 2500 1348 2535 scriptum
1364 2502 1406 2526 est
1425 2498 1460 2525 de
1479 2497 1542 2524 filiis
1556 2498 1618 2532 ejus
1635 2506 1641 2524 :
1658 2497 1690 2524 Et
1715 2497 1839 2524 viderunt
1865 2497 1917 2531 ﬁlii

1114 2547 1171 2579 Βίιί,
1190 2547 1242 2573 hoc
1255 2551 1307 2577 est,
1324 2545 1371 2580 qui
1400 2545 1535 2580 originem
1557 2543 1698 2570 duxerunt
1720 2543 1755 2569 ab
1780 2544 1892 2570 Adamo
1907 2565 1916 2577 ,

1113 2594 1185 2627 ﬁlias
1207 2593 1356 2623 hominum,
1368 2599 1468 2626 nelnpc
1493 2599 1591 2617 eorum
1607 2590 1654 2625 qui
1675 2590 1887 2618 descenderunt
1902 2599 1918 2619 a

1112 2639 1199 2667 Caino
1213 2661 1220 2671 ,
1236 2639 1306 2675 quod
1326 2640 1378 2666 sint
1396 2638 1522 2672 palclmr,
1545 2642 1570 2664 ct
1590 2642 1747 2672 acceperunt
1780 2645 1827 2664 eas
1851 2646 1918 2665 uxo-

1115 2695 1155 2713 res
1165 2687 1199 2713 ".
1220 2686 1290 2713 Ecce
1305 2685 1480 2712 ath‘ctionmn
1494 2683 1571 2710 visus
1582 2688 1610 2710 et
1633 2687 1732 2710 tactus.
1748 2683 1853 2710 Postea
1868 2692 1918 2711 au-

1115 2738 1168 2760 tem
1190 2732 1372 2759 comederunt
1402 2731 1503 2757 malum
1522 2730 1654 2762 fructum,
1689 2737 1788 2764 nempe
1817 2738 1919 2758 carnes

1114 2779 1313 2807 sacrificiorum
1330 2778 1544 2805 dminoniorum.
1572 2776 1626 2804 Sed
1642 2777 1701 2804 haec
1716 2776 1834 2811 quidem
1851 2782 1918 2804 sunt

1115 2825 1303 2853 inobodicntia
1337 2829 1441 2852 naturae
1470 2823 1606 2850 mulieris.
1637 2823 1775 2857 Deinceps
1806 2823 1918 2858 primus

1113 2873 1172 2907 ejus
1188 2871 1267 2897 dolor
1283 2875 1310 2897 et
1326 2871 1446 2906 gemitus
1458 2869 1509 2896 fuit
1524 2869 1611 2897 totius
1627 2868 1722 2895 mundi
1743 2868 1896 2897 inundatio
1911 2878 1918 2896 :
