1980 3233
101 212 168 244 toti
658 215 697 244 1N
717 215 839 259 uexat

99 277 129 300 et
142 275 206 307 post
224 270 300 297 illam
314 269 424 297 dolores
449 274 477 296 et
492 269 611 304 gemitus
632 269 680 304 qui
700 277 761 298 eam
777 270 898 297 adduce—

100 317 168 344 bant
198 315 234 343 ad
267 314 471 350 pmnitentiam.
498 315 646 349 Propterea
674 323 741 350 ergo
774 323 826 342 nec
851 323 900 350 ρο-

100 363 173 391 situs
198 361 313 397 quidem
335 365 378 388 est
405 361 433 388 in
455 365 584 395 serpente
607 361 687 388 dolor
701 369 752 388 nec
769 362 899 396 gen-itus,

97 407 176 444 quod
206 407 229 434 is
256 407 331 434 nulla
363 406 427 434 duci
449 407 537 441 possit
569 406 743 442 pmnitentia.
770 406 823 436 Sed
852 415 901 434 ne-

97 462 156 489 que
173 454 202 481 in
216 462 251 481 eo
267 453 342 481 dicta
356 460 398 481 est
408 453 552 486 conversio,
567 454 641 481 sicut
654 454 682 480 in
700 454 816 481 muliere
829 463 836 486 ;
850 461 899 481 nc-

99 509 156 536 que
179 508 279 527 rursus
295 500 322 527 in
345 500 457 527 homine
484 500 576 527 dictus
590 505 633 528 est
648 500 787 535 gemitus;
809 508 899 535 neque

98 546 177 573 enim
199 545 366 580 poenitentia
382 544 586 584 indigct‘Adam
601 545 765 580 spiritualis,
792 551 822 572 ut
851 546 898 581 qui

99 600 158 619 non
177 592 214 619 sit
228 591 373 626 deceptus.
387 591 465 619 Unde
481 599 533 618 nec
548 592 575 618 in
600 599 633 619 co
667 592 758 626 posita
777 597 819 619 est
833 599 900 619 con-

98 638 208 671 versio,
223 646 314 673 neque
330 638 405 666 enim
429 637 482 664 fuit
508 645 629 672 unquam
653 637 801 673 deceptus.
830 637 899 664 llinc

98 685 178 712 enim
199 693 290 720 neque
305 684 409 719 aliquis
425 684 450 711 ei
462 683 566 710 dicitur
578 683 715 711 dominari
742 684 814 711 sicut
839 691 900 710 mu-

98 731 176 763 lieri,
190 739 255 759 eum
274 730 333 766 ipse
347 730 384 758 sit
412 730 541 757 Dominus
563 729 763 758 Dominantium
779 730 811 757 ⁷³.
829 729 899 757 Vide

97 781 194 804 autem
204 776 345 811 quomodo
360 783 411 803 nec
427 775 567 803 hominem
583 776 695 812 subjicit
720 776 746 803 ei
762 783 824 810 quae
849 783 899 811 pro

97 822 161 856 ipsa
174 826 217 849 est
229 829 327 857 pinnae,
341 822 508 857 donecejus
524 821 558 849 ad
574 821 665 856 ipsum
685 821 752 849 fecit
777 830 897 850 conver-

96 868 221 900 sionem,
238 868 353 896 dicens:
368 868 402 896 Et
426 868 460 895 ad
474 869 562 896 virum
592 873 668 895 tuum
683 869 816 896 conversio
839 873 897 898 tuo.

96 919 123 941 et
136 915 195 950 ipse
214 915 260 942 tibi
276 915 468 942 dominabitur.
491 914 627 948 Quoniam
652 923 719 951 ergo
735 923 826 942 sermo
849 915 897 943 Dei

95 966 142 989 est
154 969 287 996 operans,
305 966 435 996 tanquam
449 969 481 988 ea
495 969 641 994 conversa,
663 966 692 989 et
708 961 823 997 proprio
836 962 898 988 viro

94 1007 122 1035 ei
139 1008 222 1035 nnito
240 1015 290 1042 per
304 1008 436 1035 unionem
453 1008 480 1035 in
498 1008 639 1044 hypostasi
658 1012 739 1043 :post
765 1008 897 1036 unionem

94 1062 164 1081 eum
175 1055 270 1082 statim
290 1055 397 1082 inducit
408 1055 480 1083 Deus
500 1063 550 1090 pro
561 1055 621 1090 ipsa
638 1055 802 1090 patientem.
824 1055 898 1082 Dicit

93 1101 173 1129 enim
201 1106 405 1137 consequenter
429 1112 435 1129 :
458 1102 495 1130 Et
519 1102 585 1130 dixit
600 1103 706 1130 Adamo
728 1112 735 1130 ε
764 1102 897 1135 Quoniam

94 1148 225 1175 audivisti
240 1156 327 1175 uocem
349 1149 438 1175 uxoris
453 1152 506 1176 tua
522 1153 546 1176 et
574 1149 709 1176 comedisti
727 1157 759 1176 ea:
772 1149 844 1184 ligno
866 1149 898 1176 de

93 1202 147 1228 quo
159 1194 219 1221 solo
228 1194 275 1221 tibi
280 1194 351 1229 iussi
362 1203 394 1221 ne
405 1195 564 1228 comederes,
577 1195 720 1222 maledicta
732 1200 770 1222 est
785 1199 858 1223 terra
869 1196 897 1222 in

94 1240 232 1276 operibus.
254 1240 287 1267 In
307 1240 441 1267 laboribus
451 1249 512 1268 eam
534 1241 652 1268 comedas
667 1242 788 1269 omnibus
805 1242 897 1269 diebus

92 1288 157 1315 vita
166 1291 222 1314 tua:
238 1295 248 1314 :
259 1288 352 1322 spinus
367 1291 392 1314 et
409 1287 519 1316 tribulos
531 1287 655 1323 producet
669 1287 726 1320 tibi,
740 1291 766 1314 et
777 1289 897 1316 comede:

93 1341 195 1368 partem
205 1336 295 1366 tuum,
308 1330 389 1360 donec
400 1334 542 1361 revertaris
557 1334 583 1360 in
596 1338 697 1361 terram
710 1342 742 1361 ex
756 1342 808 1369 qua
820 1342 896 1361 sum-

93 1382 157 1414 plus
169 1387 208 1412 es,
236 1381 362 1414 quoniam
386 1384 459 1407 terra
483 1388 520 1413 es,
538 1385 563 1407 ει
584 1381 612 1407 in
630 1384 731 1408 terram
746 1381 894 1408 reverteris;

94 1424 160 1452 Haec
178 1431 244 1452 cum
261 1433 276 1452 a
291 1425 347 1453 Deo
372 1426 526 1454 audivisset
551 1426 651 1459 Adam,
669 1426 763 1454 statim
786 1427 897 1455 vocavit

93 1479 199 1499 nomen
216 1472 312 1500 uxoris
328 1480 384 1500 sua:
395 1473 495 1500 Vitam.
515 1472 650 1505 Quoniam
665 1482 697 1500 ea
727 1478 775 1505 est,
793 1473 895 1508 inquit,

94 1521 186 1544 mater
197 1517 478 1545 omnimnivcntium.
495 1518 566 1551 Quid
579 1518 660 1550 dicis,
679 1527 696 1546 ο
712 1519 812 1546 homo?
829 1519 897 1546 Ter-

93 1563 197 1591 ribiles
211 1571 227 1590 a
248 1564 304 1591 Deo
332 1565 544 1592 criminationes
565 1569 630 1592 sunt
657 1565 685 1592 in
707 1569 733 1592 te
751 1565 895 1593 intentata:

93 1614 214 1645 propter
235 1610 391 1643 mulierem,
417 1615 446 1638 et
472 1611 688 1644 exsecrationes,
701 1616 730 1639 et
751 1619 850 1646 pinnas,
866 1617 896 1639 et

92 1657 256 1689 sententias,
277 1661 306 1684 et
320 1664 407 1689 mors,
424 1662 453 1684 et
467 1657 675 1689 exterminatio,
685 1662 715 1684 et
729 1657 851 1690 dolores,
867 1661 895 1684 et

93 1710 197 1737 preme,
210 1708 241 1730 et
254 1703 360 1735 tribuli,
373 1709 400 1731 et
414 1704 543 1735 sudores,
552 1704 586 1731 ’et
599 1704 657 1736 irae,
674 1708 702 1732 et
720 1712 895 1740 quzrcunquc

92 1753 161 1775 sunt
178 1749 275 1784 gravia
289 1757 296 1775 :
314 1753 342 1776 et
353 1757 414 1776 eam
429 1757 491 1784 quae
508 1749 558 1776 tibi
572 1750 698 1776 omnium
717 1749 817 1777 horum
844 1749 896 1776 fuit

93 1804 178 1823 causa
202 1796 295 1823 Vitam
318 1798 463 1832 appellasl
484 1806 546 1825 eam
569 1806 636 1834 ergo
659 1797 752 1833 potius
782 1797 895 1825 nomina

93 1847 228 1873 mortem,
244 1842 457 1873 insidiatricem.
470 1843 666 1878 proditricem,
677 1848 706 1871 et
715 1843 801 1871 totius
815 1851 897 1871 mun-

91 1887 120 1915 di
134 1887 308 1915 scandalum'
327 1893 356 1916 et
370 1889 544 1925 naufragium
563 1899 570 1917 :
587 1895 617 1917 ut
645 1898 706 1925 qua:
734 1898 790 1917 non
804 1890 897 1918 feren—

93 1934 195 1961 dorum
214 1934 350 1962 malorum
367 1935 404 1962 sit
424 1936 528 1963 mundo
545 1936 730 1968 conciliatrix,
745 1941 776 1964 ut
787 1944 848 1972 quae
859 1937 897 1964 sit

93 1982 228 2008 omnibus
245 1981 384 2014 insidiata,
401 1987 503 2017 utquae
525 1991 622 2011 omnes
638 1983 764 2011 all'ecerit
781 1983 894 2020 injuria,

94 2033 123 2055 ut
135 2036 199 2064 qua!
214 2029 346 2056 omnibus
359 2029 503 2056 interitum
516 2030 651 2062 attulerit,
665 2034 694 2057 et
709 2037 808 2057 omnes
833 2037 897 2065 per—

93 2075 211 2102 diderit.
227 2074 312 2106 Siste,
328 2075 427 2110 inquit,
452 2075 536 2102 homo
560 2076 608 2111 qui
629 2075 687 2103 haec
711 2075 783 2103 dicis
800 2085 806 2102 :
825 2076 895 2103 Deus

92 2125 129 2146 est
151 2120 199 2155 qui
219 2119 364 2154 justiﬁcat,
386 2120 445 2155 quis
474 2125 512 2147 est
533 2121 578 2155 qui
603 2121 757 2148 condemnet
769 2121 794 2136 "
808 2121 820 2147 ?
834 2121 895 2148 Non

92 2166 167 2193 enim
199 2165 253 2193 fuit
287 2166 409 2194 hominis
440 2167 552 2201 adiutor
584 2167 645 2202 ejus
674 2167 821 2200 inimicus,
849 2176 897 2195 ne-

95 2219 148 2245 que
168 2211 227 2238 erit
241 2218 375 2244 unquam.
397 2211 435 2239 De
452 2217 554 2239 εἱειετο
569 2219 603 2239 ne
617 2211 691 2239 nuda
709 2212 791 2239 verba
807 2217 897 2240 atten-

93 2258 152 2289 das,
174 2256 230 2285 scd'
243 2257 363 2292 aspicias
376 2257 409 2284 ad
433 2265 528 2284 rerum
546 2262 685 2284 naturam.
709 2257 778 2285 Nam
793 2259 816 2285 si
835 2259 894 2286 haec

92 2305 210 2338 quidem
235 2303 397 2331 dicerentur
420 2303 454 2331 de
470 2304 542 2331 nuda
560 2304 686 2335 muliere,
702 2304 784 2338 jusla:
798 2309 893 2332 essent

93 2356 148 2378 iure
173 2351 433 2385 reprehensiones:
457 2358 521 2378 cum
543 2357 637 2378 autem
663 2350 744 2378 nobis
768 2351 841 2378 adsit
866 2356 894 2379 et

92 2402 229 2432 sequatur
251 2397 456 2432 inseparabilis,
485 2398 512 2424 in
538 2405 571 2424 eo
585 2397 658 2432 quod
683 2397 751 2424 dicit
766 2397 800 2425 de
823 2397 896 2425 Ada-

93 2451 139 2470 mo
155 2448 185 2470 et
212 2443 279 2475 Eva,
297 2443 501 2470 sacratissimus
523 2443 635 2475 Paulus,
665 2448 694 2471 et
710 2451 809 2479 magna
823 2452 893 2472 voce

93 2489 197 2516 clamet
211 2498 217 2515 :
239 2489 393 2525 Mysterium
410 2490 457 2516 hoc
472 2498 597 2525 magnum
611 2494 659 2522 est,
669 2499 716 2526 ego
732 2494 823 2517 autem
836 2491 894 2518 dico

93 2536 119 2562 in
135 2535 243 2563 Christo
253 2540 279 2562 et
292 2535 412 2563 Ecclesia
423 2537 466 2568 7‘;
486 2537 600 2564 omnino
614 2545 728 2565 necesse
742 2541 785 2564 est
798 2542 828 2565 ut
843 2545 893 2565 nos

93 2588 183 2616 usque
199 2580 233 2607 ad
248 2588 334 2608 unum
349 2580 405 2607 iota
429 2585 457 2608 et
470 2589 555 2608 unum
576 2581 694 2616 apicem,
715 2582 809 2609 omnia
831 2590 893 2617 quae

93 2628 198 2662 scripta
212 2632 278 2655 sunt
289 2627 323 2654 de
338 2627 513 2662 Protoplasto
535 2628 641 2656 Atlam‘o
672 2633 700 2656 et
711 2629 779 2661 Eva,
808 2629 892 2657 intel-

93 2672 215 2708 ligamus
225 2673 258 2700 de
277 2673 390 2701 Christo
403 2677 431 2700 et
447 2674 581 2702 Ecclesia.
596 2674 625 2702 Si
644 2679 737 2702 autem
754 2684 893 2712 repugnas

95 2719 130 2747 iis
143 2728 208 2755 quae
221 2719 296 2747 dicta
307 2725 388 2747 sunt:
404 2719 448 2748 die
460 2721 539 2754 mihi,
552 2729 657 2756 quaeso,
673 2722 814 2756 quomodo
825 2722 892 2749 nudi

94 2773 109 2791 a
125 2765 300 2801 subligaculo
315 2766 343 2793 in
357 2767 561 2794 examinatione
581 2767 698 2803 ingressi
715 2768 891 2803 protoplasti,

96 2811 250 2846 iujudicio,
266 2820 282 2839 a
298 2812 355 2840 Deo
370 2811 460 2839 induti
479 2817 544 2840 sunt
558 2818 585 2840 et
600 2813 665 2841 tecti
679 2814 804 2849 pelliceis
819 2814 892 2841 tuni-

130 2911 176 2938 τ³1
191 2911 262 2938 Tim.
279 2920 316 2942 γι.
334 2912 374 2938 (Si.
414 2912 435 2928 7‘
453 2913 531 2940 Rom.
547 2921 603 2945 \‘lll,
616 2913 659 2943 3'5,
678 2913 721 2940 Si.

97 2946 149 2976 1‘7;
166 2947 254 2973 Calai.
274 2955 312 2979 ιη,
339 2947 379 2974 15.

658 215 697 244 1N
717 214 992 245 HEXAEMERON.
1012 216 1130 245 ~LlB.
1150 217 1201 246 Xl.

761 2914 783 2928 ”
800 2914 900 2948 Ephca.

1679 214 1747 246 1042

913 272 933 299 Α
950 269 1000 301 eis,
1024 278 1086 297 cum
1103 270 1239 298 deberent
1272 270 1365 305 potius
1388 270 1450 297 exui
1477 270 1503 297 in
1530 270 1746 301 examinatione.

953 320 1139 351 congruenter
1155 317 1247 344 ordini
1276 316 1446 352 judicioer
1463 315 1576 343 mundi?
1601 316 1748 349 Quomodo

952 362 974 389 si
991 370 1055 390 reus
1069 366 1139 390 astat
1164 363 1250 390 Adam
1279 364 1321 397 (ut
1346 363 1394 398 qui
1411 363 1545 398 deceptus
1576 369 1590 389 a
1620 363 1746 396 muliere)

951 409 1152 436 condemnatus
1163 409 1191 436 in
1208 409 1266 444 ipsa
1278 409 1496 441 examinatione,
1513 409 1603 435 Vitam
1620 408 1748 434 nomina-

951 455 990 481 vit
1017 455 1342 489 mulierem?Quomodo
1369 455 1452 482 homo
1477 454 1537 490 qui.
1559 458 1589 481 ut
1617 457 1646 480 tu
1666 453 1748 484 dicis,

951 500 1039 528 factus
1054 501 1106 528 fuit
1119 501 1171 528 sub
1183 501 1344 533 maledicto,
1359 501 1451 536 potuit
1475 509 1523 536 per
1536 499 1670 536 Spiritum
1686 507 1749 526 san-

950 550 1026 573 ctum
1046 546 1213 581 prophetare
1230 545 1258 574 in
1280 547 1339 581 ipsa
1357 547 1424 574 hora
1451 544 1667 576 maledictionis,
1687 552 1748 579 qua:

951 591 1042 618 futura
1057 596 1137 618 erant
1148 596 1210 626 post
1222 591 1318 619 nescio
1333 595 1401 627 quot
1425 591 1511 618 millia
1528 597 1677 622 annorum,
1704 589 1747 616 di-

949 645 1016 665 cens
1030 637 1064 665 de
1079 638 1210 666 muliere:
1222 638 1286 673 Ipsa
1295 639 1344 665 erit
1356 642 1442 665 mater
1453 638 1571 665 omnium
1583 637 1725 664 viventium
1735 637 1748 662 γ

949 682 1094 716 Quomodo
1105 688 1198 712 autem
1216 691 1313 711 rursus
1329 687 1477 718 postquam
1490 690 1539 709 eos
1555 681 1656 713 induit,
1673 681 1747 708 Deus

949 730 1085 758 Adamum
1109 731 1286 758 subsannans
1300 735 1329 757 et
1342 730 1441 757 dicens
1454 738 1461 756 :
1477 729 1544 756 Ecce
1560 728 1646 755 Adam
1661 727 1746 762 factus

950 781 987 804 est
995 777 1062 804 sicut
1077 785 1186 804 unurex
1202 777 1286 809 nobis,
1299 784 1354 804 non
1369 776 1453 803 simul
1466 775 1550 803 etiam
1570 774 1674 810 probro
1690 773 1748 800 alli-

949 824 987 851 cit
999 823 1145 851 mulierem
1160 831 1222 859 qu:e
1234 827 1293 851 erat
1308 823 1394 859 magis
1411 823 1440 849 in
1449 823 1530 857 culpa
1543 829 1626 857 quam
1637 819 1747 848 Adam?

950 872 1004 899 Sed
1019 879 1070 899 nec
1084 879 1144 899 eam
1161 865 1242 898 simul
1262 878 1325 897 cum
1340 870 1399 905 ipso
1414 869 1545 897 amaudat
1556 876 1589 895 ex
1605 867 1746 902 paradiso,

951 927 1041 954 neque
1056 919 1082 946 ei
1097 918 1165 946 dicit
1184 917 1339 945 :Muledirta
1349 922 1387 944 est
1399 921 1470 943 terra
1483 917 1509 942 in
1541 915 1662 951 operibus
1677 915 1727 940 tuis
1737 922 1746 940 :

949 965 1022 1000 quod
1029 965 1140 1000 quidem
1152 964 1274 1000 eimagis
1281 964 1427 999 oportebat
1437 963 1530 997 dicere
1540 970 1622 997 quam
1629 961 1745 988 Adaino.

986 1012 1057 1047 Ergo
1070 1011 1093 1038 si
1110 1011 1202 1038 ﬁdelis
1213 1010 1287 1046 apud
1311 1015 1338 1038 te
1367 1009 1507 1040 videatur,
1535 1008 1582 1043 qui
1601 1007 1746 1034 Christum

950 1059 1032 1085 habet
1056 1059 1084 1086 in
1107 1065 1136 1085 se
1158 1058 1319 1092 loquentem
1339 1056 1441 1084 Paulus
1460 1055 1556 1082 dicens
1573 1054 1676 1081 :Adam
1693 1061 1746 1079 non

950 1105 1170 1140 estdcceptns",
1197 1108 1240 1131 est
1262 1102 1440 1138 perspicuum
1466 1100 1541 1136 quod
1568 1107 1620 1127 nec
1638 1099 1690 1126 fuit
1718 1099 1746 1125 iu

948 1159 1012 1178 eum
1025 1151 1130 1179 crimen
1147 1151 1324 1178 intentatum.
1339 1148 1387 1176 Sili
1403 1151 1496 1175 autem
1515 1147 1568 1174 fuit
1583 1146 1690 1173 crimen
1703 1145 1745 1171 in-

950 1201 1100 1227 tentatum.
1114 1196 1216 1232 injuria
1228 1195 1344 1223 omnino
1358 1194 1410 1221 fuit
1421 1193 1538 1221 affectus
1554 1192 1590 1220 ob
1603 1192 1678 1219 illam
1688 1191 1744 1218 eri-

949 1243 1141 1270 minationem.
1160 1243 1189 1270 Si
1205 1246 1298 1270 autem
1311 1249 1366 1268 non
1380 1241 1433 1268 l'uit
1445 1239 1547 1275 injuria
1558 1239 1686 1270 affectus,
1702 1242 1746 1264 est

949 1290 1127 1326 perspicuum
1139 1289 1212 1325 quod
1228 1296 1279 1315 nec
1296 1287 1348 1315 fuit
1374 1286 1550 1314 maledictns.
1577 1284 1632 1313 Sed
1659 1291 1745 1311 uxore

948 1346 997 1365 sua
1011 1338 1045 1364 ad
1061 1337 1151 1373 ipsum
1162 1343 1283 1368 reversa,
1293 1335 1352 1370 ipse
1365 1342 1421 1361 non
1440 1334 1574 1368 deceptus
1585 1332 1668 1367 (sicut
1680 1330 1745 1358 mil-

949 1384 1000 1411 lies
1013 1384 1070 1419 jam
1094 1382 1225 1416 diximus)
1240 1382 1267 1408 in
1282 1389 1312 1408 se
1335 1380 1459 1415 suscepit
1477 1387 1598 1415 pmnam.
1628 1378 1659 1404 Et
1676 1383 1746 1412 quo-

949 1430 1023 1458 niam
1042 1429 1190 1457 universus
1207 1432 1309 1455 nostra:
1326 1427 1464 1454 orationis
1473 1434 1576 1461 scopus
1590 1429 1633 1452 est
1645 1423 1746 1451 adver-

948 1484 996 1504 sus
1013 1475 1134 1506 Iudaeos,
1147 1475 1183 1502 ad
1198 1473 1400 1501 obstruendum
1413 1480 1461 1500 ora
1480 1472 1591 1500 illorum
1613 1469 1744 1500 dicentia,

947 1523 1021 1559 quod
1037 1522 1059 1549 si
1075 1522 1204 1549 Christus
1231 1521 1283 1547 fuit
1299 1519 1474 1549 maledictus,
1505 1522 1533 1545 et
1549 1518 1574 1544 in
1603 1515 1745 1543 Christum

949 1568 1125 1596 maledictum
1138 1570 1230 1602 sperat
1250 1565 1400 1592 multitudo
1424 1563 1649 1591 Christianorum
1663 1570 1669 1587 :
1684 1567 1745 1587 om-

909 1624 930 1653 ο
947 1611 1014 1642 nino
1027 1621 1138 1642 necesse
1160 1618 1202 1640 cst
1215 1621 1265 1639 nos
1289 1611 1373 1639 ctiam
1394 1619 1427 1638 ex
1443 1610 1611 1638 documento
1628 1608 1747 1643 prophe-

948 1662 1005 1688 tico
1028 1660 1176 1688 ostendere
1201 1659 1307 1691 Judmo,
1337 1658 1413 1693 quod
1429 1665 1481 1693 pro
1506 1656 1631 1684 Ecclesia
1647 1662 1746 1690 passus

947 1711 990 1734 est
1005 1705 1143 1737 Christus,
1164 1713 1219 1732 non
1236 1709 1330 1731 autem
1348 1711 1398 1739 pro
1412 1704 1470 1731 suis
1485 1702 1616 1739 peccatis.
1642 1701 1746 1729 Scribit

947 1754 1059 1789 quidem
1073 1757 1149 1781 certe
1160 1752 1244 1780 Isaias
1251 1752 1376 1780 clamans
1389 1750 1687 1778 adver‘susJudamrum
1703 1749 1747 1776 in-

947 1801 1140 1828 credulitatem
1151 1807 1158 1826 :
1168 1799 1291 1830 Domine,
1302 1798 1360 1834 quis
1368 1797 1479 1824 credidit
1489 1796 1596 1823 auditui
1610 1799 1710 1828 nostra,
1722 1801 1746 1822 et

947 1847 1082 1874 brarhium
1091 1845 1208 1877 Domini,
1220 1851 1319 1879 nempe
1328 1843 1466 1875 Christus,
1480 1843 1523 1870 cui
1533 1846 1570 1869 est
1581 1841 1723 1869 revelatum
1735 1842 1747 1868 ?

946 1893 1144 1922 Annuntiamus
1159 1899 1250 1918 coram
1262 1892 1330 1926 ipso,
1347 1894 1476 1924 umquam
1500 1896 1566 1924 puer
1578 1893 1603 1916 et
1615 1893 1745 1923 tanquam

947 1939 1025 1966 radix
1039 1939 1065 1966 in
1077 1942 1149 1964 terra
1166 1937 1266 1963 sitienti
1281 1944 1290 1962 :
1302 1941 1326 1962 et
1341 1935 1453 1962 vidimus
1469 1935 1568 1969 ipsum,
1582 1938 1607 1960 et
1627 1942 1679 1960 non
1697 1934 1746 1960 lm-

946 1985 1022 2012 bebat
1041 1984 1153 2019 speciem
1169 1991 1216 2009 nec
1241 1980 1541 2017 pulchritudinem:sed
1564 1981 1661 2015 species
1688 1980 1744 2015 ejus

945 2031 1081 2061 indecora,
1098 2028 1222 2063 deﬁciens
1242 2031 1340 2063 prcstcr
1352 2027 1422 2062 filios
1438 2027 1573 2053 hominum
1585 2026 1618 2053 ⁷⁷.
1635 2026 1664 2052 1η
1680 2032 1743 2060 pas-

947 2077 1024 2104 sione
1044 2076 1137 2103 crucis
1152 2082 1216 2103 eum
1228 2082 1282 2102 non
1302 2073 1405 2100 habere
1429 2072 1550 2108 speciem
1566 2078 1658 2107 neque
1682 2072 1745 2107 pul-

946 2114 1134 2150 chritudinem
1150 2121 1290 2152 audimus,
1306 2120 1439 2155 quoniam
1456 2119 1556 2146 malam
1583 2118 1744 2153 pulchritu-

946 2170 1039 2197 dinem
1051 2169 1125 2197 illius
1140 2168 1207 2204 ligni
1221 2168 1295 2203 quod
1311 2166 1420 2202 aspexit
1432 2165 1534 2193 mulier
1550 2165 1698 2200 pulchrum
1711 2165 1743 2191 ad

946 2214 1097 2243 videndum
1109 2218 1137 2241 et
1155 2213 1297 2249 pulchram
1312 2212 1418 2239 habens
1428 2210 1563 2245 speciem,
1576 2210 1657 2237 Jesus
1670 2210 1744 2237 delc—

948 2261 987 2288 vit
1003 2261 1128 2288 informa
1148 2260 1259 2294 propria
1279 2266 1329 2293 per
1342 2258 1446 2292 lignum
1462 2256 1565 2288 crucis,
1583 2255 1657 2290 quod
1685 2264 1745 2283 sus-

945 2308 1019 2343 cepit
1035 2315 1085 2343 pro
1107 2305 1245 2342 spirituali
1270 2313 1320 2332 sua
1341 2303 1475 2332 Ecclesia.
1497 2302 1647 2338 Subjunxit
1669 2302 1743 2330 enim

944 2354 1080 2390 propheta
1094 2353 1128 2380 de
1141 2361 1175 2380 eo
1194 2352 1292 2379 dicens
1309 2361 1314 2378 :

978 2405 1129 2440 Ignominia
1148 2408 1186 2430 est
1200 2403 1307 2438 affectus
1323 2407 1347 2428 et
1370 2409 1422 2427 non
1449 2403 1487 2427 est
1504 2404 1663 2434 repututns;
1693 2399 1742 2426 huc

943 2456 986 2479 est
1003 2460 1010 2478 :
1026 2450 1049 2478 Α
1062 2451 1119 2478 Deo
1137 2449 1255 2477 traditus
1275 2449 1328 2476 fuit
1344 2451 1459 2482 propter
1481 2454 1543 2479 nos,
1559 2451 1587 2473 et
1602 2446 1744 2480 subjectus

943 2495 996 2523 fuit
1010 2503 1097 2530 poma:
1109 2499 1224 2530 propter
1239 2493 1398 2524 mulierem,
1411 2497 1439 2519 et
1463 2500 1519 2518 non
1533 2496 1679 2526 repntatus
1693 2492 1743 2518 fuit

947 2542 1003 2577 pati
1020 2544 1132 2576 propter
1141 2548 1182 2568 se.
1194 2540 1253 2573 Ipse
1264 2540 1345 2571 enim,
1363 2537 1464 2573 inquit,
1480 2537 1534 2565 fert
1550 2542 1663 2572 peccata
1696 2546 1744 2564 no-

948 2593 1016 2620 stra,
1040 2592 1069 2615 et
1085 2595 1135 2622 pro
1156 2587 1238 2614 nobis
1263 2586 1338 2614 dolet
1364 2584 1506 2612 audiens:
1539 2583 1682 2611 Maledicta
1707 2588 1745 2610 cst

949 2638 1031 2665 terra,
1048 2633 1103 2660 hoc
1118 2637 1172 2665 cst,
1187 2637 1299 2659 terrena
1315 2636 1362 2659 tua
1389 2631 1455 2663 vita,
1482 2630 1554 2666 apud
1568 2629 1681 2657 .lmhcos
1697 2629 1743 2664 qui

945 2678 985 2705 sic
997 2678 1122 2713 iudicant
1139 2678 1166 2705 in
1182 2677 1316 2712 operibus
1331 2677 1387 2704 tuis
1411 2676 1612 2705 ineti'abilibns.
1630 2674 1745 2702 Maledi-

945 2729 1021 2750 ctum
1048 2723 1123 2751 enim
1141 2723 1300 2750 nominatus
1315 2731 1346 2750 es
1373 2731 1389 2750 a
1408 2723 1483 2750 Mose
1505 2722 1617 2749 dicente
1635 2729 1641 2746 :
1662 2719 1745 2746 Male-

945 2771 1030 2797 diclus
1046 2774 1083 2796 est
1091 2770 1177 2796 omnis
1195 2770 1240 2804 qui
1266 2769 1362 2804 pendet
1384 2770 1411 2796 in
1437 2769 1509 2804 ligno
1528 2768 1563 2794 7“.
1583 2767 1616 2793 Et
1631 2765 1718 2792 .ludzci
1737 2775 1743 2791 τ

948 2815 998 2842 Iste
1015 2815 1091 2842 homo
1122 2819 1159 2842 est
1184 2814 1349 2846 nznlcdirtus,
1375 2815 1502 2849 quoniam
1528 2811 1672 2839 Salrlmtum
1691 2819 1743 2837 non

910 2296 932 2324 Ι)

919 2922 943 2944 γ,
957 2914 999 2939 32,
1036 2914 1158 2941 7"'ITim.
1174 2923 1202 2943 ιι,
1222 2916 1260 2941 Η.
1290 2915 1311 2929 ⁷⁷
1329 2915 1377 2941 lsa.
1395 2921 1447 2945 Im,
1465 2913 1516 2939 [-3.
1557 2913 1579 2928 ⁷⁴
1596 2913 1672 2939 Deut.
1687 2921 1743 2945 xxi,
