1980 3248
230 226 296 258 1013

835 227 864 258 S.
886 227 1086 257 ANASTASII
1106 227 1191 258 SINA
1197 226 1268 258 ΙΤλΕ

1791 219 1867 253 1044

227 283 340 311 custodit
360 283 394 309 ".
410 281 442 309 Ia
457 281 590 309 doloribus
609 281 696 316 ipsam
725 280 808 316 920
819 280 937 307 comedes
949 289 958 307 :
971 280 1014 307 vi-
1031 287 1051 314 Α
1065 288 1182 310 secratus
1192 287 1229 309 est
1240 283 1369 309 Dominus
1379 280 1476 308 Deut"
1491 286 1606 315 :netnpe
1617 279 1645 306 in
1658 286 1738 314 paena
1751 278 1867 306 Adami.

226 330 337 360 delicet,
358 328 419 355 sine
436 333 549 363 peccato
562 327 647 354 vives.
669 326 697 354 Si
716 326 790 353 enim
818 325 926 352 viveres
954 333 1017 352 cum

227 379 351 410 peccato.
368 373 487 401 mundus
513 378 538 400 te
565 379 696 408 tanquam
717 371 859 407 proprium
876 371 1016 406 diligeret,

227 426 318 449 etnon
331 420 457 448 molestia
478 419 609 446 adiceret.

263 467 326 495 [hec
336 471 428 494 autem
449 467 530 494 nobis
543 465 719 492 audientibus
741 465 775 492 ab
795 465 855 500 ipso
879 465 936 491 Deo
951 473 1018 492 eon-

228 514 337 544 donari.
359 513 550 547 reputavimus
561 520 623 538 eum
633 519 692 538 esse
713 511 844 538 inlabore
854 516 880 538 et
891 511 967 545 plaga
991 515 1019 538 et

229 560 256 587 in
284 559 443 590 aulictione,
466 563 597 592 tanquam
624 558 671 592 qui
699 565 806 592 pcenam
833 557 967 584 subiisset
992 560 1021 583 et

228 609 346 639 mortem
368 613 417 639 pro
431 604 489 631 suis
502 604 632 639 peccatis.
652 603 710 638 Ipse
729 608 818 630 autent
839 603 900 638 fuit,
919 603 1019 638 inquit,

228 651 384 679 vulneratus
397 655 503 686 propter
518 651 672 686 iniquitates
685 654 800 681 nostras,
813 657 912 684 nempe
922 657 1019 676 eorum

228 697 276 733 qui
289 705 386 725 sumus
394 705 428 724 ex
444 696 559 724 muliere
569 696 704 729 Ecclesia,
715 700 739 722 et
761 695 899 730 tegrotauit
915 699 1022 729 propter

210 742 214 745 ’
229 749 336 780 peccata
353 748 455 770 nostra.
468 741 613 777 Disciplina
625 742 696 777 pacis
705 741 777 768 nobis
789 749 869 776 super
878 742 979 775 ipsum;
991 740 1023 767 li-

229 798 291 817 vore
301 790 358 825 ejus
373 797 419 816 nos
426 789 516 816 sanati
527 796 629 815 sumus.
640 786 699 822 Ipse
706 787 775 813 enim
787 787 900 821 portavit
916 789 1022 820 peccata

229 836 386 866 multorum.
404 840 428 862 et
443 840 551 871 propter
563 838 670 870 peccata
689 837 780 860 nostra
802 833 852 867 fuit
864 832 978 859 traditus
987 831 1022 858 ⁸⁸.

229 882 322 910 Habes
336 881 486 918 perfectam
505 885 533 908 et
552 880 726 908 manifestam
746 878 971 914 supputationem
997 881 1024 904 et

230 927 497 956 demonstrationem
515 925 588 961 quod
599 933 648 960 pro
666 923 786 959 peccatis
798 923 922 951 mulieris
947 922 1024 949 audit

230 975 316 1002 Adam
333 973 426 1002 omnia
436 980 498 1008 quin
511 976 576 999 sunt
591 971 618 998 in
633 978 713 1006 pmna
735 970 889 1005 proposita.
905 977 969 996 cum
988 969 1025 996 sit

231 1021 291 1056 ipse
302 1021 362 1050 sine
374 1024 487 1054 peccato
508 1019 535 1045 in
548 1022 642 1053 typum
657 1017 770 1044 Christi.
783 1016 843 1043 Jam
867 1015 1024 1046 videamus.

231 1067 254 1095 si
278 1066 421 1096 videatur.
435 1063 669 1100 quemadmodum
680 1064 764 1090 etiam
785 1063 843 1097 ipsa
855 1062 927 1089 nuda
944 1062 1026 1089 verba

232 1121 320 1149 preme
335 1121 397 1148 quae
409 1113 552 1144 dicuntur,
567 1111 671 1138 nullam
685 1110 805 1137 habeant
822 1109 870 1136 Dei
889 1109 961 1143 apud
978 1109 1028 1135 ho-

232 1159 322 1187 mines
337 1158 556 1186 exsecrationem
572 1164 621 1183 seu
636 1155 869 1183 maledictionem.
882 1153 941 1180 Non
953 1153 1027 1180 enim

232 1205 303 1232 dixit
320 1203 345 1231 ei
368 1203 440 1230 sicut
470 1201 592 1236 serpenti
609 1205 638 1227 et
657 1199 744 1226 Caino
768 1207 774 1225 :
791 1197 947 1225 Maledictus
979 1200 1028 1228 tu;

233 1250 281 1278 sed
291 1248 435 1276 Maledicta
447 1252 519 1275 terra
534 1247 561 1273 in
573 1244 694 1280 operibus
707 1244 770 1270 tuis.
795 1243 828 1270 lu
839 1242 971 1277 operibus,
983 1242 1027 1268 in-

233 1296 303 1331 quit.
335 1295 397 1326 tuis,
415 1301 477 1328 qua:
493 1300 524 1320 es
551 1294 766 1325 compacturus:
783 1293 885 1315 terram
905 1287 1027 1315 adorans

233 1347 261 1371 et
276 1342 383 1377 lapides
392 1345 420 1368 et
431 1344 536 1367 statuas
550 1342 578 1365 et
593 1337 653 1372 ejus
681 1343 767 1370 aquas
794 1339 822 1361 et
835 1334 926 1369 ignem
957 1334 1029 1368 ejus,

233 1393 264 1417 tu
285 1395 347 1416 eam
365 1386 450 1414 facies
481 1383 668 1412 maledictam.
698 1381 732 1409 In
756 1380 888 1407 doloribus
912 1379 1030 1406 comedes

235 1443 306 1468 eam,
323 1441 371 1462 me
394 1431 544 1461 inducente
559 1429 716 1458 siccitatem
743 1431 772 1455 et
795 1426 982 1457 sterilitatem,
1004 1429 1032 1452 et

235 1489 307 1516 saepe
323 1480 426 1508 famem
433 1478 468 1506 ad
483 1481 558 1505 tuam
569 1473 782 1510 castigationem
798 1477 826 1503 et
841 1472 1031 1505 alilietionem,

235 1526 377 1563 quomodo.
389 1525 474 1552 etiam
502 1523 558 1551 dixi
573 1521 684 1550 mulieri
700 1530 707 1548 ε
731 1519 914 1555 Multiplicabo
927 1518 1032 1545 dolores

236 1579 295 1601 tuos
311 1576 336 1600 et
351 1572 464 1608 gemitus
480 1574 538 1598 tuos
555 1577 564 1597 :
578 1569 669 1604 spinas
684 1572 709 1594 et
720 1566 833 1594 tribulos
846 1565 973 1601 producet
985 1564 1032 1591 tibi

236 1625 320 1652 terra,
341 1623 366 1646 et
383 1617 503 1645 comede:
531 1615 638 1643 herbam
657 1615 727 1650 agri,
744 1617 840 1648 utpote
855 1611 929 1647 quod
959 1615 1032 1638 terra

236 1666 273 1694 sit
288 1665 393 1706 inculta
409 1669 438 1693 et
456 1664 565 1691 deserta
579 1667 694 1697 propter
707 1660 862 1688 siccitatem
882 1663 910 1686 et
927 1657 1034 1686 sterili-

237 1715 333 1740 tatem.
348 1711 383 1738 In
390 1710 487 1738 sudore
500 1713 525 1736 et
543 1707 633 1736 labore
646 1706 734 1734 uultus
750 1706 788 1733 tui
803 1705 920 1732 comedas
939 1710 1034 1731 rarum

236 1762 267 1788 et
278 1757 409 1792 exiguum
423 1763 519 1791 panem
531 1758 622 1786 tuum,
638 1753 719 1780 donec
737 1751 879 1778 revertaris
890 1751 917 1777 in
935 1755 1035 1777 terram

239 1815 271 1833 ea:
283 1813 336 1841 qua
351 1807 471 1838 sumptus
486 1810 531 1835 es,
552 1800 680 1836 quoniam
704 1803 778 1825 terra
801 1806 827 1824 es
844 1801 868 1824 et
891 1797 918 1824 in
934 1800 1035 1822 terram

239 1850 389 1880 reverteris.
414 1848 478 1876 Haec
497 1847 610 1883 quidem
643 1850 685 1874 est
711 1844 911 1872 convenienter
936 1842 1036 1875 littera:

240 1895 440 1931 contemplatio
451 1901 549 1922 eorum
564 1901 625 1928 quae
638 1896 704 1919 sunt
718 1890 871 1926 proposita.
884 1889 951 1916 Nam
964 1888 1037 1915 sicut

241 1945 340 1972 dicunt
349 1940 566 1976 historiographi
580 1938 728 1966 mundanae
739 1937 837 1972 prisca:
848 1935 1016 1962 narrationis
1028 1942 1034 1961 :

241 1991 369 2023 dolores,
394 1989 492 2020 fames,
510 1987 659 2017 siccitates.
678 1984 801 2020 penuria:
818 1987 846 2010 et
863 1981 1036 2012 sterilitates,

241 2036 449 2074 persuadebant
472 2034 528 2062 illis
551 2033 674 2068 antiquis
693 2037 723 2060 ut
751 2033 964 2058 exsecrarentur
980 2031 1037 2054 ler-

242 2092 312 2112 ram.
336 2082 415 2112 Unde
442 2081 526 2109 etiam
546 2080 617 2107 fame
643 2082 802 2114 pereuntes,
825 2075 956 2103 dicebant
978 2081 1038 2101 esse

242 2136 347 2158 terram
359 2137 375 2156 a
390 2129 447 2156 Deo
470 2126 645 2154 maledictam
666 2133 673 2151 :
687 2123 828 2158 quomodo
843 2121 926 2149 etiam
950 2120 1038 2147 bene—

242 2177 357 2208 dictam.
372 2183 435 2203 cum
449 2174 575 2202 cernitur
593 2171 705 2202 fertilis,
720 2177 780 2197 eam
796 2168 923 2196 nominat
948 2166 1040 2193 homi-

242 2231 310 2251 num
325 2220 508 2250 consuetudo.
523 2218 577 2246 Sed
590 2225 681 2252 neque
694 2214 810 2243 sationis
821 2217 882 2240 erat
899 2211 971 2247 apud
989 2218 1039 2238 eos

243 2271 338 2306 aliqua
351 2267 534 2305 experientia.
555 2267 657 2294 Dicunt
677 2263 752 2291 enim
779 2269 878 2289 rursus
898 2259 1037 2289 historici.

243 2317 319 2352 quod
336 2316 444 2351 primus
473 2313 613 2342 Abraham
632 2309 765 2338 frumenti
783 2316 878 2335 semen
907 2314 956 2341 per
978 2313 1040 2332 ara-

244 2369 318 2390 trum
333 2361 481 2389 seminavit
497 2359 611 2386 interra
629 2366 635 2383 :
654 2355 744 2383 nobis.
759 2358 789 2381 ut
804 2354 916 2388 opinor,
932 2351 1040 2388 signiﬁ-

244 2417 311 2436 cans
326 2405 483 2443 patriarcha
498 2411 549 2438 per
567 2401 734 2436 exemplum,
750 2398 825 2434 quod
842 2406 876 2426 ex
902 2398 962 2433 ejus
998 2404 1042 2423 se-

246 2456 321 2484 mine
336 2452 477 2480 videbitur
492 2448 614 2478 cmlcstis
631 2447 711 2483 panis
724 2446 852 2477 Christus
864 2445 891 2472 in
907 2448 981 2471 terra
1005 2442 1040 2470 ad

246 2509 326 2529 csum
337 2503 366 2528 et
374 2499 491 2526 salutem
505 2495 658 2525 hominum,
669 2492 781 2528 quando
790 2497 862 2520 terra
875 2488 1041 2518 Abrahami-

246 2555 286 2575 cae
300 2545 392 2574 Mari-.1:
407 2544 531 2578 Deipara:
541 2541 661 2577 pluviam
675 2539 796 2574 excipiet
817 2537 969 2566 cmlestem.
986 2535 1042 2562 Te-

248 2596 339 2621 statur
355 2595 448 2619 autem
459 2588 578 2617 Lamech
589 2594 700 2623 quoque
720 2590 798 2621 pater
813 2584 882 2615 Noe,
903 2582 976 2617 quod
988 2589 1042 2608 non

249 2639 391 2667 hominem
412 2638 484 2665 Deus
501 2640 543 2664 est
556 2637 727 2665 exsecratus,
741 2631 789 2659 sed
805 2631 916 2659 famem.
933 2633 964 2655 ut
976 2627 1045 2658 dixi.

250 2689 280 2712 et
297 2683 472 2718 corporalem
491 2681 669 2709 aﬂlictionem
688 2682 754 2704 tunc
770 2675 864 2703 intulit
890 2673 945 2700 illis
960 2680 1046 2708 gene-

208 2738 227 2745 κ
251 2729 420 2757 rationibus.
435 2727 503 2756 Nam
521 2734 585 2754 cum
601 2725 660 2760 ipse
672 2724 832 2759 generasset
846 2719 945 2750 ﬁlium,
958 2718 1026 2744 dicit
1039 2727 1045 2744 :

253 2775 507 2804 Nominavitnomen
523 2773 581 2808 ejus
592 2771 658 2803 Noe,
674 2769 742 2805 quod
755 2769 947 2802 interpretatur
959 2763 1048 2797 Quies,

254 2824 343 2851 direns
362 2831 371 2849 :
384 2821 473 2849 Faciet
490 2829 536 2847 nos
558 2819 691 2854 quiescere
709 2814 742 2841 ab
759 2812 882 2848 operibus
899 2811 1008 2844 nostris,
1024 2814 1049 2836 et

257 2869 388 2900 (alaribus
400 2875 529 2895 manuum
555 2868 719 2893 nostrarum,
737 2866 761 2887 et
775 2869 791 2887 a
809 2864 882 2885 terra
907 2866 987 2892 quam
1004 2865 1050 2884 ea:-

293 2960 314 2976 ‘r"
334 2959 411 2989 .loan.
431 2958 513 2990 ix,l6.

552 2957 574 2968 "”
594 2954 645 2981 Ista.
667 2960 722 2983 Lm,
737 2951 763 2983 :‘i,
783 2951 822 2978 [2.
860 2949 881 2964 ’τί
896 2949 964 2976 ch.
980 2947 1059 2981 κω.

1069 329 1186 363 Egresso
1196 327 1307 363 quidem
1321 331 1395 354 certe
1408 327 1466 353 Noe
1481 330 1508 353 et
1523 325 1587 352 [iliis
1604 325 1665 359 ejus
1676 332 1711 351 ex
1722 330 1785 350 arca
1799 327 1870 358 post

1069 375 1215 406 diluvium,
1236 375 1277 401 eis
1304 374 1473 408 apertiorem
1493 371 1670 399 confirmavit
1685 370 1870 397 benedictio-

1070 430 1132 448 nem
1159 430 1211 454 qua
1230 421 1371 448 benedixit
1391 419 1587 454 protoplastos.
1606 422 1634 444 et
1655 422 1749 451 postea
1767 416 1840 443 dixit
1855 422 1866 442 ι

1070 467 1196 503 Cogitans
1216 475 1267 493 non
1286 466 1413 498 adiiciam
1434 464 1549 498 antplius
1564 463 1695 489 exsecrari
1710 467 1812 488 terram
1828 461 1869 487 θ’.

1071 515 1111 541 Tu
1128 519 1219 540 autem
1232 520 1294 539 cum
1310 511 1431 538 audieris
1441 510 1514 544 quod
1531 517 1619 544 usque
1641 508 1673 535 ad
1687 511 1778 535 arc‘am
1799 507 1872 534 uni-

1071 568 1150 587 versa
1167 565 1238 586 terra
1255 559 1319 587 fuit.
1336 558 1388 585 sub
1408 557 1566 586 maledicto.
1589 556 1658 583 nihil
1687 554 1763 582 aliud
1781 557 1871 588 putes

1071 615 1133 635 esse
1161 606 1213 632 nisi
1242 605 1348 632 Christi
1364 603 1528 632 Ecclesiam.
1560 602 1587 629 in
1612 609 1666 636 qua
1685 599 1870 627 confirmavit

1072 652 1156 680 etiam
1184 652 1256 679 Deus
1281 655 1310 678 et
1339 648 1483 677 renovavit
1511 652 1633 674 veterem
1660 645 1783 672 hominis
1816 643 1870 670 bc-

1073 697 1280 727 nedictionem,
1310 695 1444 732 quoniam
1482 697 1545 728 post
1576 691 1714 718 diluvium
1754 689 1782 716 in
1815 688 1871 716 in,-

1073 743 1260 772 numerahiles
1287 741 1451 769 alllictiones
1486 743 1513 766 et
1540 737 1737 772 castigationes
1765 743 1781 762 a
1811 735 1872 762 Deo

1074 791 1153 826 pulsa
1181 789 1284 817 cecidit
1311 787 1457 814 hominum
1490 788 1589 812 natura
1624 783 1668 810 cui
1699 780 1873 809 dominaba-

1075 825 1120 863 tur
1143 835 1281 869 impietas.
1295 833 1332 860 Ex
1344 832 1396 858 hac
1414 839 1478 858 vero
1488 829 1570 857 nobis
1581 827 1722 864 proposita
1744 825 1793 853 Dei
1805 832 1872 852 cum

1075 881 1180 909 Adamo
1206 879 1402 909 collocutione,
1423 884 1476 903 nos
1497 875 1630 903 docemur
1659 873 1748 900 multo
1778 870 1872 905 magis

1076 927 1259 964 spiritualiter
1269 926 1365 953 audire
1379 929 1408 951 et
1426 922 1582 957 intelligere
1608 927 1669 955 quae
1685 919 1821 945 dicuntur
1835 916 1873 943 de

1076 962 1202 1008 paradiso
1215 976 1242 999 et
1256 971 1339 1006 lignis
1369 974 1396 996 et
1410 969 1504 995 fructu
1529 973 1611 1002 quem
1631 963 1752 992 comedit
1768 962 1874 990 mulier

1076 1023 1103 1046 et
1119 1019 1212 1046 homo.
1230 1017 1297 1044 Nam
1311 1024 1374 1044 cum
1391 1015 1448 1042 illic
1457 1013 1574 1041 dixiSset
1592 1012 1665 1039 Deus
1681 1019 1687 1037 :
1701 1009 1759 1042 Quo
1780 1012 1876 1036 autem

1077 1067 1118 1093 die
1132 1073 1164 1092 ea;
1177 1073 1207 1091 eo
1221 1063 1349 1095 comedes,
1362 1065 1445 1091 morte
1458 1060 1578 1087 morieris
1594 1067 1602 1086 :
1614 1056 1754 1093 quomodo
1767 1056 1825 1082 hoc
1846 1055 1876 1081 in

1077 1112 1166 1148 pinnis
1180 1119 1234 1138 non
1253 1110 1340 1137 solum
1360 1109 1402 1136 eis
1427 1107 1550 1137 sustulit.
1577 1105 1625 1132 sed
1648 1104 1689 1131 eis
1713 1103 1761 1130 dat
1787 1101 1876 1128 vitam

1078 1159 1228 1186 multorum
1242 1163 1391 1186 annorum,
1405 1153 1516 1182 mulieri
1532 1151 1644 1187 quidem
1655 1150 1753 1178 dicens
1768 1155 1832 1175 eam
1848 1147 1878 1173 in

1078 1204 1222 1233 doloribus
1235 1203 1306 1230 filios
1319 1201 1484 1237 parituram,
1500 1198 1606 1226 Adamn
1623 1201 1728 1228 autem,
1749 1194 1782 1222 1η
1801 1193 1879 1220 dolo-

1079 1251 1150 1278 ribus
1166 1249 1283 1277 comedes
1300 1253 1401 1275 terram
1425 1244 1648 1274 omnibusdiebus
1660 1244 1720 1269 vitta
1742 1246 1806 1268 tute.
1823 1239 1878 1272 Qui

1080 1302 1238 1324 autemnon
1259 1294 1469 1324 convenienter,
1496 1291 1578 1318 nobis
1597 1289 1744 1319 ineffabili.
1763 1287 1877 1314 cuidam

1081 1343 1128 1371 Dei
1138 1340 1338 1377 dispensationi
1348 1339 1505 1374 intelligunt
1514 1335 1698 1372 spirituaiiter
1712 1333 1807 1360 omnia
1816 1339 1879 1366 qua:

1081 1390 1213 1418 dicuntur
1238 1388 1272 1415 de
1299 1386 1429 1422 paradiso
1451 1387 1614 1419 :coguntur
1642 1380 1757 1408 omnino
1785 1378 1878 1404 facere

1082 1439 1237 1470 serpentem
1251 1437 1394 1461 auctorem
1406 1435 1434 1458 et
1448 1429 1658 1458 conciliatorem
1671 1430 1699 1453 et
1713 1424 1879 1452 effectorem

1082 1482 1221 1508 universae
1241 1483 1342 1506 nostra
1356 1477 1499 1504 hominum
1515 1472 1713 1510 generationis,
1731 1474 1759 1497 et
1779 1468 1878 1496 mundi

1083 1525 1301 1556 constitutionis,
1319 1531 1368 1559 per
1379 1523 1475 1550 datum
1504 1520 1614 1548 mulieri
1642 1517 1805 1546 consilium.
1824 1515 1878 1541 Sed

1083 1581 1139 1600 non
1151 1573 1188 1600 ita
1200 1571 1281 1598 docet
1295 1569 1399 1597 chorus
1415 1572 1574 1595 sanctorum
1589 1566 1702 1592 Patrum
1719 1572 1726 1589 :
1743 1561 1792 1589 sed
1804 1559 1878 1595 quod

1085 1620 1169 1648 etiam
1185 1618 1290 1652 absque
1315 1619 1446 1650 serpente
1458 1618 1486 1641 et
1501 1613 1576 1648 ligno
1589 1615 1617 1638 et
1631 1610 1706 1640 cibo.
1722 1616 1756 1635 ex
1773 1608 1820 1634 ilia
1837 1606 1880 1633 di-

1086 1666 1149 1693 vina
1164 1671 1232 1691 voce
1245 1670 1308 1697 quae
1332 1661 1406 1688 dicta
1419 1663 1463 1686 est
1487 1656 1666 1693 protoplastis
1682 1663 1689 1681 :
1707 1653 1836 1684 Crescite,
1857 1654 1882 1677 et

1086 1708 1313 1744 multiplicamini,
1329 1709 1354 1733 et
1379 1704 1477 1740 replete
1492 1708 1611 1734 terram;
1627 1701 1753 1728 futurum
1772 1701 1834 1725 erat
1852 1699 1882 1723 ut

1087 1757 1252 1786 consisteret
1265 1761 1352 1790 genus
1371 1753 1523 1779 humanum
1536 1757 1587 1784 per
1609 1746 1750 1774 carnalem
1766 1750 1883 1778 genera-

1087 1803 1190 1830 tionem
1206 1787 1380 1828 dissimilitcr
1392 1803 1474 1832 quam
1493 1793 1579 1822 creati
1593 1796 1674 1820 erant
1696 1788 1797 1823 angeli.
1815 1787 1882 1814 Pro-

1089 1849 1134 1877 cul
1151 1848 1225 1875 enim
1244 1854 1258 1873 a
1274 1845 1356 1872 nobis
1369 1842 1481 1870 recedat
1495 1840 1639 1873 Origenes,
1668 1840 1695 1863 et
1713 1837 1810 1870 mysta:
1823 1832 1885 1860 Ori-

1088 1894 1176 1930 genis,
1191 1892 1298 1920 animos
1323 1893 1434 1917 nostras
1447 1886 1526 1922 prius
1543 1891 1604 1911 esse
1627 1881 1735 1908 visione
1758 1878 1884 1906 fabulose

1089 1928 1344 1976 apprehendentes.
1358 1935 1427 1962 Nam
1444 1940 1506 1960 cum
1527 1931 1573 1958 ille
1590 1933 1672 1956 natus
1685 1929 1772 1956 esset.
1786 1928 1817 1952 et
1836 1931 1886 1951 ex-

1089 1971 1215 2016 stitisset.
1229 1989 1257 2012 et
1269 1983 1301 2011 ad
1325 1981 1510 2009 identitatem,
1528 1981 1559 2004 ut
1575 1975 1613 2002 ita
1630 1974 1734 2003 dicam.
1762 1971 1887 1998 venisset

1090 2042 1152 2062 cum
1176 2031 1269 2059 tunica
1286 2029 1400 2064 pellieea
1420 2035 1426 2053 :
1445 2024 1542 2052 nescio
1562 2020 1636 2048 unde
1652 2022 1745 2046 motus
1765 2020 1794 2044 et
1812 2015 1886 2042 unde

1090 2079 1143 2106 hoc
1165 2082 1274 2107 nactus,
1287 2061 1386 2109 dogma
1413 2067 1570 2098 constituit,
1588 2064 1724 2093 Adamum
1743 2066 1773 2089 et
1793 2061 1879 2088 Evam

1091 2124 1176 2152 fuisse
1192 2123 1268 2156 (ante
1287 2105 1406 2148 tunicas)
1422 2115 1512 2144 nudas
1539 2116 1647 2146 mentes
1680 2110 1708 2137 in
1723 2115 1796 2143 quas
1810 2105 1888 2133 nullo

1091 2169 1173 2196 modo
1185 2167 1298 2194 caderet
1311 2163 1452 2193 interitus,
1472 2166 1500 2188 et
1514 2166 1575 2194 qua:
1594 2165 1649 2184 non
1666 2159 1759 2183 essent
1773 2159 1889 2187 capaces

1092 2214 1190 2242 mortis
1213 2217 1241 2240 et
1263 2212 1352 2238 fluxus
1369 2214 1398 2236 et
1413 2207 1468 2235 cibi
1484 2210 1512 2233 et
1530 2208 1613 2239 polus
1629 2207 1657 2230 et
1675 2199 1776 2228 somni.
1804 2198 1890 2231 Cujus

1092 2258 1279 2295 prodigiosam
1297 2254 1432 2282 insaniam
1451 2255 1578 2279 evertens
1594 2245 1822 2282 sapientissimus
1834 2242 1888 2269 Me-

1057 2312 1078 2340 D
1092 2288 1216 2335 ihodius,
1236 2310 1289 2330 non
1306 2308 1388 2328 unam
1412 2303 1460 2326 aut
1489 2297 1615 2324 alteram.
1634 2292 1682 2320 sed
1700 2291 1786 2319 etiam
1815 2288 1890 2316 deci-

1094 2357 1166 2378 mam
1175 2333 1256 2375 nobis
1267 2346 1349 2373 affert
1360 2343 1511 2378 Scripturre
1519 2339 1725 2375 probationem.
1734 2333 1887 2361 ostenden-

1095 2399 1150 2422 tem
1173 2391 1248 2428 quod
1277 2391 1349 2417 Deus
1376 2388 1410 2415 ab
1425 2387 1505 2414 initio
1535 2391 1599 2411 vere
1621 2382 1686 2409 fecit
1712 2379 1857 2407 hominem
1875 2385 1890 2404 a

1095 2445 1168 2468 terra
1183 2422 1310 2473 perlitum
1325 2439 1353 2461 et
1367 2436 1538 2462 terrestrem,
1550 2426 1690 2464 quomodo
1708 2425 1792 2451 etiam
1808 2422 1889 2450 nobis

1096 2471 1220 2520 loquitur
1235 2491 1284 2517 per
1298 2489 1330 2508 os
1344 2479 1433 2509 Pauli,
1446 2478 1543 2505 dicens
1557 2484 1563 2501 :
1579 2475 1685 2502 Primus
1697 2471 1807 2498 Adame
1821 2474 1892 2495 terra

1098 2530 1245 2560 terrestris;
1259 2527 1379 2563 primum
1409 2524 1483 2552 enim
1507 2527 1549 2550 est
1571 2524 1703 2548 terrestre
1714 2538 1721 2549 ,
1735 2515 1837 2544 deinde
1849 2522 1896 2549 per

1097 2578 1238 2607 Christum
1255 2562 1417 2609 spiritualc:
1433 2574 1462 2597 ut
1475 2571 1544 2597 sicut
1561 2567 1726 2605 portavimus
1749 2562 1895 2597 imaginem

1099 2624 1243 2655 terrestris,
1276 2625 1409 2657 portemus
1438 2618 1520 2644 etiam
1554 2614 1698 2649 imaginem
1726 2608 1839 2636 caelestis
1860 2608 1893 2632 “.

1100 2671 1168 2698 Nam
1194 2669 1218 2696 si
1236 2654 1285 2703 per
1315 2662 1544 2693 inobcdientiam,
1560 2659 1662 2694 inquit,
1693 2657 1789 2690 lapsus
1813 2654 1896 2680 homo

1101 2716 1153 2744 fuit
1166 2698 1369 2742 traiismtitatus
1395 2714 1424 2737 et
1441 2709 1468 2736 in
1485 2706 1606 2735 essentia
1624 2704 1760 2731 alteratus
1789 2700 1831 2734 (ut
1848 2698 1895 2733 qui

1101 2762 1176 2790 aliud
1197 2761 1232 2788 ab
1257 2759 1311 2787 alio
1331 2765 1433 2793 corpus
1450 2754 1560 2783 exuerit
1588 2756 1617 2779 et
1633 2747 1781 2782 induerit).
1809 2747 1837 2773 in
1865 2753 1898 2772 eo

1101 2809 1152 2837 fuit
1167 2816 1182 2835 a
1198 2807 1254 2834 Deo
1266 2792 1386 2834 affectus
1397 2801 1498 2838 injuria
1516 2808 1524 2825 :
1538 2797 1687 2834 oportebat
1699 2794 1772 2822 enim
1791 2792 1896 2819 daemo-

1104 2862 1152 2882 nes
1180 2859 1291 2888 quoque
1313 2850 1360 2885 qui
1382 2836 1464 2883 longe
1488 2846 1552 2881 plus
1570 2843 1755 2878 deliquerant.
1775 2839 1829 2866 hoe
1844 2836 1897 2872 pati

1042 965 1061 992 Β

1099 2946 1121 2959 ⁸¹
1140 2943 1206 2969 Ccn.
1219 2950 1275 2971 vm,
1288 2941 1333 2970 9|.
1343 2940 1365 2955 "
1381 2939 1466 2966 If‘mr.
1479 2945 1523 2969 xv,
1539 2936 1581 2962 57.
