1980 3238
126 205 197 237 1045

676 196 716 226 ΙΝ
738 191 1012 225 HEXAEMERON.
1032 203 1066 208 -
1081 189 1153 219 LIB.
1175 189 1226 218 XI.

1703 183 1769 215 lOiG

123 264 191 287 ante
207 257 370 288 hominem;
388 259 417 282 et
434 261 467 280 ex
481 257 580 280 natura
599 251 746 278 immortali
759 253 925 284 exportet-Inc
943 250 962 277 Α
979 249 1081 272 tatem:
1101 248 1147 270 aut
1162 243 1184 270 si
1204 249 1300 269 rursus
1311 241 1434 277 tetigerit
1453 241 1479 268 id
1493 241 1566 276 quod
1578 246 1618 268 est
1630 240 1768 270 deterius,

123 304 253 333 materia:
273 306 302 330 et
321 302 348 328 in
364 308 446 336 quam
463 307 518 326 non
537 298 611 326 cadit
627 297 755 324 interitus
769 305 775 328 ς
794 294 925 321 inducere

125 358 248 386 corpora
259 348 390 376 mortalia
404 351 432 374 ct
446 346 518 372 fluxa
533 349 561 371 et
575 345 602 370 in
616 351 676 378 qua:
694 342 805 370 caderet
828 339 925 367 interi-

126 402 185 424 tus.
204 395 367 423 Secundum
383 400 480 420 rursus
501 391 570 418 dicit
584 390 676 420 Pater,
693 388 770 423 quod
780 386 927 414 diversitas

127 444 226 478 ﬁgura:
240 440 405 476 genitalium
430 436 620 465 membrorum
634 434 730 462 Adami
751 438 778 461 et
792 433 866 464 Ενὶιὲ,
881 439 926 458 os-

129 477 222 517 tendit
241 487 316 522 quod
331 494 365 513 ea
388 485 444 512 illis
473 483 545 510 facta
560 482 668 509 fuerant
696 481 879 507 instrumenta
893 477 927 504 ad

82 544 92 551 ξ
128 533 321 570 procreandos
334 537 362 558 et
388 529 566 558 seminandus
579 528 660 555 ﬁlios.
688 526 824 557 Tertium,
853 523 928 559 quod

128 569 237 608 dixerit
252 580 396 615 Seriptura
414 577 509 604 statim
527 582 591 602 cum
613 575 671 609 ipsa
691 573 832 600 creatione
853 569 930 597 :Ma-

128 628 234 655 scutum
248 631 273 653 ct
290 626 417 661 feminam
433 624 491 658 fecit
504 630 555 649 eos.
570 622 600 648 lu
615 625 713 647 natura
726 620 846 646 internata
859 622 887 644 et
900 617 929 644 in

130 680 217 707 quam
244 679 300 698 non
318 669 432 696 caderet
457 666 599 698 interitus,
617 665 682 700 quis
705 669 765 692 erat
785 671 852 690 usus
869 670 929 690 tua-

132 719 205 746 sculi
224 722 253 745 et
264 715 396 744 feminae?
417 715 563 747 Quartum,
587 712 662 747 quod
679 719 727 746 per
740 710 781 738 cis
795 710 897 737 dictata
914 716 930 735 a

132 765 189 792 Deo
206 762 435 791 benedictionem
455 769 461 786 :
477 759 602 790 Crescite,
619 762 643 784 et
666 756 891 792 multiplicamini,
905 759 930 781 et

133 809 235 843 replete
249 812 360 837 terram,
373 804 532 832 ostenditur
545 810 641 830 eorum
659 802 786 828 ﬁliorutn-
804 808 931 835 procrea-

133 840 173 880 tio
188 860 238 888 per
251 857 341 879 satum
354 854 382 878 et
396 849 536 877 carnalem
556 853 678 883 partum.
692 840 839 880 Quintum,
856 845 930 880 quod

133 903 200 927 ante
212 899 320 933 lapsum
337 897 411 924 Deus
421 894 559 922 mandarit
575 898 604 920 ut
619 893 687 929 ipsis
711 897 739 920 et
750 893 886 928 jumentis
904 895 932 918 et

977 291 1056 326 921
1084 290 1235 325 perfectam
1251 288 1349 315 subeat
1365 292 1501 319 mortem;
1518 287 1591 321 quod
1616 287 1699 313 etiam
1729 287 1770 312 fa-

978 343 1053 364 ctum
1065 341 1107 364 est
1121 335 1321 363 convenienter
1335 333 1395 361 voci
1413 341 1474 368 qua:
1489 333 1514 359 ei
1526 332 1596 359 dixit
1609 341 1616 358 :
1630 332 1711 359 Terra
1733 339 1770 362 es,

978 388 1003 410 et
1019 385 1046 410 in
1060 388 1160 410 terram
1173 382 1321 408 reverteris.

1013 429 1067 457 Sed
1080 428 1114 456 de
1124 429 1175 455 hac
1192 427 1286 454 divina
1302 426 1440 454 sententia
1465 425 1498 452 de
1515 428 1615 452 ctetero
1633 423 1714 450 nobis
1726 429 1772 449 oc-

978 475 1068 503 currit
1085 476 1111 502 in
1127 474 1274 510 praesentia
1298 472 1448 500 dicendum
1464 471 1596 498 adversus
1624 469 1773 497 Samarita-

979 529 1057 548 num.
1077 520 1151 547 lianc
1168 519 1242 546 enim
1256 518 1339 545 nobis
1349 517 1472 544 divinam
1483 523 1579 543 vocem
1594 521 1697 549 susque
1722 514 1772 541 de-

980 575 1033 602 que
1046 566 1142 601 objicit
1152 565 1185 592 ad
1200 564 1351 599 negandam
1369 568 1397 590 et
1412 561 1576 590 abolendam
1596 565 1772 588 mortuorum

981 613 1230 643 resurrectionem,
1246 619 1308 646 quae
1319 609 1387 637 dicit
1398 609 1503 636 Adamo
1518 617 1524 634 :
1542 607 1624 634 Terra
1644 615 1681 638 es,
1698 610 1722 632 et
1746 607 1773 632 in

982 665 1083 687 terram
1097 659 1244 686 reverteris.
1263 657 1404 685 Adversus
1422 663 1505 691 quem
1517 654 1560 689 (ut
1581 654 1665 680 etiam
1683 652 1773 680 dicam

981 705 1165 741 corporalius)
1186 703 1254 731 illud
1279 706 1341 730 ante
1373 702 1425 729 alia
1453 704 1563 736 oportet
1593 698 1774 730 contendere,

982 751 1055 786 quod
1071 759 1125 777 non
1141 754 1183 776 est
1196 750 1302 784 integre
1314 756 1347 786 ex
1373 753 1447 774 terra
1466 755 1472 773 :
1487 746 1535 774 sed
1555 746 1649 780 aliqtla
1662 743 1774 779 quidem

983 805 1046 831 pars
1062 804 1095 823 ex
1110 801 1194 824 terra.
1208 795 1300 830 aliqua
1314 785 1424 821 lautem
1437 801 1493 820 non
1509 800 1543 820 ex
1560 797 1646 824 terra,
1668 790 1716 818 sed
1742 797 1776 818 ex

983 844 1039 870 Det)
1067 850 1116 876 per
1142 842 1373 868 insnlllationem.
1406 841 1525 874 Propter
1557 839 1630 874 quod
1657 838 1776 865 animam

984 896 1094 924 queque
1108 888 1248 914 viventem
1263 886 1373 914 vocavit
1389 887 1467 914 illttm
1484 887 1576 918 Deus;
1592 889 1619 912 et
1631 884 1778 920 oportebat

132 944 300 972 volucribus
312 942 469 970 communis
484 945 559 968 esset
569 948 636 968 esus
650 939 798 967 seminum.
818 938 930 966 Sextum
949 927 968 953 Β
987 934 1071 970 (sicut
1097 934 1180 961 etiam
1200 933 1268 960 dicit
1295 932 1410 967 quidam
1440 940 1473 959 ex
1502 930 1636 967 externis)
1658 930 1732 966 quod
1744 938 1777 957 ex

134 997 237 1018 rursus
259 989 327 1016 dicit
350 988 481 1022 magister.
497 995 504 1013 :
526 987 556 1014 Si
578 995 654 1013 ontne
668 985 738 1021 quod
752 986 836 1011 intrat
850 985 877 1011 in
893 993 931 1016 as,

133 1037 207 1064 vadit
220 1037 248 1063 in
264 1043 394 1062 secessum
408 1034 480 1066 “'3',
495 1038 525 1060 ut
537 1037 579 1060 est
595 1040 647 1059 vtrx
659 1031 780 1063 Domini,
795 1031 852 1058 ﬁeri
877 1038 932 1057 non

133 1087 232 1118 posset
248 1086 278 1108 ut
293 1088 357 1108 cum
383 1080 435 1115 ipsi
452 1079 638 1107 communiter
657 1081 752 1105 essent
782 1077 933 1112 participes

132 1136 201 1156 esus
213 1128 361 1158 seminum,
370 1126 418 1161 qui
429 1130 470 1153 est
485 1125 613 1161 proprius
625 1123 769 1160 jumentis,
781 1131 836 1150 non
851 1123 932 1149 etiam

137 1182 235 1210 parem
250 1179 278 1201 et
293 1173 328 1200 ab
345 1172 461 1200 interitu
476 1180 531 1198 non
548 1171 631 1198 alieni
647 1171 751 1197 ferrent
784 1169 934 1196 necessita-

135 1227 203 1249 tem.
225 1220 382 1255 Septimum
395 1218 470 1253 quod
487 1223 515 1245 et
526 1217 615 1245 somni
627 1225 768 1248 excessus,
786 1221 813 1243 et
828 1215 935 1243 excisio

135 1271 233 1300 costae,
250 1272 316 1296 sunt
330 1265 433 1292 indicia
450 1268 478 1292 ct
491 1268 654 1299 argumenta
674 1262 768 1290 carnis
781 1261 935 1289 materialis

133 1319 164 1341 et
181 1321 196 1340 e
220 1317 294 1339 terra
317 1311 425 1346 genitae,
452 1314 482 1337 ut
504 1318 565 1344 qua:
578 1310 671 1337 locum
696 1316 751 1336 n0n
771 1309 891 1336 habeant
906 1307 934 1334 in

136 1355 290 1391 imtnortali
312 1360 421 1382 natura.
436 1354 582 1386 Octavum,
594 1355 617 1381 si
635 1362 734 1389 expers
753 1354 877 1380 materiae
907 1358 936 1380 et

137 1405 324 1438 incorporeus
344 1405 404 1428 erat
428 1401 513 1428 homo
533 1405 598 1428 ante
612 1400 842 1432 inobedicntiam,
866 1407 935 1434 quo—

136 1449 221 1476 modo
232 1447 302 1475 dicit
314 1447 348 1474 de
360 1451 435 1474 costa
451 1454 485 1473 ex
498 1454 532 1474 eo
548 1450 659 1481 sumpta
678 1455 684 1472 :
699 1445 754 1473 Hoc
767 1454 837 1472 nunc
858 1453 885 1471 os
903 1453 936 1471 om

135 1495 239 1522 ossibus
273 1493 347 1524 nmis,
374 1497 398 1518 et
413 1500 476 1519 caro
497 1499 529 1518 ea:
553 1499 634 1518 carne
660 1492 740 1518 mea?
755 1491 883 1523 Nonum,
911 1491 933 1518 si

138 1537 260 1566 Christus
276 1537 381 1564 dicitur
394 1537 519 1571 primitiw
531 1535 555 1551 ⁸⁸
568 1541 591 1563 et
612 1537 802 1572 primogenitns
815 1545 846 1563 ea:
862 1545 933 1563 mor-

137 1585 191 1610 tuis
211 1584 234 1600 ⁸⁷
248 1588 291 1618 (ut
305 1583 353 1618 qui
373 1583 480 1617 primus
497 1583 604 1610 scilicet
619 1582 797 1610 suscitaverit
818 1583 935 1610 sanctis-
949 1596 972 1625 ο

138 1629 242 1656 simum
257 1635 340 1655 suum
368 1635 469 1662 corpus
495 1627 529 1654 ab
561 1627 676 1654 interitu
702 1627 936 1654 aliennmetim.

139 1675 280 1708 mortale),
297 1674 437 1708 quomodo
458 1673 518 1699 ﬁeri
535 1677 626 1707 potest
645 1678 684 1706 ut,
700 1678 848 1708 antequam
864 1677 938 1700 esset

138 1721 356 1756 primogenitus,
372 1720 463 1746 factus
485 1719 522 1746 sit
535 1719 619 1747 homo
646 1727 662 1746 a
688 1720 744 1747 Deo
760 1719 787 1746 in
811 1719 938 1746 incorru-

140 1768 238 1803 ptione
250 1767 342 1794 carnis
357 1771 385 1793 et
398 1766 425 1792 in
439 1766 669 1793 immortalitate?
680 1767 825 1794 Decimum
843 1770 937 1793 autem

137 1815 175 1842 ad
196 1815 272 1849 ipsos
297 1813 566 1841 demonstrationem
584 1813 648 1840 facit
676 1813 722 1840 ille
739 1813 831 1846 Pater,
863 1812 937 1839 illam

139 1861 298 1889 Servatoris
323 1868 420 1889 vocem
441 1860 475 1887 ad
505 1860 673 1887 Sadducaaos
693 1867 754 1894 qua:
767 1859 846 1890 dicit,
862 1859 937 1894 quod

138 1906 188 1940 qui
204 1905 280 1940 digni
293 1905 380 1932 habiti
399 1906 504 1934 fuerint
522 1904 589 1932 illud
615 1904 746 1931 saeculum
763 1903 885 1938 assequi,
910 1907 939 1929 et

139 1951 217 1978 illam
249 1959 284 1979 ex
309 1952 428 1979 mortuis
465 1950 710 1980 resurrectionem,
730 1958 814 1984 neque
841 1958 937 1977 πλέονες

138 1998 252 2029 ducunt,
269 2005 316 2024 nec
340 1998 441 2025 nubunt
454 1998 486 2024 ⁸⁸.
511 1997 606 2031 Neque
634 1995 708 2022 enitn
725 1996 845 2030 amplius
868 1996 937 2022 mori

139 2048 271 2078 possunt.
287 2043 316 2070 Si
330 2052 397 2079 ergo
411 2052 465 2071 non
480 2047 597 2078 possunt
614 2042 685 2068 mori
700 2049 763 2068 cum
781 2042 836 2068 sint
855 2042 881 2068 in
896 2042 939 2068 in-

138 2090 333 2125 corruptione,
349 2090 371 2117 si
390 2090 503 2125 quidem
526 2088 668 2116 fabulatur
693 2087 837 2122 Origenes,
865 2088 939 2122 quod

141 2138 317 2173 resurgimus
332 2138 400 2166 tales
411 2142 511 2165 natura
519 2135 656 2171 corporis,
669 2135 759 2170 qualis
775 2138 836 2161 erat
852 2134 937 2161 Adam

139 2190 207 2212 ante
220 2185 482 2220 transgressionem.

177 2230 233 2258 Sed
261 2230 438 2257 manifestum
455 2233 498 2257 est
520 2229 667 2264 Origenem
686 2235 788 2262 negare
812 2235 940 2254 resurre-

138 2276 265 2303 ctionem
280 2275 382 2308 carnis,
397 2280 425 2303 et
445 2275 508 2302 ideo
520 2274 610 2301 nudas
625 2281 656 2301 ac
671 2274 744 2301 solas
757 2281 818 2300 esse
833 2273 939 2300 animas
956 2270 978 2298 υ

139 2329 193 2349 nos
205 2325 235 2348 et
249 2321 396 2354 Adamum,
410 2321 522 2356 quando
533 2321 625 2348 factus
637 2320 701 2352 fuit,
717 2320 802 2355 impie
827 2319 939 2347 fabula-

140 2373 199 2399 tur,
217 2372 249 2394 ut
271 2376 333 2402 qua:
365 2372 460 2395 essent
477 2373 541 2395 ante
560 2374 671 2401 corpus.
698 2368 788 2400 Atque
802 2365 849 2400 qui
870 2365 939 2393 dicit

138 2414 265 2448 quidem,
278 2414 317 2440 ait
334 2414 393 2448 ipse
406 2413 575 2446 Methodius,
591 2413 794 2447 protoplastum
808 2411 939 2439 habuisse

138 2468 245 2495 corpus
263 2460 369 2487 firmius
385 2468 416 2488 ac
430 2461 510 2495 longe
525 2460 637 2492 melius,
653 2459 727 2494 quod
747 2459 874 2486 ordinem
891 2459 938 2486 ha-
961 2480 963 2482 τ

139 2507 228 2534 bebat
242 2507 438 2534 intermedium
451 2508 524 2534 inter
538 2506 682 2533 interitum
702 2511 732 2533 et
754 2506 940 2540 incorruptio-

138 2562 216 2586 nem,
235 2562 285 2581 seu
303 2554 483 2582 remotiorem
499 2553 676 2584 abintcritu',
691 2553 714 2580 is
728 2553 844 2580 minime
857 2553 938 2580 aber-

139 2599 256 2626 raverit.
274 2599 361 2627 Nobis
382 2600 457 2627 enim
473 2599 527 2626 hoc
550 2599 696 2626 conﬁrmat
718 2599 940 2633 sapientissimus

140 2645 286 2677 Salomon,
298 2645 395 2673 dicens
416 2645 549 2680 :Proptcr
563 2646 788 2680 incorruptionem
800 2645 859 2680 fecit
871 2644 940 2671 Deus

139 2691 275 2718 hominem
288 2690 312 2706 ”
331 2700 338 2718 :
355 2691 408 2718 hoc
424 2697 478 2723 est,
491 2687 688 2718 intermedium
705 2691 778 2718 inter
797 2690 942 2718 inlluxibi-

139 2737 249 2764 litatem
268 2741 296 2764 et
319 2737 437 2770 ﬂuxum,
467 2742 497 2764 ut
519 2742 568 2764 aut
582 2737 615 2771 (si
640 2737 667 2764 id
684 2737 759 2772 quod
783 2741 826 2764 est
840 2738 940 2765 melius

140 2782 270 2816 elegerit,
281 2787 312 2810 ut
327 2782 437 2810 videtur
459 2782 544 2810 etiam
557 2781 692 2817 Gregorio
709 2782 860 2817 Thcologo)
876 2789 940 2817 pro-

141 2828 224 2857 cedat
235 2828 270 2856 ad
286 2829 438 2864 perfectam
467 2829 703 2863 incorruptionem
734 2833 762 2856 et
776 2829 940 2857 immortali-

177 2924 237 2941 ⁸⁵⁸³³
248 2924 345 2951 Μίλῑιῗι-
359 2932 401 2956 κν.
422 2923 462 2950 17.
501 2923 523 2938 "
538 2922 548 2950 l
564 2922 628 2950 Cor.
642 2930 685 2955 xv,
698 2922 743 2949 ‘20.

782 2923 803 2937 ⁸⁷
819 2922 927 2950 Coloss.
953 2930 974 2955 ι,
990 2921 1030 2948 l8.

987 985 1059 1007 terra
1079 983 1131 1011 est,
1158 979 1185 1006 in
1200 984 1314 1009 terram,
1328 977 1401 1012 quod
1418 981 1511 1004 autent
1539 985 1573 1004 ex
1588 976 1646 1003 Deo
1667 980 1720 1008 est,
1744 976 1778 1002 ad

985 1026 1071 1053 Deum
1089 1025 1191 1052 reverti
1215 1023 1465 1059 :quandoquidem
1491 1030 1542 1049 nec
1567 1022 1624 1057 ipsa
1647 1024 1777 1049 unlvcrsa

985 1072 1109 1106 corporis
1131 1070 1251 1098 essentia
1269 1074 1312 1097 est
1329 1070 1434 1104 integre
1448 1078 1481 1096 ex
1496 1067 1638 1100 tcrra,sed
1655 1075 1688 1095 ex
1704 1067 1778 1102 igne.

984 1122 1014 1146 et
1028 1126 1061 1146 ex
1075 1125 1150 1150 acre,
1166 1122 1194 1144 et
1206 1125 1288 1152 aqua.
1305 1116 1352 1144 Sin
1366 1120 1458 1143 autent
1470 1115 1554 1142 homo
1566 1119 1610 1142 est
1622 1115 1728 1148 integre
1745 1121 1778 1139 cx

986 1169 1069 1197 terra,
1082 1165 1151 1191 nihil
1166 1164 1259 1191 differt
1271 1171 1286 1191 a
1303 1170 1366 1190 vase
1385 1162 1473 1194 ﬁctili,
1488 1166 1516 1189 et
1531 1162 1587 1197 jam
1611 1165 1705 1196 posset
1719 1159 1781 1195 qui-

986 1210 1055 1238 libet
1070 1210 1169 1245 ﬁgulus
1185 1209 1289 1244 ﬁngere
1301 1209 1439 1236 homines.
1457 1207 1511 1235 Sed
1528 1215 1621 1242 neque
1633 1206 1723 1234 factus
1737 1212 1778 1233 ent

986 1257 1059 1284 alius
1074 1257 1159 1284 homo
1174 1263 1209 1283 ex
1225 1260 1298 1283 terra
1311 1255 1364 1282 nisi
1378 1255 1454 1282 solus
1466 1254 1552 1281 Adam
1572 1262 1578 1279 :
1591 1257 1619 1280 et
1633 1252 1780 1288 oportebat

987 1303 1015 1329 in
1029 1303 1119 1337 ipsam
1139 1301 1228 1329 solum
1243 1301 1317 1328 ferre
1329 1300 1427 1327 mortis
1438 1299 1616 1330 sententiam,
1634 1303 1662 1325 ct
1681 1305 1736 1324 non
1753 1297 1779 1323 in

988 1349 1074 1376 ullum
1089 1348 1184 1375 alium.
1199 1347 1302 1375 Omnes
1314 1346 1388 1373 enim
1407 1353 1458 1372 nos
1475 1345 1603 1372 homines
1630 1351 1727 1371 smnus
1748 1352 1781 1370 et

986 1394 1158 1426 hominibus,
1183 1398 1211 1420 et
1229 1400 1285 1420 non
1310 1400 1344 1419 ex
1364 1397 1438 1419 terra
1456 1400 1463 1418 :
1489 1396 1518 1419 et
1532 1390 1652 1418 maxime
1669 1390 1722 1417 hoc
1747 1390 1782 1417 de

986 1441 1102 1468 muliere
1116 1440 1172 1467 dici
1185 1447 1241 1466 non
1255 1439 1339 1466 habet
1354 1438 1456 1470 locum,
1467 1437 1600 1472 quoniam
1614 1436 1685 1464 facta
1696 1440 1738 1463 est
1749 1443 1782 1462 ex

986 1489 1073 1515 latere
1086 1486 1150 1513 vitm
1160 1486 1193 1522 [Ῑ.
1211 1484 1275 1521 viri]
1289 1493 1294 1511 :
1311 1490 1340 1512 et
1352 1488 1493 1519 oporteret
1506 1484 1531 1511 ei
1545 1484 1638 1511 dicere
1649 1492 1656 1510 :
1669 1482 1746 1510 Casta
1756 1489 1782 1508 τε

986 1534 1109 1563 hominis.
1119 1538 1143 1560 ct
1153 1533 1187 1560 ad
1200 1537 1300 1559 castam
1313 1532 1460 1558 reverteris.
1471 1531 1526 1558 Sed
1540 1539 1630 1565 neqtte
1643 1530 1781 1561 volucres.

988 1580 1010 1607 si
1028 1584 1191 1615 spectentur
1202 1579 1286 1606 verba
1299 1577 1477 1609 Samaritani,
1489 1577 1621 1612 subjectae
1630 1579 1696 1603 sunt
1706 1583 1783 1603 mor--

990 1626 1020 1659 ti,
1039 1634 1130 1661 neque
1146 1626 1236 1661 pisces
1251 1634 1258 1652 :
1277 1632 1333 1652 non
1348 1624 1423 1651 enim
1436 1623 1493 1651 nati
1505 1627 1569 1651 sunt
1583 1631 1617 1650 ex
1635 1627 1720 1655 terra,
1735 1621 1783 1649 sed

988 1680 1022 1700 ex
1037 1672 1127 1707 aquis.
1145 1670 1290 1705 Quomodo
1303 1674 1396 1698 autem
1418 1677 1481 1697 cum
1498 1669 1526 1696 in
1539 1673 1677 1704 praecepto
1696 1668 1784 1696 dixis-

989 1725 1033 1747 set
1051 1720 1124 1746 Deus
1135 1718 1242 1746 homini
1256 1727 1261 1745 :
1278 1717 1337 1751 Qua
1362 1723 1450 1745 autem
1461 1717 1503 1743 die
1527 1715 1693 1743 comederitis
1704 1722 1737 1742 cx
1749 1714 1784 1742 li-

987 1770 1041 1802 ‘gno
1053 1766 1225 1801 cognoscendi
1238 1765 1335 1792 bonum
1348 1768 1372 1791 et
1386 1764 1499 1796 malum,
1514 1767 1597 1790 morte
1614 1762 1784 1790 moriemini:

990 1812 1035 1839 hic
1050 1812 1078 1839 in
1096 1811 1186 1846 poenis
1202 1811 1319 1838 omnino
1334 1818 1390 1837 non
1409 1809 1566 1837 nominavit
1590 1813 1718 1840 mortem,
1735 1808 1784 1836 sed

990 1858 1193 1890 reversionem,
1207 1858 1303 1885 dicens
1319 1866 1326 1884 :
1339 1857 1420 1884 Terra
1437 1864 1475 1888 es,
1497 1860 1522 1882 ct
1537 1856 1562 1882 in
1575 1860 1673 1882 terram
1697 1862 1785 1881 rever-

990 1907 1064 1933 teris.
1085 1906 1125 1932 Tu
1137 1905 1227 1932 solum
1246 1903 1354 1932 redibis
1365 1908 1394 1931 et
1410 1903 1561 1930 reverteris
1577 1902 1604 1928 in
1627 1906 1738 1933 terram,
1754 1905 1784 1928 tu

990 1952 1079 1984 solus,
1091 1959 1146 1979 non
1160 1951 1244 1978 etiam
1260 1951 1372 1978 mulier.
1391 1949 1527 1982 Quoniam
1549 1956 1616 1983 ergo
1631 1955 1686 1975 non
1714 1947 1785 1974 dixit

991 1999 1064 2025 Deus
1075 1996 1086 2025 ’z
1105 1998 1190 2024 Terra
1207 1997 1284 2028 estis,
1300 2000 1327 2023 et
1345 1996 1371 2022 in
1399 2000 1472 2022 terra
1496 1994 1672 2022 revertctnini
1687 2002 1694 2020 :
1714 2002 1784 2028 quo-

991 2045 1074 2071 modo
1092 2044 1151 2071 illic
1165 2043 1352 2070 communiter
1372 2041 1503 2077 praecepit
1519 2050 1524 2067 :
1541 2040 1629 2067 Nolite
1640 2041 1783 2072 comedere,

991 2099 1024 2117 ne
1036 2090 1190 2117 moriemini
1205 2089 1217 2116 .7
1236 2089 1270 2116 Et
1288 2096 1386 2115 rursus
1407 2088 1477 2114 dixit
1502 2087 1707 2114 cotumunitcr:
1725 2086 1784 2114 Mu-

990 2136 1093 2164 sculum
1105 2140 1129 2162 et
1146 2135 1273 2170 feminam
1293 2135 1353 2170 fecit
1374 2142 1428 2167 eos,
1441 2140 1470 2161 et
1484 2133 1671 2161 communiter
1696 2132 1786 2159 donli-

991 2183 1068 2210 nium
1081 2181 1206 2209 onmium
1228 2181 1306 2208 dedit
1322 2180 1373 2212 eis,
1391 2179 1579 2207 comtnunilcr
1599 2186 1690 2206 escam
1707 2178 1785 2213 prio-

991 2237 1062 2261 rem,
1086 2232 1115 2255 et
1133 2226 1320 2255 communiter
1345 2226 1409 2253 vita:
1437 2224 1570 2260 degendae
1593 2224 1728 2251 rationem
1757 2224 1784 2250 in

991 2275 1122 2310 paradiso
1140 2283 1146 2301 :
1168 2273 1355 2301 communiter
1382 2271 1567 2299 comederunt.
1590 2279 1624 2298 ex
1651 2270 1736 2306 ligno,
1756 2275 1785 2298 et

991 2320 1178 2349 communiter
1195 2320 1287 2347 visum
1299 2322 1468 2353 receperunt
1485 2326 1491 2344 ε
1509 2317 1697 2345 communiter
1710 2317 1784 2344 fece-

992 2371 1059 2393 runt
1087 2365 1268 2400 subligacnla,
1292 2363 1479 2391 communiter
1508 2361 1659 2389 audierunt
1687 2369 1784 2389 vocem

993 2413 1041 2440 Dei
1070 2411 1278 2440 deambulantis
1304 2411 1380 2438 sicut
1396 2410 1430 2437 de
1454 2417 1488 2437 eo
1509 2409 1587 2444 prius
1609 2408 1739 2441 diximus,
1756 2414 1785 2435 et

993 2459 1180 2486 communiter
1191 2457 1355 2488 timuerunt,
1367 2461 1395 2484 et
1409 2456 1492 2483 simul
1506 2455 1679 2482 delituerant
1691 2463 1785 2489 :opor-

992 2505 1069 2532 tebat
1083 2505 1170 2532 etiam
1186 2511 1235 2531 eos
1249 2503 1297 2538 qui
1311 2502 1405 2530 omnia
1419 2502 1606 2530 communiter
1617 2501 1744 2528 fecerunt
1757 2505 1786 2528 et

991 2551 1065 2586 passi
1083 2555 1158 2582 sunt,
1179 2556 1355 2577 communem
1372 2553 1400 2576 et
1415 2548 1541 2576 eamdem
1561 2556 1576 2575 a
1587 2548 1644 2574 Deo
1659 2547 1785 2581 accipere

992 2597 1158 2625 sententiam
1169 2596 1312 2632 quaa‘dicit
1329 2595 1436 2622 homini
1451 2595 1533 2630 eique
1552 2594 1604 2622 soli
1620 2602 1626 2620 :
1651 2592 1733 2620 Terra
1746 2600 1783 2624 es,

991 2649 1016 2672 et
1031 2645 1058 2672 in
1078 2650 1180 2670 terram
1192 2643 1339 2670 reverteris.
1354 2642 1405 2670 llic
1419 2641 1505 2674 enim,
1529 2642 1552 2668 si
1568 2640 1636 2668 mihi
1652 2647 1709 2667 non
1722 2647 1785 2666 suc-

991 2694 1106 2718 censeat
1116 2689 1310 2717 Samaritanus
1324 2692 1353 2716 et
1369 2688 1492 2719 Judaeus,
1506 2695 1562 2714 non
1577 2686 1700 2721 loquitur
1712 2685 1785 2712 Dens

992 2737 1026 2764 de
1040 2743 1096 2763 una
1115 2735 1224 2767 eadem,
1240 2734 1290 2762 sed
1304 2734 1338 2762 de
1350 2734 1469 2762 duabus.
1479 2733 1538 2761 Non
1552 2732 1626 2760 enim
1642 2736 1707 2757 tunc
1715 2729 1784 2757 dixit

992 2782 1118 2810 homini:
1134 2781 1177 2809 Ex
1197 2786 1270 2808 terra
1287 2789 1325 2813 es,
1350 2785 1374 2808 et
1388 2781 1416 2807 in
1433 2784 1533 2806 terram
1549 2777 1708 2804 reverteris:
1722 2775 1782 2805 sed.

992 2830 1074 2857 Terra
1084 2837 1122 2862 es,
1135 2833 1160 2855 et
1175 2829 1202 2856 in
1219 2833 1317 2855 terram
1334 2826 1483 2858 reverteris,
1499 2824 1579 2851 aliam
1593 2827 1621 2850 et
1633 2822 1714 2850 aliam
1729 2826 1785 2850 ter-

1070 2922 1092 2938 "
1107 2921 1175 2948 Luc.
1193 2928 1237 2952 xx,
1251 2919 1296 2947 55.
1334 2918 1356 2934 ³⁷³
1371 2919 1435 2952 Sap.
1454 2924 1474 2950 ι,
1493 2915 1534 2942 Η.
