1978 3185
208 147 273 178 1047
802 147 832 176 S.

862 148 882 175 Α
888 147 934 176 NA
940 147 1062 176 STASll
1089 147 1174 175 SINA
1180 146 1253 176 lT."E

1775 144 1849 176 IOiS

206 211 263 230 ram
278 195 401 230 inuucns‘
426 204 460 230 Et
474 204 605 238 quoniam
622 204 733 231 videtur
750 204 844 231 multis
861 203 907 230 hic
934 211 997 230 sen-
1013 206 1035 232 Α
1085 204 1222 237 Quoniam
1243 211 1310 238 ergo
1335 202 1484 230 didicimus
1514 202 1749 237 quemadmodum
1782 210 1850 229 scr-

203 258 252 276 sus
277 249 365 276 durus
392 253 420 276 et
445 253 558 276 coactus
573 270 580 282 ,
605 250 628 277 si
649 250 770 282 videtur,
787 250 848 277 .hoc
875 249 1000 284 probabo

203 295 350 329 exemplis.
375 296 515 323 Ponamus
541 296 627 323 Deum
654 296 748 324 dicere
782 296 834 331 ipsi
860 296 1000 323 elemento

204 346 284 368 terra:
304 350 310 368 :
328 342 390 369 Tibi
407 342 480 374 (lico,
497 350 514 370 ο
539 347 625 374 terra,
650 348 724 370 terra
746 351 776 370 es
792 347 821 370 et
839 343 866 369 in
897 347 999 370 terram

205 387 372 420 reverteris;
400 395 493 414 annon
510 388 655 415 manifesta
671 392 713 415 est
727 389 827 421 oratio,
843 388 916 423 quod
932 388 1001 415 dicit

205 433 238 459 de
252 432 360 459 duabus
377 432 480 460 terris?
495 433 530 460 Et
546 441 643 461 rursus
656 434 677 460 si
688 433 762 461 dicat
783 442 881 468 aqum:
897 434 933 461 Es
945 433 1000 460 cle-

205 483 342 511 mentum,
349 484 376 506 et
383 480 415 506 ad
423 480 589 507 elementum
598 481 757 513 reverteris,
768 485 811 507 est
819 481 998 515 perspicuum

205 526 280 560 quod
297 526 366 554 dicit
378 526 412 553 de
423 526 533 553 duobus
547 527 702 554 elementis.
728 527 863 554 Similiter
878 527 962 554 etiam
976 526 999 553 si

205 573 308 600 dixerit
321 573 420 608 angelo
434 582 439 599 ς
456 572 491 599 Es
505 573 625 608 angelus,
640 578 663 600 et
681 574 715 600 ad
735 574 862 609 angelum
884 578 998 600 reverte-

206 621 253 651 ris,
266 618 432 654 signiﬁcavit
447 619 528 647 nobis
558 619 627 646 duos
640 620 753 654 angelos
767 629 771 646 :
790 620 827 647 ita
844 620 927 647 etiam
951 628 1000 655 per

206 665 285 696 illud.
303 665 385 692 Terra
398 674 434 697 es,
451 670 475 692 et
496 667 524 692 in
543 671 643 692 terram
660 667 808 699 reverteris,
830 675 944 694 necesse
956 673 1000 694 est

206 712 396 747 intelligamus
420 712 504 739 aliam
529 716 557 739 et
582 713 665 739 aliam
681 716 794 744 terram,
811 718 839 740 et
864 713 948 740 alium
972 719 1000 740 et

206 759 291 785 alium
314 758 412 791 Adam,
441 763 470 786 et
496 759 579 786 aliam
594 763 623 786 et
641 759 721 786 aliam
746 759 951 791 reversionem,.
972 765 1000 786 et

206 805 290 833 alium
302 809 329 832 et
343 805 427 832 alium
443 805 575 832 reditum.
589 805 651 832 Haec
660 805 801 833 disserens
814 805 998 838 Samaritano,

206 856 234 878 te
253 851 362 878 tidelem
374 851 532 885 prmmunii,
550 855 581 878 ut
608 851 747 885 intelligas
763 850 839 877 illum
868 851 1000 886 spiritua-

1052 258 1120 285 pens
1137 249 1258 278 comedit
1273 254 1373 276 terram
1387 249 1519 276 omnibus
1532 248 1708 282 diebuszvitae
1724 255 1780 275 sua:
1793 256 1802 275 :
1819 251 1857 275 et

1052 304 1150 324 rursus
1163 296 1303 331 quomodo
1316 295 1443 323 Christus
1455 303 1516 322 eam
1533 294 1674 322 consumit
1697 299 1725 322 et
1743 302 1855 329 expur—

1051 349 1096 378 gat
1112 351 1175 371 cum
1193 343 1257 370 feno
1275 347 1303 370 ct
1331 343 1418 377 spinis
1450 348 1478 370 et
1493 342 1605 370 tribulis
1619 352 1625 369 :
1638 342 1673 370 de
1691 346 1792 370 ctetero
1811 350 1855 370 ne

1052 391 1162 423 timeas,
1173 398 1263 425 neque
1275 390 1386 417 dubites
1407 389 1512 417 referre
1530 390 1564 416 ad
1580 389 1671 424 ipsum
1700 390 1856 425 cogitatio-

1051 447 1114 465 nem
1136 442 1210 465 tuam
1220 438 1247 464 in
1257 437 1311 464 hoc
1323 437 1396 472 quod
1409 437 1512 464 dicitur
1528 446 1534 463 :
1553 436 1698 464 Maledicta
1721 441 1791 463 terra
1819 437 1855 463 in

1051 485 1171 521 operibus
1187 485 1249 511 tuis.
1265 484 1298 511 Et
1311 493 1318 510 :
1331 483 1363 510 In
1375 483 1508 510 doloribus
1523 482 1639 510 comedes
1657 490 1726 514 eam,
1736 486 1764 509 et
1780 489 1855 516 pur-

1050 531 1128 566 gabis
1141 535 1273 565 tanquam
1290 530 1425 558 Dominus
1444 534 1547 556 terram
1568 529 1664 564 populi
1686 528 1736 555 tui.
1755 527 1853 556 Audi-

1050 578 1141 605 vimus
1155 578 1229 605 enim
1246 577 1394 612 quamdam
1407 576 1491 603 etiam
1504 576 1533 602 in
1547 575 1609 610 ipso
1629 579 1726 603 sancto
1740 574 1852 609 Spiritu

1051 624 1192 651 tristitiam
1209 628 1323 658 propter
1350 627 1495 657 peccatum
1529 621 1661 653 hominis,
1678 625 1709 647 ut
1734 620 1854 656 quando

1050 670 1119 697 dicit
1129 669 1232 696 Paulus
1247 677 1253 695 :
1266 668 1305 695 Ne
1319 668 1430 694 tristitia
1444 668 1562 702 officialis
1573 666 1702 702 Spiritum
1712 670 1851 697 sanctum.

1050 717 1076 742 in
1097 724 1148 751 quo
1157 715 1256 750 signati
1273 715 1335 741 estis
1350 714 1377 740 in
1389 714 1457 740 diem
1467 713 1654 748 redemptionis
1662 712 1696 738 “.
1710 711 1855 739 lllud.au-—

1052 767 1106 789 tem
1121 771 1126 788 :
1144 761 1241 796 Spinas
1261 765 1284 787 et
1305 760 1416 786 tributos
1436 759 1561 794 producet
1578 759 1633 789 tibi,
1647 758 1773 793 apposite
1802 757 1855 784 in-

1052 808 1194 835 tellexeris
1207 807 1241 834 dc
1254 806 1365 834 Christo
1378 812 1407 833 et
1416 805 1556 841 Synagoga
1572 805 1667 832 lsrael.
1676 804 1755 832 Unde
1762 804 1853 831 etiam

1052 853 1099 880 tali
1111 857 1191 880 terra:
1207 856 1273 879 tunc
1287 852 1408 884 dicebat,
1427 851 1539 886 quando
1565 851 1591 878 ei
1615 850 1749 885 imposuit
1763 857 1853 877 coro-

206 897 259 923 lem
271 896 407 923 Adamum
423 896 471 930 qui
487 896 577 923 dixit:
594 895 650 930 Ego
671 904 703 922 ex
719 896 801 922 Patre
818 896 894 928 exivi,
922 901 946 922 et
961 904 1001 923 re-
1018 885 1036 912 Β
1051 907 1114 926 nam
1127 906 1161 926 ex
1174 899 1262 934 spinis
1279 907 1285 924 :
1303 885 1461 933 Ezspectaiti
1477 898 1582 924 vineam
1598 905 1684 923 meam
1699 900 1728 923 ut
1749 895 1854 931 faceret

207 947 294 969 vertor
308 942 342 969 ad
354 942 463 969 Patrem
477 949 562 968 meum
573 942 643 967 “'9‘.
660 941 770 974 Quaeret
782 946 875 968 autem
887 942 1000 969 omnino

207 987 362 1022 spiritualis
374 992 403 1014 et
417 987 561 1014 studiosus
576 987 688 1014 auditor
705 996 710 1013 :
735 987 762 1014 Si
779 987 872 1014 omnia
886 991 951 1014 sunt
966 987 1001 1014 de

207 1034 317 1061 Christo
329 1034 407 1069 prius
424 1034 563 1068 descripta
574 1039 600 1061 et
619 1033 736 1069 ﬁgurata
756 1034 784 1061 in
800 1034 870 1069 lege.
889 1040 919 1061 ut
932 1034 1002 1062 dicit

206 1081 366 1115 Apostolus,
378 1080 517 1115 quomodo
533 1081 616 1107 etiam
631 1088 712 1114 poma
727 1080 832 1107 Adamo
860 1081 1002 1116 proposita

207 1131 300 1162 potest
310 1127 343 1154 ad
358 1126 499 1154 Christum
516 1126 615 1154 referri
630 1127 822 1161 spiritualiter,
838 1127 865 1155 in
877 1126 945 1163 ipsis
955 1136 1002 1156 so-

207 1173 243 1200 lis
259 1178 287 1200 et
300 1172 383 1200 nudis
399 1173 526 1205 vocibus,
541 1177 570 1200 et
584 1173 703 1200 maxime
715 1173 795 1205 illud,
813 1173 955 1201 Maledicta
964 1179 1002 1202 est

209 1224 281 1246 terra
297 1220 325 1246 in
342 1219 463 1254 operibus
488 1219 560 1245 tuis?
577 1218 722 1252 Quomodo
751 1219 811 1247 ﬁeri
829 1224 920 1254 potest
931 1225 961 1247 ut
974 1221 1002 1247 in

208 1264 320 1293 Christo
333 1264 448 1292 omnino
466 1264 653 1299 intelligamus
677 1265 922 1293 maledictioncm?
948 1266 1002 1293 Ta-

209 1319 273 1339 men
285 1311 416 1346 quoniam
431 1310 513 1346 paulo
534 1315 598 1338 ante
618 1311 776 1339 audivimus
798 1311 940 1339 Christum
957 1311 1002 1339 di-

209 1361 318 1385 centem
337 1358 463 1392 serpenti
495 1357 691 1385 maledictione
718 1366 724 1384 :
752 1357 861 1385 Terram
886 1358 1003 1385 comedes

210 1404 329 1431 carnibus
342 1403 430 1431 diebus
444 1404 504 1431 vita:
519 1408 580 1436 tum,
597 1404 650 1431 hoc
662 1409 714 1435 cst,
729 1409 879 1432 terrestres
893 1410 922 1432 et
946 1413 1004 1432 ma-

210 1450 323 1478 teriales
337 1454 366 1477 et
395 1450 510 1479 limosos
525 1458 626 1478 sensus
637 1451 754 1485 peccati.
779 1451 874 1484 Cibus,
901 1452 1002 1486 inquit,

211 1497 348 1530 serpentis
362 1496 415 1523 fuit
425 1496 590 1524 maledictus
603 1500 631 1524 et
644 1497 848 1524 condemnatus
863 1497 891 1524 in
907 1497 1003 1525 inetia-

210 1541 315 1569 bilibus
328 1541 432 1569 Christi
446 1542 587 1577 operibus,
604 1547 635 1569 ut
649 1547 678 1570 et
689 1550 805 1577 serpens
815 1547 843 1570 et
853 1543 913 1578 ejus
924 1543 1004 1571 cibus

210 1593 304 1616 essent
323 1588 473 1616 maledicti.
494 1588 638 1621 Quomodo
657 1589 731 1616 enim
744 1589 824 1617 cibus
838 1589 942 1617 Christi
961 1594 1004 1617 est

209 1636 329 1671 iustitia,
355 1635 392 1662 ita
419 1635 503 1662 etiam
521 1636 662 1669 serpentis
684 1636 763 1663 cibus
785 1640 829 1663 est
844 1640 1002 1672 peccatum.

212 1681 269 1709 Nec
283 1681 395 1709 mireris
407 1689 470 1709 cum
484 1681 564 1708 audis
580 1686 681 1709 terram
695 1681 834 1709 nominari
859 1686 1005 1709 terrestres

212 1735 313 1756 sensus
332 1728 447 1762 peccati,
471 1727 589 1755 audiens
611 1728 752 1755 Christum
765 1736 826 1755 eam
842 1729 925 1756 etiam
953 1737 1005 1756 no-

213 1775 322 1802 minare
334 1774 468 1802 mundum
487 1774 600 1808 quando
621 1774 689 1801 dicit
709 1774 874 1809 discipulis:
892 1775 938 1802 Vos
953 1783 1005 1802 non

214 1822 275 1848 estis
285 1829 318 1848 ea:
328 1820 425 1848 mundo
433 1821 467 1852 9’,
477 1820 549 1848 sicut
559 1828 609 1855 ego
626 1828 681 1848 non
696 1829 757 1848 sum
771 1828 804 1848 ex
817 1821 920 1848 mundo
935 1830 941 1847 :
953 1821 1006 1848 hoc

214 1873 267 1901 est,
278 1876 313 1895 ex
324 1867 459 1902 sapientia
474 1871 585 1894 terrena
599 1871 628 1894 et
641 1867 791 1894 nnmdana.
804 1867 843 1894 De
856 1875 910 1902 qua
921 1868 1005 1895 etiam

214 1916 314 1943 clamat
324 1915 428 1942 Paulus
440 1914 581 1949 aliquibus
601 1923 607 1940 :
624 1914 711 1941 Nolite
725 1922 819 1949 sapere
831 1919 949 1947 terrena,
960 1915 1006 1942 sed

214 1962 301 1997 sapite
314 1968 431 1996 superna
444 1960 478 1988 ⁹³.
495 1961 533 1987 Ita
550 1960 633 1987 etiam
658 1961 797 1995 Propheta
812 1969 864 1988 nos
883 1961 1006 1996 idipsum

215 2009 306 2038 docet.
322 2007 435 2035 dicens:
449 2006 479 2033 In
489 2006 627 2034 matutinis
642 2007 831 2041 interﬁeiebam
849 2016 938 2034 omnes
951 2015 1008 2042 pec-

215 2059 319 2082 catores
334 2058 411 2080 terra:
423 2054 466 2079 “z
482 2053 535 2080 hoc
548 2058 601 2083 est.
614 2054 789 2088 amputabam
806 2062 903 2082 omnes
922 2055 1007 2082 malas

215 2099 580 2134 cogitationesirruplionis.
601 2100 716 2134 peccati.
731 2101 768 2127 De
792 2100 894 2134 quibus
911 2109 1008 2128 rursus

216 2146 348 2174 admonet
360 2154 410 2175 eos
424 2146 473 2181 qui
487 2147 584 2174 vivunt
597 2147 624 2173 in
644 2148 775 2182 peccatis.
797 2148 893 2175 dicens
911 2157 918 2174 :
934 2149 1007 2182 Deﬁ-

216 2193 288 2220 ciunt
308 2196 458 2228 peccatores
469 2201 485 2218 a
499 2196 571 2219 terra
586 2192 619 2224 νδ,
636 2193 713 2227 quasi
729 2192 844 2225 diceret,
857 2194 894 2220 De
907 2197 1007 2220 caetero

216 2238 348 2266 recedant
367 2241 529 2273 peccatores
543 2243 691 2272 apeccato.
720 2238 759 2266 De
774 2246 830 2272 quo
851 2238 938 2266 Deum
957 2246 1006 2273 ap-

216 2284 304 2318 pellat
315 2284 428 2312 dicens:
448 2284 579 2319 Exsurge.
593 2284 774 2319 Deus,judica
786 2289 885 2311 terram
894 2284 937 2313 "z
956 2285 1009 2312 hoc

1053 954 1143 978 uvam,
1158 945 1217 979 fecit
1231 949 1318 971 autem
1331 944 1422 979 spinas
1438 947 1461 969 et
1475 942 1586 970 tribulos
1601 943 1635 969 ".

1087 992 1183 1018 Restat
1194 995 1225 1018 ut
1241 991 1389 1018 audiamus
1403 990 1452 1017 Dei
1466 989 1551 1017 verba
1564 996 1625 1023 quae
1646 988 1780 1023 deinceps
1803 995 1853 1015 se—

1052 1042 1178 1073 quuntur
1196 1037 1230 1064 ad
1254 1037 1427 1072 corporalem
1449 1042 1478 1064 et
1493 1036 1666 1071 spiritualem
1699 1034 1850 1062 Adamum.

1054 1084 1290 1120 Subjungitenim
1314 1083 1410 1110 dicens
1430 1092 1437 1109 ε
1459 1074 1494 1109 Et
1510 1082 1629 1108 comedes
1644 1080 1753 1108 herbam
1777 1081 1850 1116 agri,
1893 1110 1898 1113 ν

1052 1131 1081 1157 in
1099 1131 1194 1157 sudore
1211 1130 1299 1156 vultus
1321 1130 1359 1156 tui
1373 1128 1491 1155 comedes
1515 1135 1612 1162 panem
1629 1132 1714 1154 tuum.
1735 1126 1854 1159 Quaeres

1054 1177 1088 1212 (si
1103 1177 1186 1204 modo
1196 1176 1231 1204 iis
1240 1184 1301 1211 qua
1314 1175 1387 1202 dicta
1400 1179 1465 1202 sunt
1480 1174 1562 1201 ﬁdem
1576 1172 1690 1207 habeas)
1707 1171 1852 1207 quomodo

1053 1224 1156 1251 dixerit
1170 1224 1244 1250 Deus
1262 1222 1404 1250 hominem
1421 1221 1497 1248 vesci
1527 1220 1618 1247 tribus
1640 1219 1712 1246 cibis
1726 1227 1733 1245 :
1748 1224 1851 1253 nempe

1054 1270 1133 1305 prius
1147 1269 1261 1304 quidem
1278 1272 1369 1300 terra,
1395 1266 1518 1294 secundo
1536 1269 1629 1292 autem
1647 1263 1746 1295 herba,
1764 1263 1853 1291 tertio

1053 1324 1131 1348 vero,
1147 1323 1229 1351 pane,
1246 1314 1363 1350 proprio
1376 1313 1439 1341 cibo
1451 1313 1586 1340 hominis.
1614 1311 1674 1339 Non
1691 1310 1766 1338 enim
1780 1308 1852 1336 dicit

1053 1363 1100 1390 ei:
1114 1362 1147 1389 In
1161 1361 1296 1388 doloribus
1313 1360 1431 1388 comedes
1450 1364 1571 1390 terram;
1592 1365 1684 1392 neque
1711 1356 1746 1383 de
1761 1353 1851 1382 herba

1054 1409 1122 1436 dicit
1139 1417 1146 1435 :
1163 1408 1196 1435 Et
1217 1407 1347 1435 comedes
1361 1406 1478 1433 herbam
1503 1410 1590 1437 tuam,
1619 1403 1667 1431 sed
1687 1402 1741 1430 hoc
1757 1401 1851 1429 solum

1055 1455 1133 1490 ponit
1156 1455 1184 1481 in
1206 1460 1288 1488 pane,
1315 1453 1412 1480 dicens
1433 1460 1440 1479 :
1463 1451 1495 1479 In
1508 1451 1605 1478 sudore
1626 1448 1714 1476 uultus
1729 1447 1851 1474 comedes

1055 1507 1152 1535 panem
1166 1503 1238 1525 tuum
1255 1519 1261 1525 .
1280 1498 1345 1525 hinc
1360 1505 1411 1524 nos
1426 1495 1530 1523 docens
1546 1494 1620 1530 quod
1645 1499 1721 1521 terra
1735 1491 1851 1527 quidem

1017 1559 1039 1588 ο
1056 1544 1172 1571 rationis
1189 1543 1329 1579 particeps
1353 1548 1396 1570 est
1410 1542 1522 1577 proprie
1539 1541 1620 1568 cibus
1635 1538 1784 1574 serpentis,
1801 1537 1850 1572 qui

1056 1589 1222 1624 intelligitur
1233 1588 1405 1617 idololatria.
1421 1595 1504 1622 quam
1523 1586 1608 1613 etiam
1626 1585 1700 1612 Deus
1718 1589 1852 1610 exsecra-

1056 1640 1102 1663 tus
1119 1640 1163 1663 est
1186 1640 1215 1662 et
1237 1634 1391 1662 maledixit.
1418 1633 1497 1661 Unde
1519 1632 1602 1659 etiam
1620 1635 1750 1664 tanquam
1770 1632 1853 1655 vetus

1056 1682 1109 1710 hoc
1138 1686 1168 1710 et
1182 1682 1302 1717 primum
1337 1684 1490 1716 peccatum,
1513 1677 1698 1705 idololatriam
1723 1675 1849 1709 inquam.

1056 1731 1178 1765 primum
1195 1729 1290 1764 ponit.’
1305 1727 1396 1755 Herba
1413 1730 1506 1753 autem
1521 1729 1565 1752 est
1583 1731 1682 1759 expers
1698 1721 1814 1749 rationis
1822 1725 1852 1748 et

1055 1776 1199 1806 helluinus
1212 1775 1292 1803 cibus
1302 1778 1480 1810 peccatorum
1496 1771 1673 1799 inferiorum.
1686 1769 1770 1797 Panis
1782 1775 1852 1795 vero

1057 1827 1101 1850 est
1114 1822 1194 1849 cibus
1206 1821 1338 1854 hominis,
1350 1820 1398 1856 qui
1414 1819 1528 1855 quidem
1545 1818 1572 1844 in
1584 1817 1688 1844 sudore
1703 1820 1732 1843 et
1745 1814 1852 1842 labori-

1057 1868 1110 1895 bus
1134 1868 1265 1896 sumitur.
1293 1867 1328 1894 Et
1354 1866 1417 1894 ideo
1436 1865 1505 1893 dicit
1523 1864 1596 1892 Deus
1617 1864 1726 1898 (panem
1750 1860 1851 1888 dicens

1058 1915 1147 1942 solum
1179 1922 1241 1942 esse
1264 1913 1408 1949 proprium
1430 1909 1574 1946 hominis),
1596 1909 1720 1937 Comedes
1752 1914 1850 1943 partem

1058 1967 1152 1989 tuum:
1167 1965 1263 1996 utpote
1277 1959 1352 1995 quod
1379 1958 1466 1986 herba
1481 1961 1510 1984 et
1525 1961 1600 1984 terra
1619 1955 1677 1983 sint
1692 1953 1851 1990 signiﬁcan—

1059 2008 1097 2035 tia
1108 2007 1215 2042 peccati
1229 2010 1258 2033 et
1272 2004 1435 2040 impietatis.

1093 2056 1181 2084 Aliter
1196 2063 1262 2090 ergo
1292 2054 1337 2081 illa
1366 2052 1507 2081 consumit
1532 2050 1661 2078 Christus
1689 2050 1799 2084 (nempe
1816 2054 1850 2074 es

1058 2103 1155 2131 delens
1170 2107 1199 2129 et
1222 2100 1335 2136 penitus
1350 2098 1536 2133 interimens),
1553 2100 1582 2124 et
1606 2096 1688 2123 aliter
1705 2093 1850 2130 proprium

1059 2157 1157 2185 panem
1177 2147 1299 2175 comedit
1324 2145 1493 2173 sanctissimi
1508 2143 1551 2171 sui
1569 2142 1707 2177 corporis,
1725 2148 1790 2167 eum
1802 2147 1851 2166 ex-

1059 2202 1181 2230 purgans
1200 2198 1230 2221 et
1244 2192 1385 2221 comminu
1394 2199 1454 2223 ens,
1470 2194 1498 2218 et
1509 2190 1653 2221 deillcans,
1674 2192 1702 2215 et
1723 2186 1850 2214 interitui

1023 2233 1046 2262 Ι)
1060 2248 1114 2267 non
1133 2239 1283 2267 obnoxium
1299 2238 1428 2269 reddens,
1440 2241 1469 2264 et
1483 2242 1621 2263 renovatis
1638 2234 1721 2261 etiam
1736 2241 1770 2260 ex
1789 2234 1850 2267 ipsa

1060 2287 1181 2318 unione;
1197 2285 1245 2312 sed
1260 2285 1342 2311 etiam
1356 2284 1404 2310 illo
1421 2287 1545 2317 tempore
1554 2288 1610 2316 quo
1619 2280 1702 2307 sudor
1714 2281 1769 2314 ejus
1788 2277 1849 2306 sul-

215 2335 269 2363 est,
282 2331 443 2358 Condemna
456 2334 588 2358 terrestre
610 2335 765 2365 peccatum,
781 2331 854 2365 quod
874 2335 916 2358 est
930 2331 1011 2359 cibus
1059 2336 1101 2359 tus
1112 2332 1196 2367 factus
1209 2335 1246 2358 est
1254 2335 1384 2365 tanquam
1391 2333 1472 2364 gutta!
1481 2325 1754 2364 sanguinis‘,quando
1764 2325 1849 2352 etiam

215 2382 244 2404 et
258 2381 385 2411 sumptus
399 2377 551 2411 serpentis,
566 2377 626 2411 ejus
640 2377 828 2403 condcmnans
842 2377 964 2404 scholam
973 2385 1008 2404 ne

215 2427 344 2451 versetur
365 2423 394 2449 in
415 2427 474 2450 toto
486 2430 599 2457 genere,
615 2422 664 2449 sed
682 2422 771 2457 ipsum
788 2423 962 2451 abscondens
981 2428 1009 2451 et

215 2470 314 2504 potius.
326 2469 353 2496 in
372 2469 494 2496 cinerem
509 2468 638 2503 redigens
655 2473 685 2495 ut
704 2469 737 2495 ad
756 2469 875 2496 nihilum
896 2469 1004 2504 rediga-

216 2520 271 2542 tur.
297 2515 339 2542 Tu
362 2515 438 2543 enim
455 2514 525 2542 Deus
539 2519 627 2541 noster
651 2522 688 2542 es.
702 2516 769 2550 ignis
799 2523 953 2543 consumens
970 2516 1003 2541 ³⁷.

215 2561 342 2590 Christus
361 2565 453 2590 autem
479 2569 542 2589 cum
561 2562 597 2588 sit
610 2561 694 2594 Deus,
709 2561 786 2589 venit
799 2561 833 2589 ad
846 2561 1004 2597 iaciendum

215 2608 309 2643 ignem
325 2608 353 2635 in
370 2612 472 2636 terram
502 2607 612 2643 (nempe
628 2609 783 2642 peccatum)
800 2611 829 2634 et
847 2607 954 2638 fenum,
977 2611 1009 2636 et

215 2655 321 2689 spinas,
333 2659 363 2682 et
380 2654 509 2687 tribulos,
523 2659 553 2682 et
560 2654 678 2686 culmos,
694 2658 723 2681 et
735 2654 840 2690 paleas,
850 2657 878 2681 et
888 2654 1006 2686 zizania,

217 2706 347 2737 tanquam
359 2701 504 2729 materiam
515 2700 642 2736 fetusque
650 2705 678 2728 et
687 2700 811 2735 germina
825 2700 1007 2728 infertilitatis

215 2753 244 2776 et
255 2749 372 2784 peccati.

252 2850 400 2877 "'“Joan.
418 2849 527 2879 “1,28.
558 2849 581 2864 "
598 2848 677 2875 Joan.
703 2855 749 2880 xv.
761 2848 804 2875 i9.
833 2847 1019 2879 "Colossm,

217 2885 240 2900 "
267 2884 348 2912 Deut.
370 2893 396 2911 tv
431 2884 476 2911 24.
514 2884 537 2900 ν’
552 2883 653 2918 Ephes.
668 2891 705 2916 1v,
723 2883 767 2910 50.
807 2885 829 2900 ³³
846 2883 937 2912 lsa.v.
958 2883 984 2910 4.

1059 2377 1170 2404 dicebat
1199 2383 1228 2403 se
1245 2383 1306 2403 esse
1321 2376 1428 2403 tristem
1460 2381 1548 2409 usque
1569 2373 1603 2400 ad
1616 2377 1748 2399 mortem.
1779 2371 1849 2399 Nam

1060 2428 1122 2458 post
1145 2423 1206 2458 ejus
1223 2427 1341 2450 mortem
1359 2421 1492 2455 deinceps
1505 2419 1612 2455 aufugit
1628 2418 1741 2446 tristitia
1761 2417 1849 2445 etdo-

1058 2470 1112 2501 lor,
1131 2469 1238 2505 aufugit
1248 2469 1413 2503 etgemitus.
1429 2475 1491 2502 quae
1500 2470 1579 2494 erant
1591 2470 1655 2492 ante
1672 2464 1847 2499 passionem:

1057 2521 1086 2543 et
1100 2524 1151 2551 pro
1172 2516 1213 2543 eis
1229 2520 1272 2543 est
1297 2514 1487 2542 introductum
1502 2512 1634 2548 gaudium
1662 2515 1690 2539 et
1708 2510 1803 2538 laetitia
1820 2515 1849 2537 et

1058 2561 1223 2594 exsultatio,
1238 2565 1266 2588 et
1279 2560 1464 2595 ineorruptio.
1483 2559 1574 2593 Atque
1591 2557 1712 2585 sudores
1733 2555 1847 2591 quidem

1055 2612 1084 2636 et
1095 2608 1216 2640 dolores.
1231 2612 1260 2635 et
1287 2607 1391 2640 herbae,
1408 2610 1437 2634 et
1455 2605 1554 2640 spinae,
1578 2609 1607 2632 et
1635 2603 1743 2636 tribuli,
1755 2607 1783 2630 et
1799 2601 1848 2629 tri-

1057 2654 1145 2687 stitia,
1166 2654 1259 2681 omnia
1276 2653 1420 2688 hucusque
1436 2651 1560 2685 fuerunt,
1575 2651 1666 2679 donec
1680 2653 1771 2677 morte
1781 2647 1848 2676 ade-

1057 2703 1119 2726 ctus
1139 2706 1270 2726 reversus
1285 2703 1327 2726 est
1347 2698 1375 2725 in
1383 2697 1524 2732 propriam
1541 2701 1644 2724 terram
1656 2703 1691 2723 ex
1706 2703 1760 2730 qua
1772 2701 1846 2721 sum-

1057 2751 1121 2784 ptus
1136 2750 1190 2780 est,
1205 2753 1240 2773 ex
1252 2753 1306 2781 qua
1321 2745 1404 2773 etiam
1421 2743 1475 2771 fuit
1493 2747 1651 2783 assumptus
1676 2748 1741 2770 cum
1758 2738 1845 2769 sancti

1035 2848 1062 2874 2.
1101 2848 1124 2863 ³⁸
1140 2847 1211 2874 Psal.
1226 2855 1251 2875 c.
1261 2848 1287 2875 8.
1322 2849 1344 2863 ’⁵
1357 2847 1429 2875 Psal.
1443 2854 1498 2875 cnt.
1512 2845 1556 2873 55.
1595 2845 1617 2861 ’⁸
1631 2844 1701 2873 Psai.
1716 2850 1804 2878 unt,
1815 2842 1843 2872 8.

1025 2883 1032 2899 '
1050 2882 1116 2911 Luc.
1127 2890 1191 2915 nn,
1206 2883 1250 2910 Η.
