1980 3233
39 190 116 223 Ῑθὶο

612 198 651 227 IN
667 195 928 227 llEXAEMEllON
941 197 1014 227 LIB.
1027 198 1078 228 XI.

1609 203 1677 236 1050

34 248 170 284 corporis
184 253 285 275 natura
302 256 318 275 e
335 247 408 276 terra
429 250 520 284 genita
535 269 542 281 ,
559 255 747 284 congruenter
773 249 836 276 voci
854 253 876 280 Α
890 248 958 277 Nam
975 256 1003 278 et
1019 251 1117 279 inDeo
1133 257 1160 279 ct
1182 252 1287 288 angelis
1303 259 1330 281 et
1347 254 1374 281 in
1401 255 1559 284 hominibus
1578 265 1678 294 conge-

34 302 103 329 qua
118 295 143 322 ei
161 295 242 327 dixit,
259 294 340 322 Terra
357 303 394 327 es,
412 299 442 322 ut
454 295 501 330 qui
517 295 556 323 sis
570 296 663 326 homo.
674 301 699 323 et
714 297 741 323 in
755 296 837 323 aliam

36 344 144 366 terram
172 340 313 366 reverteris
333 339 494 366 cmlestem:
513 339 541 366 in
563 343 664 366 terram
687 339 839 374 spiritualis

34 384 152 411 lsraelis
167 404 174 416 ,
204 391 275 411 vera:
297 389 399 411 nostra:
425 384 452 410 in
482 384 560 411 cmlis
581 385 790 419 promissionis,
812 385 838 426 in

36 434 148 457 terram
177 430 286 456 milium
304 449 312 462 ,
334 429 361 456 in
391 434 490 457 terram
519 434 661 463 sanctam,
684 430 711 458 in
738 435 838 458 terram

36 479 66 502 et
105 475 247 510 regionem
280 475 430 502 viventium
477 480 504 502 et
553 475 690 503 civitatem
728 476 838 503 Domini

36 521 191 553 virtutum,
228 520 381 549 Jerusalem
424 521 576 549 caelestem.
605 523 743 556 Quoniam
772 529 838 557 ergo

35 577 91 605 per
110 570 253 597 mulierem
272 570 375 603 vitam,
394 578 476 605 quam
491 578 524 598 ex
547 578 599 599 suo
619 571 724 606 peperit
741 571 837 603 latere.

37 623 145 643 somno
165 615 274 650 sopitus
289 615 335 650 qui
352 619 478 643 naturam
496 616 615 644 viviﬁcat
626 636 634 648 ,
656 622 683 643 et
698 617 738 644 sic
753 624 784 644 ea
796 621 838 644 est

37 665 175 688 exsectus
185 661 233 695 qui
247 661 332 688 dicit:
353 661 408 696 Ego
424 670 483 689 sum
496 663 551 689 vita
562 663 589 695 ';
607 663 663 690 haec
678 662 750 690 faeta
762 668 835 696 sunt,

35 712 66 733 et
82 707 162 733 venit
177 707 204 733 in
220 707 370 740 mundum,
385 712 412 735 et
433 715 482 742 per
502 708 590 742 ipsam
614 708 741 743 dissolvit
758 717 837 735 mor-

36 755 107 783 tem,
125 754 154 777 et
169 758 217 784 per
233 750 321 785 ipsam
338 751 487 779 viviﬁcavit
503 752 548 779 illa
569 743 690 787 gentium
705 753 836 781 animalia

37 804 103 831 quze
117 797 145 823 in
162 797 321 831 paradisum
341 798 375 825 ad
392 798 480 833 ipsum
501 799 609 825 fuerant
629 799 795 832 introducta,
810 805 838 827 et

35 849 89 878 per
102 842 192 876 ipsum
206 843 356 870 vivilicavit
372 848 498 871 mortuos
513 852 545 871 ex
561 844 669 876 inferis.
685 849 712 872 et
725 845 836 872 mortali

37 892 149 914 natura:
162 888 247 914 vitam
264 893 307 915 est
324 889 456 924 largitus:
471 897 503 916 ea
522 889 556 917 de
575 897 657 917 causa
679 895 706 917 et
726 898 835 926 pinnam

37 934 141 961 mortis
159 934 246 961 subiit
259 942 348 962 novus
363 936 461 967 Adam,
483 940 512 963 et
532 944 632 964 nomen
648 943 706 963 sure
728 937 834 968 uxoris,
854 928 874 955 Β

37 981 154 1015 (nempe
168 980 309 1016 Ecclesiae)
336 982 428 1016 posuit
449 982 532 1009 vitam
560 982 691 1017 quoniam
716 982 775 1017 ipsa
795 987 838 1009 est

37 1032 132 1052 mater
142 1026 264 1052 omnium
280 1026 423 1053 viventium
449 1028 469 1060 ³,
490 1027 655 1055 absconsam
679 1028 706 1054 in
725 1027 838 1054 Christo

36 1071 126 1098 vitam
155 1071 178 1098 ⁸.
212 1071 283 1099 Hinc
315 1073 448 1100 docemur
480 1077 622 1108 magnam‘
646 1073 836 1100 admirabilem

37 1117 175 1145 Ecclesiae
189 1117 393 1152 gloriationem.
417 1119 499 1146 Beata
516 1124 543 1146 et
565 1125 606 1146 ter
619 1120 697 1147 beata
715 1123 759 1147 est
774 1127 838 1154 spes

37 1168 64 1191 et
77 1164 106 1191 in
128 1163 217 1190 altum
237 1164 321 1191 elatio
338 1164 571 1193 Christianorum.
590 1165 657 1192 Nam
672 1173 720 1200 per
733 1174 764 1193 ea
775 1174 837 1201 quae

38 1210 114 1238 dicta
132 1215 199 1237 sunt
214 1210 349 1239 discimus
365 1213 438 1246 quod
451 1219 548 1239 omnes
563 1212 677 1246 reliquae
693 1212 759 1239 ﬁdes
776 1220 838 1247 qua:

38 1264 105 1286 sunt
125 1259 153 1286 in
169 1258 274 1286 mundo
290 1262 356 1285 sunt
371 1262 496 1290 morture,
511 1263 538 1284 et
550 1263 652 1285 matres
664 1262 836 1284 mortuorum

39 1303 209 1338 populorum
225 1307 252 1331 et
267 1305 401 1338 gentium,
423 1307 452 1329 ut
467 1309 529 1337 quae
544 1302 570 1329 in
584 1309 614 1329 se
629 1309 685 1328 non
699 1301 838 1328 habebant

39 1358 102 1376 eum
119 1351 168 1384 qui
185 1349 263 1382 dicit,
283 1348 340 1383 Ego
355 1357 413 1375 sum
430 1349 496 1380 vita,
518 1356 608 1383 neque
629 1352 792 1383 regeneraut
810 1353 838 1375 et

40 1396 185 1423 viviﬁcant
198 1403 248 1430 per
261 1400 369 1423 uterum
386 1402 465 1429 aquae
482 1399 510 1421 et
523 1394 655 1430 Spiritus,
674 1403 740 1423 suos
764 1395 837 1423 ﬁlios

38 1447 66 1469 et
78 1442 215 1478 populos:
237 1441 286 1470 sed
297 1445 363 1469 sunt
376 1442 436 1469 sine
453 1441 560 1469 semine
571 1461 578 1474 ,
596 1445 623 1469 et
638 1441 726 1469 viduae
750 1441 836 1469 fontis

39 1489 113 1522 VlL’E,
132 1495 190 1516 non
210 1487 334 1516 fruentes
351 1495 421 1523 aqua
434 1487 496 1514 viva
521 1492 549 1515 et
568 1487 683 1515 saliente
705 1488 733 1515 in
750 1487 836 1515 vitam

38 1540 185 1563 sternam.

74 1581 143 1608 Sola
157 1587 225 1615 ergo
239 1579 299 1615 ejus
312 1579 433 1608 Ecclesia
451 1579 554 1608 dicitur
575 1584 602 1608 et
622 1579 679 1606 vita
698 1583 728 1606 et
748 1584 838 1607 mater

38 1627 168 1654 omnium
186 1625 347 1653 viventium.
361 1624 394 1652 Et
414 1630 558 1660 propterea
578 1625 639 1660 ejus
659 1625 742 1652 etiam
767 1633 837 1653 uxor

38 1678 79 1700 est
93 1677 206 1703 mater,
224 1678 280 1698 non
303 1675 475 1699 mortuorum
496 1671 544 1699 sed
557 1671 677 1698 omnium
694 1672 834 1699 viventium

37 1719 186 1747 Christum
209 1725 302 1745 veram
324 1717 425 1750 vitam;
449 1723 475 1745 et
497 1717 655 1752 quicunque
679 1725 713 1744 ex
732 1725 764 1745 ea
781 1724 836 1744 non

38 1766 180 1797 nascitur,
207 1769 249 1792 est
264 1768 392 1791 mortuus
414 1769 536 1799 peccato.
558 1763 718 1798 Corporalis
744 1767 836 1791 autem

39 1811 145 1838 mulier
155 1810 254 1837 Adami
270 1810 436 1844 corporalis,
451 1817 505 1837 non
523 1815 566 1837 est
585 1814 672 1836 mater
687 1809 844 1842 viventium.

39 1858 84 1884 sed
108 1861 286 1884 mortuorum
312 1856 468 1883 hominum.
493 1855 532 1883 De
556 1856 608 1883 hac
622 1861 719 1883 autem
749 1860 837 1883 matre

40 1903 194 1938 spirituali,
212 1910 267 1930 non
284 1903 352 1930 dicit
369 1902 442 1938 quod
454 1902 490 1929 sit
508 1907 595 1930 mater
607 1903 730 1929 omnium
745 1902 836 1929 homi-

40 1957 118 1981 num,
147 1948 197 1975 sed
222 1953 310 1975 mater
329 1949 452 1975 omnium
473 1947 646 1980 viventium,
669 1952 699 1974 ut
718 1955 779 1982 qua:
801 1947 837 1974 sit

41 1995 106 2028 vita,
126 1999 157 2022 et
174 2002 206 2022 ea
220 1995 255 2022 de
271 2001 356 2022 causa
378 1994 492 2021 omnino
512 2001 567 2021 non
585 1993 737 2020 nominavit
763 1993 836 2020 Deus

41 2042 67 2068 in
90 2043 155 2076 ejus
174 2048 270 2076 pmna,
303 2045 440 2067 mor-tem:
465 2040 689 2075 quandoquidem
711 2047 772 2066 cum
801 2039 837 2066 sit

40 2089 95 2115 vita
111 2086 268 2115 secundum
280 2091 418 2118 naturam,
432 2091 474 2113 est
488 2086 577 2112 aliena
589 2093 604 2112 a
619 2090 718 2116 morte,
728 2093 836 2119 perma-

41 2141 108 2161 nens
123 2138 242 2160 aeterna.
259 2131 288 2159 Si
307 2137 398 2159 autem
416 2139 458 2158 me
482 2138 556 2158 nunc
572 2135 650 2166 urget
674 2130 785 2158 Judaeus
807 2135 836 2158 ut

40 2180 195 2214 intelligam
208 2178 378 2213 corporalem
396 2177 493 2204 Adami
514 2184 627 2204 uxorem
645 2181 759 2203 matrem
775 2184 835 2203 om-

39 2227 115 2253 nium
130 2224 287 2252 viventium
303 2233 310 2250 :
328 2231 441 2251 necesse
452 2228 498 2251 est
507 2224 622 2250 omnino
636 2228 665 2249 ut
676 2223 763 2249 dicam
773 2230 833 2250 eam

851 1602 874 1632 C

890 296 946 322 nita
956 300 998 324 est
1015 297 1081 325 vita.
1103 297 1239 325 Existimo
1263 304 1355 327 autem
1384 303 1415 327 et
1436 306 1580 336 propterea
1604 305 1676 338 quod

889 339 1011 368 Ecclesia
1027 342 1062 369 sit
1076 342 1224 370 multorum
1242 351 1372 379 generum
1397 349 1424 372 et
1440 346 1588 374 multarum
1612 357 1678 384 gen-

890 389 969 422 tium,
985 389 1089 417 habens
1100 397 1181 417 suum
1194 398 1294 426 corpus
1310 395 1337 418 et
1352 392 1550 427 plenitudinem
1567 401 1601 421 ex
1621 396 1680 422 uni-

889 442 971 461 verso
985 443 1084 469 genere
1104 436 1177 471 quod
1195 441 1238 464 cst
1260 438 1312 465 sub
1336 437 1422 465 cmlo:
1447 439 1598 468 vindicavit
1624 442 1677 468 sibi

889 487 988 507 nomen
1011 482 1131 509 maxime
1162 483 1303 517 generale:
1326 484 1467 518 quomodo
1497 485 1542 512 illa
1568 494 1679 522 quoque

889 526 1022 553 terribilis
1034 532 1062 554 et
1071 528 1205 562 stupentia
1221 528 1307 556 bestia
1325 530 1398 564 apud
1424 530 1562 567 Danielem
1581 533 1602 565 ⁸⁵,
1618 542 1679 568 qua:

888 576 965 599 caret
989 572 1113 605 nomine,
1132 577 1160 601 et
1175 582 1230 601 non
1254 574 1336 602 habet
1357 576 1498 611 (tanquam
1513 577 1612 613 aliena)
1629 586 1679 604 uo-

888 625 951 646 men
965 619 1131 653 consistens,
1147 625 1290 654 propterea
1307 621 1378 656 quod
1402 622 1460 656 ipsa
1477 630 1587 658 quoque
1602 625 1679 658 prius

888 663 1026 691 describat
1048 672 1080 691 ae
1097 666 1194 700 ﬁguret
1216 673 1330 700 regnum
1355 666 1542 696 Romanorum
1558 674 1585 696 et
1600 670 1679 697 Chri-

888 706 1052 735 stianorum.
1069 708 1181 742 Oportet
1195 714 1286 737 autem
1301 715 1399 745 praeter
1412 711 1469 739 haec
1479 713 1570 740 omnia
1588 715 1681 740 advr-r-

888 757 961 785 tere,
985 755 1128 788 quoniodo
1153 755 1210 782 luet:
1246 756 1399 790 spiritualis
1433 758 1536 792 coujux
1565 759 1678 785 secundi

888 799 995 833 Adami,
1021 808 1036 827 a
1058 801 1188 828 deteriori
1207 802 1318 829 nomine
1336 802 1452 837 profecit
1476 803 1503 830 in
1525 804 1633 832 melius.
1650 804 1679 831 ln

887 846 1023 881 principio
1037 846 1110 873 enim
1129 851 1225 879 vocata
1241 852 1282 874 est
1300 847 1396 879 Costa.
1414 852 1440 876 et
1456 853 1529 876 secta
1548 857 1595 876 seu
1608 850 1679 876 divi-

888 899 934 918 sa:
957 892 1138 926 signiﬁcante,
1164 897 1193 920 ut
1213 894 1346 927 arbitror,
1372 895 1423 922 hac
1444 896 1632 930 ampulatione
1653 902 1680 924 et

891 939 1027 965 divisione
1042 939 1223 966 defectionem
1245 947 1259 966 a
1276 939 1332 967 Deo
1347 948 1408 975 quae
1423 947 1481 968 erat
1492 942 1517 969 ei
1536 948 1677 970 eventura.

893 984 993 1010 Deinde
1015 989 1075 1018 post
1099 984 1150 1011 hoc
1168 985 1300 1012 aediﬁcata
1321 989 1349 1012 et
1369 986 1396 1012 in
1425 986 1523 1014 melius
1539 988 1678 1014 excitata:

891 1034 1032 1063 propterea
1049 1030 1121 1064 quod
1131 1030 1164 1056 ad
1177 1030 1266 1056 virum
1283 1030 1422 1057 Christum
1440 1032 1678 1066 appropinquarit,

891 1075 1027 1110 appellata
1049 1081 1092 1102 est
1119 1075 1227 1102 mulier.
1257 1075 1402 1103 Postremo
1432 1081 1524 1104 autem
1554 1079 1677 1105 omnium

891 1120 1025 1155 appellata
1041 1125 1082 1148 est
1101 1120 1163 1148 Vita
1175 1143 1183 1154 ,
1204 1126 1235 1148 ut
1255 1130 1316 1155 qua:
1329 1130 1345 1149 a
1368 1127 1457 1150 morte
1482 1123 1632 1157 profecerit
1647 1125 1679 1152 ad

891 1167 986 1194 vitam.
1002 1165 1051 1194 Vir
1064 1172 1153 1194 autem
1169 1168 1230 1202 ejus
1249 1176 1303 1195 non
1324 1168 1373 1202 ita,
1390 1170 1436 1196 sed
1458 1177 1491 1196 ex
1508 1170 1613 1197 meliori
1631 1179 1680 1198 no-

891 1214 965 1241 mine
979 1214 1079 1248 accipit
1093 1215 1180 1249 pejus.
1198 1214 1225 1241 ln
1238 1215 1335 1249 primis
1359 1215 1432 1242 enim
1449 1216 1536 1243 Adam
1551 1225 1679 1251 magnum

891 1259 1024 1286 honorem
1042 1263 1069 1286 et
1083 1259 1196 1294 gloriam
1211 1260 1342 1294 adeptus,
1363 1265 1393 1288 ut
1410 1261 1457 1295 qui
1472 1261 1508 1288 sit
1527 1262 1682 1296 appellatus

891 1303 983 1339 imago
997 1308 1022 1332 et
1038 1304 1192 1332 similitudo
1211 1305 1276 1337 Dei;
1299 1305 1399 1333 deinde
1414 1311 1509 1340 postea
1530 1307 1681 1341 appellatus

889 1353 933 1377 est
952 1349 1053 1382 homo,
1081 1355 1108 1377 et
1132 1356 1225 1386 postea
1248 1359 1345 1379 rursus
1367 1351 1475 1379 Adam:
1496 1357 1523 1379 et
1542 1358 1682 1387 postremo

890 1395 1032 1429 omnium,
1059 1401 1150 1430 terra,
1177 1402 1207 1424 ut
1227 1405 1275 1432 per
1297 1397 1354 1424 haec
1378 1403 1473 1432 aperte
1490 1398 1629 1426 discamus
1656 1404 1682 1426 et

890 1442 1051 1470 erudiamur
1068 1450 1241 1477 quascunque
1254 1447 1320 1470 sunt
1335 1444 1362 1470 in
1381 1444 1560 1478 protoplasto,
1583 1445 1680 1472 referri

890 1486 924 1513 ad
949 1485 1034 1513 Evam
1058 1486 1228 1518 Ecclesiam.
1251 1492 1278 1515 et
1302 1488 1439 1516 Adamum
1457 1489 1610 1517 Christum.
1636 1491 1682 1518 Sic

890 1533 962 1560 enim
983 1541 1044 1560 cum
1063 1534 1090 1561 in
1106 1534 1240 1569 principio
1264 1539 1331 1561 esset
1348 1535 1475 1568 splendor
1501 1540 1527 1563 et
1543 1536 1682 1563 character

889 1578 1045 1606 substantia
1072 1579 1157 1614 ipsius
1168 1581 1177 1595 "
1199 1580 1245 1607 Dei
1260 1581 1466 1615 inaspectabilis
1476 1603 1483 1614 ,
1498 1583 1612 1616 seipsum
1625 1583 1681 1609 exi-

889 1623 990 1650 nanivit
1011 1624 1079 1650 servi
1099 1624 1214 1658 formum
1241 1626 1372 1659 accipiens
1396 1626 1418 1658 ⁸,
1443 1630 1473 1652 ιιι
1498 1626 1620 1654 Ecclesia
1645 1635 1680 1655 ex

888 1668 1063 1696 mendicitate
1083 1669 1222 1696 diceretur
1243 1670 1315 1697 vita:
1338 1670 1363 1697 id
1385 1670 1500 1702 ell‘ecta,
1526 1677 1553 1699 et
1568 1680 1600 1699 ex
1619 1672 1681 1707 ipso

878 1714 1048 1747 nominata,
1071 1717 1097 1741 et
1120 1715 1146 1742 in
1171 1715 1242 1742 libro
1264 1716 1415 1744 viventium
1438 1718 1584 1746 collocata.
1610 1719 1678 1747 Nam

888 1760 962 1794 quod
977 1761 1010 1787 ad
1027 1761 1147 1796 reliquas
1163 1761 1229 1789 ﬁdes
1244 1763 1340 1790 attinet
1353 1783 1360 1793 .
1385 1764 1419 1790 de
1437 1764 1477 1791 eis
1501 1765 1603 1792 dictum
1619 1771 1678 1794 est:

889 1805 1032 1833 Delectatur
1040 1807 1072 1834 de
1083 1807 1152 1834 libro
1167 1809 1317 1842 virentium,
1328 1809 1447 1837 ﬁliorum
1465 1811 1570 1839 scilicet
1585 1812 1680 1840 Eccle-

889 1852 947 1883 si.e,
964 1853 1061 1880 matris
1080 1854 1241 1887 viventium,
1267 1861 1295 1882 et
1315 1864 1373 1882 eum
1384 1857 1468 1890 justi:
1489 1866 1540 1885 non
1556 1859 1679 1886 scriban-

889 1904 934 1925 tur
945 1899 966 1926 ’.
983 1899 1095 1933 lnjustae
1107 1900 1178 1926 enim
1196 1905 1262 1927 sunt
1277 1909 1338 1935 quae
1356 1901 1442 1928 Deum
1459 1909 1637 1937 negaverunt,
1653 1911 1680 1931 et

889 1945 1020 1979 injustam
1045 1945 1175 1973 Satanam
1208 1946 1366 1981 elegerunt:
1391 1947 1433 1974 cui
1459 1948 1543 1975 etiam
1573 1950 1678 1976 cultum

889 1999 938 2025 per
962 1991 1032 2018 idola
1063 1992 1194 2018 exhibere
1225 1993 1404 2026 praetulerunt
1429 1994 1524 2021 relicta
1546 1994 1677 2022 Ecclesia.

888 2036 954 2070 Qua:
971 2037 1081 2071 quidem
1100 2041 1129 2063 ut
1144 2037 1207 2063 ﬁliis
1222 2037 1375 2070 abundans,
1388 2043 1415 2065 et
1432 2046 1503 2072 saepe
1516 2039 1637 2073 pariens.
1649 2045 1678 2066 et

889 2082 1009 2110 fecunda
1023 2083 1118 2110 sobole
1129 2102 1136 2113 ,
1151 2087 1178 2109 et
1196 2084 1296 2111 multas
1319 2084 1422 2111 habens
1438 2092 1571 2119 personas
1582 2105 1589 2116 ,
1615 2087 1677 2112 uni-

887 2128 994 2155 versale
1009 2128 1051 2163 (ut
1072 2128 1108 2155 ita
1126 2129 1226 2163 dicam)
1249 2129 1330 2156 habet
1347 2137 1460 2163 nomen,
1475 2131 1548 2158 sicut
1561 2135 1604 2159 est
1622 2131 1678 2158 vita

888 2173 1062 2202 universalis.
1079 2173 1143 2208 Ejus
1158 2179 1250 2200 autem
1272 2175 1312 2201 vir
1329 2174 1455 2203 Christus
1472 2197 1480 2209 ,
1512 2181 1543 2204 ut
1566 2177 1612 2211 qui
1636 2183 1678 2205 est

887 2220 1057 2254 unigenitus,
1070 2224 1097 2247 et
1111 2229 1192 2247 unam
1209 2222 1312 2248 habens
1323 2229 1482 2256 personant,
1505 2231 1566 2250 cum
1585 2225 1621 2250 sit
1634 2224 1677 2250 in-

38 2279 99 2299 esse
112 2275 235 2298 matrem
249 2270 430 2305 angelomm':
447 2277 509 2296 nam
529 2269 566 2296 illi
581 2270 663 2296 etiam
683 2269 830 2303 plusquam

888 2265 1016 2292 dividuus
1029 2286 1036 2298 ,
1059 2266 1143 2293 unius
1164 2273 1287 2300 personat
1311 2267 1486 2301 hypostatico
1509 2268 1621 2296 nomine
1637 2274 1678 2297 est

40 2325 89 2345 nos
101 2321 171 2344 sunt
185 2316 319 2343 viventes.
334 2315 404 2348 Quid
420 2315 505 2349 ergo?
521 2315 629 2350 inquit:
643 2315 764 2342 Ecclesia
778 2319 834 2342 est-

40 2371 72 2390 ne
87 2364 176 2390 etiam
192 2366 281 2389 mater
292 2360 474 2395 angelorum?
490 2360 670 2395 Nequaquam
683 2369 690 2397 ἱ
706 2361 753 2387 sed
767 2359 834 2395 quo-

40 2410 113 2436 niam
132 2409 177 2435 vir
194 2407 255 2442 ejus
271 2412 313 2434 est
331 2415 427 2434 eorum
443 2411 563 2439 creator,
589 2406 737 2441 adoptione
750 2406 832 2433 etiam

39 2455 139 2481 dicitur
151 2461 250 2480 eorum
263 2452 510 2485 mater.Quoniam
519 2452 593 2486 ipsos
608 2452 689 2479 etiam
702 2451 765 2478 l‘ecit
774 2452 834 2486 ejus

39 2499 297 2527 administratorios
320 2498 455 2533 spiritus,
473 2498 522 2531 qui
540 2498 683 2524 mittuntur
699 2497 733 2524 ad
754 2498 835 2524 mini-

39 2547 152 2573 uerium
169 2546 193 2577 ',
209 2545 244 2572 ad
261 2552 322 2572 eam
341 2549 369 2571 et
383 2552 431 2579 pro
446 2551 490 2576 eo,
502 2543 616 2578 Oportet
631 2544 703 2570 enim
716 2551 764 2570 eos
778 2552 836 2570 ser-

39 2592 96 2620 vire
127 2592 268 2626 adoptiva:
292 2591 372 2619 matri
396 2595 424 2618 et
445 2590 567 2627 conjugi.
582 2590 633 2617 viri
655 2590 716 2624 ejus
735 2594 762 2616 et
787 2589 834 2616 Dei

39 2638 178 2673 ipsorum.
196 2636 274 2664 Unde
288 2644 350 2664 cum
363 2637 455 2663 omnia
468 2636 608 2663 contineat
622 2641 649 2663 et
662 2636 745 2666 vivat.
765 2635 836 2664 Deus

39 2683 173 2719 imposuit
183 2683 210 2710 ei
225 2689 324 2709 nomen
343 2682 462 2708 maxime
474 2682 601 2716 generale
614 2686 642 2709 ct
653 2682 833 2716 comprehen-

39 2731 125 2758 dens:
142 2736 206 2756 eam
222 2728 363 2762 appellans
375 2728 478 2760 vitam;
494 2727 630 2761 siquidem
647 2727 699 2754 vita
724 2735 776 2753 non
791 2732 832 2754 est

39 2783 140 2803 nomen
156 2774 320 2810 personale,
342 2774 390 2801 sed
414 2773 512 2800 unicus
532 2777 559 2801 et
580 2773 828 2808 comprehendens.

72 2877 81 2890 ²
97 2876 201 2904 lJoan.
214 2883 251 2905 xu,
265 2875 320 2907 ‘25-,
340 2858 396 2904 inv.
413 2872 439 2900 ϐ.
461 2874 470 2889 ³
482 2869 549 2901 Gen.
580 2881 620 2904 Ill.
639 2873 685 2901 20.
723 2873 852 2903 ‘Coloss.

40 2921 59 2946 ι,
73 2912 102 2940 ὃ.
139 2911 150 2927 ⁸
168 2910 286 2944 Philipp.
301 2917 330 2940 ιι,
345 2910 370 2936 ti.
410 2910 419 2923 ³
434 2908 506 2935 Psal.
521 2916 615 2940 vanl,
633 2908 678 2935 9.9.

887 2310 1057 2337 nominatus.
1068 2310 1157 2345 Atque
1167 2315 1289 2344 poteram
1302 2311 1413 2346 quidem
1430 2312 1475 2339 hic
1486 2321 1597 2348 quoque
1613 2322 1679 2341 con-

887 2356 1000 2383 tendere
1021 2356 1154 2384 adversus
1179 2355 1404 2392 Samaritanum;
1423 2359 1469 2386 sed
1487 2361 1509 2386 si
1526 2361 1611 2387 multa
1632 2361 1677 2388 di-

887 2409 958 2434 cam,
975 2402 1060 2429 timeo
1082 2402 1236 2430 satietatem
1255 2403 1425 2430 auditorum.
1445 2403 1505 2438 lpse
1527 2405 1600 2432 enim
1614 2413 1678 2433 cor-

887 2447 1007 2482 poralem
1030 2448 1127 2475 Adami
1152 2457 1264 2477 uxorem
1279 2449 1374 2477 dicens
1393 2455 1421 2477 et
1444 2451 1600 2485 intelligens
1615 2459 1677 2479 esse

887 2499 1000 2521 matrem
1012 2495 1135 2522 omnium
1148 2495 1312 2528 viventium,
1333 2497 1488 2524 necessario
1507 2498 1550 2525 vel
1576 2498 1677 2525 invitus

885 2540 986 2567 l'atctur
1001 2549 1064 2568 esse
1081 2542 1202 2569 viventes
1215 2543 1322 2574 animas
1339 2543 1498 2570 hominum:
1521 2544 1564 2571 sin
1585 2550 1676 2572 autent

885 2586 952 2614 dicit
963 2587 1124 2621 morientes,
1151 2589 1236 2616 Deum
1270 2590 1391 2617 ostendit
1415 2598 1476 2617 esse
1504 2591 1676 2618 mendacem.

885 2632 945 2659 Non
972 2633 1029 2667 jam
1051 2634 1189 2663 invenitur
1219 2637 1317 2662 mulier
1336 2641 1426 2663 mater
1451 2637 1602 2664 viventium
1629 2637 1676 2664 sed

887 2688 1074 2716 mortuorum,
1101 2683 1133 2709 ad
1158 2682 1366 2709 similitudinem
1384 2683 1585 2717 jumentorum.
1608 2683 1677 2710 Nam

887 2729 958 2762 quod
976 2729 1074 2756 attinet
1090 2728 1124 2756 ad
1146 2728 1367 2760 Samaritanum,
1390 2733 1418 2756 el.
1443 2730 1520 2756 canis
1543 2733 1571 2755 et
1597 2729 1675 2754 asina

884 2774 940 2809 jam
965 2780 1031 2802 sunt
1053 2781 1156 2803 matres
1188 2775 1313 2802 omnium
1343 2775 1514 2803 viventium:
1538 2774 1674 2808 siquidem

882 2883 922 2908 Ill,
940 2877 966 2904 5.
1007 2877 1108 2905 3llchr.
1122 2879 1196 2910 |,l/t.
1235 2879 1244 2893 "
1259 2878 1326 2906 Dan.
1353 2887 1400 2910 vn,
1425 2879 1433 2905 l
1452 2885 1527 2912 seqq.
1568 2879 1576 2893 τ
1590 2877 1674 2905 llubr.
