1978 3185
324 197 394 229 10ϐ3

919 198 948 228 S-
969 199 1168 229 ANASTASII
1190 199 1354 230 SINAlTrE

1877 202 1940 234 mn

317 245 467 267 revertens.
490 240 620 274 Equidem
638 248 671 268 ex
689 248 772 269 carne
798 247 824 270 et
841 243 972 278 paradiso
992 245 1099 279 genitus

1153 245 1197 271 τὸν
1218 246 1337 281 τρόπον·
1365 246 1381 280 ἡ
1411 245 1461 280 μὲν
1493 246 1547 281 γὰρ
1576 246 1644 282 γυνὴ
1667 246 1705 279 ὡς
1729 247 1761 279 ἐκ
1783 246 1829 274 τοῦ
1853 248 1941 282 avem,-

316 287 403 313 Adam
424 287 550 314 Christus
575 287 636 314 caeli
660 288 727 315 civis
746 288 837 316 nudus
861 290 1002 324 ingressus
1017 296 1059 318 est
1076 292 1105 319 in

317 332 475 366 paradisum
491 338 518 359 et
541 334 568 360 in
590 335 673 361 vitam
693 334 773 361 istam
788 335 834 362 ubi
850 343 913 363 vere
928 337 954 364 in
979 338 1105 365 salutife—

318 377 604 412 ramcxstasinraptus
616 383 669 410 est,
685 387 734 414 per
748 387 829 414 quant
845 382 982 415 propriam
994 382 1046 409 sibi
1058 390 1105 410 so-

317 421 405 448 dalem
426 423 575 451 Ecclesiam
599 424 714 458 genuit,
739 425 820 460 eique
847 426 957 460 penitus
989 427 1106 456 adhaesit

317 475 379 502 qua:
393 476 454 495 sese
470 468 505 496 ad
531 469 607 497 illum
629 471 743 505 pulchre
768 473 925 505 convertit,
959 478 986 500 et
1012 474 1047 500 ah
1072 482 1104 502 ea

318 515 425 549 accepit
437 515 528 542 omnia
544 524 605 550 qua;
618 516 728 544 fuerant
742 517 769 544 io
782 525 824 550 ea,
840 526 939 553 nempe
952 519 1105 547 manduca-

318 559 433 591 tionem,
444 562 581 595 exsilium,
594 566 739 596 terrorem,
752 565 958 598 contumeliam,
974 567 1105 594 maledic-

319 605 421 632 tionetn
433 616 438 632 :
452 607 607 636 maledictio
621 609 693 636 enim
704 609 793 637 factus
809 615 861 643 est,
873 619 969 646 nempe
984 613 1105 646 pendens

318 650 346 676 in
360 650 452 685 ligno:
471 653 659 687 mulationem,
677 655 888 683 occultationem
901 664 954 691 qua
969 657 995 684 in
1008 657 1105 686 inferis

317 697 470 724 occultatus
493 703 534 725 est
558 706 621 725 cum
640 699 714 734 ligno
732 701 822 728 crucis
843 700 909 736 (21).
927 701 1017 735 Quare
1034 702 1105 732 Deus

319 740 394 766 illum
416 749 518 769 vocans
542 750 574 769 ex
599 745 784 772 occultatione
809 745 853 772 illa
870 747 971 774 .ednxit
991 755 1054 774 enm
1078 753 1106 776 et

316 787 443 813 excitavit
466 787 672 824 incorruptione
688 791 915 819 circumvolutum
938 801 1020 828 supra
1046 795 1105 829 pal-

317 831 385 858 lium
401 832 465 859 illud
479 834 656 869 corruptibile
665 843 698 861 ex
716 836 819 862 semine
835 836 942 864 Davidis
953 839 1104 866 secundum

317 883 446 908 carnem,
475 882 631 911 terrenum,
664 880 771 906 fenenm
801 885 829 908 et
854 883 982 915 carnale,
1012 884 1104 911 tunica

315 922 520 958 ineorruptibili
542 925 755 959 circumdatum,
776 931 888 959 aterna,
909 929 1012 961 divina.
1029 931 1105 957 etab

316 968 375 1003 ipso
398 969 452 996 Deo
471 970 588 1006 desuper
609 976 691 1004 texta,
725 973 873 1000 immortali
899 975 947 1010 ipsi
969 977 1104 1011 acquisita

316 1017 346 1039 ιιι
359 1013 557 1042 indissolubilis
574 1023 645 1043 esset
657 1025 712 1051 pra:
729 1018 812 1052 priori
831 1019 877 1046 illa
894 1027 975 1054 quam
988 1028 1002 1048 c
1018 1020 1103 1049 Maria

314 1057 430 1093 Deipara
459 1061 548 1088 induit
572 1064 769 1091 transformato
792 1070 818 1092 et
839 1066 956 1093 solidato
979 1075 1102 1102 corpore,

315 1112 400 1138 quare
417 1111 478 1140 post
503 1108 633 1134 amictum
653 1110 728 1135 illum
755 1111 854 1138 tunicre
877 1112 1101 1148 incorruptionis,

314 1151 444 1183 quoniam
464 1152 634 1186 impossibile
648 1160 708 1182 erat
719 1163 780 1182 eum
795 1157 821 1182 in
838 1158 940 1184 caduca
955 1163 980 1185 et
995 1160 1102 1186 mortali

313 1196 370 1223 vita
387 1198 437 1224 ista
452 1198 555 1226 diutius
578 1200 729 1231 immorari,
755 1201 826 1230 Deus
841 1211 903 1230 eum
925 1204 962 1231 ita
977 1197 1101 1232 indutum

313 1243 419 1276 accepit
440 1243 465 1269 in
483 1245 610 1277 paradiso
633 1245 773 1278 Ecclesiae,
790 1256 850 1274 nam
865 1257 880 1275 e
897 1251 1008 1284 regione
1026 1256 1103 1278 terra:

312 1288 412 1315 coelum
438 1290 616 1324 conspicitur,
642 1298 670 1319 ιιι
694 1299 853 1327 operaretur
875 1300 972 1322 terram
995 1303 1029 1323 ex
1047 1304 1103 1331 qua

312 1338 439 1367 sumptus
468 1340 494 1362 et
519 1341 663 1371 susceptus
692 1344 743 1368 est,
770 1339 795 1366 id
823 1345 875 1373 est,
905 1346 935 1368 ut
960 1350 1026 1369 cura
1051 1351 1101 1371 sua

312 1384 398 1411 genus
415 1378 563 1406 humanum
580 1380 614 1407 ab
630 1382 703 1408 omni
724 1383 796 1410 malo
815 1384 870 1419 (2‘2)
888 1386 1053 1419 custodiret,
1075 1392 1103 1415 et

310 1422 468 1451 ﬂammeum
485 1425 604 1460 gladium
626 1432 652 1454 et
667 1429 823 1456 versatilem
841 1430 873 1457 ad
894 1433 1100 1460 custodiendam

310 1467 384 1494 viam
404 1468 468 1504 ligni
488 1470 560 1497 vitae.
578 1469 717 1498 Cherubim
735 1475 881 1508 exponitur
904 1476 1047 1504 multitudo
1061 1487 1102 1504 το-

311 1513 462 1546 gnitionis;
479 1516 599 1550 cognitio
621 1522 713 1543 autem
733 1522 774 1545 est
794 1518 860 1546 ﬁdes
879 1520 984 1548 sincera
1007 1527 1034 1549 et
1056 1523 1100 1557 pia

311 1557 379 1585 ﬁdes
400 1558 426 1585 in
443 1558 585 1587 Christum
604 1569 686 1596 quam
709 1562 780 1589 Deos
802 1565 899 1591 statuit
917 1569 944 1591 cl.
965 1567 1102 1595 ordinavit
1115 1581 1135 1609 ρ

311 1603 493 1631 utincessnm
512 1610 635 1632 nostrum
655 1612 681 1632 ει
695 1607 721 1633 in
742 1608 823 1634 haece
843 1609 897 1635 vita
915 1610 1048 1637 curricula
1066 1611 1101 1638 ab

311 1655 404 1675 errore
420 1654 555 1683 tueretur;
570 1650 671 1685 lignum
686 1656 775 1685 autem
789 1652 844 1688 (23)
857 1653 976 1689 intellige
991 1662 1099 1682 omnem

312 1694 440 1727 populum
470 1694 583 1728 Christi,
616 1697 698 1723 vitam
726 1702 816 1724 autem
841 1699 1009 1733 Ecclesiam;
1041 1701 1099 1735 ipsa

311 1740 382 1765 enim
398 1744 438 1767 est
456 1748 538 1774 quam
556 1743 639 1769 vitam
662 1744 782 1777 vocatit,
799 1750 829 1772 ut
845 1750 960 1772 matrem
976 1747 1098 1774 omnium

311 1786 336 1812 in
358 1786 412 1813 Deo
432 1787 594 1819 viventium,
614 1797 695 1824 quam
726 1791 753 1817 in
778 1796 909 1819 mtcrnnm
934 1800 948 1819 a
974 1797 1100 1828 serpente

310 1832 470 1859 custodiunt
492 1833 640 1862 Cherubim
671 1840 698 1863 et
728 1836 871 1872 Seraphim
901 1843 928 1865 et
956 1837 1099 1866 ﬂammeus

308 1877 415 1909 gladius
438 1878 484 1913 qui
508 1883 534 1906 et
552 1879 610 1913 ipse
631 1885 673 1906 est
700 1889 790 1908 sermo
812 1881 869 1909 Dei.
893 1882 1000 1919 Etenim
1027 1883 1098 1912 Deus

309 1927 403 1949 noster
416 1923 487 1958 ignis
499 1932 664 1952 consumens
678 1930 729 1953 est.
741 1926 899 1954 Versatilem
913 1933 1003 1954 autent
1021 1929 1096 1956 illum

308 1969 374 1995 dicit
402 1970 482 2004 quasi
510 1970 659 1998 Eeclesiam
683 1972 911 2008 circumtegeutem
942 1975 1018 2010 (2.5),
1040 1981 1096 2002 tum

307 2015 389 2042 etiam
411 2017 490 2051 quasi
507 2025 522 2044 ε
541 2018 612 2045 ctelo
632 2017 810 2047 verbum'Dei
832 2021 856 2046 in
877 2021 1027 2048 Ecelesiam
1044 2028 1097 2049 tra-

308 2061 459 2089 mittentem
479 2070 541 2097 quae
556 2063 583 2089 in
596 2072 659 2092 eum
676 2065 757 2092 unice
774 2067 905 2100 respicit:
932 2067 1011 2095 Vivus
1028 2069 1096 2094 enim

307 2112 437 2133 estsermo
451 2107 510 2139 Dei,
524 2114 547 2135 et
561 2110 661 2144 e/ﬁcax,
678 2115 702 2137 et
716 2113 906 2144 penetrabilior
919 2114 990 2140 omni
1007 2114 1097 2149 gladio

303 2152 430 2186 ancipiti,
449 2157 478 2179 nt
504 2154 542 2180 ait
560 2154 661 2182 Paulus
677 2154 810 2191 LQnippe
825 2158 897 2184 sicut
915 2157 1000 2186 Filius
1018 2160 1096 2187 nobis

309 2197 352 2224 Via
367 2198 453 2225 estad
469 2199 587 2232 Patrem,
598 2200 706 2228 dicens:
718 2202 773 2237 Ego
786 2211 843 2229 sum
858 2206 901 2230 via
914 2209 944 2237 ππ,
961 2205 1001 2232 sic
1012 2205 1094 2238 etiam

1156 291 1337 326 προελθοῦσα,
1356 291 1426 327 πρὸς
1439 291 1486 318 τὸν
1509 292 1610 319 οἰκεῖον
1635 293 1787 329 γεννήτορα
1805 293 1857 329 τὴν
1882 295 1940 322 ἀπο-

1157 335 1278 370 στροφὴν
1302 335 1398 371 ἔσχεν·
1425 337 1439 363 ὁ
1454 336 1483 363 δὲ
1501 336 1572 372 ἀνὴρ
1599 338 1613 363 ὁ
1635 338 1668 364 ὲκ
1692 338 1794 374 πατρὸς
1808 340 1940 375 προελθὼν

1157 381 1225 416 πρὸς
1241 381 1285 407 τὸν
1306 381 1372 408 ῐδιον
1387 381 1493 416 πατέρα
1508 382 1557 417 τὴν
1583 382 1711 409 ἀνάλυσιν
1737 383 1791 417 (25)
1820 384 1877 411 ἀπὸ
1899 385 1940 418 γίς

1156 426 1316 461 ἐποιήσατο,
1342 427 1456 458 ἕκαστος
1476 427 1567 454 αὐτῶν
1591 428 1660 462 πρὸς
1683 429 1733 462 τὴν
1755 428 1824 455 ἰδίαν
1850 431 1941 463 conﬁ-

1156 479 1231 498 νειαν
1246 470 1403 498 ἐπανελθὼν
1418 472 1465 498 καὶ
1478 472 1528 507 τὴν
1546 472 1674 506 πατρίδα.
1701 473 1737 500 Ἦ
1753 474 1802 508 μὲν
1815 474 1872 509 γὰρ
1888 483 1941 509 σαρ-

1157 517 1273 551 κογενὴς
1301 516 1349 543 καὶ.
1382 517 1615 553 παραδεισογενὴς
1649 518 1698 544 καὶ
1732 519 1941 554 οὺρανοπολίτης

1163 561 1248 597 ’Λδὰμ
1265 561 1383 596 Χριστὸς
1405 562 1512 596 είσῆλθε
1530 563 1579 598 μὲν
1601 563 1706 598 γυμνὸς
1722 564 1789 597 Θεὸς
1808 566 1838 592 ἐν
1857 574 1940 600 παρα-

1155 607 1238 642 δείσῳ
1252 607 1300 634 καὶ
1317 606 1366 642 βίῳ
1379 607 1418 642 τῷ
1438 607 1542 640 ἐνθάδε,
1559 609 1607 635 καὶ
1622 609 1719 645 ἐξέστη
1740 611 1884 646 ἀτρέπτως
1898 612 1941 646 τὴν

1158 653 1291 689 σωτήριον
1308 653 1391 680 αὑτοῦ
1413 654 1554 687 ἔκστασιν,
1574 655 1609 681 δι’
1623 652 1657 691 ἧς
1680 656 1731 691 τὴν
1751 657 1857 684 οίκείαν
1879 658 1941 693 σύμ-

1156 698 1214 726 ϐιον
1247 699 1410 734 Ἐκκλησίαν
1435 700 1530 727 τέτοκε
1554 701 1600 727 καὶ
1626 702 1832 738 προσεκολλήθη
1858 704 1939 740 ταύτῃ

1157 745 1347 780 σαρκωοέντος
1366 746 1561 782 ὐποστρεψάσῃ
1579 747 1647 784 πρὸς
1670 748 1752 774 αὑτὸν
1774 749 1876 782 καλῶς,
1898 753 1939 776 καὶ

1156 791 1300 823 ἀνεδέξατο
1317 792 1407 819 πάντα
1421 792 1454 818 τὰ
1471 793 1501 819 ἐν
1518 793 1600 828 αὐτῇ,
1625 793 1674 829 τὴν
1691 794 1803 828 βρῶσιν,
1821 796 1873 830 τὴν
1895 805 1938 830 φυ-

1157 837 1219 872 γὴν,
1243 838 1293 872 τὴν
1312 837 1402 873 ὓϐριν,
1430 838 1480 874 τὴν
1505 840 1646 875 κατάραν·
1673 840 1820 876 γενόμενος
1841 842 1937 877 κατάρα

1156 881 1193 912 ὡς
1209 883 1377 917 κρεμασθεὶς
1392 884 1437 910 ἐπὶ
1455 883 1545 916 ξύλου,
1560 885 1610 920 τὴν
1629 885 1780 920 γύμνωσιν,
1794 887 1844 919 τὴν
1859 888 1936 914 κατά-

1157 928 1307 963 κρυψινὴν
1326 929 1355 954 ἐν
1379 929 1417 964 τῷ
1442 929 1492 965 ᾄδῃ
1516 929 1620 966 ἐκρύϐη
1640 930 1709 965 μετὰ
1733 931 1779 957 τοῦ
1803 931 1882 964 ξύλου
1897 932 1936 958 τοῦ

1158 975 1285 1009 σταυροῦ.
1306 976 1351 1001 Διὸ
1372 976 1419 1002 καὶ
1439 976 1555 1008 καλέσας
1570 976 1651 1004 αὑτὸν
1663 977 1677 1003 ὁ
1692 977 1757 1009 Θεὸς
1776 978 1809 1003 ἐκ
1831 979 1880 1013 τῆς
1894 988 1935 1005 κα-

1156 1020 1318 1055 τακρύψεως
1339 1021 1446 1057 ἐκείνης
1461 1021 1578 1057 ἐξήγαγε
1605 1024 1651 1050 καὶ
1673 1024 1840 1059 ἀνέστησεν·
1855 1026 1935 1059 ἐπαμ-

1157 1067 1304 1100 φιασθέντα
1316 1069 1348 1102 τῇ
1366 1067 1504 1103 ἀφθαρσίᾳ
1516 1068 1564 1095 ἐπὶ
1575 1068 1622 1095 τοῦ
1635 1069 1826 1105 περιζώματος
1840 1071 1933 1097 ἐκείνου

1155 1111 1201 1136 τοῦ
1219 1111 1339 1146 φθαρτοῦ
1353 1112 1400 1138 τοῦ
1415 1113 1447 1138 ὲκ
1461 1113 1618 1149 σπέρματος
1636 1114 1719 1141 Δαὸὶδ
1732 1115 1809 1147 ὄντος
1827 1115 1858 1142 τὸ
1874 1116 1934 1142 κατὰ

1157 1158 1256 1191 σάρκα,
1283 1157 1374 1192 χοϊκοῦ
1410 1158 1456 1184 καὶ
1481 1159 1659 1193 χορτογενοῦς
1686 1160 1819 1195 σαρκικοῦ
1843 1162 1934 1196 χιτῶνα

1155 1203 1258 1236 ἄφατον
1283 1203 1482 1238 περιθεμένου·
1507 1204 1658 1240 ἄφθαρτον,
1688 1207 1812 1242 στερρὸν,
1838 1207 1935 1233 θεότεν-

1155 1257 1229 1280 κτον,
1246 1249 1278 1274 ὲκ
1291 1248 1339 1274 τοῦ
1354 1249 1456 1275 ἄνωθεν
1472 1249 1539 1276 Θεοῦ
1555 1250 1673 1284 ὑφαντόν
1684 1259 1691 1267 ·
1709 1251 1844 1279 ἀθάνατον
1865 1261 1935 1287 μετα-

1155 1294 1302 1329 ποιηθέντα
1321 1294 1405 1329 αὐτῷ,
1425 1296 1464 1327 εἰς
1479 1296 1621 1322 ἀδιάλυτον
1639 1297 1710 1333 ὑπὲρ
1725 1297 1772 1324 τὸν
1791 1298 1934 1334 πρότερον·

1153 1339 1167 1365 ὃ
1189 1340 1211 1365 δ’
1228 1337 1261 1374 ἦν
1279 1341 1310 1366 ὲκ
1332 1340 1442 1374 Μαρίας
1468 1341 1516 1375 τῆς
1535 1341 1668 1368 Θεοτόκου
1696 1343 1841 1370 ἐνεδύσατο
1863 1343 1935 1378 σῶμα

1155 1385 1360 1420 μετασκευάσας
1374 1387 1420 1412 καὶ
1435 1386 1589 1422 περεὼσας
1600 1395 1607 1402 ·
1625 1387 1667 1414 διὸ
1681 1389 1752 1421 μετὰ
1775 1389 1824 1424 τὴν
1838 1389 1934 1417 ἔνδυσιν

1152 1429 1199 1456 τοῦ
1216 1430 1328 1465 χιτῶνος
1338 1430 1388 1465 τῆς
1402 1431 1568 1466 ἀφθαρσίας,
1581 1432 1643 1459 ἐπεὶ
1659 1432 1790 1460 ἀδύνατον
1802 1431 1838 1469 ἦν
1851 1435 1935 1469 ἐγχρο-

1153 1476 1236 1508 νίζειν
1261 1476 1342 1503 αύτὸν
1355 1476 1529 1512 ἐνδεδυμένον
1551 1478 1597 1505 τὸν
1617 1479 1772 1507 εἰσελθόντα
1788 1481 1818 1506 ἐν
1835 1481 1873 1516 τῷ
1892 1489 1934 1506 πα-

1155 1522 1270 1557 ραδείσῳ
1286 1523 1335 1558 τῆς
1363 1523 1543 1559 Ἐκκλησίας·
1570 1526 1715 1554 κατέναντι
1739 1528 1793 1564 γὰρ
1816 1527 1867 1564 τῆς
1889 1529 1933 1562 γῆς

1153 1568 1270 1602 ὑπάρχει
1285 1569 1298 1594 ὁ
1316 1568 1440 1603 οὐρανὸς,
1453 1571 1617 1606 ἐργάζεσθαι
1634 1572 1714 1598 αὑτὸν
1727 1572 1776 1608 τὴν
1790 1574 1843 1608 γῆν
1860 1574 1887 1607 ἐξ
1904 1571 1933 1608 ἧς

1154 1613 1257 1647 ἐλήφθη
1270 1614 1317 1640 καὶ
1330 1614 1478 1650 ἀνελήφθη·
1489 1616 1561 1644 τοῦτ’
1571 1617 1628 1644 ἐστι
1642 1619 1672 1645 τὸ
1684 1619 1855 1655 ἀνθρώπινον
1865 1619 1932 1654 γένος

1154 1659 1297 1693 συντηρεῖν
1319 1660 1352 1694 τῇ
1376 1659 1459 1687 αὐτοῦ
1487 1662 1636 1698 κηδεμονίᾳ
1655 1663 1741 1690 κακοῦ
1767 1664 1880 1691 παντίου
1903 1665 1932 1690 τὰ

1156 1703 1308 1739 Χερουϐὶμ,
1320 1705 1366 1731 καὶ
1382 1705 1431 1740 τὴν
1442 1706 1572 1742 φλογίνην
1586 1709 1724 1743 ῥομφαίαν
1737 1709 1883 1742 φυλάσσειν
1891 1710 1931 1741 τὴν

1151 1748 1210 1774 ὁδὸν
1232 1748 1279 1775 τοῦ
1300 1749 1380 1783 ξύλου
1397 1751 1446 1786 τῆς
1470 1750 1554 1786 ζωῆς.
1578 1753 1725 1787 Χερουϐὶμ
1747 1754 1921 1788 ἑρμηνεύεται

1150 1792 1268 1827 ,πλῆθος
1290 1794 1444 1829 γνώσεως·
1463 1796 1564 1830 γνῶσις
1581 1797 1610 1823 δέ
1636 1798 1710 1824 ἐστιν
1733 1797 1835 1833 ἀληθὴς
1861 1799 1876 1833 ὴ
1899 1799 1932 1829 εἰς

1150 1839 1216 1866 Θεὸν
1231 1841 1309 1875 ὴμῶν
1323 1841 1377 1868 τῶν
1393 1842 1496 1868 πιστῶν
1512 1842 1626 1878 εὐσεϐὴς
1640 1843 1742 1875 πίστις,
1758 1844 1854 1873 ἥντινα
1877 1853 1931 1870 συν-

1150 1885 1227 1918 έταξε
1255 1887 1302 1913 καὶ
1325 1887 1423 1923 ὥρισεν
1446 1889 1460 1914 ὁ
1484 1888 1549 1920 Θεὸς
1576 1889 1720 1924 φυλάττειν
1743 1890 1862 1925 ἀπλανῆ,
1880 1891 1932 1925 ἦτοι

1148 1932 1197 1967 τὴν
1222 1933 1348 1968 πάροδον,
1366 1934 1414 1960 καὶ
1428 1934 1477 1970 τὴν
1501 1935 1530 1961 ὲν
1550 1935 1617 1970 τῷδε
1634 1936 1674 1971 τῷ
1695 1936 1745 1972 βίῳ
1763 1937 1842 1972 ἡμῶν
1861 1937 1930 1963 ὀδόν·

1149 1979 1245 2010 ξύλον
1266 1979 1292 2006 δὲ
1309 1980 1405 2015 νόησον
1422 1981 1482 2007 ὅλον
1496 1981 1541 2008 τὸν
1563 1982 1628 2010 λαὸν
1643 1983 1690 2010 τοῦ
1710 1983 1848 2018 Χριστοῖν
1867 1983 1931 2018 ζωὴν

1148 2023 1176 2049 δὲ
1192 2024 1242 2059 τὴν
1262 2025 1514 2061 Ἐκκλησίαν-αὐτὴ
1527 2028 1581 2063 γάρ
1599 2029 1659 2055 ἐστι
1674 2030 1707 2065 ἢν
1726 2029 1840 2058 ἐκάλεσε
1854 2029 1931 2064 ζωὴν,

1147 2068 1185 2100 ὡς
1203 2070 1308 2105 μητέρα
1325 2069 1409 2098 οὖσαν
1431 2072 1540 2100 πάντων
1554 2073 1613 2104 τῶν,
1633 2075 1663 2101 ἐν
1684 2074 1744 2110 Θεῷ
1759 2075 1886 2107 ζώντων⁹
1902 2077 1931 2109 ἢν

1148 2115 1187 2146 είς
1201 2115 1246 2141 τὸν
1259 2116 1345 2143 αἰῶνα
1362 2117 1542 2150 φυλάττουσιν
1559 2119 1592 2146 ὲκ
1605 2120 1652 2146 τοῦ
1670 2120 1757 2154 ὄφεως
1780 2121 1814 2148 τὰ
1838 2122 1930 2156 Χερου-

1148 2160 1206 2195 6ὶμ,
1224 2161 1270 2187 καὶ
1287 2161 1322 2187 τὰ
1336 2162 1471 2198 Σεραφὶμ,
1494 2164 1540 2191 καὶ
1560 2165 1576 2200 ὴ
1591 2165 1706 2201 φλογίνη
1728 2166 1862 2201 ῥομφαία,
1876 2166 1930 2200 ἥτις

1147 2206 1221 2232 ἐστὶν
1235 2207 1250 2232 ὁ
1267 2204 1347 2240 λόγος
1362 2207 1408 2233 τοῦ
1425 2208 1504 2236 Θεοῦ.
1525 2209 1553 2236 ὐ
1571 2211 1625 2245 γὰρ
1643 2210 1709 2242 Θεὸς
1724 2211 1802 2246 ἡμῶν
1817 2211 1872 2246 πῦρ
1886 2220 1929 2237 κα-

306 2243 427 2271 ΕροΙοεὶιι
442 2243 521 2272 nobis
530 2250 571 2272 est
582 2246 625 2273 via
635 2247 696 2275 vitm
705 2249 738 2275 ad
749 2248 858 2283 Filium,
871 2251 1005 2278 dicentem
1017 2260 1023 2278 :
1038 2251 1095 2287 Ego

1153 2252 1308 2280 παναλίσκον
1318 2253 1375 2279 ἐστί
1386 2262 1392 2268 ·
1406 2243 1591 2291 στρεφομένην
1603 2243 1631 2283 δὲ
1647 2243 1829 2293 αὑτὴν-λέγει,
1845 2243 1928 2292 ὥσπερ

306 2297 364 2316 sum
384 2291 439 2318 vita
451 2297 476 2318 ιλ.
491 2291 610 2327 ideoque
632 2294 713 2321 etiam
738 2296 881 2331 coniugem
902 2305 991 2328 snam.
1009 2299 1092 2325 vitam

306 2335 469 2370 nominavit,
485 2342 514 2364 ut
528 2346 589 2373 quae
605 2347 655 2366 nos
665 2340 796 2368 animalia
810 2343 928 2371 viviﬁcet
936 2348 963 2371 et
977 2344 1094 2372 deducat

343 2427 353 2448 ι
370 2428 451 2458 llcbr.
470 2438 507 2464 ιν,
525 2431 569 2458 ιε.
609 2439 629 2452 ιιι
641 2431 720 2460 Joan.
737 2440 791 2463 :tv,
804 2434 830 2462 ϐ.
846 2435 926 2462 n.bid.

1148 2298 1318 2333 φρουροῦσαν
1340 2299 1390 2334 τὴν
1415 2299 1578 2336 Ἐκκλησίαν
1607 2301 1716 2337 κύκλῳ·
1736 2303 1782 2329 καὶ
1798 2302 1877 2329 πάλιν
1897 2302 1928 2333 ὠς

1149 2345 1336 2381 στρεφομένην
1350 2347 1396 2372 τὸν
1412 2346 1480 2375 Θεοῦ
1501 2348 1580 2383 λόγον
1603 2349 1652 2376 ἀπ’
1667 2348 1782 2385 ούρανοῦ
1798 2350 1868 2388 ’πρὸς
1886 2349 1927 2383 τὴν

1058 2515 1174 2544 NOTAE.

342 2586 396 2626 £21)
418 2587 488 2626 Cum_
505 2589 576 2623 ligno
599 2590 693 2626 crucis.
720 2589 813 2617 Graece
844 2591 913 2626 μετὰ
940 2591 986 2618 τοῦ
1010 2592 1089 2626 ξύλου

303 2623 352 2649 τοῦ
370 2623 500 2662 σταυροῦ,
517 2632 577 2662 quae
591 2625 668 2662 aliter
683 2626 750 2652 verti
773 2634 830 2652 non
844 2623 976 2660 possunt.
1008 2623 1089 2662 quam

304 2666 364 2684 cum
377 2658 447 2693 ligna
465 2659 570 2691 cruris;
591 2659 688 2686 falsum
706 2665 747 2687 est
779 2658 870 2688 tamen
892 2662 921 2688 Ι).
952 2658 1106 2690 Christnm'

304 2693 331 2719 in
354 2692 455 2733 inferos
473 2694 648 2733 descendisse
681 2703 742 2733 Cum
774 2696 847 2733 ligno
879 2698 979 2733 crucis.
1007 2707 1092 2733 quare

303 2729 427 2768 suspicor
442 2729 582 2762 legendum
597 2737 657 2756 esse
674 2730 883 2770 parapegmnv
902 2729 1091 2770 τοῦλσταυροῦ,

303 2763 329 2790 id
348 2768 400 2801 est.
421 2769 565 2801 postquam
582 2763 679 2801 passus
693 2769 736 2793 est
749 2766 776 2792 in
797 2766 869 2801 ligno
884 2768 983 2795 crucis.

339 2798 399 2836 (ξῖλ
415 2799 452 2824 ΑΙ)
467 2800 538 2826 omni
557 2799 637 2826 malo.
658 2799 706 2827 Gr.
728 2798 829 2828 κακοῦ’
844 2803 968 2836 παντιου,
1001 2803 1091 2831 scribe

303 2833 441 2860 παντοίου.

339 2869 394 2904 (25)
413 2869 524 2904 Lignnm
542 2873 639 2896 autem.
663 2870 708 2898 Sic
734 2876 820 2899 totum
846 2872 918 2901 hunc
939 2873 1028 2900 locum
1055 2882 1088 2901 ex

303 2903 459 2938 conjectura
477 2905 588 2940 digessi,
607 2905 652 2940 qni
666 2906 739 2935 male
757 2907 913 2942 distinctus,
927 2908 997 2936 fuadc
1006 2909 1086 2936 etiam

1145 2599 1356 2632 acceptrusrerat.
1376 2603 1438 2632 nam
1457 2602 1518 2631 post
1535 2597 1613 2632 ἡμῶν
1647 2597 1738 2632 posita
1767 2603 1826 2625 erat
1844 2596 1925 2624 τελεία

1146 2631 1376 2668 στιγμήνειιεὶηρεν,
1392 2631 1452 2668 ὁδὸν
1469 2631 1548 2664 ξύλου
1563 2632 1590 2658 δὲ
1603 2632 1774 2667 νόησον,ειε.
1791 2633 1924 2668 legendum

1145 2665 1308 2702 ὴμῷννὸδρν.
1325 2665 1410 2692 sum
1421 2667 1450 2692 δὲ
1464 2668 1560 2702 νόησον
1574 2672 1626 2694 etc.

1182 2700 1239 2743 (ﬁt)
1255 2700 1509 2743 Cir'cu‘mtegentefnﬁ
1521 2702 1569 2728 Ms.
1596 2702 1766 2742 φοξεροῦσαν
1794 2703 1845 2738 τὴν
1871 2702 1924 2743 Ἐκ-

1146 2735 1261 2772 κληρίαν
1276 2736 1380 2771 κύκλῳ,
1392 2735 1506 2772 τοιήδε
1520 2735 1703 2772 φρουροῦσαν,
1720 2743 1773 2766 etc.
1802 2735 1923 2772 φρουρεῖν

1145 2769 1319 2809 κύκλῳ-ῥὶεἱι
1333 2769 1404 2806 quod
1420 2769 1553 2809 ﬂonierns
1564 2769 1760 2809 ἀμφιβαίνεινγ·
1773 2769 1923 2809 ὅς’Χρύσην

1143 2797 1358 2866 ἀῆοὲὲέσηκαςῖ
1374 2797 1401 2833 et
1413 2797 1573 2835 caneret;
1585 2797 1857 2843 ’ἑόἴᾱςῖτεὟβοτίὸόὸῖ
1866 2797 1922 2842 ’ἀελ-

1144 2849 1162 2866 0
1166 2850 1174 2866 ι
1184 2854 1191 2865 I
1195 2851 1204 2866 Ξ
1227 2851 1241 2866 1‘.
1245 2850 1292 2866 κεν
1296 2863 1302 2866 .

1166 2842 1302 2869 ιὸἐὸηκεν.

1144 2849 1302 2875 φιοεοηκεν.

1179 2877 1414 2911 (‘25)‘Avd1n0'tr.
1424 2877 1521 2905 Scribo
1533 2878 1672 2905 ἀνάλυσιν.
