1980 3235
87 208 161 238 ὶυεῖ)

679 213 820 244 ORATIO
839 214 879 243 IN
902 213 1081 246 PSALMUM
1100 216 1149 248 VI.

1654 221 1722 254 1085

88 263 179 296 ἀκοὴν
197 257 319 298 βαρύνας
330 263 360 290 οὗ
376 263 540 300 προσέσχον,
552 265 613 292 οὐδὲ
624 266 811 303 ἐπεστράφην,
828 269 883 299 Arb,

941 271 1209 307 nrocidentem?Ego
1233 272 1410 300 nihilominus
1439 279 1533 300 aurem
1557 280 1720 309 aggravaus.

89 308 233 340 Δέσποτα,
253 309 292 340 ὡς
313 310 434 345 ἔμφυτον
449 312 496 338 καὶ
512 311 661 347 ἀχάριστον
672 314 728 349 (Η)
744 314 814 349 ἔχων
834 314 884 348 τῆς

90 353 306 390 φιλανθρωπίας
329 356 379 391 τὴν
396 356 534 391 ἄϐυσσον,
553 358 601 384 καὶ
622 359 671 393 τῆς
694 360 884 395 μακροθυμίας

89 398 122 425 τὸ
140 399 276 434 πέλαγος,
287 401 347 436 «Μὴ
354 401 392 437 τῷ
408 401 489 437 θυμῷ
505 411 552 429 σου
567 403 682 440 ἐλέγξῃς
696 413 729 439 με
741 424 749 436 ,
770 405 836 439 μηδὲ
851 406 884 440 τῇ

91 446 163 481 ὀργῇ
182 454 232 473 σου
249 448 401 483 παιδεύσῃς
417 457 462 483 με,
482 458 492 475 ι
509 449 567 476 ἀλλ’
583 449 622 476 ἑτι
635 451 681 476 καὶ
697 450 738 476 ἐτι
751 450 886 486 μακροθύ-

93 499 185 527 μησον
199 493 245 519 ἐπ’
263 493 335 529 ὲμοί.
352 495 398 528 Μὴ
411 494 534 530 σπεύσῃς
549 495 596 522 τοῦ
609 495 726 530 metu
740 505 773 531 με
785 496 824 528 ὡς
837 495 885 530 τὴν

93 538 180 574 συκῆν
191 538 241 574 τὴν
253 539 389 574 ἄκαρπον·
398 540 455 567 ἀλλ’
464 541 501 572 ὡς
515 541 616 575 ἀγαθὸς
624 541 671 568 καὶ
681 541 885 576 φιλάνθρωπος,

93 584 231 617 Δέσποτα,
255 585 326 620 μετὰ
346 585 456 613 πάντων
474 587 521 613 καὶ
541 586 572 613 τὸ
583 587 644 618 ἔτος
655 586 736 613 τοῦτο
755 586 836 612 ἔασόν
853 594 886 620 με

94 629 164 664 πρὸς
180 629 230 666 τὴν
248 631 413 665 μετάνοιαν,
437 631 484 658 καὶ
502 631 540 667 μὴ
566 632 720 666 ἀκηδιάσῃς
744 631 887 666 βαστάζων

93 675 144 710 τὴν
159 674 269 702 ἀδικίαν
285 685 336 712 μου
349 677 398 704 καὶ
417 678 476 714 τὴν.
495 677 635 714 ρᾳθυμίαν
649 686 712 712 μου.
731 677 776 712 Μὴ
795 677 887 712 ἀρπά-

95 727 146 756 an;
170 729 205 756 με
230 722 374 757 ἀνέτοιμον
400 723 581 758 ὑπάρχοντα,
608 723 646 758 μὴ
669 722 757 759 λάϐῃς
780 730 814 756 με
840 722 889 756 τὴν

93 765 230 802 λαμπάδα
245 768 281 803 μὴ
296 768 414 803 ἆψαντα,
427 769 465 805 μὴ
477 769 564 804 λάϐῃς
575 777 609 804 με
625 768 663 804 μὴ
677 767 775 803 ἔχοντα
786 768 889 802 ἔνδυμα

93 814 187 847 γάμου
201 834 208 846 ,
225 813 263 848 μὴ
283 815 465 850 παραστήσῃς
488 814 596 849 γυμνὴν
611 813 661 848 τὴν
678 814 767 848 ψυχήν
784 822 834 848 μου
851 812 889 848 τῷ

95 859 201 894 βήματι
226 868 273 886 σου
299 859 483 895 στηλίτευμα,
501 860 540 895 μὴ
563 860 650 896 λάὸῃς
665 868 698 893 με
715 860 789 891 τέως
798 859 889 895 ,μηδὲν

94 904 268 940 προενέγκαι
283 914 326 932 σοι
344 903 442 941 ἔχοντα
455 913 462 921 ·
478 905 548 932 ἀλλὰ
566 905 795 942 μακροθύμησον,
820 905 889 932 ἀλλὰ

93 951 262 986 ἀνάμεινον,
285 951 354 979 ἀλλὰ
371 951 646 987 φιλανθρωπεὺθητι,
658 950 727 978 ἀλλὰ
744 951 889 986 συμπάθη-

93 1006 144 1024 σον
160 998 248 1032 κάμοὶ
262 998 302 1033 τῷ
319 998 431 1034 πτωχῷ,
449 997 489 1034 τῷ
503 998 602 1033 γυμνῷ
615 1017 623 1029 ,
641 997 680 1033 τῷ
699 997 813 1034 ρᾳθὺμῳ
826 1018 832 1030 ,
851 997 890 1032 τῷ

93 1044 205 1078 ἀμελεῖ,
220 1043 259 1078 τῷ
279 1044 390 1079 ἐλεγεινῷ
402 1063 410 1075 ,
426 1044 466 1079 τῷ
481 1044 591 1079 ἀπόρῳ,
609 1043 649 1078 τῷ
662 1043 766 1078 πόρνῳ,
782 1043 822 1078 τῷ
839 1044 889 1079 ῥυ-

92 1089 190 1124 παρῷ,
207 1089 246 1125 τῷ
259 1090 369 1125 ἀσώτῳ,
385 1089 424 1125 τῷ
439 1090 591 1125 ἀγνώμονι,
605 1089 645 1124 τῷ
655 1090 834 1124 ἀσπλάγχνῳ,
850 1089 890 1124 τῷ

93 1135 309 1171 πεπωρωμένῳ,
325 1135 364 1170 τῷ
383 1135 587 1170 βεσυθισμὲνῳ,
602 1134 642 1170 τῷ
657 1134 890 1169 κατακεκριμένῳ

93 1183 143 1209 καὶ
160 1182 325 1216 ἀπροσώπῳ
343 1182 392 1208 καὶ
419 1181 660 1216 ἀπαρῤησιάστῳ,
684 1180 732 1206 καὶ
752 1179 890 1206 ἀναπολο-

92 1229 184 1263 γήτῳ,
205 1227 245 1262 τῷ
262 1227 365 1263 ἀναξίῳ
381 1227 472 1262 πάσης
487 1226 696 1262 φιλανθρωπίας
709 1233 716 1241 ·
732 1225 771 1260 τῷ
786 1225 890 1260 ἀναξίῳ

93 1274 143 1301 τοῦ
159 1274 278 1309 οὐρανοῦ
290 1275 338 1301 καὶ
352 1274 402 1308 τῆς
413 1274 466 1308 γῆς
479 1281 488 1289 ’
501 1273 540 1308 τῷ
553 1273 621 1308 ἀξὶῳ
636 1272 727 1307 πάσης
741 1272 888 1306 τιμωρίας,

93 1320 145 1347 καὶ
161 1320 289 1354 γεέννης,
304 1319 352 1346 καὶ
365 1319 517 1349 κολάσεως.

137 1366 230 1396 Ἀλλὰ,
254 1374 263 1391 ι
280 1365 377 1401 Κύριε,
399 1365 436 1400 μὴ
462 1364 503 1399 τῷ
527 1364 606 1399 θυμῷ
627 1371 673 1389 σου
700 1361 813 1397 ἐλέγξῃς
837 1370 889 1396 με.

96 1413 168 1448 μηδὲ
184 1414 219 1448 τῇ
235 1412 304 1447 ὁρτῇ
322 1420 369 1438 σου
388 1410 536 1445 παιδεύσῃς
555 1418 599 1444 με.
627 1409 754 1444 Ἐλέησόν
772 1417 818 1442 με,
833 1407 890 1434 Κύ-

95 1466 150 1493 ριε,
177 1458 219 1484 ὄσι
241 1456 360 1490 ἀσθενής
383 1456 451 1490 είμι.
473 1465 482 1480 ι
507 1454 637 1489 Ἀσθενής
654 1454 713 1488 ειμι
739 1455 772 1488 τῇ
790 1453 889 1487 σαρκὶ,

94 1503 216 1534 ἀσθενής
243 1503 303 1537 ειμι
328 1503 362 1536 τῇ
388 1501 474 1536 ψυχῇ,
505 1499 628 1526 ’Δσθενεῖ
654 1507 706 1533 μου
732 1500 749 1533 ὴ
775 1498 889 1533 γνώμη,

95 1547 210 1573 ἀσθενεῖ
225 1555 276 1581 μου
291 1546 305 1572 ό
324 1546 465 1581 λογισμός.
484 1555 494 1571 ι
520 1544 643 1577 Ἐξέλιπέ
658 1553 709 1579 μου
730 1545 746 1579 ἡ
768 1544 858 1578 ἰσχὺς,
880 1554 889 1570 ι

937 323 989 342 non
1005 317 1114 344 adhibui
1125 318 1257 349 animum,
1280 325 1330 346 nec
1345 326 1404 345 sum
1430 326 1591 347 conversus.
1607 319 1721 350 Idcirco,

939 360 1062 394 Domine,
1089 366 1216 397 tanquam
1252 363 1297 397 qui
1330 369 1473 397 cognatam
1495 372 1528 390 ac
1553 364 1722 398 inseparabi-

939 407 989 432 lem
1005 407 1062 441 (l2)
1084 407 1185 434 habeas
1194 408 1346 434 clementia:
1360 409 1502 444 abyssum,
1513 415 1545 435 ac
1561 408 1723 441 longanimi-

939 453 1001 480 tatis
1015 452 1144 487 pelagus:
1164 462 1173 479 ι
1196 453 1235 480 Ne
1260 453 1285 480 in
1312 453 1406 481 furore
1421 459 1466 482 tuo
1483 461 1582 488 arguas
1606 460 1659 484 me.
1677 460 1724 481 ne-

937 505 990 531 que
1005 497 1032 524 in
1048 497 1087 524 ira
1103 503 1146 524 tua
1161 498 1294 532 corripias
1310 506 1369 532 me;
1393 508 1403 524 ι
1432 499 1480 526 sed
1500 499 1594 526 adhuc'
1616 498 1721 525 adhuc-

938 550 990 577 que
1000 543 1124 570 tolerauti
1142 543 1168 570 in
1183 552 1226 571 me
1247 549 1306 571 esto
1330 545 1432 572 animo.
1449 543 1490 571 Ne
1509 546 1564 571 cito
1576 543 1725 571 exscindaa

939 595 981 614 me
1001 592 1029 614 ut
1048 588 1128 615 ﬁcum
1144 589 1216 616 illam
1238 589 1426 625 inl‘rugil‘cram
1451 589 1486 621 ".
1516 591 1562 617 sed
1594 593 1723 623 tanquam

938 633 1025 661 bonus
1036 641 1067 661 ac
1081 634 1209 668 clemens,
1223 635 1346 668 Domine,
1361 637 1412 662 hoc
1431 643 1541 670 quoque
1567 642 1639 661 anno
1662 641 1725 661 cum

938 679 1044 706 caneris
1057 680 1178 715 relinque
1203 689 1256 712 me,
1269 685 1297 708 ut
1310 681 1497 716 pmnitentiam
1511 688 1588 714 agam
1604 688 1612 707 :
1631 687 1682 706 nec
1698 684 1727 706 tt:

940 723 1036 751 taedeat
1049 724 1120 752 l'erre
1135 733 1223 752 meum
1238 726 1264 752 in
1277 726 1388 761 agendis
1399 726 1506 753 taedium
1522 732 1554 752 ac
1568 725 1722 759 segnitiem.

939 768 978 796 Ne
997 776 1041 796 me
1052 770 1141 804 rapias
1157 771 1336 805 imparatum;
1353 778 1387 799 ne
1402 779 1446 799 me
1457 773 1585 806 accipias,
1602 779 1657 799 non
1679 779 1727 798 ac—

939 821 1019 843 censa
1036 815 1177 850 lampade;
1193 824 1229 843 ne
1246 817 1365 851 accipias
1389 825 1442 850 me,
1461 817 1623 844 destitutum
1652 821 1729 844 veste

940 862 1067 896 nuptiali;
1091 869 1124 890 ue
1154 862 1252 890 nudam
1268 864 1387 890 animam
1414 871 1502 892 meam
1522 869 1568 891 tuo
1599 863 1728 891 tribunali

943 907 1137 934 traducendam
1151 908 1273 940 stiteris;
1289 916 1321 936 ne
1349 917 1392 936 me
1415 910 1555 944 acceperis
1585 910 1726 940 hactenus,

941 952 1003 979 dum
1035 951 1103 979 nihil
1119 952 1205 980 habeo
1220 953 1293 988 quod
1315 953 1426 981 elfcram
1446 963 1456 982 :
1493 955 1541 981 sed
1568 956 1727 989 patientiam

941 997 1024 1030 habe;
1037 997 1085 1025 sed
1101 1003 1248 1033 exspecta;
1266 1000 1313 1026 sed
1334 999 1451 1034 benigne
1464 1007 1570 1027 mecum
1587 1008 1637 1033 agc
1653 1009 1660 1026 :
1678 1000 1727 1026 mi-

940 1047 1031 1070 sereat
1054 1048 1082 1071 te
1111 1045 1164 1071 mei
1194 1045 1334 1079 pauperis,
1354 1045 1428 1078 nudi,
1455 1046 1589 1077 socordis,
1617 1045 1726 1076 incurii,

941 1089 1114 1122 miserabilis,
1134 1090 1232 1124 inopis,
1251 1091 1376 1122 adulteri,
1401 1090 1515 1122 sordidi,
1536 1090 1654 1124 prodigi,
1681 1090 1724 1116 in-

940 1136 1022 1171 grati,
1054 1136 1206 1167 inhumani,
1231 1137 1366 1165 obdurati.
1381 1137 1509 1168 demersi,
1528 1137 1660 1167 da‘muati,
1681 1135 1726 1168 ιιιιί

941 1189 991 1209 uec
1007 1183 1109 1208 vultum
1123 1182 1277 1214 ostendere,
1289 1189 1338 1209 nec
1352 1182 1470 1209 liberius
1485 1181 1628 1216 loqui,nec
1645 1187 1727 1207 excu-

940 1235 1002 1255 sare
1013 1228 1126 1254 habeam
1140 1236 1147 1252 :
1159 1227 1262 1262 indigni
1276 1227 1347 1254 cmlo
1363 1232 1390 1254 et
1405 1231 1479 1254 terra
1492 1247 1500 1259 ,
1514 1227 1643 1262 dignique
1653 1225 1726 1252 omni

941 1280 1031 1306 nmina,
1046 1279 1074 1301 et
1086 1277 1231 1306 tormento,
1245 1278 1271 1300 ct
1285 1273 1430 1307 supplicio.

976 1363 1022 1395 At,
1040 1371 1050 1389 ι
1063 1361 1185 1395 Domine,
1201 1368 1236 1388 ne
1250 1361 1276 1388 in
1293 1360 1384 1388 lurore
1396 1365 1441 1388 tuo
1454 1367 1554 1396 arguas
1569 1366 1624 1390 me,
1640 1365 1729 1392 neque

941 1410 967 1437 in
996 1409 1037 1436 ira
1066 1413 1110 1436 tua
1135 1407 1268 1442 corripias
1291 1414 1345 1435 me.
1372 1406 1500 1434 Miserere
1514 1405 1578 1438 mei,
1603 1405 1728 1435 Domine,

940 1455 1068 1490 quoniam
1091 1453 1214 1480 inﬁrmus
1228 1460 1299 1480 sum.
1316 1462 1326 1479 ι
1342 1452 1467 1479 Inﬁrmus
1482 1459 1541 1478 sum
1559 1457 1643 1478 carne
1657 1470 1664 1477 .
1684 1449 1728 1476 in-

941 1500 1035 1527 ﬁrmus
1050 1498 1151 1525 anima.
1167 1497 1215 1525 Est
1232 1497 1298 1524 mihi
1315 1497 1439 1524 inﬁrmus
1452 1497 1562 1523 animus
1577 1504 1585 1523 :
1600 1499 1642 1522 est
1662 1494 1727 1520 mihi

942 1545 1049 1572 inﬁrma
1074 1544 1152 1570 ratio.
1182 1552 1191 1569 ι
1220 1542 1322 1570 Deiecit
1348 1542 1435 1569 virtus
1463 1548 1522 1568 mea
1537 1541 1568 1573 “,
1590 1549 1600 1566 ι
1629 1539 1728 1566 defecit

94 1593 224 1626 ἐξέλιπεν
246 1594 260 1620 ό
279 1593 392 1628 χρόνος,
426 1602 435 1618 ι
460 1592 600 1624 Ἐξέλιπον
626 1591 656 1616 ὲν
674 1590 837 1626 ματαιότητι
863 1591 890 1617 αί

942 1596 1048 1624 tempus
1063 1599 1070 1617 :
1089 1599 1098 1615 ι
1120 1589 1279 1616 Delecerunt
1295 1588 1321 1615 in
1340 1587 1459 1613 vanitate
1474 1587 1532 1613 dies
1550 1585 1601 1612 tnei
1615 1584 1647 1617 “,
1667 1593 1676 1610 ι
1702 1589 1730 1611 ct

93 1639 202 1674 ἡμέραι
223 1647 285 1673 μου·
305 1648 314 1664 ι
335 1638 382 1664 καὶ
408 1637 503 1672 θεωρῶ
524 1637 555 1663 τὸ
570 1637 648 1668 τέλος
667 1636 785 1670 ὲγγίζον.
819 1637 890 1663 Ἀλλ’

94 1685 220 1712 ἔκτεινόν
235 1693 279 1719 μοι
294 1684 345 1719 τὴν
356 1686 445 1719 χεῖρα,
461 1683 499 1718 τῷ
511 1684 540 1709 ὲν
556 1682 630 1717 βυθῷ
643 1682 699 1708 τῶν
713 1682 816 1718 ἡδονῶν
833 1691 890 1717 χει-

96 1731 258 1766 μαζομένῳ.
279 1729 402 1763 Ἀνοιξον
424 1730 526 1763 κάμοὶ,
543 1728 687 1760 Δέσποτα,
710 1728 750 1762 τῷ
772 1727 908 1760 ἀναξίως·

94 1777 236 1810 κρούοντγ
256 1776 304 1802 καὶ
323 1776 360 1810 μὴ
383 1774 549 1810 ἀποκλείσῃς
568 1774 630 1801 κατ’
648 1774 716 1809 ἐμοῦ
737 1774 788 1809 τὴν
805 1774 891 1809 θύραν

93 1822 142 1848 τοῦ
157 1821 252 1852 ἐλέους
266 1829 326 1848 σου.
349 1821 412 1847 *Εὰν
423 1820 478 1856 γὰρ
494 1821 525 1847 σὺ
541 1819 663 1855 κλείσῃς,
681 1820 724 1851 τίς
741 1820 796 1855 ἄρα
815 1820 890 1847 ἀνοί-

96 1867 154 1900 ξει;
171 1867 238 1894 Ἐὰν
257 1868 290 1894 σὺ
306 1866 425 1902 φθάσῃς,
443 1866 488 1898 τίς
504 1865 559 1901 ἄρα
575 1865 694 1898 ἁνοξξει;
715 1866 778 1892 Ἐὰν
799 1867 837 1901 μὴ
858 1867 891 1894 σὺ

95 1913 207 1949 φθάσῃς
217 1933 225 1944 ,
242 1912 284 1944 τίς
299 1911 343 1938 ἴνα
358 1912 450 1947 φθάσῃ
463 1920 472 1944 ;
491 1911 554 1938 Ἐὰν
581 1911 618 1946 μὴ
640 1911 672 1938 σὺ
686 1911 810 1948 σπεύσῃς
823 1934 830 1945 ,
849 1913 891 1944 τίς

95 1959 192 1985 λοιπὸν
210 1958 341 1993 βοηθήσει
356 1959 441 1993 ἡμῖν,
462 1957 576 1989 Οὐδεὶς,
601 1957 660 1983 ἀλλ’
676 1958 758 1989 αὐτὸς
779 1958 793 1984 ό
810 1957 891 1992 φύσει

95 2005 175 2036 θεὸς,
191 2004 236 2036 δδς
246 2005 314 2039 ἡμῖν
328 2004 423 2040 καιρὸν
437 2004 521 2038 ζωῆς,
535 2004 582 2031 καὶ
596 2004 694 2039 καιρὸν
708 2004 889 2039 ἐπιστροφῆς.

95 2051 220 2085 Νίκησον
234 2050 284 2086 τὴν
308 2051 447 2086 πώρωσιν,
466 2051 513 2077 καὶ
531 2050 647 2085 ποίησον
665 2050 716 2085 τὴν
731 2049 890 2085 διόρθωσιν.

95 2096 133 2123 Σὺ
146 2096 194 2128 δός
211 2104 257 2130 μοι
281 2095 320 2122 ἔτι
338 2095 436 2132 μικρὸν
451 2095 557 2130 χρόνον,
576 2096 625 2121 καὶ
641 2095 757 2130 ποίησόν
777 2103 823 2129 μοι
839 2103 891 2121 σω-

94 2143 198 2177 τηρίας
210 2143 323 2176 τρόπον.
337 2142 400 2168 Ἐὰν
415 2143 469 2177 γὰρ
481 2142 514 2168 σὺ
532 2142 569 2176 μὴ
582 2142 700 2176 ποιήσῃς
714 2140 827 2175 τρόπον,
840 2131 891 2167 ὅσα

93 2187 128 2214 ἂν
144 2186 203 2220 ἐγὼ
222 2188 328 2222 ποιήσω
344 2186 433 2221 σαθρά
459 2187 512 2213 εἰσι
538 2187 586 2213 καὶ
607 2186 735 2212 assam.
763 2186 833 2212 Ὅσα
857 2187 890 2212 ἄν

93 2233 255 2267 δοκιμάσω,
280 2233 408 2268 ἀδύναμά
424 2233 477 2259 εἱσι
496 2232 544 2259 καὶ
560 2231 743 2259 εὑκατάλυτα.
766 2232 836 2258 Ὅσα
857 2231 891 2258 ἂν

942 1636 1019 1663 video
1032 1636 1292 1670 appropinquantem
1308 1634 1399 1661 ﬁnem.
1416 1632 1516 1660 Verum
1539 1636 1565 1658 tu
1584 1631 1649 1658 mihi
1665 1638 1728 1665 por-

943 1683 999 1715 rige
1025 1689 1133 1709 manum
1161 1681 1188 1708 in
1213 1680 1346 1715 profundo
1373 1680 1540 1713 voluptatum
1569 1681 1729 1711 tempestate

939 1729 1053 1763 jactato.
1071 1727 1136 1754 Mihi
1153 1734 1261 1762 quoque
1281 1726 1372 1761 aperi,
1388 1725 1520 1758 Domine,
1538 1724 1603 1751 licet
1619 1723 1730 1758 indigne

942 1774 1075 1809 pulsanti;
1098 1781 1148 1800 nec
1160 1773 1270 1808 ianuam
1287 1777 1339 1800 tuae
1362 1771 1558 1798 misericordia:
1577 1769 1642 1796 mihi
1660 1776 1729 1803 prie-

942 1820 1066 1847 rlnaeris.
1083 1819 1148 1846 Nam
1162 1819 1184 1846 si
1201 1823 1228 1845 tu
1241 1818 1385 1850 clauseris,
1401 1817 1463 1851 quis
1479 1816 1587 1844 tandem
1603 1813 1730 1849 aperiet?

941 1864 998 1892 Nisi
1018 1869 1045 1891 tu
1063 1864 1172 1896 feceris.
1191 1865 1253 1898 quis
1272 1863 1396 1898 aperiet?
1413 1861 1469 1889 Nisi
1493 1867 1520 1888 tu
1543 1859 1727 1890 festinaveiis,

941 1910 1004 1943 quis
1022 1913 1154 1944 praeterea
1170 1909 1248 1935 nobis
1271 1907 1433 1934 succurret?
1453 1906 1536 1934 Nemo
1551 1905 1629 1940 plane
1648 1904 1728 1931 alius.

941 1956 980 1983 Tu
998 1961 1087 1982 autem
1104 1955 1149 1990 qui
1170 1959 1212 1981 est
1227 1954 1298 1982 Deus
1313 1958 1418 1985 natura,
1437 1953 1470 1979 da
1492 1952 1570 1978 nobis
1584 1952 1645 1977 vita:
1659 1955 1728 1976 tem-

942 2010 1001 2036 pus,
1015 2009 1046 2028 ac
1061 2006 1165 2035 tempus
1178 1998 1372 2026 conversionis.
1388 1997 1472 2024 Vince
1485 1997 1574 2024 cordis
1587 1995 1726 2025 duritiem,

941 2055 973 2074 ac
991 2054 1034 2073 me
1048 2045 1172 2073 eruenda.
1187 2044 1227 2071 Tu
1251 2044 1315 2070 mihi
1338 2043 1427 2070 adhuc
1441 2041 1579 2076 paululum
1598 2040 1728 2075 temporis

941 2093 1070 2124 concede,
1087 2096 1112 2118 et
1124 2097 1239 2125 operare
1253 2089 1319 2116 mihi
1337 2088 1431 2116 salutis
1447 2088 1567 2119 modum,
1583 2086 1640 2115 Nisi
1655 2085 1727 2112 enim

941 2149 1003 2167 cum
1025 2144 1052 2166 tu
1073 2138 1182 2170 ieceris,
1199 2144 1368 2172 quaecunque
1393 2143 1443 2170 ego
1468 2134 1570 2165 fecero,
1594 2133 1727 2160 imbecilla

941 2190 1004 2213 sunt
1028 2193 1061 2212 ac
1084 2184 1202 2212 inﬁrma.
1226 2182 1400 2216 Quaecunque
1421 2187 1472 2215 ego
1487 2181 1646 2214 probavero,
1668 2178 1729 2205 sine

942 2231 1045 2258 viribus
1072 2234 1162 2261 erltnt,
1191 2227 1324 2262 facileque
1352 2230 1527 2258 evanescent.
1556 2223 1730 2257 Quaecunque

93 2279 287 2313 ἐπιχειρήσω,
306 2279 433 2314 ἀνωφελῆ
457 2279 510 2305 εισι
530 2278 580 2304 καὶ
604 2277 767 2313 ἀπλήρωτα.
787 2278 890 2304 Λοιπὸν

942 2277 1020 2304 fuero
1043 2282 1196 2314 aggressus,
1213 2273 1318 2300 inutilia
1341 2276 1423 2299 erunt
1445 2278 1477 2297 ac
1497 2269 1666 2304 imperlecta.
1691 2267 1731 2295 Ne

94 2326 134 2360 μὴ
150 2324 294 2360 ἀναὸἀλλῃ
305 2345 312 2358 ,
330 2325 454 2351 Δέσποτα
465 2343 472 2356 ,
497 2324 566 2350 ἀλλὰ
581 2323 684 2357 φθάσον
695 2323 719 2342 (ι’
727 2323 758 2349 τὸ
775 2323 890 2358 πλάσμα

942 2322 1012 2349 ultra
1030 2313 1181 2351 distuleris,
1201 2313 1324 2350 Domine,
1343 2315 1391 2345 sed
1407 2315 1461 2343 cito
1479 2313 1552 2341 salta
1573 2314 1730 2348 ﬁgmentum

131 2403 154 2418 "
169 2401 238 2429 Luc.
254 2409 315 2436 ιιιι,
328 2401 356 2430 6.
379 2401 637 2435 "Psal.uxvn,u.
663 2401 686 2416 “
698 2400 770 2427 Psal.
784 2406 888 2432 Lxxvu,
903 2399 949 2426 55.

129 2479 155 2501 δ’
172 2478 279 2510 σώζων.

854 2509 968 2551 hom.

135 2593 195 2629 (Il)
210 2593 278 2630 Legi
295 2594 353 2622 vult
375 2594 554 2630 combeﬁsius
574 2593 728 2630 ἀχώριστον
746 2594 888 2630 insepara-

96 2628 192 2658 bilem.
210 2628 266 2663 Ego
283 2636 348 2656 vero
364 2629 405 2656 vel
420 2629 538 2657 delerem
555 2628 663 2664 penitus
679 2637 772 2657 vocem
788 2628 900 2664 ἅχώριυο

96 2673 176 2697 nov,
192 2671 252 2696 qum
268 2664 345 2700 deest
359 2664 386 2691 in
399 2665 490 2691 codice
507 2664 590 2698 Regio
601 2685 608 2696 ,
624 2664 669 2700 vel
681 2664 797 2700 legerem
810 2668 890 2700 prout

97 2701 164 2735 legit
191 2699 502 2735 (ὶιιηῑείυει,νάχάριστον.
533 2700 613 2735 Quid_
629 2699 699 2726 enim
709 2698 768 2735 ‘sibi
790 2699 846 2735 vult
864 2698 890 2735 in

99 2733 158 2762 Déo
174 2734 367 2767 inseparabilis
381 2734 583 2761 misericordia?
597 2733 651 2760 Sed
672 2734 743 2761 illitis
761 2734 787 2759 in
804 2733 892 2760 homi-

98 2777 148 2797 nes
165 2776 285 2796 amOrem
313 2769 389 2796 miris
414 2769 501 2795 modis
521 2769 620 2800 elevat,
646 2769 718 2803 quod
734 2775 808 2795 tuere
828 2776 892 2801 gra-

99 2805 189 2831 luitus
205 2804 257 2834 sit.
277 2811 325 2829 nec
341 2804 392 2830 tilla
417 2812 431 2830 ει
452 2809 527 2838 parte
545 2804 685 2830 hominum
704 2803 789 2839 gratia
807 2803 893 2838 possit

99 2838 283 2872 compensati.
301 2839 379 2867 Bastl.

138 2873 197 2908 (12)
218 2874 254 2900 Ac
271 2873 480 2909 inseparabilem.
507 2873 581 2900 llam!
606 2881 673 2908 (mus
697 2872 887 2909 perspicaciori

102 2910 263 2941 intellectu,
288 2913 315 2934 nt
342 2910 401 2942 quis
429 2908 518 2934 videat
547 2908 884 2944 Ιιιειιιιιιιιιιιὰχτῖιρσιτον·

941 2595 1010 2629 quod
1043 2595 1077 2622 sit
1103 2594 1249 2628 explicatio
1264 2594 1445 2629 pne-cadentis
1468 2594 1562 2626 Vocis,
1593 2594 1729 2627 ἔμφυτονο

939 2628 1019 2664 quam
1033 2630 1118 2656 solam
1137 2630 1246 2656 retinuit
1262 2628 1339 2662 Regii
1354 2629 1455 2656 codicis
1467 2629 1561 2656 editio.
1579 2629 1643 2662 Quae
1657 2629 1730 2656 enim

940 2670 1053 2696 cognata
1071 2669 1133 2691 sunt
1148 2673 1180 2690 ac
1200 2665 1359 2698 cOngenita,
1376 2664 1470 2692 eadem
1496 2669 1561 2691 sunt
1578 2670 1605 2690 et
1623 2663 1730 2697 insepa-

941 2699 1047 2726 rabilia.
1067 2699 1202 2733 interpres
1225 2699 1295 2724 male
1321 2699 1442 2726 retinens
1459 2707 1552 2726 vocem
1570 2698 1728 2733 ἀχάριστον,

942 2734 1064 2761 inaudito
1087 2741 1167 2760 sensu
1191 2733 1317 2766 explicat.
1335 2734 1371 2760 ita
1391 2734 1529 2761 reddens:
1546 2733 1611 2760 Cum
1637 2733 1729 2758 innata

945 2769 991 2795 tibi
1017 2769 1067 2801 sit,
1085 2776 1143 2800 quia
1166 2768 1240 2794 nulla
1267 2769 1428 2803 gralimdine
1449 2768 1612 2803 compensari
1627 2771 1727 2803 potest,

944 2804 1110 2838 benignitatis
1133 2803 1252 2838 abyssus.
1269 2802 1355 2830 Certe
1379 2808 1408 2830 ut
1431 2803 1452 2830 is
1479 2802 1561 2838 multa
1587 2802 1678 2828 reddat
1695 2809 1727 2827 ex

944 2837 1055 2870 Lexico,
1080 2839 1151 2864 hami
1178 2838 1248 2865 istud
1274 2844 1363 2870 putem
1378 2846 1410 2864 ex
1426 2845 1458 2864 eo
1476 2837 1587 2863 reddere
1608 2844 1615 2862 :
1634 2839 1662 2861 ιιι
1679 2843 1728 2862 nec

945 2874 1038 2906 plura.
1058 2873 1168 2899 redditis
1182 2881 1198 2898 ο
1222 2872 1320 2899 Leviro
1335 2878 1436 2900 tcmcrc
1455 2871 1498 2898 hic
1517 2870 1615 2905 passim
1633 2871 1728 2897 absur-

943 2909 1003 2935 dius
1021 2908 1134 2935 reddita.
1152 2909 1296 2935 Connms.
