1976 3237
105 217 177 252 1153

815 229 942 260 SERMO
962 228 1018 261 ΙῙῖ.

1662 238 1731 272 ιιδι

99 276 187 303 οἱονεὶ
209 277 408 313 προθεμελίους
429 280 585 312 καταϐολὰς
605 281 799 317 ἀνορύττοντες
813 305 820 318 ,
848 287 894 313 καὶ

953 289 1012 321 rint,
1041 289 1074 316 iis
1084 290 1200 324 primtttn
1219 291 1324 320 radices
1339 299 1443 325 eorum,
1458 294 1652 329 cardintnnque
1671 295 1733 323 futt-

99 322 289 357 γυμνοῦντες,
306 324 353 351 καὶ
369 326 625 360 προκατασείοντες,
640 329 792 363 τηνικαῦτα
809 331 895 366 εὐμα-

101 368 160 403 ρῶς
171 389 179 402 ,
197 369 236 401 ὡς
253 369 354 404 ἄριστα
371 370 529 405 διαγνόντες
541 393 548 405 ,
571 373 672 408 ἄριστα
688 376 734 401 καὶ
760 376 896 411 ἰατρεύειν

99 414 278 449 δυνήσονται.
298 416 355 442 Οὐκ
370 417 422 443 εἰσὶ
442 417 531 444 τοίνυν
549 418 656 451 λαλιαὶ,
674 420 736 447 οὐδὲ
750 421 842 455 λόγοι,
859 420 896 449 ὦν

100 459 164 494 οὐχὶ
190 460 335 488 ἀκούονται
359 463 387 488 αἱ
409 464 498 496 φωναὶ
513 464 621 491 αὐτῶν
639 466 706 492 ἀλλὰ
724 468 777 503 μὴν
795 470 840 495 καὶ
856 470 897 500 εἰς

101 505 197 530 πᾶσαν
215 505 262 539 τὴν
276 507 328 540 γῆν
342 507 454 542 ἐξῆλθεν
466 509 480 534 ό
495 510 614 544 φθόγγος
632 512 732 545 αὐτῶν,
750 514 797 539 καὶ
810 515 849 545 είς
863 514 896 540 τὰ

102 550 215 584 πέρατα
228 551 277 585 τῆς
285 552 452 587 οἰκουμένης
466 555 499 580 τὰ
515 556 628 590 ῥήματα
642 558 742 584 αὐτῶν.
756 558 894 593 Ἐκείνων,

101 597 189 631 λέγω,
210 598 265 624 τῶν
281 599 451 633 πολεμικῶν,
469 601 612 636 Περσικῶν
629 611 658 629 τε
675 604 721 630 καὶ
735 602 897 638 Ῥωμαϊκῶν

103 643 296 677 παρατάξεων,
313 645 393 679 ἡνίκα
409 646 453 672 τὸν
463 648 603 680 νικητικὸν
613 647 742 683 τρόπαιον
753 648 800 675 τοῦ
813 650 897 675 Σταυ-

102 689 154 724 pet")
173 689 320 724 συνεργεὶα
339 690 406 717 θεοῦ
427 692 562 727 ἐπανῆλθε
585 693 646 728 μεθ’
669 694 831 729 Ἡρακλείου
850 695 896 721 τοῦ

102 735 241 771 βασιλέως
258 738 286 763 ἐν
306 737 497 773 Ἰερουσαλήμ.

139 778 228 812 Οὗτος
247 783 279 817 δὴ
302 784 316 810 6
331 784 380 818 τῆς
403 783 563 819 Ῥωμαϊκῆς
583 786 644 812 κατ’
671 785 775 812 ἐκείνου
798 785 896 820 καιροῦ

101 828 280 862 σκηπτοῦχος
308 829 445 863 βασιλείας
475 830 637 865 Ἡράκλειος
659 831 705 857 ἐπὶ
725 832 760 858 τὰ
775 829 897 858 Χαλδαῐά

100 880 133 899 τε
157 873 207 899 καὶ
229 874 353 908 Περσικὰ
381 874 500 909 μέλεθρα
523 875 572 907 τὰς
599 875 712 911 πορείας
736 877 897 911 ποιούμενος

101 918 179 945 κατὰ
191 919 242 953 τὴν
262 919 421 954 Ἀντιοχέων
433 921 521 951 πόλιν,
536 923 729 956 περιτυγχάνει
745 923 798 948 τινὶ
818 922 896 949 Ἀθα-

949 333 1086 366 damenta,
1099 335 1217 362 eruenda
1229 341 1301 369 sunt,
1314 336 1475 364 denudanda
1492 337 1526 364 ab
1544 339 1651 373 imoque
1668 347 1733 366 con-

950 379 1074 406 cutienda
1091 387 1098 406 :
1118 385 1181 408 tunc
1202 383 1300 417 quippe
1317 382 1404 414 facile,
1418 391 1479 410 ctttn
1490 383 1562 417 ipsos
1575 385 1674 418 optime
1688 393 1733 412 co-

949 424 1067 457 gnorint,
1080 425 1119 452 eis
1138 434 1245 461 quoque
1263 433 1388 462 poterunt
1409 429 1517 461 egregie
1541 429 1652 456 mederi.
1676 429 1732 456 Non

949 469 1030 503 igitur
1044 479 1137 502 nugas,
1159 478 1204 498 aut
1221 473 1309 499 inania
1327 474 1406 500 verba
1423 474 1600 507 proferemus,
1617 482 1735 506 quorum

949 522 1002 541 non
1020 516 1166 543 audiantur
1183 525 1261 544 voces
1277 527 1283 544 :
1303 519 1348 544 sed
1365 519 1390 544 in
1410 525 1517 545 Omnem
1535 520 1616 545 etiam
1633 524 1732 546 terram

948 560 1030 586 exivit
1052 568 1134 587 Sanus
1157 569 1265 595 eorum,
1280 569 1307 590 et
1332 563 1357 590 in
1381 565 1448 590 lines
1461 564 1535 591 orbis
1555 570 1634 590 terra:
1652 565 1733 591 verba

948 612 1050 633 eorum.
1066 607 1176 637 Eorum.
1197 609 1314 642 irquam,
1331 609 1484 636 militarium
1500 609 1636 640 ordinum,
1649 609 1735 636 Persi-

948 659 1039 678 carnnt
1056 652 1293 687 Romanarumqne
1307 655 1449 686 classium,
1466 663 1527 682 cum
1554 656 1729 682 victoriosnnt

948 696 1043 724 Crueis
1070 703 1200 732 trnp:eutn
1226 699 1317 727 divino
1340 700 1493 733 adiutorio,
1513 709 1574 728 cutn
1604 701 1729 728 llcraclio

948 749 1010 774 rege
1024 742 1050 768 in
1067 742 1216 770 Jerusalem
1235 753 1371 771 reversum
1388 750 1440 772 est.

977 787 1025 814 Hic
1036 789 1138 816 scilicet
1153 789 1266 816 Rnntani
1277 791 1380 825 imperii
1394 799 1424 818 ea
1434 797 1596 825 tempestate
1613 793 1733 820 modera-

949 837 990 859 tor
1005 832 1153 866 Hentclius,
1167 842 1226 861 cum
1243 841 1300 869 post
1319 836 1469 869 Chaldaeos,
1486 838 1638 872 Persasque
1651 845 1732 872 snpe-

948 881 1020 903 ratos
1037 878 1087 904 iter
1102 879 1134 904 ad
1151 879 1383 908 Antiochenormn
1401 882 1539 909 civitatem
1554 883 1731 916 instituisset,

948 922 974 948 in
990 922 1168 950 Athanasium
1191 926 1333 958 quemdam
1353 927 1449 954 incidit
1463 928 1573 955 odibilis
1597 927 1733 955 Jacobita-

100 963 194 998 νασίῳ
223 964 383 1000 πατριάρχῃ
411 965 550 1000 λεγομένῳ
574 966 624 1000 τῆς
647 967 700 993 τῶν
730 966 896 993 Ἰακωῦιτῶν

953 975 1006 994 rum
1035 969 1202 997 hierarchias
1220 971 1400 1004 pntriarcltam
1427 978 1624 1007 nuncupatttm,
1646 974 1734 1000 Immi-

103 1010 300 1044 μισιεραρχίας
311 1029 318 1042 ,
337 1010 418 1045 δεινῷ
431 1019 484 1037 τινι
499 1011 556 1037 ὄντι
573 1013 636 1046 περὶ
653 1011 750 1046 λόγους
761 1032 767 1043 ,
783 1012 829 1038 καὶ
847 1021 898 1039 κα-

101 1053 218 1089 κούργῳ
232 1055 265 1090 τῇ
282 1054 337 1081 τῶν
359 1055 452 1091 Σύρων
472 1055 588 1091 ὲμφύτῳ
603 1057 766 1092 πανουργία.
785 1057 839 1084 Καὶ
854 1066 897 1085 κιο

101 1100 193 1136 νήσας
209 1100 278 1135 πρὸς
293 1100 375 1126 αὑτὸν
396 1102 460 1132 τοὺς
475 1102 540 1136 περὶ
556 1102 676 1133 πίστεως
695 1102 749 1128 τῶν
766 1102 814 1128 δύο
830 1103 898 1137 Χρι-

100 1145 170 1172 στοῦ
185 1145 295 1180 φύσεων
309 1146 426 1180 λόγους,
441 1147 455 1173 ὁ
478 1146 603 1181 βασιλεὺς
625 1148 790 1182 ὑπισχνεῖτο,
812 1148 850 1179 ὼς
874 1148 898 1174 εἰ

100 1191 233 1227 πεισθείη
247 1191 322 1227 αὐτῷ
334 1212 340 1223 ,
353 1192 400 1218 καὶ
413 1191 523 1227 δέξηται
539 1193 588 1227 τὴν
604 1193 685 1226 ἁγίαν
702 1193 811 1220 σύνοδον
826 1193 898 1220 Χαλ-

97 1236 242 1271 κηδόνος,
266 1237 440 1272 πατριάρχην
462 1238 547 1265 αὑτὸν
571 1238 703 1274 καθιστᾷν
726 1239 776 1272 τῆς
803 1239 898 1265 αύτόθι

101 1281 188 1316 ἁγίας
203 1282 352 1318 καθολικῆς
373 1283 548 1318 Ἐκκλησίας.
564 1284 626 1310 Εῖτε
640 1282 686 1311 οὖν
701 1285 730 1310 ὲν
741 1285 896 1320 ὑποκρίσει,

101 1329 161 1355 ιίτε
175 1329 224 1354 καὶ
237 1329 299 1355 καθ’
315 1329 409 1364 ἕτερον
423 1329 524 1364 τρόπον
539 1331 616 1364 ὅμως
640 1329 750 1363 ἐδέξατο
762 1329 812 1364 τὴν
830 1329 897 1356 σύν-

101 1374 166 1401 οδον
191 1375 207 1400 ὁ
224 1374 384 1406 Ἀθανάσιος
396 1394 403 1405 ,
422 1375 593 1410 ὁμολογήσας
611 1375 662 1407 τὰς
676 1373 723 1402 δύο
737 1376 766 1402 ὲν
784 1375 897 1410 Χριστῷ

101 1419 251 1454 ἡνωμένας
264 1419 370 1454 φύσεις.
384 1420 437 1446 Καὶ
448 1420 551 1447 τούτων
564 1420 760 1456 στοιχηθέντων
771 1420 898 1456 ἠρώτησε

101 1462 152 1490 ’τὸν
165 1462 278 1498 βασιλέα
293 1464 357 1499 περὶ
370 1463 422 1498 τῆς
435 1464 577 1499 ἐνεργείας
587 1483 594 1495 ,
609 1465 656 1491 καὶ
672 1465 726 1490 τῶν
737 1464 898 1499 θελημάτων

101 1507 148 1540 τὸ,
167 1508 227 1539 πῶς
241 1508 281 1534 δεῖ
301 1508 389 1535 ταῦτα
404 1508 494 1542 λέγειν
516 1509 545 1535 ὲν
559 1508 598 1544 τῷ
618 1509 743 1544 Χριστῷ,
761 1509 860 1542 διπλᾶ,
879 1509 895 1544 ἢ

103 1553 311 1588 μοναδικάςςο
333 1553 397 1588 γοῦν
417 1554 544 1589 βασιλεὺς
571 1553 768 1589 ξενοφωνηθεὶς
793 1555 840 1581 ἐπὶ
862 1556 896 1591 τῇ

101 1599 254 1634 ἐρωτήσει,
267 1600 315 1626 ἆτε
329 1599 360 1635 δὴ
375 1599 451 1626 οὔπω
463 1601 534 1627 κατὰ
547 1600 610 1632 τοὺς
623 1600 774 1635 ἡμετέρους
784 1601 897 1636 καιροὺς

102 1643 251 1679 κινηθείσῃ
264 1663 271 1675 ,
287 1644 388 1679 γράφει
404 1645 473 1679 πρὸς
488 1645 624 1680 Μαρτῖνον
640 1645 686 1670 τὸν
709 1645 803 1671 πάπαν
823 1645 899 1672 Ῥώ-

106 1698 164 1724 μης
180 1690 246 1724 περὶ
264 1690 370 1716 τούτου·
387 1691 487 1724 ὁμοίως
503 1691 550 1716 καὶ⁴
565 1690 633 1725 πρὸς
648 1690 762 1726 Σέργιον
776 1690 821 1717 τὸν
837 1690 899 1717 ἐπί-

106 1743 211 1762 σκοπον
224 1727 548 1767 Κώνσταντινουπόλεως.
566 1737 621 1762 Καὶ
636 1737 649 1763 ὁ
665 1736 714 1771 μὲν
729 1736 824 1767 πάπας
837 1736 900 1772 ἐσή-

105 1790 195 1817 μανεν
207 1781 282 1816 αὖτῴ
301 1781 372 1808 κατὰ
392 1781 443 1817 τὴν
460 1782 609 1816 παράδοσιν
631 1781 685 1808 τῶν
707 1781 793 1816 ἁγίων
810 1782 899 1809 Πατέ-

106 1836 175 1863 ρων,
190 1827 288 1860 λέγων,
302 1828 344 1854 ὅτι
356 1827 420 1854 ἔνθα
434 1827 481 1854 δύο
494 1827 589 1862 φύσεις
602 1827 791 1863 γνωρίζονται,
803 1827 899 1863 κτιστὴ

104 1874 175 1909 ὁμοῦ
192 1882 221 1900 τε
237 1873 284 1900 καὶ
297 1874 435 1906 ἄκτιστος,
452 1874 561 1908 ἀνάγκη
576 1876 651 1901 πᾶσα
664 1874 737 1909 ἔχειν
753 1874 839 1906 αὑτὰς
853 1874 900 1900 κα)¹

104 1921 157 1952 τὰς
181 1919 230 1946 δύο
253 1920 343 1946 αὐτῶν
360 1920 479 1954 φυσικὰς
499 1920 634 1954 ἰδιότητας
646 1940 653 1953 ,
670 1919 744 1953 λέγω
759 1920 791 1954 δὴ
806 1919 841 1946 τὰ
856 1919 901 1945 θε-

104 1966 236 2001 λήματα.
253 1966 301 1992 καὶ
318 1965 369 1997 τὰς
383 1965 534 2000 ἐνεργείας·
550 1961 588 1991 ὧν
601 1966 657 2000 γὰρ
688 1965 704 2000 ἡ
725 1964 834 2000 θέλησις
853 1964 901 1990 καὶ

104 2015 123 2049 ὴ
144 2013 273 2049 ἐνέργεια
290 2013 339 2049 μία
352 2033 359 2045 ,
382 2013 486 2040 τούτων
503 2013 613 2043 πάντως
627 2012 676 2038 καὶ
698 2013 714 2046 ή
736 2011 817 2046 φύσις
835 2010 900 2046 μία,

106 2059 156 2086 καὶ
171 2059 203 2086 οὑ
221 2059 268 2085 δύο
281 2059 457 2094 τυγχάνουσι.
474 2058 567 2085 Ταῦτα
583 2058 631 2084 καὶ
645 2057 679 2084 τὰ
696 2057 809 2085 τοιαῦτα
823 2057 901 2091 Μαρ-

105 2103 183 2131 τίνου
197 2104 231 2130 τὰ
249 2104 412 2138 γράμματα.

151 2233 181 2259 '0
196 2233 225 2260 δὲ
242 2232 554 2262 Κωνσταντινουπόλεως
569 2231 692 2266 Σέργιος,
705 2231 752 2257 ἇτε
767 2230 799 2265 δὴ
818 2231 903 2265 Σορο⁶

948 1021 1008 1040 nem
1019 1021 1142 1042 sermone
1157 1020 1321 1050 promptum,
1338 1022 1365 1043 et
1380 1017 1530 1052 improbum
1543 1019 1632 1044 nativa
1650 1018 1734 1053 Syro.

948 1067 1007 1086 rum
1031 1060 1188 1088 calliditate.
1213 1061 1335 1096 Cumque
1351 1062 1402 1089 sibi
1419 1063 1532 1089 invicem
1556 1063 1590 1089 de
1614 1063 1730 1097 duplicis

947 1104 1047 1131 Christi
1060 1110 1162 1132 natura:
1178 1106 1230 1132 l‘nle
1249 1107 1497 1134 communicassent
1518 1108 1668 1134 sententias
1680 1128 1687 1139 ,
1707 1107 1733 1134 id

949 1151 1055 1177 tandem
1071 1151 1207 1185 pollicitus
1222 1156 1260 1178 est
1280 1152 1438 1186 imperator,
1453 1153 1474 1178 si
1490 1153 1541 1180 sibi
1565 1160 1668 1180 morem
1688 1160 1734 1187 ge-

949 1199 1030 1227 reret,
1048 1200 1224 1230 sanctamque
1240 1197 1487 1224 Chalcedonensem
1502 1198 1634 1232 synodum
1649 1198 1734 1224 susci-

948 1245 1040 1275 peret.
1068 1241 1154 1275 ipsum
1179 1242 1238 1276 ejus
1250 1247 1350 1269 sancta:
1367 1243 1507 1269 catholica:
1531 1242 1657 1269 Ecclesia:
1687 1250 1734 1276 pa-

949 1285 1092 1312 lriarrham
1113 1285 1170 1313 fore
1194 1286 1417 1312 constituturuut.
1436 1285 1498 1312 Sive
1517 1286 1598 1320 igitur
1624 1285 1734 1312 simula-

950 1331 1031 1363 tione,
1059 1331 1115 1358 sive
1139 1331 1192 1358 alio
1215 1331 1310 1365 quovis
1342 1330 1423 1357 modo
1450 1331 1570 1365 suscepit
1603 1331 1735 1365 synodum

947 1377 1123 1409 Athanasius,
1142 1377 1275 1411 simulque
1289 1378 1357 1404 duas
1374 1378 1399 1404 in
1414 1377 1523 1404 Christo
1546 1376 1636 1403 unitas
1653 1380 1734 1402 uatu-

948 1428 992 1447 ras
1001 1428 1060 1448 esse
1072 1420 1212 1447 confessus
1222 1427 1273 1448 est.
1285 1420 1331 1447 llis
1343 1421 1378 1448 ita
1387 1421 1552 1454 compositis,
1561 1420 1617 1454 ipse
1625 1419 1659 1446 de
1672 1426 1736 1453 ope-

949 1466 1107 1498 rationibus,
1121 1471 1148 1494 et
1162 1467 1343 1494 voluntatibus
1360 1471 1534 1500 percontamur
1548 1474 1561 1492 a
1584 1473 1662 1500 rege,
1675 1465 1736 1492 nni-

947 1518 1042 1538 camne
1068 1515 1171 1538 tanttnn
1199 1520 1232 1538 an
1254 1511 1374 1545 duplices
1391 1512 1440 1538 has
1457 1511 1559 1544 pariter
1576 1511 1602 1536 in
1626 1510 1736 1537 Christo

947 1556 1206 1590 oporteatproﬂteri.
1215 1556 1378 1588 Qntrstionis
1389 1555 1528 1588 utriusque
1536 1554 1653 1580 novitate
1663 1561 1736 1579 corn-

950 1606 1036 1628 Inolus
1046 1608 1090 1628 rex
1101 1601 1247 1637 (nunquam
1256 1601 1354 1627 etenim
1367 1601 1399 1626 ad
1409 1605 1499 1626 nostra
1510 1599 1565 1625 haec
1575 1605 1658 1632 usque
1669 1602 1736 1624 tent-

950 1654 1014 1681 pora
1028 1647 1144 1674 excitata
1165 1646 1273 1680 fuerat),
1291 1645 1323 1672 de
1350 1645 1391 1672 Itis
1413 1645 1446 1671 ad
1475 1643 1618 1670 Mnrtinum
1641 1643 1736 1670 scribit

951 1701 1046 1728 papam
1059 1692 1221 1724 Romanum,
1245 1692 1391 1725 itidentque
1403 1691 1436 1718 ad
1463 1690 1586 1724 Sergium
1600 1688 1736 1715 Constan-

951 1738 1252 1773 tin0poliscpiscopum.
1270 1737 1356 1770 Atque
1380 1744 1393 1762 a
1417 1743 1485 1771 papa
1499 1735 1606 1769 quidem
1625 1740 1736 1768 respon-

950 1791 1009 1810 sum
1025 1782 1141 1816 accipit,
1155 1790 1209 1817 quo
1225 1782 1350 1810 videlicet
1365 1782 1416 1809 sibi
1435 1780 1640 1816 signiﬁcabatur
1659 1779 1736 1812 juxta

951 1833 1106 1856 sanctorum
1138 1827 1248 1854 Patrum
1283 1828 1470 1859 traditionem,
1507 1826 1552 1853 ubi
1587 1825 1646 1852 dure
1677 1830 1737 1850 esse

952 1878 1100 1901 noscuntur
1116 1877 1230 1905 naturae,
1246 1878 1336 1899 creata
1352 1873 1479 1899 nimirum
1492 1892 1500 1903 ,
1520 1876 1600 1906 atque
1618 1872 1737 1897 inrreata

952 1919 1053 1951 simul,
1086 1919 1124 1945 ibi
1154 1925 1266 1945 necesse
1287 1920 1388 1952 pariter
1412 1925 1491 1949 esse,
1517 1923 1738 1950 unamquamque

952 1964 1086 1992 naturales
1101 1971 1165 1991 suas
1189 1963 1287 1990 habere
1304 1963 1500 1996 proprietates;
1522 1961 1598 1993 duas,
1615 1961 1736 1994 inquam,

952 2009 1125 2041 voluntates,
1147 2012 1230 2042 atque
1251 2006 1424 2040 operationes
1448 2015 1454 2032 :
1474 2013 1589 2039 quoruut
1622 2011 1738 2037 namque

951 2054 1084 2085 voluntas,
1095 2052 1268 2087 operatioque
1278 2059 1330 2078 una
1341 2056 1392 2084 est,
1406 2051 1500 2077 horum
1513 2049 1614 2084 pariter
1631 2049 1738 2075 unieant

951 2099 1077 2130 omnino,
1102 2090 1155 2125 non
1172 2097 1305 2132 duplicem
1333 2095 1495 2123 ccnsendatn
1523 2102 1583 2121 esse
1601 2099 1736 2120 naturam.

955 2145 1028 2172 llanc
1044 2151 1154 2179 prorsus
1166 2143 1327 2170 sententiam
1340 2141 1446 2169 Martini
1462 2141 1558 2167 littera:
1573 2138 1738 2173 complecte-

953 2192 1060 2218 bantur.

990 2237 1102 2271 Sergius
1129 2243 1193 2263 vero
1211 2233 1489 2268 Constantinopolita,
1504 2232 1548 2267 qui
1573 2231 1676 2258 scilicet
1705 2238 1738 2257 ex

108 2282 194 2316 γενὴς
208 2281 349 2316 ὑπάρχων,
365 2281 402 2312 ὡς
425 2279 456 2315 δὴ
471 2279 549 2313 λόγος
561 2299 568 2311 ,
584 2279 632 2304 καὶ
649 2277 751 2311 γονέων
775 2276 899 2303 ἰακωϐι-

957 2280 1033 2316 Syria
1049 2283 1169 2307 traxerat
1186 2287 1278 2313 genus,
1294 2283 1373 2312 atque
1397 2285 1430 2304 ex
1447 2275 1577 2304 Jacobitis
1598 2276 1737 2310 prngnalis

108 2327 165 2353 τῶν
180 2326 308 2360 ἔγγονος,
329 2326 361 2352 τὰ
384 2325 492 2353 ἐναντία
508 2326 647 2360 Μαρτίνου
664 2324 809 2350 ἐπέστελλε
833 2323 902 2358 πρὸς

115 2372 288 2407 Ἡράκλειον,
305 2372 370 2407 μίαν
383 2380 412 2398 τε
432 2372 547 2407 φυσικὴν
561 2371 681 2406 θέλησιν,
697 2371 746 2398 καὶ
763 2370 903 2406 ἐνέργειαν

109 2419 140 2445 ιν
155 2418 267 2453 Χριστῷ
283 2418 462 2454 ὁμολογήσας.
476 2418 625 2453 Δεξὲιμενος
639 2415 685 2444 οὖν
701 2418 714 2443 ὁ
727 2416 854 2452 βασιλεὺς
873 2417 902 2449 ἐξ

111 2466 278 2500 ἀμφοτέρων
295 2465 328 2492 τὰ
341 2466 493 2500 γράμματα
508 2465 650 2500 ἐστοίχησε
667 2463 768 2499 μᾶλλον
781 2464 837 2494 τοῖς
852 2462 904 2489 ὑπὸ

111 2512 228 2546 Σεργίου
255 2513 409 2547 γραφεῖσιν·
437 2512 509 2546 ἅπερ
533 2511 580 2537 καὶ
610 2510 769 2541 Ἀθανάσιος
796 2510 905 2540 ὑπτίαις

113 2557 210 2592 χερσὶν
235 2557 360 2591 ἀσμένως
377 2557 500 2589 ἐδέξατο,
518 2557 556 2587 ὡς
578 2556 731 2592 κακοῦργος
752 2555 904 2590 γινώσκων,

112 2603 155 2630 δτι
170 2602 236 2629 ἔνθα
251 2603 300 2638 μία
318 2603 443 2638 ἐνέργεια
459 2603 577 2637 εἴρηται,
595 2603 654 2628 ἐκεῖ
670 2602 779 2633 πάντως
793 2602 841 2628 καὶ
857 2601 906 2635 μία

113 2648 197 2683 φύσις
209 2647 384 2683 γνωρίζεται.
399 2647 465 2675 Εἶτα
476 2647 670 2674 ἀποστέλλεται
680 2649 695 2674 ὁ
708 2647 801 2678 πάπας
815 2645 907 2681 Κῦρος

114 2695 144 2720 ιν
180 2692 386 2728 Ἀλεξανδρείᾳ,
413 2693 606 2724 ποιεῖ’καὺτὸς
625 2693 727 2728 ὁμοίως
755 2693 836 2719 κάκεῖ
858 2693 907 2727 τὴν

116 2739 260 2775 ὑδροὸαφῆ
275 2739 382 2775 ἐκείνην
393 2740 436 2766 διὰ
458 2740 598 2775 Θεοδώρου
614 2739 661 2765 τοῦ
677 2739 827 2774 Φαρανίτου
843 2738 908 2764 ἕνωε

115 2793 171 2817 σιν,
190 2784 290 2819 μᾶλλον
315 2785 343 2811 δὲ
358 2786 474 2812 κένωσιν
497 2785 572 2820 μίαν.
599 2785 696 2812 καύτοὶ
722 2784 817 2810 αὑτὸοι
839 2783 908 2818 γρά-

114 2832 220 2866 ψαντες
244 2831 272 2856 ἐν
296 2831 407 2866 Χριστῷ
424 2832 544 2866 φυσικὴν
564 2832 614 2866 τὴν
631 2831 781 2866 ἐνέργειαν.
800 2829 909 2856 Τούτων

116 2877 150 2911 δὴ
166 2876 263 2902 λοιπὸν
283 2876 354 2902 οὕτω
372 2877 443 2903 κατὰ
463 2877 518 2903 τῶν
541 2876 700 2911 Ἀντιοχέων
717 2875 764 2902 καὶ
784 2874 909 2906 Ἀλεξαν-

118 2922 208 2953 δριων
225 2922 531 2958 παρακολουθησάντων,
550 2923 590 2953 είς
611 2923 682 2957 μέγα
696 2921 796 2952 δνειδος
813 2921 829 2955 ἡ
846 2920 909 2946 σύν-

956 2327 1041 2360 stirpe
1057 2325 1222 2355 dimanabat,
1253 2323 1356 2350 litteras
1378 2323 1411 2349 ad
1438 2321 1591 2348 llcraclium
1613 2321 1686 2348 dedit
1713 2320 1739 2346 in

956 2373 1098 2399 adversam
1115 2370 1232 2397 Martino
1247 2369 1411 2396 sententiam
1434 2368 1603 2402 conscriptas
1614 2387 1622 2399 ,
1643 2366 1740 2400 quibus

956 2418 1062 2445 unicam
1088 2417 1237 2443 naturalem
1259 2416 1441 2446 voluntatem,
1458 2414 1699 2448 operationemque
1715 2413 1742 2439 in

955 2463 1063 2490 Christo
1078 2462 1265 2489 confitebatur.
1293 2460 1403 2487 Litteris
1426 2461 1452 2486 in
1482 2461 1552 2486 hunc
1569 2467 1648 2493 qucnt
1673 2458 1744 2484 disi-

957 2517 1016 2536 mus
1035 2508 1141 2535 modum
1166 2508 1200 2534 ab
1220 2512 1334 2538 tumque
1349 2506 1468 2540 acceptis
1495 2506 1653 2539 imperator,
1679 2503 1742 2530 Sci“

957 2556 992 2591 gii
1009 2556 1098 2590 potius
1110 2555 1249 2582 sententia:
1265 2556 1403 2585 adhaerere
1418 2553 1571 2584 constituit,
1589 2560 1669 2586 quam
1687 2551 1758 2584 epi-'

958 2602 1025 2628 stola
1037 2607 1207 2634 expresserat
1217 2621 1223 2630 ,
1245 2607 1379 2634 quamque
1392 2599 1558 2626 Athanasius
1573 2598 1670 2633 gaudio
1687 2596 1744 2623 cla-

959 2653 1002 2674 tus
1016 2647 1149 2681 resupinis
1159 2651 1304 2680 exceperat
1320 2645 1445 2673 manibus
1455 2666 1462 2678 ,
1476 2645 1519 2679 qui
1537 2645 1641 2672 scilicet
1664 2643 1742 2670 calli-

959 2691 1008 2719 dus
1035 2696 1124 2724 norat,
1151 2690 1188 2717 ibi
1216 2690 1325 2717 omnino
1348 2691 1454 2717 unicam
1474 2693 1598 2716 naturam
1630 2686 1744 2720 intelligi

960 2743 1095 2771 oportere,
1110 2737 1154 2763 ubi
1173 2736 1250 2763 unica
1277 2743 1337 2763 esse
1360 2736 1481 2771 operatio
1494 2735 1640 2762 diceretur.
1660 2733 1745 2767 Cyrus

961 2785 1063 2811 interea
1079 2784 1200 2818 pontifex
1213 2783 1405 2810 Alexandriam
1427 2782 1558 2812 mittitur,
1576 2787 1629 2814 quo
1648 2779 1699 2804 loci
1719 2783 1746 2804 et

963 2830 1019 2865 ipse
1034 2830 1160 2856 similiter
1170 2836 1217 2863 per
1234 2829 1403 2855 Theodorum
1420 2827 1591 2854 Pltaranitem
1609 2831 1640 2849 eo
1655 2823 1743 2849 unita-

962 2875 1008 2906 tis,
1021 2874 1076 2900 sive
1088 2873 1177 2908 potius
1197 2873 1335 2899 inanitatis
1351 2872 1477 2906 dogmate
1501 2869 1637 2900 inﬁcitur;
1661 2874 1745 2901 quare

964 2919 1070 2953 utrique
1096 2919 1201 2945 unicam
1225 2918 1293 2944 hanc
1325 2916 1474 2942 naturalem
1506 2914 1689 2947 operationem
1719 2912 1746 2938 in
