1978 3185
259 150 328 182 1190

873 151 904 180 S.
924 148 1124 180 ANASTASII
1146 150 1308 181 SINAITtE

1830 153 1842 184 1
1849 155 1901 184 Μ)

257 210 312 243 I'ui;
325 213 353 236 et
368 216 449 236 nemo
463 213 505 236 est
522 209 569 244 qui
586 216 630 236 me
644 209 759 240 liberet;
777 216 841 236 ecce
856 208 973 243 supplex
987 216 1049 243 pre-

1111 217 1162 241 ιαι,
1178 209 1225 237 καὶ
1241 208 1328 240 οὐδεὶς
1348 209 1361 234 ἑ
1376 209 1540 237 εἰςακοὺων.
1565 210 1685 246 Ἀληθῶς
1696 212 1786 238 δικαία
1805 213 1824 247 ἡ
1839 213 1904 246 κρέ-

255 261 314 286 cor,
329 257 357 280 et
377 261 460 280 nemo
478 257 520 280 est
532 253 579 288 qui
593 261 637 280 me
650 253 753 280 audiat.
773 253 843 280 Vere
863 253 1051 289 justumjudi-

255 299 329 327 cium
357 299 417 326 Dei.
446 299 563 332 Quoties
583 300 657 326 enim
671 300 697 327 ei
718 300 910 334 pmnitentiam
924 299 1048 335 promisi,

255 351 283 372 et
299 353 411 373 rursum
434 345 529 380 pejora
543 345 690 373 faciebam!
722 346 836 380 Quoties
850 346 904 373 mei
920 346 1050 373 misertus

255 396 308 424 est,
326 396 354 418 et
366 399 477 418 rursum
492 391 561 418 iram
578 392 639 427 ejus
653 392 807 419 concitavit

291 437 355 464 litec
378 438 544 472 plerumque
570 438 740 465 moribundo
764 438 797 465 ad
828 447 879 466 nos
900 443 1051 474 praesentes

257 484 389 516 dicente,
415 484 508 511 subito
537 484 599 519 ejus
625 484 747 512 vincitur
774 484 889 520 lingua,
918 485 1052 512 avertitur

258 538 346 560 mens.
371 530 520 558 turbantur
542 531 629 563 oculi,
655 531 743 559 donec
759 531 877 559 inferum
900 535 1052 566 potestates

258 577 392 612 deinceps
419 578 659 613 supervenerint;
685 572 817 613 quoniam
846 586 901 605 non
930 578 1051 605 invocati

258 628 405 650 exactores
416 623 450 650 ad
469 623 592 650 tribunal
606 631 658 651 nos
671 624 815 651 trahentes
827 624 966 658 deferunt,
983 632 1054 659 quos

258 669 409 697 etintuens
425 670 511 697 miser
531 670 626 703 homo,
653 670 705 697 etsi
735 679 783 698 rex
801 671 853 703 sit,
875 671 918 698 vel
944 676 1051 706 potens,

260 715 301 742 vel
316 720 460 751 tyrannus,
476 720 550 744 totus
565 718 734 750 concutitur,
748 722 777 744 et
797 717 906 749 domus,
922 722 1053 752 tanquam

260 771 274 788 υ
301 767 436 789 terrarum
463 763 654 797 quassatione,
669 768 726 790 tota
744 763 890 796 tremiscit,
909 769 965 791 tota
986 772 1052 791 cou-

261 809 417 841 turhatur,
445 814 503 836 tota
534 814 649 845 stupet,
684 814 712 837 et
743 811 880 837 excitatur
920 810 1055 839 formido-

261 855 334 882 losas
351 855 449 882 videns
470 860 633 890 potestates,
657 855 755 882 videns
781 855 884 884 formas
899 861 1009 884 exteras
1028 863 1055 884 et

261 901 407 933 violentas,
422 901 518 928 videns
535 901 676 933 cohortes,
689 909 759 936 quas
775 909 917 936 nunquam
932 909 1057 930 contem-

261 948 353 983 platus
370 952 422 974 est.
447 948 509 975 Ihce
528 953 594 975 tunc
618 948 716 976 obiens
736 950 830 982 videt,
847 957 897 977 nos
917 958 985 977 vero
999 951 1055 986 jam

261 1001 316 1020 non
334 993 427 1025 videt;
449 994 496 1020 sed
509 993 543 1021 ad
558 999 692 1022 vocantes
712 1003 775 1023 eum
792 1000 945 1031 potestates
959 1004 1057 1024 exsur-

261 1039 301 1074 git
319 1039 503 1073 stupefactus.
519 1040 601 1068 Forte
620 1046 647 1068 et
669 1043 818 1070 nonnullas
840 1051 938 1078 preces
958 1044 991 1071 ad
1010 1052 1057 1071 eas

263 1085 354 1112 fundit
376 1087 538 1117 mussitans,
563 1091 696 1121 quantum
719 1089 811 1123 lingua
827 1089 900 1123 loqui
916 1090 1000 1117 valet.
1017 1091 1057 1117 Ex

262 1132 367 1166 quibus
383 1132 475 1159 verbis
491 1137 518 1159 et
535 1133 618 1160 rebus
641 1139 790 1168 praesentes
806 1136 971 1171 plerumque
987 1145 1056 1164 con-

260 1177 371 1213 jieimus
389 1178 461 1213 quod
480 1179 643 1214 tyrannicas
657 1184 811 1214 potestates
823 1180 904 1213 vidit,
918 1185 947 1207 et
961 1189 1057 1208 omnes

264 1229 385 1251 tremore
407 1225 506 1251 alim-to
531 1224 739 1257 horrescimus;
759 1230 787 1252 et
804 1225 877 1253 inter
894 1234 946 1253 nos
967 1226 1058 1254 innui-

263 1277 325 1296 mus
340 1269 467 1296 dieentes
485 1278 490 1295 :
508 1270 671 1302 Precemur,
693 1270 803 1303 fratres,
821 1271 848 1298 in
866 1279 966 1307 magno
982 1273 1056 1300 enim

263 1314 416 1342 certamine
432 1321 570 1343 versatur.
592 1315 758 1343 Medilcmur
774 1321 802 1344 et
816 1317 850 1344 de
865 1317 911 1344 illa
926 1317 994 1345 hora
1009 1326 1057 1346 co-

263 1361 392 1395 gitemus.
408 1360 479 1393 Quid
498 1362 573 1388 enim
588 1366 631 1388 est
645 1362 745 1390 homo?
758 1363 844 1392 Nihil.
864 1363 935 1397 Quid
954 1364 1058 1392 homo?

263 1407 383 1439 vermis,
400 1407 481 1440 ciuis,
508 1407 604 1435 umbra
617 1429 624 1440 ,
658 1409 808 1437 somnium.
829 1409 901 1437 Ecce
929 1411 1056 1444 transiit,

263 1459 328 1479 ecce
344 1452 424 1484 abiit,
440 1460 504 1480 ecce
530 1453 657 1485 cessavit,
672 1461 736 1481 ecce
756 1454 905 1489 requievit.
933 1455 983 1483 Hie
1000 1465 1057 1484 ma-

264 1506 344 1532 gnus,
361 1499 496 1531 invictus,
514 1504 623 1534 potens,
646 1501 764 1533 validus,
779 1501 852 1536 jacet
872 1502 918 1529 ovi
943 1503 1055 1536 mitior;

1103 264 1145 287 σις
1161 255 1209 281 τοῦ
1224 255 1302 282 Θεοῦ.
1317 255 1437 288 Ποσάκις
1452 256 1506 291 γὰρ
1520 256 1595 292 αὑτῷ
1610 259 1750 292 μετανοεῖν
1766 267 1905 285 συνετασ.

1103 301 1191 336 σόμην
1208 301 1276 336 (55),
1291 301 1338 327 καὶ
1358 301 1440 328 πάλιν
1454 301 1487 327 τὰ
1499 301 1584 337 χείρω
1607 302 1810 339 διεπραττόμην
1823 304 1831 330 ι
1852 304 1906 330 [ιο-

1103 347 1182 379 σάκις
1197 355 1230 382 με
1244 347 1355 383 ἠλέησε,
1368 348 1416 374 καὶ
1428 347 1508 374 πάλιν
1521 347 1687 384 παρώργισα
1705 351 1710 377 !

1139 437 1233 464 Ταῦτα
1251 437 1383 468 πολλάκις
1396 437 1443 463 τοῦ
1458 437 1644 469 τελευτῶντος
1656 438 1725 473 πρὸς
1741 439 1818 474 ἡμᾶς
1838 439 1906 470 τοὺς

1103 484 1242 520 παρόντας
1255 483 1459 519 διαλεγομένου,
1477 483 1608 519 ἐξαίφνης
1623 484 1766 519 δεσμεῖται
1780 486 1797 520 ἡ
1808 486 1904 519 γλῶσ-

1105 539 1148 561 σα,
1181 529 1312 557 ἀναπολεί
1326 531 1340 563 ᾧ
1363 529 1434 561 νοῦς,
1451 529 1622 557 ἀλλοιοῦνται
1639 531 1663 556 οΙ
1677 530 1825 566 ὀφθαλμοὶ,
1845 531 1906 566 ἠνί-

1104 584 1140 602 κα
1166 576 1194 601 αἱ
1219 575 1380 602 δεσποτικαὶ
1403 575 1534 611 δυνάμεις
1552 576 1648 602 λοιπὸν
1673 577 1904 611 παραγένωνται.

1106 621 1167 647 ’Ότι
1185 621 1209 646 οἱ
1233 620 1425 656 ἁπαράκλητοι
1451 622 1602 656 ἀπαιτηταὶ
1619 622 1659 654 εἰς
1676 622 1708 648 τὺ
1721 622 1905 658 δικαστήριον

1104 668 1177 702 ἡμᾶς
1192 667 1318 698 ἕλκοντες
1334 668 1532 703 ἀποφέρουσιν,
1559 668 1607 700 οὓς
1632 669 1679 695 καὶ
1700 669 1878 704 Θεασάμενος
1890 669 1904 695 ὁ

1105 714 1280 750 ταλαίπωρος
1292 714 1447 750 ἄνθρωπος,
1461 715 1513 741 κᾶν
1528 714 1655 749 βασιλεὺς
1670 716 1739 748 ἐστι,
1755 716 1809 742 κᾶν
1822 716 1905 742 δυνά-

1107 768 1182 794 στης,
1202 760 1254 787 κᾶν
1274 760 1425 795 τύραννος,
1442 760 1503 791 ὅλος
1524 760 1653 793 δονεῖται,
1664 761 1712 787 καὶ
1729 762 1744 787 ὸ
1756 759 1845 792 οἶκος,
1865 761 1902 791 ὡς

1106 806 1160 833 ἀπὸ
1188 806 1313 841 σεισμοῦ,
1342 806 1402 838 ὅλος
1426 806 1535 842 τρέμει,
1563 806 1624 838 ὅλος
1644 807 1821 842 ταράττεται,
1841 806 1903 837 ὅλος

1107 852 1253 887 θαμὸεῐται
1273 854 1320 879 καὶ
1345 853 1485 886 ἐξίσταται
1512 853 1584 889 ὁρῶν
1611 853 1742 889 δυνάμεις
1765 853 1900 888 φοϐερὰς,

1073 884 1092 911 Β
1107 884 1178 931 egi?»
1195 897 1303 932 μορφὰς
1328 884 1405 929 ξένας
1425 898 1472 924 καὶ
1492 884 1635 933 κραταιὰς,
1651 884 1721 934 optim
1733 884 1816 929 τάξιν
1832 884 1900 933 (54),

1108 943 1140 977 ἣν
1160 943 1288 969 οὐδέποτε
1312 943 1461 970 ἐθεάσατο·
1485 944 1572 971 ταῦτα
1597 946 1658 971 τότε
1682 946 1696 970 ὁ
1725 939 1901 979 ἀπαγόμενος

1107 989 1169 1023 ὁρᾷ,
1187 990 1260 1024 ἡμᾶς
1277 989 1306 1016 δὲ
1334 990 1428 1016 οὐκέτι
1453 990 1570 1026 καθορᾷ,
1586 991 1654 1017 ἀλλὰ
1685 991 1754 1026 προς
1775 991 1827 1022 τὰς
1852 1000 1900 1017 κα-

1107 1035 1207 1066 λούσας
1224 1035 1354 1070 δυνάμεις
1373 1035 1525 1071 οαμόηοεὶς
1539 1037 1690 1068 ἐξίσταται.
1710 1036 1789 1068 Ἴσως
1805 1036 1835 1062 δὲ
1855 1036 1900 1064 καί

1107 1089 1185 1112 τινας
1198 1081 1305 1116 δεήσεις
1322 1081 1389 1117 πρὸς
1399 1081 1483 1113 αὑτὰς
1501 1083 1618 1108 ποιεῖται
1629 1081 1792 1117 ψιθυρίζων,
1807 1082 1899 1113 καθὼς

1107 1127 1124 1162 ἡ
1141 1126 1253 1161 γλῶσσα
1264 1126 1353 1153 λαλεῖν
1372 1127 1495 1154 δύναται.
1511 1127 1556 1160 Ἐξ
1569 1125 1607 1154 ὢν
1622 1127 1753 1163 ῥημάτων
1769 1128 1818 1154 καὶ
1833 1136 1900 1163 χρη-

1110 1173 1203 1209 μάτων
1220 1173 1244 1200 οε
1261 1174 1394 1209 παρόντες
1421 1173 1554 1206 πολλάκις
1575 1174 1688 1210 νοοῦμεν
1700 1195 1708 1206 ,
1732 1175 1773 1201 ὅτι
1791 1175 1843 1206 τὰς
1860 1175 1900 1200 δε-

1109 1220 1243 1252 σποτικὰς
1263 1220 1393 1256 δυνάμεις
1417 1220 1560 1253 ἐθεάσατο,
1580 1221 1627 1247 καὶ
1653 1221 1756 1252 πάντες
1783 1220 1900 1256 σύντρο-

1110 1276 1155 1302 μοι
1173 1267 1228 1302 (55)
1246 1267 1398 1302 γενόμενοι,
1418 1268 1583 1303 φρίττομεν,
1605 1268 1739 1307 καὶπρὸς
1769 1267 1900 1303 ἀλλήλους

1108 1311 1270 1347 διανεύομεν
1287 1311 1432 1346 λέγοντες·
1457 1312 1688 1348 Προσευξὼμεθα,
1713 1312 1838 1347 ἀδελφοῦ
1862 1313 1901 1344 εις

1108 1358 1162 1394 γὰρ
1183 1359 1278 1393 ἀγῶνα
1306 1359 1395 1394 μέγαν
1425 1359 1603 1394 παρίσταται.
1629 1359 1835 1394 Σκοπὴσωμεν,
1854 1360 1900 1385 καὶ

1108 1405 1158 1440 τῆς
1169 1405 1245 1441 ὥρας
1257 1404 1358 1440 ταύτης
1372 1405 1571 1441 φροντίσωμεν.
1586 1405 1619 1431 Τί
1635 1405 1690 1441 γάρ
1704 1406 1778 1432 ἐστιν
1793 1405 1900 1441 ἄνθρω·

1109 1462 1174 1486 πος;
1200 1452 1289 1480 οὐδέν·
1303 1452 1329 1479 τί
1356 1453 1519 1488 ἄνθρωπος;
1550 1451 1659 1487 σκώληξ
1682 1452 1728 1478 καί
1742 1451 1834 1487 τέφρα
1855 1452 1898 1478 καὶ

1111 1499 1174 1526 σκιὰ
1200 1499 1247 1525 καὶ
1263 1498 1341 1534 ὄναρ.
1379 1497 1429 1525 ’ἰδὲ
1458 1498 1546 1532 διέϐη,
1574 1497 1611 1524 ῑδὲ
1629 1497 1752 1531 ἀπῆλθε,
1775 1497 1814 1523 ἰδὲ
1837 1506 1900 1524 κατ-

264 1545 444 1580 ronspieuus,
460 1545 539 1580 quasi
558 1553 612 1572 non
633 1546 812 1582 conspicuus,
828 1547 918 1575 factus
931 1553 973 1576 est
990 1548 1058 1575 iuvi-

1112 1546 1252 1578 ἔπαυσεν,
1287 1546 1323 1573 ἰδὲ
1345 1545 1491 1581 ἡσύχασεν.
1515 1546 1633 1577 Ἐκεῖνος
1656 1545 1670 1571 ὀ
1694 1545 1777 1576 πολὺς
1807 1544 1898 1580 (56),ὸ

264 1591 374 1625 sibilis;
389 1597 538 1627 superatus
552 1592 651 1627 estqui
671 1593 830 1628 superabat,
849 1598 876 1621 et
890 1602 953 1627 ecce
971 1595 1059 1622 abdu-

265 1643 334 1665 cunt
352 1647 407 1674 quo
424 1639 568 1666 abducunt
589 1639 772 1673 abducentes,
795 1641 822 1668 in
842 1649 898 1676 quo
910 1642 971 1670 loco
986 1647 1059 1671 stant

267 1688 420 1719 potestates
445 1689 473 1712 et
492 1685 709 1718 dominationes,
725 1687 819 1713 acerbi
835 1692 963 1714 nostrum
979 1696 1061 1715 aecu-

267 1734 374 1757 satores
391 1730 417 1757 in
433 1738 496 1758 aere
510 1739 517 1763 ;
536 1731 563 1758 in
581 1740 636 1766 quo
651 1732 791 1759 terribiles
803 1733 958 1767 publicani,
972 1737 1001 1761 et
1017 1734 1060 1760 in-

267 1775 429 1810 quisitores.
443 1781 470 1803 et
481 1776 647 1804 collectores
659 1781 723 1804 sunt
736 1777 822 1810 obvii,
837 1778 883 1813 qui
897 1784 1071 1813 scrutantur,

269 1820 424 1855 inquirunt,
446 1821 620 1855 insimulant,
634 1824 785 1858 proferunt
797 1824 920 1852 immittis
937 1830 1059 1860 peccata,

268 1867 502 1902 ctchirographa,
517 1868 574 1896 sive
591 1869 618 1896 in
633 1869 792 1904 juventute,
807 1871 865 1898 sive
885 1871 911 1898 in
931 1876 1061 1899 senectu-

270 1918 307 1946 te,
327 1914 384 1941 sive
401 1914 531 1948 libenter,
546 1915 604 1942 sive
619 1915 706 1943 invite
719 1915 801 1948 facta,
818 1916 875 1945 sive
892 1917 989 1950 verbo,
1003 1918 1062 1945 sive

269 1967 363 1994 opere,
388 1960 445 1987 sive
461 1960 642 1995 cogitatione.
663 1961 768 1989 Multus
785 1962 868 1989 timor
883 1962 933 1996 ibi,
957 1963 1062 1990 multus

270 2005 378 2032 miserm
387 2006 486 2033 anima:
498 2010 612 2034 tremor.
627 2005 741 2033 lnfanda
755 2007 921 2042 necessitas.
934 2016 1017 2043 quam
1027 2009 1062 2036 ab

272 2051 393 2078 inimicis
421 2051 551 2085 sustinet,
573 2052 792 2087 impedientibus
815 2053 1061 2089 obstantibusque,

271 2105 305 2124 ne
322 2097 454 2125 ascendat
479 2098 507 2125 in
527 2098 640 2132 caelum,
656 2107 690 2126 nc
709 2098 737 2127 in
755 2099 910 2127 viventium
921 2100 1062 2136 regionem

273 2143 458 2178 ingrediatur.
483 2144 587 2172 Verum
613 2136 701 2172 sancti
723 2145 825 2180 angeli,
850 2145 970 2174 animam
986 2146 1063 2175 exci-

232 2195 235 2198 '
273 2191 393 2226 pientes,
411 2191 650 2221 tuncvabducunt.
666 2192 723 2220 Nos
735 2196 839 2225 autem,
852 2193 936 2228 justis
952 2197 1063 2220 mortuo

273 2237 384 2272 corpori
404 2237 568 2272 persolutis,
583 2238 618 2265 ad
640 2238 775 2266 tttmulum
797 2238 946 2274 diligenter
962 2239 1062 2266 defun-

272 2287 346 2310 ctum
375 2284 533 2317 elici-imus;
564 2292 646 2319 quem
672 2284 710 2311 ibi
733 2285 934 2320 relinquentes,
953 2285 1066 2313 domum

273 2330 442 2356 revertimur
468 2330 561 2358 moesti
589 2334 616 2357 et
641 2330 754 2366 abjecti,
774 2331 947 2366 excipientes
965 2336 994 2360 et
1013 2331 1066 2367 ipsi

273 2374 482 2402 ineiuctabilem
496 2376 595 2403 mortis
610 2375 708 2404 horam
718 2377 780 2404 {Ne
798 2377 882 2412 igitur
896 2385 946 2405 nos
957 2385 1068 2413 quoque

273 2420 451 2447 inveniamur
477 2420 619 2456 imparati,
634 2421 746 2453 fratres,
766 2421 794 2448 iu
822 2422 877 2449 hac
888 2423 1066 2457 necessitate,

273 2474 430 2499 rurramus,
445 2475 645 2502 properamus,
673 2475 889 2503 praecaveamus,
906 2476 941 2496 ne
957 2476 991 2496 ex
1011 2470 1064 2496 im-

275 2513 389 2547 proviso
401 2513 588 2548 abripiamur.
605 2513 810 2549 lngrediamur,
826 2522 860 2541 ne
873 2513 941 2541 foris
955 2522 1067 2554 manca-

275 2567 354 2593 mus;
374 2559 539 2595 abjiciamus
560 2568 661 2588 vanam
681 2561 763 2588 istam
784 2561 1068 2597 ignaviam;abjicia-

276 2607 503 2634 massoeordiam
517 2611 651 2640 nostram,
669 2608 696 2635 in
714 2616 768 2643 qua
781 2615 867 2643 usque
885 2607 918 2635 ad
932 2607 985 2635 hoc
997 2613 1066 2636 tem-

383 2709 636 2743 Συνετασσόμην.
651 2708 778 2736 Promisi.

323 2707 358 2736 35
383 2709 636 2743 Συνετασσόμην.
651 2708 778 2736 Promisi.

392 2741 483 2778 Ὁρῶν
496 2743 592 2780 τάξιν.
612 2743 730 2778 Ἒγονν,
746 2743 885 2780 τάγματα.

314 2778 371 2811 (55)
387 2780 560 2813 Σύντρομοι.
579 2779 598 2806 i.
614 2787 640 2806 e.
660 2779 796 2814 ἔντρομοι,

281 2811 294 2826 “
314 2813 370 2851 (ζμβ)
388 2815 417 2851 ξφ
433 2811 540 2851 πρλῡς.
556 2815 631 2842 Πάνυ
650 2811 822 2851 περιϐόητος.
833 2815 864 2842 ν.
880 2814 977 2850 Synes.
999 2819 1017 2840 l.
1033 2815 1065 2844 ll.

278 2858 306 2885 ι).
319 2849 364 2880 24,
383 2849 426 2879 60,
441 2850 484 2877 61.

314 2884 369 2920 (ὅῖ)
384 2885 474 2921 Τόπῳ.
498 2885 550 2913 Ἐν

1109 1592 1256 1627 ἀήττητος,
1274 1593 1287 1618 ὁ
1309 1591 1454 1626 δυνάστης,
1472 1592 1486 1618 ὁ
1501 1591 1632 1627 κραταιὸς
1655 1592 1743 1617 κεῖται
1763 1590 1898 1625 προϐάτου

1110 1639 1276 1673 πραΰτερος.
1296 1639 1325 1664 Ὀ
1345 1639 1455 1673 φαινὴς,
1473 1638 1510 1668 ὼς
1530 1637 1567 1673 μὴ
1584 1637 1691 1673 φαινὴς,
1704 1637 1818 1672 γέγονεν
1833 1636 1898 1670 ἁφα-

1111 1685 1169 1719 νής.
1193 1684 1222 1710 '0
1246 1684 1355 1719 κρατῶν
1380 1684 1564 1719 κεκράτηται,
1587 1683 1635 1710 καὶ
1658 1683 1712 1710 ἰδοὺ
1738 1683 1897 1716 ἀπάγουσιν,

1111 1731 1178 1757 ὅπου
1195 1730 1350 1764 ἀπάγουσιν
1363 1730 1387 1756 οἱ
1400 1730 1564 1764 ἀπάγοντες,
1580 1731 1608 1756 ἐν
1625 1729 1680 1764 (57)
1731 1729 1858 1755 ἵστανται
1873 1729 1898 1754 αἱ

1112 1777 1196 1812 ἀρχαὶ
1209 1777 1256 1802 καὶ
1270 1775 1400 1809 ἐξουσίαι,
1416 1777 1440 1803 οι
1453 1776 1547 1812 πικροὶ
1562 1775 1642 1811 ἡμῶν
1656 1776 1805 1810 κατήγοροι
1823 1777 1850 1801 ἑν
1863 1775 1899 1809 τῷ

1112 1823 1189 1858 ἀέρι·
1218 1822 1248 1849 ἐν
1263 1819 1285 1856 ᾧ
1298 1823 1322 1849 οἰ
1341 1822 1424 1848 δεινοὶ
1440 1822 1555 1849 τελῶναι
1573 1822 1619 1848 καὶ
1637 1821 1779 1856 λογοθέται
1793 1822 1840 1849 καὶ
1855 1830 1898 1855 φοη

1115 1869 1219 1905 ρολόγοι
1245 1869 1430 1900 σοναντῶντες
1442 1889 1448 1901 ,
1472 1868 1679 1902 λογοθετοῦντες
1693 1888 1700 1900 .
1718 1868 1897 1905 κρατοῦντες,

1113 1915 1343 1952 κατηγοροῦντες,
1355 1916 1541 1951 προφέροντες
1552 1915 1586 1942 τὰ
1597 1915 1643 1942 τοῦ
1656 1915 1801 1951 ἀνθρώπου
1814 1915 1898 1950 ἀμαρ-

1113 1963 1223 1997 τήματα
1247 1962 1294 1988 καὶ
1317 1962 1499 1998 χειρόγραφα,
1521 1961 1553 1987 τὰ
1575 1963 1603 1988 ὲν
1619 1962 1736 1996 νεότητι.
1754 1961 1788 1988 τὰ
1805 1963 1835 1988 ὲν
1850 1961 1897 1995 γή-

1115 2017 1157 2044 ρει
1176 2008 1242 2043 (38),
1262 2007 1296 2034 τὰ
1316 2007 1437 2039 ἑκούσια,
1453 1997 1488 2034 τὰ
1503 2007 1630 2040 ἀκούσια,
1647 2007 1681 2035 τὰ
1703 2007 1736 2034 δι’
1751 2007 1850 2043 ἔργων,
1866 2006 1898 2033 τὰ

1113 2052 1158 2080 διὰ
1173 2052 1269 2086 λόγων,
1287 2051 1321 2078 τὰ
1334 2052 1368 2079 δι’
1383 2052 1567 2088 ἐνθυμήσεων.
1592 2052 1679 2084 Πολὺς
1702 2053 1716 2079 ὁ
1738 2053 1820 2087 φόϐος
1836 2053 1898 2084 ἐκεῖ,

1115 2098 1199 2130 πολὺς
1219 2098 1270 2132 τῆς
1294 2097 1391 2129 ἀθλίας
1416 2097 1508 2133 ψυχῆς
1531 2099 1544 2124 ὸ
1567 2098 1680 2134 τρόμος.
1705 2099 1861 2134 Ἀδιήγητος
1882 2098 1897 2132 ἡ

1115 2144 1234 2179 ἀνάγκη,
1249 2143 1284 2179 ἢν
1299 2143 1351 2170 ὑπὸ
1366 2143 1420 2171 τῶν
1440 2143 1545 2179 ἐχθρῶν
1561 2144 1719 2178 ὑφίσταται,
1733 2145 1898 2174 κωλυόντων,

1106 2190 1382 2227 -ὲμποδιζόντων,ἴνα
1401 2190 1440 2226 μὴ
1458 2191 1487 2217 ὲν
1502 2189 1541 2227 τῷ
1549 2191 1657 2227 οὐρανῷ
1671 2190 1726 2225 (59)
1740 2191 1897 2226 άνέ).οῃ,ἶνα

1078 2226 1101 2254 Ῑ)
1174 2238 1204 2263 ὲν
1219 2237 1251 2272 τῇ
1270 2235 1348 2272 χώρᾳ
1369 2236 1424 2263 τῶν
1451 2226 1562 2269 ζώντων
1584 2226 1703 2272 εἰσέλθῃ.
1722 2236 1792 2262 Ἀλλ’
1809 2238 1836 2263 οἱ
1856 2235 1899 2270 μὲν

1117 2284 1189 2318 ἅγιοι
1219 2282 1331 2318 ἄγγελοι
1353 2283 1403 2318 τὴν
1421 2282 1511 2318 ψυχὴν
1537 2282 1743 2318 παραλαϐόντες
1767 2283 1898 2316 ἀπάγουσι

1116 2329 1188 2357 τότε.
1212 2329 1308 2365 Ἡμεῖς
1325 2328 1364 2362 δὲ,
1379 2329 1409 2355 τὸ
1423 2329 1520 2365 θνητὸν
1539 2329 1620 2364 σῶμα
1631 2329 1825 2363 κηδεύσαντες,
1841 2328 1898 2363 πρὸς

1117 2376 1163 2403 τὸν
1184 2376 1280 2412 καιρὸν
1298 2375 1447 2411 κομίζομεν
1469 2375 1539 2411 μετὰ
1557 2375 1673 2410 σπουδῆς
1697 2375 1742 2401 τὸν
1758 2375 1897 2402 τεθνεῶτα.

1119 2424 1174 2451 Καὶ
1202 2425 1292 2451 ἐκεῖσε
1319 2423 1526 2456 καταλιπόντες,
1559 2422 1651 2450 οἴκαδε
1679 2422 1898 2457 ἀναστρέφομεν,

1120 2469 1316 2503 στυγνάζοντες
1338 2468 1386 2495 καὶ
1409 2469 1555 2503 κατηφεῖς,
1575 2467 1748 2502 ἐκδεχόμενοι
1764 2467 1813 2492 καὶ
1832 2466 1899 2493 αὐτοὶ

1115 2516 1165 2552 τὴν
1188 2515 1376 2550 ἀπαραίτητον
1402 2513 1450 2540 τοῦ
1475 2514 1591 2540 Θανάτου
1619 2513 1704 2548 ὤραν.
1722 2512 1774 2538 ’1ν’
1791 2511 1838 2539 οὖν
1860 2511 1899 2537 καὶ

1115 2564 1198 2598 ἡμεῖς
1215 2562 1252 2597 μὴ
1269 2562 1406 2596 ἀνέτοιμοι
1424 2561 1591 2597 εὑρεθὼμιεν,
1602 2559 1722 2593 ἁδελᾳοὶ.
1733 2560 1763 2585 ὲν
1780 2560 1814 2594 τῇ
1830 2558 1898 2590 ἀνάτ-

1128 2617 1163 2644 κῃ
1189 2609 1296 2644 ἐκείνῃ,
1315 2607 1484 2643 δράμωμεν,
1510 2607 1684 2640 σπεύσωμεν,
1714 2605 1897 2641 προλάεωμιν,

1156 2708 1211 2745 (58)
1235 2708 1285 2736 Ἔν
1305 2708 1398 2745 τήρει.
1423 2707 1469 2734 Sic
1494 2706 1570 2745 alibi~
1588 2713 1676 2740 stupe,
1695 2710 1724 2745 _ut
1751 2705 1820 2745 psal.
1840 2711 1896 2745 μοι.

1119 2740 1164 2771 ΗΣ
1187 2740 1231 2769 Ἐν
1250 2740 1329 2778 γήρει
1343 2740 1439 2773 πίονι.
1452 2741 1591 2778 quomodo
1612 2741 1702 2776 reperi
1733 2741 1817 2767 etiam
1839 2740 1895 2777 Luc.

1121 2752 1161 2771 Η.
1190 2752 1231 2769 ἰν
1250 2752 1329 2804 γηρει
1357 2752 1591 2777 πιονι,ι]υυιιιυι]υ
1612 2752 1702 2776 reperi
1733 2752 1817 2767 etiam
1839 2752 1895 2777 huc.

1121 2787 1140 2812 l,
1157 2779 1202 2811 56,
1219 2778 1246 2807 in
1271 2786 1285 2805 a
1298 2779 1376 2813 iquot
1398 2777 1594 2805 vetustissimis
1614 2781 1642 2804 et
1658 2783 1762 2811 magna:
1787 2779 1896 2803 aucturi-

1122 2814 1184 2841 tatis
1199 2813 1350 2841 codicibus.

1158 2849 1212 2884 (39)
1241 2849 1288 2875 Ἑν
1308 2847 1348 2881 τῷ
1361 2847 1487 2882 οῖἰρίινιῖ).
1508 2847 1569 2878 Pro,
1585 2847 1623 2878 εἰς
1634 2846 1679 2872 τὸν
1693 2845 1817 2880 οὐρανόν.
