1978 3185
64 241 130 273 ιῖυῑ

667 237 796 269 SERMO
817 236 855 266 ΙΝ
877 235 1107 267 DEFUNCTOS.

1625 226 1691 258 11:02

63 300 108 326 ἱνα
137 297 174 332 μὴ
201 296 278 330 ἄφνω
304 295 589 331 προαναρπασθὼίίεν.
608 295 790 329 Είσέλθωμεν,
808 294 851 320 ἵνα

906 299 953 327 pus
966 291 1106 324 viximus;
1124 297 1187 325 spes
1212 296 1345 317 exuamus
1370 295 1429 322 qure
1454 293 1505 313 nos
1531 285 1564 312 de
1592 283 1637 311 die
1663 292 1692 311 In

65 345 102 380 μὴ
113 343 165 375 ἔξω
181 342 329 378 μείνωμεν,
345 340 511 376 ἀποθώμεθα
527 341 576 373 τὰς
591 340 709 376 ματαίας
721 339 851 375 ὀκνηρίας

62 390 178 419 ὲκείνας.
203 387 383 422 Ἀποθώμεθα
396 386 445 422 τὴν
459 386 597 422 ρᾳθυμίαν
614 385 704 422 ήμῶν,
719 387 747 412 ὲν
801 393 851 411 πε-

63 434 226 469 ριεζήσασεν
253 433 310 468 (40)
332 433 385 464 ἕως
408 432 454 458 τοῦ
484 432 540 459 νῦν.
567 433 780 468 Ἀπορρίψωμεν
802 431 851 462 τὰς

64 479 248 516 χλευαζοὺσας
271 479 346 514 ἡμᾶς
367 478 463 513 ἡμέρᾳ
488 479 522 514 τῇ
544 478 636 514 ἡμέρᾳ
657 478 713 512 (41)
729 477 850 508 ἐλπίδας.

63 526 106 561 Μὴ
124 525 246 560 ἐμπαίξῃ
261 525 327 560 ἡμῖν
343 523 390 550 τοῦ
402 523 497 550 λοιποῦ
512 523 525 550 ό
555 523 653 559 μιαρὸς
670 523 718 550 καὶ
734 523 852 558 πονηρὸς

62 570 202 605 λογισμὸς,
229 570 270 596 ὅτι
292 569 385 596 πολλοὶ
404 568 720 603 πολλὰβουλευσάμενοι
746 568 785 598 είς
803 567 852 602 τὴν

63 616 158 652 αὔριον
184 615 215 642 οὐ
243 615 410 647 κατέλαϐον,
436 614 494 641 ἀλλ’
521 614 651 649 ἐξαίφνης
674 613 851 650 ἡρπάγησαν,

61 663 99 694 ὼς
115 662 171 697 (4'2)
192 661 335 697 στρουθίον
350 660 402 687 ὑπὸ
427 660 547 696 ἱέρακος,
575 660 613 691 ώς
626 659 718 695 ἀρνίον
733 659 786 686 ὑπὸ
806 659 854 686 λύ-

62 717 124 745 κου,
145 708 215 742 μήτε
230 707 346 742 λαλῆσαι
366 707 435 738 ὅλως
452 705 603 741 ἰσχύοντες,
627 707 697 741 μήτε
719 706 853 741 διαθήκας

64 752 237 788 ποιήσασθαι.
271 753 303 779 Ol.
330 752 380 787 μὲν
412 751 610 783 καθεύδοντες,
646 752 700 778 ἀπὸ
733 751 854 786 ἑσπέρας

64 799 161 833 ὕγιεῖς,
179 798 231 834 τὴν
250 798 357 834 πρωῖαν
369 798 420 825 οὐκ
442 797 574 833 ἔφθασαν.
592 797 622 824 οι
642 797 670 824 δὲ
689 797 736 824 ἐπὶ
750 797 854 832 τραπέ-

63 844 113 879 ζης
132 844 294 880 καθήμενοι,
313 845 342 871 ὲν
357 844 426 879 αὐτῇ
447 844 636 870 ἀπέπνευσαν.
649 844 682 870 οι
690 843 718 870 δὲ
736 852 854 879 περιπα-

62 888 174 922 τοῦντες
188 889 236 916 καὶ
249 889 391 923 πεσόντες,
407 889 538 924 ἐξαίφνης
552 888 700 917 ἀπέθανον.
717 889 772 915 Καὶ
786 889 853 916 ταῦ-

62 943 94 961 τα
112 935 204 962 πάντα
224 935 336 970 εἴδομεν
356 935 405 962 καὶ
434 935 620 970 γινώσκομεν.
650 933 696 960 Διὸ
725 934 854 969 οὐδεμίαν

902 338 976 365 diem
996 337 1151 369 deludunt;
1173 344 1208 364 ne
1230 343 1281 363 nos
1294 335 1426 368 deinceps
1441 331 1562 366 decipiat
1584 331 1697 364 impura-

901 389 930 412 et
946 391 1031 419 prava
1053 382 1238 414 ratiocinatio,
1254 381 1320 417 quia
1340 380 1421 408 multi
1445 379 1532 406 multa
1547 386 1610 405 cum
1627 385 1694 405 con~

903 429 1061 457 stituissent
1081 429 1110 455 in
1126 427 1278 455 crastinam
1290 447 1296 459 ,
1314 433 1370 453 non
1386 424 1529 452 consecuti
1553 426 1627 455 sunt,
1643 421 1693 449 sed

903 479 1019 510 repente
1037 475 1120 502 ablati
1146 477 1223 506 sunt,
1240 473 1315 500 sicut
1338 476 1431 500 turtur
1454 479 1469 498 a
1497 470 1604 501 milvio.
1621 469 1694 496 sicut

903 528 991 560 agnus
1002 528 1017 547 a
1030 520 1096 556 lupo
1108 528 1115 552 ;
1133 527 1223 554 neque
1238 518 1314 553 loqui
1328 517 1441 546 omnino
1454 517 1589 548 valentes,
1604 522 1694 549 neque

903 572 1070 595 testamenta
1089 567 1197 599 lacere._
1222 565 1255 592 lli
1273 565 1388 600 quidem
1408 563 1590 594 dormientes,
1615 569 1630 588 a
1642 569 1695 589 ve-

904 620 984 648 spere
998 611 1089 640 adhuc
1110 611 1192 647 plane
1215 611 1359 644 valentes,
1384 610 1418 637 ad
1448 609 1613 637 matutinum
1639 614 1695 634 non

905 663 1113 694 pervenerunt;
1132 658 1173 684 illi
1194 665 1262 685 vero
1279 664 1381 684 mensa:
1397 655 1605 686 accumbentes,
1620 654 1649 680 in
1663 660 1695 680 ea

904 706 1118 742 exspiraverunt
1131 714 1138 738 ;
1157 704 1203 732 alii
1227 704 1402 732 ambulantes
1417 706 1445 730 et
1457 702 1590 729 cadentes
1604 699 1698 728 subito

904 752 1008 780 mortui
1023 756 1099 779 sunt.
1118 751 1152 779 Et
1170 751 1228 778 hac
1255 749 1347 778 omnia
1361 748 1483 776 vidimus
1501 751 1530 775 et
1549 746 1695 782 cognosci-

905 806 975 825 mus.
991 797 1055 825 ldeo
1066 798 1170 824 nullam
1181 796 1291 824 veniam
1303 803 1319 822 a
1330 795 1386 823 Deo
1400 794 1551 826 habemus;
1565 792 1696 828 quoniam

905 851 961 871 non
974 843 1066 876 inscii,
1082 843 1130 870 sed
1143 842 1247 870 conscii
1267 848 1413 874 erramus;
1429 839 1575 868 audientes
1583 837 1696 874 quidem

905 889 1015 916 divinas
1031 888 1202 924 Scripturas,
1219 892 1246 916 et
1270 895 1332 923 quat
1347 886 1430 914 nobis
1447 886 1520 914 dicta
1535 889 1600 913 sunt
1615 884 1698 912 nobi-
1733 925 1735 928 ι

906 943 985 962 scunt
1002 939 1174 970 reputantes.
1185 941 1277 968 neque
1291 940 1359 960 vero
1373 932 1517 960 facientes.

64 979 233 1015 συγγνώμην
248 980 326 1017 παρὰ
347 979 416 1007 Θεοῦ
443 980 675 1016 ἔχομεν-ὅτιούκ
703 981 732 1008 ὲν
757 981 890 1017 ὰγνωσίᾳ,
911 982 969 1008 ἀλλ’
995 983 1024 1008 ἐν
1054 981 1154 1016 γνώσει
1177 979 1359 1015 πλανώμεθα,
1397 981 1543 1010 ἀκούοντες
1566 978 1615 1013 μὲν
1643 977 1698 1004 τῶν

64 1025 148 1052 θείων
180 1026 319 1061 Γραφῶν,
336 1027 383 1053 καὶ
408 1026 562 1058 ἐννοοῦντες
589 1027 623 1054 τὰ
647 1027 792 1062 λεγόμενα,
820 1028 858 1064 μὴ
879 1029 1021 1059 ποιοῦντες
1035 1028 1074 1055 δέ.

98 1070 147 1096 Διὸ
162 1071 324 1106 παρακαλῶ,
347 1070 384 1106 μὴ
403 1071 484 1106 μόνον
498 1072 632 1107 ἀκροαταὶ
646 1073 789 1108 γενώμεθα
803 1073 854 1108 τῆς

944 1075 1038 1109 itaque
1055 1081 1166 1109 precor,
1190 1081 1225 1100 ne
1249 1073 1444 1101 tantummodo
1471 1073 1604 1100 doctrinas
1620 1073 1698 1099 audi-

62 1116 185 1151 διδαχῆς,
210 1115 279 1143 ἀλλὰ
304 1116 353 1143 καὶ
379 1117 501 1152 ποιηταί.
530 1117 564 1144 Εἴ
585 1126 626 1149 τις
650 1116 697 1145 οὖν
719 1118 789 1152 μετὰ
805 1118 854 1154 τὴν

64 1162 199 1197 ἀκρόασιν
223 1163 277 1188 τῶν
301 1162 350 1190 νῦν
377 1163 532 1198 εἰρημένων
561 1164 708 1199 συνήθειαν
732 1164 854 1200 πονηρὰν

65 1209 195 1244 πορνείας
217 1209 287 1245 ἔχων
313 1209 417 1241 ταύτην
442 1209 592 1245 ἀπέκοψεν,
612 1207 691 1243 οὗτος
717 1212 855 1247 ἀκροατὴς

65 1254 160 1285 καλός.
181 1254 215 1281 Εἰ
228 1262 270 1286 τις
292 1254 477 1290 μνησικακίαν
494 1254 564 1290 ἔχων
582 1257 649 1291 πρὶς
677 1256 723 1282 τὸν
742 1256 856 1291 πλησίον

65 1300 112 1327 καὶ
136 1300 267 1336 διαλλαγῇ
285 1301 369 1337 αὐτῷ,
395 1299 472 1333 οὗτος
496 1301 577 1334 καλὸς
592 1303 741 1338 ἀκροατής.
765 1303 798 1329 Εἴ
815 1311 856 1335 τις

66 1346 229 1379 κατανυγε¹ις
255 1347 302 1374 ἐπὶ
324 1348 382 1378 τοῖς
407 1344 526 1383 παροῦσι
549 1347 638 1382 λόγοις
664 1348 788 1383 ἐλεήμων
808 1349 857 1376 καὶ

65 1392 248 1426 εὐμετάδοτος
271 1392 402 1428 γένηται,
427 1389 505 1425 οὗτος
528 1393 610 1426 καλὸς
632 1394 785 1430 ἀκροατήςθ
814 1394 856 1421 ῐνα

65 1436 102 1471 μὴ
116 1437 158 1468 είς
178 1438 265 1472 κρῖμα
285 1437 365 1473 ἡμῶν
379 1437 426 1464 καὶ
439 1437 509 1473 αὕτη
522 1437 539 1474 ἡ
552 1439 706 1473 ἀνάγνωσις
720 1439 835 1474 γένηται
847 1448 854 1454 ·

64 1481 204 1517 ἀκούομεν
221 1482 288 1518 γὰρ,
307 1483 354 1510 καὶ
366 1483 396 1510 οὐ
413 1483 556 1519 ποιοῦμεν.
573 1484 606 1510 El.
622 1485 725 1522 μὴγὰρ
742 1485 756 1511 ὁ
771 1485 855 1513 θάνα-

63 1535 106 1559 τος
128 1527 177 1554 τοῦ
193 1528 310 1564 ἀδελφοῦ
330 1537 376 1556 σου
402 1529 564 1565 σωφρονίσει
580 1539 620 1563 σε,
636 1530 724 1562 οὐδεὶς
745 1530 856 1558 δύναται

64 1582 93 1600 σε
119 1574 290 1610 ὠφελήσειν.
309 1575 340 1602 El
363 1576 401 1612 μὴ
424 1569 522 1612 νεκρὸν
541 1576 648 1610 βλέπων
666 1578 855 1613 μετανοήσεις,

64 1624 131 1650 πότε
147 1623 242 1650 λοιπὸν
255 1624 446 1660 έπιστρέψεις;
459 1625 483 1651 εἰ
501 1625 538 1661 μὴ
552 1625 598 1652 ἐπὶ
615 1625 672 1657 τοῖς
683 1623 730 1651 νῦν
747 1625 857 1661 εέρημέ-

63 1677 116 1701 νοις
136 1669 300 1706 κατενύγης,
316 1670 382 1696 πότε
396 1671 446 1705 τῆς
458 1670 595 1706 ἁμαρτίας
605 1671 766 1707 (imor-han;
784 1671 857 1698 Ταύ-

63 1715 282 1750 την,ἅγαπητοὶ,
298 1716 348 1752 τὴν
362 1716 417 1742 τῶν
428 1716 508 1743 Θεῖων
522 1716 622 1750 λογίων
637 1717 736 1752 πρᾶξιν
751 1717 776 1743 οἱ
788 1717 856 1752 πρὸς

907 1123 994 1150 tores,
1022 1119 1070 1146 scd
1096 1123 1124 1146 et
1140 1118 1336 1146 observatores
1356 1118 1464 1146 ﬁamus.
1483 1118 1510 1146 Si
1531 1120 1595 1153 quis
1616 1119 1699 1154 igitur

907 1168 969 1200 post
987 1164 1159 1192 auditionem
1176 1172 1276 1192 eorum
1304 1172 1366 1199 quae
1389 1164 1462 1191 dicta
1482 1169 1567 1198 sunt,
1585 1173 1698 1200 pravam

906 1209 1104 1236 fornicationis
1122 1209 1355 1237 consuetudinem
1380 1209 1497 1238 habens,
1519 1217 1579 1236 eam
1602 1210 1700 1244 pra-ci—

907 1253 992 1287 derit,
1006 1253 1030 1281 is
1047 1253 1159 1281 auditor
1177 1254 1277 1282 bonus.
1302 1253 1330 1281 Si
1347 1254 1411 1289 quis
1427 1258 1550 1281 veterem
1564 1255 1591 1282 in
1604 1255 1700 1289 proxi-

906 1307 983 1327 mum
1006 1300 1178 1328 simultatem
1200 1299 1308 1327 habens
1326 1299 1465 1336 ignoverit
1492 1299 1529 1332 ei,
1547 1300 1571 1328 is
1587 1301 1698 1328 auditor

908 1345 1020 1380 bonus;
1041 1346 1064 1375 si
1088 1347 1151 1382 quis
1172 1346 1356 1382 praesentibus
1373 1346 1551 1374 sermonibus
1567 1354 1701 1382 compun-

907 1395 970 1420 ctus
990 1392 1152 1420 misericors
1170 1396 1198 1419 et
1220 1392 1346 1420 liberalis
1361 1392 1452 1421 factus
1473 1393 1523 1426 sit,
1550 1392 1573 1420 is
1589 1392 1701 1420 auditor

908 1436 1012 1471 bonus;
1030 1445 1066 1465 ne
1079 1442 1107 1465 et
1125 1438 1207 1465 nobis
1222 1438 1334 1466 crimini
1353 1443 1479 1466 vertatur
1496 1439 1555 1468 haec
1574 1438 1700 1466 admoni-

908 1483 965 1515 tio;
982 1483 1112 1511 audimus
1127 1483 1201 1511 enim
1226 1489 1256 1512 et
1277 1492 1333 1512 non
1349 1484 1468 1520 agimus.
1485 1485 1596 1512 Etenim
1623 1485 1645 1512 si
1674 1490 1700 1512 te

908 1536 983 1557 mors
996 1529 1092 1557 fratris
1114 1530 1154 1557 tui
1179 1539 1234 1558 non
1247 1531 1452 1564 emendaverit,
1470 1539 1553 1559 nemo
1567 1531 1617 1559 tibi
1634 1539 1699 1566 pro—

908 1575 988 1616 desse
1007 1576 1121 1611 poterit.
1140 1576 1168 1604 Si
1187 1568 1330 1604 mortuum
1345 1577 1442 1605 videns
1459 1586 1515 1606 non
1532 1578 1591 1606 haec
1606 1578 1699 1606 animo

908 1621 1112 1655 circumspicis,
1123 1621 1235 1656 quando
1247 1622 1380 1658 deinceps
1392 1623 1585 1651 converteris?
1597 1623 1625 1651 Si
1643 1631 1699 1651 non

908 1666 952 1693 his
969 1675 1029 1701 quae
1041 1662 1116 1694 nunc
1131 1667 1263 1695 dicuntur
1278 1667 1366 1696 fueris
1382 1671 1574 1704 compunctus,
1589 1669 1700 1704 quando

909 1720 924 1738 a
940 1718 1055 1747 peccato
1069 1713 1229 1751 descisccs?
1251 1714 1327 1742 Hanc
1345 1714 1441 1750 igitur,
1458 1715 1570 1747 dilecti,
1589 1715 1700 1742 divino—

62 1759 184 1795 Χριστὸν
195 1759 377 1795 προλαϐόντες
393 1761 470 1796 ἡμῶν
485 1761 595 1796 ἀδελφοὶ
608 1762 674 1797 ἡμῖν
685 1762 854 1797 παρέθηκαν.

910 1765 971 1784 rum
987 1765 1145 1785 sermonum
1158 1758 1365 1787 observantiam
1377 1759 1475 1787 fratres
1489 1759 1588 1793 nostri,
1602 1760 1650 1795 qui
1666 1760 1700 1788 ad

63 1806 158 1832 Ταῦτα
189 1805 224 1832 τὰ
261 1805 380 1838 ζωοποιὰ
417 1806 554 1841 ἐδέσματα
588 1807 656 1842 ἡμῖν
693 1807 857 1842 ἡτοίμασαν.

62 1850 166 1878 Τοῦτον
187 1851 253 1886 ἡμῖν
278 1850 324 1877 τὸν
349 1852 399 1887 τῆς
416 1850 593 1881 διδασκαλίας
611 1849 683 1878 οἶνον
709 1851 855 1886 ἐκέρασαν,

63 1897 137 1928 ὅπως
151 1896 238 1923 ταῦτα
262 1896 429 1931 μελετῶντες
446 1898 476 1924 ὲν
495 1897 583 1929 νυκτὶ,
606 1898 635 1924 ὲν
650 1897 752 1934 ἡμέρᾳ,
766 1899 794 1924 ἐν
808 1899 857 1925 ὲκ-

64 1941 175 1978 κλησῖᾳ,
194 1943 224 1969 ὲν
241 1943 336 1974 οἴκοις,
349 1942 395 1968 ἐπὶ
411 1942 564 1978 τραπέζης,
591 1943 620 1969 ὲν
644 1943 760 1976 κλίναις,
775 1944 856 1980 δυνη-

65 1987 169 2022 σόμεθα
190 1987 246 2023 ,τῆς
273 1988 395 2023 πονηρᾶς
417 1988 465 2014 καὶ
495 1987 610 2022 ματαίας
634 1987 780 2022 συνηθείας
809 1988 856 2014 καὶ

63 2033 194 2067 ἀμελείας
209 2033 373 2068 ἀποστῆναι,
391 2034 439 2060 καὶ
457 2033 505 2069 τὴν
524 2033 612 2069 ψυχὴν
627 2033 706 2068 ἡμῶν
726 2034 854 2067 ἐπιστρέ-

63 2078 110 2112 ψαι
131 2078 180 2105 καὶ
205 2079 274 2114 πρὸς
290 2078 447 2114 μετάνοιαν,
462 2079 513 2107 κᾶν
536 2079 590 2106 ἀπὸ
607 2079 653 2106 τοῦ
670 2079 729 2113 νῦν,
753 2079 853 2112 κλῖναι,

65 2123 109 2150 καὶ
123 2123 172 2150 τέιν
186 2124 324 2159 Δεσπότην
339 2124 510 2160 δυσωπῆσαι,
525 2125 573 2152 καὶ
585 2127 634 2161 τῆς
648 2125 788 2160 βασιλείας
800 2125 853 2152 τῶν

64 2168 190 2204 οὐρανῶν
213 2170 356 2205 ἐπιτυχεῖν
371 2191 378 2204 ,
406 2172 498 2206 χάριτι
520 2171 568 2198 καὶ
594 2171 785 2207 φιλανθρωπίᾳ
807 2171 854 2198 τοῦ

64 2215 168 2250 Κυρίου
186 2216 265 2251 ἡμῶν
282 2217 370 2252 Ἰησοῦ
386 2217 520 2253 Χριστοῦ,
536 2218 576 2244 ὅτι
592 2217 667 2252 αὐτῴ
680 2218 778 2252 πρέπει
792 2218 855 2252 δόξα

64 2261 112 2287 σὺν
129 2256 170 2296 τῷ
189 2262 300 2299 ἀνάρχῳ
327 2263 415 2299 “arpi.
437 2264 485 2291 καὶ
512 2263 551 2300 τῷ
576 2264 701 2299 ζωοποιῷ
722 2265 767 2290 καὶ
784 2265 855 2301 ἁγίῳ

65 2306 218 2340 ιΙνεύματι,
235 2308 282 2335 νῦν
307 2309 354 2335 καὶ
376 2308 419 2336 ἀεὶ
445 2310 492 2337 καὶ
508 2310 548 2342 εἰς
571 2310 634 2342 τοὺς
659 2310 854 2346 ἀτελευτήτους

63 2351 166 2384 (αἰῶνας
183 2353 237 2379 τῶν
255 2353 371 2382 αἰώνων.
391 2355 489 2391 Ἀμήν.

99 2430 162 2468 (ιο),
182 2431 410 2465 περιεζήιγασεν.
437 2433 519 2462 Forte
537 2453 544 2465 ,
570 2433 783 2468 περιεζήσαμεν,
807 2439 855 2462 aut

64 2466 266 2500 προεζήσαμεν.

97 2500 156 2536 (Η)
172 2501 277 2536 Ἡμέρᾳ
293 2501 330 2537 τῇ
344 2503 448 2537 ἡμέρᾳ.
462 2503 587 2532 Fortasse
599 2505 750 2540 scripserat
763 2504 857 2546 ᾑμέρᾳ

909 1801 1048 1831 Christum
1065 1809 1275 1838 praecesserunt,
1300 1805 1349 1832 has
1368 1805 1540 1833 vivificantes
1556 1813 1635 1834 escas
1651 1813 1701 1833 no-

910 1848 954 1875 bis
978 1854 1155 1883 paraverunt.
1179 1849 1236 1878 lloc
1251 1851 1332 1878 nobis
1348 1850 1484 1878 doctrina:
1506 1852 1600 1879 vinum
1622 1851 1701 1879 fude-

911 1898 986 1927 runt,
1004 1900 1034 1921 ut
1057 1894 1115 1922 haec
1138 1895 1315 1929 meditantes,
1332 1901 1424 1930 nocte,
1445 1896 1501 1930 die,
1524 1897 1551 1923 in
1567 1896 1698 1930 ecclesia,

910 1941 937 1967 in
958 1940 1051 1973 domo,
1075 1941 1110 1968 ad
1133 1949 1268 1974 mensam,
1295 1942 1327 1969 in
1348 1942 1421 1971 lecto
1446 1951 1543 1978 pravas
1560 1942 1700 1977 possimus

910 1993 1051 2021 vanasque
1077 1988 1296 2015 consuetudines
1319 1992 1347 2015 et
1362 1988 1545 2024 negligentiae
1567 1989 1697 2024 alijicere,

910 2033 1086 2068 animamque
1110 2039 1233 2061 nostram
1260 2039 1440 2068 convertere,
1458 2038 1486 2061 et
1510 2034 1544 2062 ad
1562 2035 1699 2070 pamiten-

911 2078 989 2113 tiam,
1009 2079 1093 2106 etiam
1116 2087 1201 2112 nunc,
1229 2079 1363 2107 inclinare
1379 2085 1407 2108 et
1425 2085 1573 2117 tyrannum
1589 2081 1698 2116 pudore

907 2124 1086 2157 confundere,
1110 2129 1138 2153 et
1168 2125 1203 2153 ad
1230 2134 1347 2161 regnum
1375 2127 1507 2154 cmlorum
1533 2127 1696 2162 pervenire,

907 2171 994 2206 gratia
1010 2175 1037 2198 et
1059 2171 1230 2199 humanitate
1254 2172 1364 2200 Domini
1390 2173 1477 2201 nostri
1502 2174 1566 2201 Jesu
1581 2173 1697 2206 Christi,

907 2225 988 2252 quem
1003 2218 1082 2246 decet
1099 2219 1186 2254 gloria
1202 2227 1265 2247 cum
1281 2224 1385 2248 aeterno
1402 2221 1482 2248 Patre
1497 2226 1525 2248 et
1540 2220 1697 2248 viviﬁcante

907 2267 1002 2291 sancto
1015 2263 1132 2299 Spiritu,
1151 2273 1227 2293 nunc
1239 2270 1268 2294 et
1284 2274 1404 2302 semper,
1428 2271 1456 2294 et
1474 2266 1502 2294 in
1520 2266 1627 2294 inﬁnita
1644 2274 1694 2294 saa-

906 2309 967 2337 cula
983 2310 1160 2339 saiculorum.
1173 2311 1272 2341 Amen.

907 2435 1061 2473 και-ᾑμέρᾳ
1077 2441 1107 2463 ut
1129 2440 1170 2463 cst
1185 2445 1203 2473 ιι
1216 2436 1279 2464 Cor.
1298 2446 1335 2469 Iv,
1356 2437 1399 2469 16,
1414 2442 1440 2465 et
1457 2439 1527 2473 psal.
1548 2446 1628 2466 LXIII.
1650 2439 1694 2466 19.

943 2470 998 2505 (42)
1019 2470 1065 2503 Ὠὶε
1079 2472 1240 2505 στρουθίον
1254 2474 1311 2500 ὑ.τὺ
1330 2470 1466 2507 ἱέρακοςῘ
1474 2473 1507 2501 Et
1523 2473 1581 2501 haec
1601 2474 1696 2502 Simili-

907 2505 973 2533 tudo
993 2505 1091 2540 placet.
