1976 3233
108 227 119 258 1
126 227 179 258 2¹ὶ9

616 225 844 255 DISPUTATIO
861 224 1058 256 ADVERSUS
1077 226 1243 257 JUD.EOS.

1675 227 1744 260 12H)

110 290 119 306 1
145 280 210 311 Υἱός
223 287 275 315 μου
286 276 317 307 εἴ
333 278 378 311 σὺ,
394 278 450 313 ἐγὼ
461 279 584 314 σήμερον
599 279 753 315 γεγέννηκά
774 288 803 306 σε
817 288 824 311 ;
846 289 856 305 ι
871 294 906 299 --

965 279 1031 307 anim
1046 281 1207 316 angelorum
1225 282 1296 309 dixit
1308 282 1459 316 aliquando
1473 291 1480 310 :
1499 292 1507 308 1
1526 283 1613 310 Filius
1629 292 1707 311 meus
1718 292 1748 312 es

110 338 120 352 κ
128 327 197 361 Οὐχὶ
206 325 308 358 πάντες
319 326 374 352 εἰσὶ
387 325 562 361 λειτουργικὰ
575 325 716 361 πνεύματα
723 327 762 357 εἰς
769 326 908 352 διακονίαν

108 371 334 406 ἀποστελλόμενα
344 380 369 406 ;ι
387 372 442 398 Καὶ
455 371 536 398 πάλιν
551 371 679 407 ἀλλαχοῦι
699 381 708 397 1
722 372 791 406 Ἐγὼ
809 372 906 406 ἔσομαι

109 418 151 449 εἰς
167 418 289 453 Πατέρα,
308 419 355 444 καὶ
371 417 452 449 αὐτὸς
468 419 543 444 ἔσται
558 426 603 452 μοι
631 419 671 450 εἰς
690 418 763 445 Υἱόν.
789 427 798 444 ι
815 418 907 444 Ταῦτα

109 466 167 500 γὰρ
183 465 254 491 κατὰ
279 465 310 491 τδ
325 463 498 500 ἀνθρώπινον
527 464 575 491 καὶ
599 465 649 500 τὴν
671 464 805 500 ἕνσαρκον
823 463 906 490 αὑτοῦ

111 509 272 545 οἰκονομίαν
292 510 413 546 εἴρηκεν,
429 510 460 537 οὐ
479 510 529 546 τὴν
552 510 664 543 αἰώνιον
681 510 808 545 γέννησιν
822 510 906 545 δηλοῖ,

114 556 186 582 ἀλλὰ
198 556 246 591 τὴν
265 556 320 583 τῶν
335 556 439 591 χρόνων
455 556 686 591 συνεζευγμένην.
709 556 740 583 Ὀ
758 556 812 592 γὰρ
827 555 908 590 φύσει

114 601 182 633 Υἱὸς
198 602 265 627 Θεοῦ
277 602 374 635 γέγονε
392 603 438 628 καὶ
455 602 536 636 φύσει
555 601 699 637 ἅνθρωπος
714 601 758 628 διὰ
767 601 908 636 τὴν.ήμῶν

113 645 264 679 σωτηρίαν,
283 645 314 671 οὺ
333 646 403 672 κατὰ
416 646 498 681 χάριν
513 646 593 672 τοῦτο
610 646 756 680 λαμεάνων
776 646 843 682 (ἔχει
855 646 909 680 γὰρ

111 692 182 719 αὐτὸ
195 691 265 718 κατὰ
279 691 369 726 φύσιν·
385 692 432 718 καὶ
450 692 586 727 λαμϐάνει
602 692 680 718 τοῦτο
706 691 788 718 πάλιν
804 691 841 723 ὡς
860 692 908 718 ἆν-

113 736 237 772 θριυπος,
249 737 318 771 ὅπερ
332 734 415 771 εἶχεν,
430 736 467 766 ὡς
483 737 559 768 Θεὸς.
577 736 708 771 "Td/tcto;
720 736 773 771 γὰρ
785 735 831 768 ὢν,
844 735 909 767 Θεὸς

113 784 234 818 ἐγένετο)
247 793 253 799 ·
276 784 333 810 ἀλλ’
349 784 386 815 ὡς
411 784 461 819 μὲν
476 784 552 816 Θεὸς,
572 785 710 818 Δεσπότης
724 781 760 818 ἦν
773 783 827 809 τῶν
841 784 910 809 ὅλων

112 830 168 856 ἀεῖ*
185 829 222 860 ὡς
238 829 266 856 δὲ
279 829 434 865 ἄνθρωπος,
450 829 636 864 προσελάϐετο
649 829 727 861 δόξαν
739 830 826 864 ἥνπερ
838 825 910 862 εἶχεν

111 875 152 906 ὡς
171 875 247 906 Θεός·
262 875 308 902 καὶ
321 875 422 910 ᾔτησεν
441 875 472 901 οὐ
488 875 581 901 λαϐεῖν
599 874 671 910 ἅπερ
688 875 739 901 οὐκ
751 873 833 910 εἶχεν,
851 874 911 900 ἀλλ’

113 922 188 956 ἅπερ
205 919 262 956 εἶχε
280 922 431 957 δειχθῆναι,
451 921 543 953 καθὼς
563 921 729 956 γέγραπται.
747 921 789 948 ὅτι
810 931 819 947 1
848 922 910 948 Ποι-

115 968 213 1002 μανεῖς
230 967 327 998 αὐτοὺς
345 967 374 992 ἐν
395 965 487 1001 ῥάϐδῳ
503 967 611 1002 σιδηρᾷ,
632 976 641 992 ι
663 968 723 1001 ἥτις
735 967 809 993 ἐστὶν
826 968 842 1002 ἡ
857 967 912 993 τῶν

123 1013 271 1048 Ῥωμαίων
287 1012 429 1047 βασιλεία”
443 1013 546 1048 ταύτην
568 1012 623 1047 γὰρ
650 1013 755 1044 πιστοῖς
774 1013 821 1038 καὶ
845 1013 912 1048 Χρι-

115 1061 238 1090 στιανοῐς
254 1059 394 1094 βασιλεῦσι
422 1059 484 1090 δοὺς
508 1058 627 1094 Χριστὸς
649 1059 662 1085 δ
683 1058 745 1089 Υἱὸς
762 1058 809 1084 τοῦ
830 1058 910 1090 Θεοῦ,

116 1104 294 1131 ὲπιστατεύει
310 1104 354 1130 καὶ
376 1103 573 1138 συμὸασιλεύει
596 1104 699 1134 αὐτοῖς.
718 1103 756 1129 Δι’
772 1102 854 1129 αὑτοῦ
878 1103 912 1129 τὰ

116 1151 204 1178 πιστὰ
228 1151 290 1186 ἔθνη
314 1151 354 1182 εἰς
382 1147 549 1185 κατάσχεσιν
575 1150 751 1185 κληρωοὲντα
776 1149 912 1176 πιστεύειν

116 1197 310 1232 ποιμαίνονται
325 1197 418 1224 αὐτόν.
439 1196 519 1223 Ὅθεν
544 1196 591 1223 καὶ
606 1196 695 1222 πάντα
712 1197 746 1222 τὰ
770 1195 833 1230 ἔθνη
848 1203 913 1229 συγ-

117 1244 254 1279 κρούοντα
265 1243 336 1279 μετὰ
349 1243 398 1278 τῆς
410 1243 464 1269 τῶν
477 1241 650 1278 Χριστιανῶν
663 1242 811 1276 βασιλείας,
828 1243 852 1269 εἰ
868 1243 913 1268 καὶ

117 1290 285 1326 ἡττηθῶσιν,
306 1290 375 1325 πλὴν
394 1289 497 1325 ταύτην
521 1289 550 1315 οὺ
570 1289 752 1324 μετέστησαν,
779 1289 841 1315 οὔτε
859 1289 913 1324 μὴν

120 1338 324 1372 μεταστήσωσιο
353 1335 443 1367 καθὼς
468 1336 622 1371 γέγραπται
647 1336 676 1362 ὲν
694 1335 777 1370 βίϐλῳ
790 1335 913 1370 Ψαλμῶν

119 1383 185 1419 περὶ
201 1383 249 1417 τῆς
273 1382 409 1417 βασιλείας
429 1382 476 1408 τοῦ
494 1381 625 1416 Χριστοῦ,
643 1382 684 1408 ὅτι
702 1390 711 1406 1
745 1380 778 1414 ΊΙ,
799 1381 913 1415 ἀλήθειά

68 1435 76 1440 ·
121 1438 186 1464 μου,
201 1429 246 1454 καὶ
261 1429 291 1454 τὸ
306 1427 381 1458 ἔλεός
395 1436 446 1462 μου
465 1427 523 1462 μετ’
539 1426 633 1464 αὐτοῦ’
649 1427 697 1453 καὶ
710 1427 738 1452 ὲν
751 1426 790 1460 τῷ
800 1426 912 1460 ὀνόματί

120 1483 175 1509 μου
201 1473 377 1508 ὑψωθήσεται
406 1472 434 1498 τὸ
463 1472 548 1507 κέρας
573 1471 671 1498 αὐτοῦ·
688 1471 736 1498 καὶ
753 1471 870 1506 ϐήσομαι
885 1471 913 1496 ἐν

120 1514 246 1555 θᾶλάσσῃ
257 1520 336 1554 χεῖρα
351 1518 435 1545 αὑτοῦ
451 1518 498 1544 καὶ
511 1518 540 1544 ὲν
561 1518 693 1551 ποταμοῖς
713 1516 804 1549 δεξιὰν
817 1515 911 1542 αὑτοῦ·

120 1566 204 1597 αὐτὸς
218 1564 412 1591 ὲπικαλέσεταί
427 1572 473 1599 με,
490 1564 586 1598 Πατήρ
599 1571 649 1598 μου
668 1561 693 1589 εἷ
708 1563 751 1594 σὺ,
764 1562 830 1593 Θεός
849 1571 912 1597 μου,

121 1613 170 1639 καὶ
185 1611 361 1646 ἀντιλήπτωρ
374 1610 425 1645 τῆς
438 1611 576 1647 σῳτηρεας
594 1617 655 1643 μου¹
675 1607 752 1642 κάγὼ
777 1609 914 1644 πρωτότο-
927 1627 949 1657 C

121 1665 170 1683 κον
187 1656 308 1691 θήσομαι
323 1654 414 1687 αὑτὸν,
432 1654 533 1689 ὑψηλὸν
546 1653 623 1688 παρὰ
633 1654 689 1684 τοῖς
706 1653 845 1687 βασιλεῦσι
864 1653 914 1687 τῆς

121 1701 184 1735 γῆς·
203 1700 243 1731 εἰς
262 1699 308 1726 τὸν
323 1699 410 1726 αἰῶνα
424 1699 536 1732 φυλάξω
551 1697 625 1733 αὐτῷ
647 1698 678 1724 τὸ
695 1697 768 1729 ἔλεός
788 1707 851 1732 μου,
869 1698 916 1724 καὶ

121 1747 138 1780 ἡ
161 1745 279 1780 διαθήκη
305 1753 356 1780 μου
381 1744 465 1778 πιστὴ
485 1743 558 1778 αὑτῷ
572 1752 578 1759 ·
598 1743 644 1770 καὶ
663 1743 783 1778 θήσομαι
810 1744 849 1773 εἰς
871 1743 916 1768 τὸν

123 1791 211 1818 αἶῶνα
230 1790 276 1817 τοῦ
291 1790 388 1822 αῑῶνος
404 1790 435 1816 τὸ
450 1789 561 1825 σπέρμα
574 1789 668 1821 αὑτοῦ,
690 1789 738 1815 καὶ
755 1789 800 1815 τὸν
823 1788 916 1824 θρόνον

123 1837 208 1864 αὑτοῦ
233 1837 270 1868 ὡς
289 1836 339 1868 τὰς
355 1836 465 1872 ἡμέρας
477 1835 525 1862 τοῦ
543 1835 669 1870 οὐρανοῦ.
693 1835 756 1862 Ἐὰν
772 1835 917 1869 ἐγκαταλί-

124 1891 212 1911 πωσιν
229 1883 253 1909 οἱ
270 1883 322 1909 υἱοὶ
342 1882 424 1908 αὑτοῦ
450 1882 495 1909 τὸν
510 1882 592 1917 νόμον
610 1890 673 1917 μου,
696 1891 704 1907 ι
726 1882 785 1916 ἦτοι
804 1883 828 1907 οἱ
849 1882 916 1916 Χρι-

125 1928 240 1961 στιανοὶ,
259 1938 268 1954 1
286 1928 334 1954 καὶ
346 1929 402 1959 τοῖς
422 1927 540 1963 κρίμασί
555 1936 606 1962 μου
620 1928 650 1954 οὑ
672 1927 851 1962 πορευθῶσιν·
869 1927 916 1953 ἐὰν

123 1977 158 2002 τὰ
174 1973 350 2009 δικαιώματὰ
380 1982 431 2008 μου
448 1973 636 2008 βεϐηλώσωςι,
667 1973 714 1999 καὶ
740 1973 789 2004 τὰς
807 1973 917 2004 ἐντολάς

125 2030 178 2057 μου
198 2022 235 2056 μὴ
255 2020 411 2054 φυλάξωσι,
428 2012 613 2054 ἐπισκέψομαι
631 2020 660 2045 ὲν
675 2019 766 2054 ῥάϐδῳ
789 2019 837 2050 τὰς
855 2019 916 2045 ἀνο-

126 2068 192 2103 μίας
208 2066 309 2099 αὐτῶν,
333 2067 380 2092 καὶ
397 2066 426 2092 ἐν
444 2065 555 2098 μάστιξι
570 2065 620 2096 τὰς
636 2065 742 2096 ἀδικίας
759 2065 849 2091 αὐτῶν
861 2072 868 2078 ⁸
887 2065 917 2090 τὸ

123 2113 152 2139 δὲ
166 2113 241 2142 ἔλεός
259 2121 309 2149 μου
331 2113 362 2138 οὐ
390 2112 426 2148 μὴ
447 2112 617 2139 διασκεδάσω
633 2112 678 2139 ἐπ’
693 2112 794 2145 αὐτῶν,
813 2111 868 2138 οὐδ’
885 2112 915 2138 οὑ

127 2160 164 2195 μὴ
183 2160 306 2194 ἀδικήσω
327 2159 375 2194 τὴν
391 2158 525 2195 διαθήκην
538 2168 600 2194 μου.
616 2159 708 2192 ’Ἃπαξ
723 2150 817 2193 ὤμοσα
834 2159 862 2184 ἐν
877 2157 916 2193 τῷ

123 2206 196 2240 ἁγίῳ
213 2214 274 2239 μου.
292 2204 331 2231 Ἦ
341 2204 380 2240 τῷ
398 2204 480 2231 Δαὸὶὸ
493 2204 644 2239 ψεύσομαις
664 2204 693 2230 τὸ
707 2204 818 2239 σπέρμα
832 2202 916 2230 αὐτοῦ

125 2253 167 2282 εἰς
194 2251 240 2277 τὸν
269 2251 356 2278 αἰῶνα
384 2251 471 2286 μένει,
495 2260 503 2276 ι
526 2251 554 2281 ὃς
579 2250 638 2276 ἐστι
657 2250 776 2283 Χριστὸς
799 2249 830 2276 τὺ
846 2250 916 2276 κατὰ

958 329 998 357 tu,
1016 333 1068 360 ego
1084 326 1167 354 hodie
1188 331 1214 354 te
1228 327 1331 362 genui?
1346 337 1355 353 ι
1374 344 1407 348 -—
1423 338 1431 353 1
1450 328 1547 355 Nonne
1565 335 1664 356 omnes
1683 334 1749 358 sunt

958 371 1189 400 administratorii
1204 374 1328 408 spiritus,
1344 376 1370 401 in
1389 374 1574 402 ministerium
1590 375 1668 402 missi
1680 376 1724 402 “?
1737 385 1746 401 ι

959 417 992 443 Ει
1008 425 1105 446 rursus
1120 419 1175 446 alio
1190 419 1218 446 in
1238 420 1300 447 loco
1314 429 1320 447 :
1340 430 1348 445 1
1367 421 1424 456 Ego
1435 429 1485 448 ero
1501 421 1526 448 ei
1545 421 1572 447 in
1587 422 1707 454 Patrem,
1723 427 1750 449 et

959 462 1018 497 ipse
1033 464 1088 490 erit
1104 465 1172 491 mihi
1186 465 1214 492 in
1231 465 1330 492 Filium
1347 467 1385 492 “"2
1400 477 1408 492 ι
1423 466 1486 494 Ilzec
1501 467 1575 494 enim
1596 467 1750 495 secundum

962 509 1111 537 humanam
1133 516 1263 538 naturam
1287 516 1315 539 et
1336 520 1497 547 corpoream
1520 514 1582 548 ejus
1606 513 1752 548 dispensa-

961 555 1063 583 tionem
1081 558 1206 591 protulit,
1220 559 1255 585 ita
1270 563 1299 586 ut
1312 567 1366 586 non
1383 563 1514 587 :etcrnam
1531 561 1750 595 generationem,

960 601 1009 627 sed
1024 609 1084 628 eam
1096 610 1157 637 qum
1174 607 1328 638 temporum
1345 604 1464 631 decursu
1479 604 1551 632 facta
1567 609 1621 638 est,
1635 605 1750 633 indicet.

960 647 1012 680 Qui
1029 649 1103 675 enim
1126 653 1224 677 natura
1239 654 1282 677 est
1303 650 1390 678 Filius
1411 651 1472 682 Dei,
1495 651 1584 678 factus
1607 655 1649 678 est
1668 652 1753 679 etiam

961 698 1060 720 natura
1077 695 1158 721 homo
1180 703 1293 730 propter
1305 701 1429 723 nostram
1444 697 1573 728 salutem,
1587 705 1642 724 non
1654 704 1753 724 secun-

961 739 1026 765 dum
1045 741 1162 774 gratiam
1179 741 1231 768 hoc
1245 742 1397 776 accipiens,
1412 742 1486 777 quod
1503 743 1586 769 habet
1599 743 1752 770 secundum

962 789 1099 812 naturam.
1118 786 1152 812 Et
1165 795 1263 814 rursus
1276 792 1305 814 ut
1323 788 1407 814 homo
1422 788 1523 822 accipit
1537 788 1604 815 illud
1619 788 1692 822 quod
1706 789 1754 815 ha-

962 830 1044 857 bebat
1058 839 1111 865 qua
1126 832 1199 859 Deus
1214 837 1265 860 est.
1280 833 1438 861 Altissimus
1453 834 1526 861 enim
1541 842 1604 861 cum
1620 834 1666 866 sit,
1681 834 1754 861 Deus

962 875 1025 907 fuit.
1050 881 1079 903 et
1101 882 1238 911 quatenus
1264 879 1336 906 Deus
1355 884 1407 911 est,
1432 888 1542 914 semper
1560 880 1752 907 universorum

963 923 1097 950 Dominus
1120 923 1189 955 fuit,
1208 929 1238 951 ut
1257 925 1340 952 homo
1359 931 1450 952 autent
1467 927 1617 961 assumpsit
1638 926 1754 961 gloriam

963 977 1044 1003 quam
1063 969 1158 996 habuit
1177 976 1206 997 ut
1226 971 1310 1002 Deus,
1333 975 1361 997 et
1375 971 1464 1004 petiit,
1486 979 1541 998 non
1565 976 1594 998 ut
1614 972 1754 1006 acciperet

963 1022 1025 1049 qua!
1038 1023 1093 1042 non
1111 1015 1240 1047 habebat,
1254 1016 1303 1042 sed
1322 1021 1351 1043 ut
1368 1024 1429 1051 quae
1447 1017 1576 1048 habebat,
1596 1017 1755 1044 manifesta-

964 1064 1071 1093 rentur,
1087 1061 1321 1095 quemadmodum
1334 1062 1468 1096 scriptum
1485 1067 1546 1089 est:
1567 1072 1576 1088 1
1590 1063 1689 1089 l’asees
1705 1070 1755 1089 eos

964 1107 991 1133 in
1006 1107 1081 1141 virga
1099 1107 1228 1139 ferrea”,
1242 1118 1250 1132 ι
1266 1115 1326 1142 quae
1338 1114 1380 1134 est
1395 1108 1580 1134 [ionianorum
1595 1108 1753 1142 imperium.

964 1151 1112 1186 Postquam
1128 1151 1202 1178 enim
1223 1151 1351 1179 Christus
1371 1153 1424 1180 hoc
1446 1161 1562 1187 regnum
1582 1153 1709 1181 ﬁdelibus
1726 1159 1755 1182 et

963 1196 1131 1224 Christianis
1155 1197 1369 1232 imperatoribus
1394 1198 1508 1233 largitus
1523 1203 1576 1229 est.
1596 1199 1636 1225 eis
1656 1204 1755 1234 pra-est

964 1247 1046 1277 atque
1063 1247 1223 1277 conregnat.
1238 1244 1290 1270 Per
1299 1252 1362 1270 eum
1377 1243 1470 1274 ﬁdeles
1484 1244 1577 1279 populi
1592 1245 1657 1272 huic
1670 1252 1755 1280 regno

965 1289 1080 1323 ascripti
1097 1293 1251 1323 pascuntur
1264 1294 1291 1316 et
1312 1289 1339 1316 in
1360 1289 1412 1316 ﬁde
1428 1290 1619 1318 continentur.
1632 1291 1756 1326 Quapro-

966 1339 1028 1369 pter
1061 1335 1127 1362 licet
1156 1342 1253 1362 omnes
1275 1340 1371 1370 gentes
1396 1335 1617 1363 Christianorum
1639 1345 1754 1372 regnum

966 1380 1190 1415 impugnaverint
1203 1388 1231 1408 et
1242 1381 1277 1408 ad
1296 1386 1404 1416 tempus
1417 1382 1563 1409 victoriam
1575 1384 1754 1418 reportarint,

965 1425 1032 1452 illud
1049 1433 1138 1460 neque
1155 1433 1240 1458 nunc,
1259 1433 1348 1460 neque
1364 1426 1392 1452 in
1408 1431 1549 1460 posterum
1565 1433 1691 1455 evertere
1709 1437 1756 1456 va-

964 1471 1072 1502 lebunt,
1088 1471 1126 1498 uti
1152 1471 1179 1497 in
1198 1471 1272 1498 libro
1297 1472 1470 1499 Psalmorum
1489 1473 1524 1500 de
1546 1473 1650 1501 Christi
1671 1483 1756 1510 regno

965 1517 1098 1551 scriptum
1125 1517 1226 1552 legitur
1245 1526 1251 1544 :
1276 1527 1285 1543 1
1303 1518 1412 1546 Veritas
1434 1526 1494 1546 mea
1516 1523 1544 1546 et
1567 1520 1757 1548 misericordia

965 1570 1025 1590 mea
1043 1571 1106 1590 cum
1121 1571 1166 1595 eo,
1183 1567 1210 1590 et
1226 1563 1254 1590 in
1267 1563 1380 1590 nomine
1396 1571 1458 1590 meo
1471 1572 1556 1592 cornu
1573 1566 1636 1600 ejus
1651 1567 1757 1593 exalta-

966 1609 1051 1636 hitur.
1071 1609 1172 1636 Ponam
1195 1609 1221 1636 in
1248 1609 1316 1636 mari
1342 1617 1454 1637 manum
1476 1611 1547 1644 ejus,
1571 1616 1600 1638 et
1622 1611 1649 1644 in
1665 1611 1757 1639 tluviis

966 1655 1089 1682 dextram
1100 1656 1170 1690 ejus.
1184 1655 1244 1695 Ipse
1257 1655 1397 1682 invocabit
1409 1663 1451 1683 me
1466 1665 1472 1682 ε
1487 1656 1567 1682 Pater
1580 1664 1658 1683 meus
1675 1665 1704 1684 es
1716 1661 1756 1690 tu,

966 1700 1039 1727 Deus
1051 1708 1138 1732 meus,
1154 1704 1183 1727 et
1201 1706 1345 1734 susceptor
1360 1701 1458 1728 salutis
1484 1709 1561 1728 mem.
1584 1701 1617 1728 Et
1634 1709 1684 1737 ego
1698 1703 1757 1736 pri—

968 1745 1138 1779 mogenitum
1163 1752 1264 1779 ponam
1286 1745 1380 1777 illum,
1402 1745 1542 1772 excelsum
1567 1754 1622 1780 pra:
1646 1747 1758 1782 regibus

969 1795 1058 1818 terrm.
1095 1791 1123 1817 In
1154 1796 1288 1818 aeternum
1323 1791 1439 1818 servabo
1469 1791 1507 1818 illi
1538 1791 1756 1819 misericordiam

967 1844 1066 1868 meam,
1079 1841 1107 1863 et
1121 1841 1316 1863 testamentum
1331 1845 1423 1864 metnn
1438 1837 1516 1864 ﬁdele
1535 1837 1596 1871 ipsi.
1611 1838 1644 1864 Et
1658 1846 1758 1872 ponam

968 1881 994 1907 in
1015 1882 1145 1908 sai-culum
1166 1881 1258 1908 saeculi
1279 1889 1374 1909 semen
1397 1882 1474 1915 ejus,
1499 1887 1528 1909 et
1553 1883 1682 1909 thronum
1699 1884 1758 1918 ejus

966 1927 1038 1953 sicut
1060 1926 1120 1952 dies
1141 1927 1215 1953 etnli.
1240 1926 1267 1952 Si
1284 1931 1375 1953 autent
1404 1927 1605 1961 dercliquerint
1626 1928 1675 1954 lilii
1698 1929 1758 1963 ejus

968 1971 1004 2006 (id
1017 1975 1058 1997 est
1072 1971 1234 2003 Christiani)
1262 1971 1349 2005 legem
1366 1978 1465 2002 meatu,
1481 1976 1509 1998 et
1521 1972 1548 1998 in
1561 1972 1675 2004 iudiciis
1686 1974 1758 2001 meis

966 2024 1021 2043 non
1038 2016 1243 2042 ambulaverint
1257 2025 1263 2042 :
1277 2017 1300 2042 si
1311 2016 1434 2049 justitias
1449 2024 1524 2043 ineas
1537 2017 1756 2051 profanaverint,

966 2067 993 2090 et
1006 2062 1134 2089 mandata
1150 2070 1209 2088 mea
1227 2071 1282 2088 non
1297 2063 1491 2093 custodiet-int,
1505 2062 1624 2090 visitabo
1637 2063 1665 2090 in
1680 2064 1757 2100 virga

967 2108 1128 2142 iniquitates
1143 2116 1250 2139 eorum,
1264 2112 1291 2134 et
1306 2108 1332 2134 in
1351 2108 1512 2136 verberibus
1526 2114 1637 2143 peccata
1649 2117 1757 2144 eorum,

967 2153 1187 2181 miscricordiam
1205 2159 1298 2180 autem
1314 2162 1400 2180 meant
1417 2162 1471 2180 non
1487 2154 1646 2189 dispergam
1660 2155 1695 2182 ab
1706 2156 1757 2189 eis,

966 2208 1056 2234 neque
1072 2199 1224 2234 profanabo
1243 2204 1437 2226 testamentum
1453 2200 1759 2236 meum.Semeljuravi

967 2245 995 2279 in
1017 2249 1112 2272 sancto
1134 2252 1206 2276 meo,
1223 2245 1245 2271 si
1264 2244 1352 2272 David
1374 2244 1494 2271 mentiar
1510 2252 1516 2270 :
1540 2252 1635 2272 semen
1653 2245 1712 2280 ejus
1723 2247 1760 2285 .in

126 2298 216 2333 σάρκα
234 2297 346 2332 σπέρμα
366 2297 412 2323 τοῦ
436 2296 527 2327 Δαϐὶδ,
548 2306 557 2322 1
571 2296 617 2322 καὶ
633 2297 647 2322 ὁ
670 2296 763 2330 θρόνος
779 2296 862 2323 αὑτοῦ
879 2296 912 2328 ὡς

968 2297 1101 2320 aeternum
1122 2291 1246 2318 manebit
1274 2290 1313 2325 (id
1330 2294 1373 2317 est
1393 2290 1521 2317 Christus
1537 2298 1631 2318 semen
1649 2291 1760 2320 Davidis

124 2343 203 2377 ἥλιος
221 2342 342 2368 ἐναντίον
365 2350 427 2377 μου,
443 2341 489 2368 καὶ
506 2341 544 2372 ὡς
560 2341 577 2376 ἡ
595 2341 694 2376 σελήνη
711 2342 916 2376 κατηρτισμένη

124 2389 166 2420 εἰς
181 2388 227 2414 τὸν
241 2387 338 2420 αἰῶνα,
355 2388 403 2414 καὶ
418 2388 432 2413 ὁ
450 2386 556 2422 μάρτυς
578 2386 606 2413 ὲν
622 2385 729 2421 οὐρανῷ
745 2387 850 2418 πιστός.
870 2396 879 2412 ι

162 2478 211 2504 Διὰ
228 2477 256 2504 δὲ
277 2477 307 2503 τὸ
324 2477 360 2512 μὴ
376 2476 521 2503 ὑπολαϐεῖν
537 2484 565 2502 σε
584 2475 710 2501 Ἰουδαῖον
731 2475 771 2502 ὅτι
784 2474 826 2502 διὰ
836 2475 918 2501 Δαϐἱδ

123 2525 212 2552 ταῦτα
227 2523 326 2559 ὲρρἑη
341 2523 389 2549 καὶ
416 2523 464 2556 τὴν
488 2522 568 2548 αὐτοῦ
585 2520 735 2556 βασιλείαν,
756 2521 840 2556 ἤγουν
854 2522 916 2552 τοὺς

131 2571 287 2601 Ἰουδαίους,
300 2570 347 2595 καὶ
363 2568 424 2603 οὐχὶ
443 2567 487 2595 διὰ
510 2567 554 2594 τὸν
569 2568 697 2604 Χριστὸν,
712 2568 810 2601 ἐπάγει
825 2567 854 2594 τὸ
871 2575 918 2601 γε·

124 2617 204 2652 γονὸς
229 2617 272 2642 διὰ
287 2616 317 2642 τδ
333 2614 480 2642 ἀποθανεῖν
507 2615 555 2649 μὲν
571 2614 614 2640 τὸν
637 2613 734 2644 Δαόὶδ,
752 2614 798 2640 καὶ
815 2613 917 2648 παρελ-

125 2664 184 2690 Θεῐν
198 2662 246 2698 τὴν
259 2661 397 2697 βασιλείαν
418 2660 472 2686 τῶν
502 2660 646 2692 Ἰουδαίων,
668 2659 715 2686 καὶ
731 2660 779 2694 τὴν
798 2659 916 2685 παλαιὰν

126 2709 262 2743 διαθήκην
277 2706 459 2743 βεϐηλῶσθαι,
474 2703 563 2740 λέγων
570 2705 669 2738 οὕτως’
686 2715 695 2731 1
715 2706 749 2731 Σὺ
772 2705 800 2731 δὲ
814 2703 917 2731 ἀπώσω

126 2756 177 2783 καὶ
202 2753 384 2786 ἐξουδενώσας
409 2751 539 2778 ἁνεὸάλου
570 2751 615 2777 τὸν
632 2750 742 2786 χριστόν
776 2759 833 2781 σου,
850 2758 915 2775 κατ-

127 2800 263 2836 έστρεψας
277 2799 326 2834 τὴν
342 2797 476 2832 διαθήκην
489 2797 536 2822 τοῦ
554 2796 648 2823 δούλου
665 2804 722 2822 σου·
742 2794 916 2829 ἐϐεϐήλωσας

127 2846 168 2877 εις
187 2845 234 2879 τὴν
249 2845 301 2879 γῆν
329 2843 359 2869 τὸ
386 2842 510 2877 ἁγιασμα
541 2840 632 2868 αὑτοῦ·
661 2840 784 2871 καθεῖλες
812 2839 916 2870 πάντας

969 2338 1123 2365 secundum
1146 2336 1286 2370 carnem);
1308 2340 1336 2362 et
1359 2335 1476 2362 thronus
1497 2336 1557 2370 ejus
1578 2336 1651 2363 sicut
1671 2336 1712 2364 sol
1731 2337 1760 2364 in

969 2387 1119 2417 conspectu
1136 2389 1208 2414 meo,
1224 2385 1252 2408 et
1267 2381 1338 2408 sicut
1349 2381 1413 2407 luna
1428 2381 1550 2416 perfecta
1564 2381 1592 2408 in
1603 2386 1739 2409 aeternum
1751 2403 1759 2415 ,

969 2434 998 2457 et
1014 2429 1092 2456 testis
1110 2429 1138 2455 in
1156 2428 1226 2455 emlo
1245 2427 1334 2454 ﬁdelis
1347 2427 1380 2452 ἰ.
1400 2436 1409 2452 i

1006 2474 1045 2502 Ne
1057 2478 1151 2509 autem
1170 2478 1210 2504 tu,
1228 2472 1333 2504 Iudaee,
1348 2472 1405 2499 haec
1418 2472 1452 2499 de
1472 2472 1575 2500 Davide
1588 2474 1702 2508 ejusque
1716 2481 1760 2501 re-

971 2519 1102 2554 gno,sive
1114 2517 1148 2544 de
1163 2517 1266 2544 Iudaeis
1282 2515 1443 2550 accipienda
1456 2520 1594 2549 autumes,
1606 2517 1655 2543 sed
1670 2517 1762 2551 potius

969 2565 1004 2592 de
1029 2564 1152 2596 Christo,
1181 2563 1259 2590 addit
1285 2562 1370 2597 (quod
1393 2562 1478 2589 etiam
1502 2562 1605 2597 evenit)
1631 2562 1761 2590 Davidem

971 2614 1124 2641 mortuum,
1145 2608 1306 2636 Judzeorum
1331 2615 1447 2642 regnum
1468 2614 1596 2634 eversum
1609 2627 1616 2638 ,
1640 2612 1762 2635 etvetus

971 2659 1166 2683 testamentum
1182 2653 1319 2680 abolitum
1333 2661 1405 2684 esse,
1421 2653 1535 2679 dicens:
1552 2663 1560 2678 1
1583 2652 1623 2679 Tu
1639 2661 1705 2679 vero
1718 2661 1762 2679 re-

970 2702 1065 2736 pulisti
1090 2705 1117 2728 et.
1141 2699 1291 2734 despexisti
1317 2708 1323 2723 ε
1351 2699 1483 2726 distulisti
1510 2699 1644 2725 Christum
1672 2703 1760 2724 tuum.

970 2747 1099 2775 Evertisti
1112 2750 1308 2774 testamentum
1324 2745 1396 2772 servi
1411 2745 1469 2772 tui:
1486 2743 1637 2779 prolanasti
1651 2742 1679 2769 in
1690 2749 1762 2770 terra

972 2793 1164 2821 sanctuarium
1184 2792 1256 2827 ejus.
1271 2790 1437 2819 Destruxisti
1454 2797 1551 2817 omnes
1566 2795 1645 2822 sepes
1660 2788 1730 2822 ejus,
1749 2796 1759 2813 ι

970 2844 998 2866 et
1013 2847 1074 2873 qum
1087 2841 1242 2872 sequuntur
1256 2844 1342 2871 usque
1355 2837 1388 2863 ad
1402 2835 1468 2862 illud
1484 2843 1490 2861 :
1507 2844 1516 2860 1
1536 2832 1685 2861 Perfudisti
1698 2841 1761 2860 cum

165 2935 186 2952 ⁸⁸
202 2934 283 2962 Hebr.
300 2942 318 2966 ι,
336 2934 377 2960 Μ.
420 2933 439 2948 ¹⁹
454 2933 476 2959 ll
493 2933 558 2968 Reg.
575 2941 623 2965 vn,
642 2932 693 2964 H;
710 2930 792 2958 Hebr.
816 2938 834 2964 I,
853 2929 879 2956 5.

965 2929 1021 2956 ’sal.
1035 2937 1062 2961 ll,
1079 2928 1105 2955 9.
1141 2929 1161 2943 ²¹
1182 2927 1253 2954 Psal.
1272 2934 1398 2959 Lxxxvut,
1413 2925 1508 2953 25-33.
