1980 3188
213 188 280 221 ῙΞΙΞι

209 254 261 274 nec
277 253 331 272 non
349 249 376 273 et
393 245 461 273 fides
477 249 571 272 nostra
585 245 612 272 in
635 245 735 281 ipsum.
753 246 826 279 Quot
842 247 961 282 gentiles
976 251 1003 274 et
1016 246 1042 275 Α

209 292 338 329 pessimis
364 292 509 320 erroribus
542 292 641 319 imbuti
672 293 832 328 principes,
855 298 1005 328 gentesque

210 335 293 367 tidem
313 343 447 370 nostram,
460 338 681 366 Christianorum
701 339 774 371 dico,
797 340 1005 374 impugnarunt,

211 389 239 412 et
263 393 319 412 non
341 388 492 419 potuerunt
510 385 584 411 illam
602 386 798 420 exstinguere?
814 386 886 419 Quin
913 386 1007 421 potius

212 431 252 458 illi
270 431 437 458 interierunt
462 436 489 458 et
514 439 663 462 evanuere,
690 432 735 460 illa
764 437 855 459 autem
880 433 1007 467 quotidie

212 474 301 509 magis
324 475 452 509 splendet
475 479 503 502 et
527 475 669 503 dilatatur.
691 476 725 503 Et
745 477 767 503 si
786 477 855 504 velis
877 482 1009 505 accurate

214 520 370 555 intelligere
381 525 499 555 tempus,
515 521 594 554 illud,
613 530 622 546 ‹
640 521 670 548 In
682 521 782 549 diebus
798 522 853 550 illis
862 523 1010 550 suscitabit

215 566 349 592 Dominus
367 574 493 600 regnum,
513 575 521 591 ι
552 566 586 593 de
609 574 694 602 regno
721 567 792 594 inter
820 567 865 594 illa
890 571 1011 602 quatuor

216 615 327 639 ostenso
341 612 436 646 accipe
449 620 455 638 :
468 619 522 638 non
539 612 612 639 enim
622 617 725 647 postea
737 613 901 648 reperietur.
912 613 1012 646 Quem-

217 658 366 685 admodum
391 659 465 685 enim
499 663 593 693 patres
617 660 702 686 vestri
720 659 860 694 [impletas
892 660 1011 695 promis—

217 705 304 732 sionis
315 705 522 739 exputationem
536 706 700 738 retinentes,
715 706 789 733 illam
802 706 899 734 salutis
911 714 1012 741 oppor-

218 751 365 778 tunitatem
384 751 549 784 amiserunt,
576 752 616 779 sic
639 756 667 779 et
689 760 737 779 vos
757 751 874 779 facietis.
899 752 927 778 Si
948 760 1014 786 ergo

219 797 343 824 creditur
370 805 431 825 esse
459 797 611 830 Christum,
642 798 742 825 abhinc
774 798 851 825 illum
884 798 1012 833 quatrite,

219 847 315 878 postea
331 843 405 870 enim
423 852 478 870 non
497 845 663 879 reperietur.

253 888 314 915 Jam
331 888 531 920 demonstravi,
544 889 648 922 Judtee,
668 889 875 924 Seripturarum
892 891 1015 919 testimo—

220 934 268 961 nio
296 934 410 968 ipsaque
435 943 526 962 rerum
547 935 697 967 evidentia,
716 935 774 962 hzec
798 937 901 963 verba:
926 947 935 962 ‹
960 938 1013 965 Do-

221 981 313 1008 minus
328 981 395 1008 dixit
411 982 443 1008 ad
462 990 523 1008 me:
543 983 626 1009 Filius
644 990 720 1009 mens
742 990 771 1009 es
802 987 842 1014 tu,
866 991 917 1018 ego
933 984 1017 1011 hodie

221 1028 304 1062 genui
316 1033 341 1055 te
351 1028 386 1061 ³¹;
401 1038 409 1054 ι
425 1029 473 1056 Et:
488 1039 496 1054 ‹
510 1029 618 1056 l’ostula
636 1037 651 1055 a
669 1037 722 1061 me,
736 1034 763 1055 et
777 1029 846 1057 dabo
859 1031 906 1057 tibi
921 1035 1017 1066 gentes

222 1073 413 1101 hmreditatem
431 1080 504 1102 tuam
516 1075 548 1106 ³³,
567 1084 574 1100 ι
591 1074 624 1101 de
639 1075 792 1102 memmmia
817 1076 1018 1103 incarnationis

223 1119 284 1147 Filii
305 1120 352 1147 Dei
380 1120 452 1148 dicta
481 1129 551 1150 esse.
569 1129 629 1155 quae
658 1122 690 1148 ad
718 1121 850 1148 efleetum
883 1122 1018 1157 perducta

223 1171 299 1198 sunt,
319 1170 347 1193 et
365 1171 422 1193 tum
439 1166 472 1193 ab
489 1167 546 1201 ipsa
567 1175 659 1193 rerum
684 1167 834 1199 evidentia,
855 1172 912 1194 tum
927 1175 942 1194 a
957 1176 1020 1202 pro-

224 1213 316 1247 phetis
334 1213 431 1239 vestris
452 1213 638 1240 declarantur.
663 1213 707 1244 At.
731 1214 753 1241 si
772 1214 852 1247 velis,
874 1214 1019 1241 ostendam

225 1260 276 1286 tibi
291 1258 433 1286 Christum
457 1264 520 1286 ante
539 1260 635 1286 mundi
653 1260 879 1288 constitutionem
897 1261 1020 1296 genitum

226 1305 323 1336 fuisse,
351 1313 468 1339 esseque
492 1305 593 1337 Deum;
609 1305 656 1332 sed
678 1305 754 1340 prius
778 1314 827 1333 vos
851 1306 1021 1342 interrogare

226 1350 325 1376 velim:
342 1350 438 1382 David,
460 1350 506 1384 qui
524 1358 571 1377 rex
588 1356 615 1377 et
631 1351 766 1385 propheta
787 1351 849 1384 fuit,
874 1359 1020 1386 quemnam

226 1395 324 1422 habuit
344 1396 511 1423 Dominum?
529 1397 704 1424 Manifestum
726 1398 838 1424 omnino
863 1402 890 1425 et
911 1398 940 1424 in
958 1405 1023 1425 con-

228 1441 302 1468 fesso
323 1446 374 1474 est,
392 1442 467 1476 quod
490 1442 597 1469 nullum
624 1443 725 1470 habeat
751 1443 898 1470 Dominunt
924 1448 1023 1478 prteter

226 1486 387 1514 Creatorem
411 1488 473 1515 ςαξιί
501 1492 529 1515 et
556 1493 646 1516 terrre.
674 1489 744 1516 Ecce
771 1490 864 1524 itaque
887 1490 972 1517 David
989 1490 1022 1517 de

227 1533 339 1560 Christo
357 1534 424 1561 dicit
440 1535 588 1562 Dominum
606 1543 687 1562 suum
710 1543 781 1567 esse,
798 1541 825 1563 et
840 1540 903 1563 ante
923 1537 1023 1563 sreenla

228 1579 362 1614 genitum.
383 1581 518 1616 Equidem
540 1582 626 1609 David
649 1583 676 1609 in
697 1583 796 1610 caelum
811 1591 866 1610 non
879 1583 1021 1616 ascendit;
1036 1593 1058 1623 ρ

229 1624 298 1652 dicit
310 1630 399 1653 tamen
411 1626 470 1660 ipse
486 1626 513 1653 in
525 1627 598 1653 libro
614 1627 796 1661 Psalmorum,
807 1628 911 1662 psalmo
925 1636 1022 1663 nempe

230 1679 290 1702 ctx,
318 1671 368 1699 1.:
395 1682 404 1698 ι
429 1672 502 1699 Dixit
524 1674 658 1700 Dominus
686 1675 803 1701 Domino
837 1683 898 1702 meo
921 1684 927 1702 :
953 1674 1023 1702 Sede

231 1724 246 1743 a
261 1717 366 1743 dextris
386 1717 471 1744 meis:
488 1727 496 1742 ι
512 1717 582 1744 Ecce
599 1718 681 1752 igitur
690 1718 792 1745 Filium
804 1719 864 1750 Dei,
876 1719 1024 1746 Dominum

231 1770 313 1789 suum
329 1767 426 1790 vocat:
445 1762 534 1797 ipsum
553 1763 627 1790 enim
646 1764 734 1797 Pater,
745 1769 807 1799 post
825 1769 947 1791 sanctam
965 1765 1026 1800 ejus

231 1817 264 1836 ex
285 1808 395 1844 Virgine
419 1809 572 1836 secundum
594 1818 705 1837 carnem
723 1811 943 1845 generationem,
964 1815 1026 1846 post

232 1854 563 1889 salutarempassionem,
577 1856 868 1891 resurrectionemque
878 1864 894 1884 ει
908 1857 1026 1884 mortuis

231 1904 259 1926 et
284 1900 485 1932 ascensionem,
505 1900 545 1927 sic
570 1901 738 1935 alloquitur:
765 1911 774 1927 ι
796 1902 866 1928 Sede
884 1910 898 1928 a
919 1902 1026 1930 dextris

232 1946 312 1978 meis,
330 1946 419 1973 donec
434 1954 534 1981 ponam
559 1947 687 1974 inimicos
714 1951 775 1974 tuos
800 1948 954 1976 scabellum
976 1956 1024 1983 pe-

232 1994 297 2020 dum
314 1996 434 2029 tuorum.
456 2002 466 2018 ›
484 1993 538 2020 Sed
559 1993 651 2020 forsan
670 1993 755 2026 dices,
785 2002 802 2020 ο
823 1994 927 2026 Judtee,
947 1994 1028 2021 Chri—

233 2044 305 2066 stum
324 2039 421 2066 sedere
441 2039 475 2066 ad
493 2039 635 2066 dexteram
660 2040 760 2071 Patris,
773 2048 860 2074 usque
881 2040 914 2066 ad
935 2044 1027 2067 extre—

233 2094 307 2112 mum
327 2085 403 2112 illum
431 2089 458 2112 et
479 2085 659 2120 principalem
685 2086 744 2120 ejus
761 2085 920 2117 adventum,
943 2093 1025 2121 quem

233 2139 282 2166 per
302 2131 452 2166 prophetas
477 2131 685 2166 praenuntiavit,
708 2132 785 2166 quasi
810 2132 940 2159 videlicet
958 2140 1027 2159 tton-

233 2179 299 2205 dum
312 2178 431 2205 venerit.
455 2177 509 2205 Sed
525 2178 663 2212 quomodo
676 2178 728 2205 hoc
744 2178 779 2204 sit
794 2178 894 2205 rationi
909 2186 1026 2206 consen-

234 2228 356 2255 taneum,
375 2223 419 2250 die
434 2223 520 2251 mihi:
539 2223 629 2256 Quare
639 2224 695 2258 jam
711 2223 895 2251 sedentidieit
906 2225 1025 2252 iterum:
1039 2236 1045 2239 ε

234 2269 321 2297 Sede?
334 2269 477 2302 Quomodo
498 2274 590 2296 autent
608 2270 711 2296 inimici
735 2269 832 2297 infensi
849 2270 905 2297 sint
922 2271 960 2297 illi
979 2271 1026 2305 qui
1039 2265 1066 2294 D

235 2315 358 2342 nondum
388 2316 516 2342 venerit?
542 2316 599 2342 lloc
619 2316 691 2343 enim
709 2316 815 2348 dicens.
846 2316 923 2349 Sede,
943 2316 1026 2344 Chri—

235 2365 308 2388 stum
324 2369 339 2388 (Ξ
354 2365 426 2388 terra
439 2363 467 2389 in
490 2362 576 2389 C(IIlOS
604 2361 776 2392 redeuntem,
791 2371 902 2390 ‘I‘UI‘SUS
929 2363 1025 2390 sedere

234 2407 324 2442 iubet,
338 2408 408 2435 sicut
428 2408 502 2443 prius
516 2407 629 2435 sedebat
644 2416 726 2442 super
743 2408 868 2435 inimicos
884 2417 959 2436 suos.
972 2409 1027 2437 Vos

237 2454 329 2488 itaque
346 2474 352 2483 .
377 2454 473 2486 Judaei,
502 2454 606 2481 inimici
637 2455 696 2489 ejus
725 2454 806 2486 estis,
829 2455 880 2481 sub
909 2455 1026 2489 pedibus

235 2500 399 2527 Christiana:
426 2501 516 2536 gentis
543 2501 695 2528 conenlcali
720 2509 806 2535 lisque
824 2501 856 2528 ad
871 2506 1022 2529 extremam

237 2546 345 2573 horam.
361 2547 436 2574 Unde
446 2552 474 2574 et
487 2547 585 2574 merito
601 2546 812 2578 conculcamini,
824 2547 965 2582 etjustutn
985 2552 1026 2574 est

237 2593 312 2628 quod
326 2593 435 2627 passuri
445 2593 528 2621 estis:
543 2598 651 2628 tempus
662 2593 734 2620 enim
749 2593 815 2620 illud
827 2594 901 2629 quod
917 2594 1026 2629 jactatis

236 2644 265 2666 et
283 2639 459 2673 exspectatis,
474 2639 531 2666 ictu
547 2639 619 2666 oculi
646 2639 727 2666 citius
748 2639 825 2666 vobis
838 2640 1024 2674 superveniet,

237 2694 292 2721 quo
301 2685 473 2720 scilicetyos,
482 2693 544 2712 eum
554 2685 700 2720 deceptore
709 2685 755 2712 illo
765 2685 809 2712 cui
816 2685 940 2718 creditis,
948 2691 1026 2713 atter-

237 2731 265 2758 ni
284 2731 357 2767 ignis
369 2731 547 2767 supplicium,
563 2731 607 2759 cui
623 2732 691 2759 estis
710 2732 854 2764 reservati,
872 2731 1023 2767 recipietis.

275 2778 382 2804 Rursus
400 2777 472 2805 idem
491 2785 538 2805 rex
552 2782 579 2804 et
595 2777 741 2812 propheta,
754 2776 782 2803 in
795 2776 891 2804 eodem
906 2778 1023 2812 psalmo,

238 2824 317 2858 quasi
331 2823 378 2851 Dei
403 2828 430 2851 et
453 2823 541 2851 Patris
564 2831 712 2858 personam
736 2819 884 2858 accipiens,
901 2823 934 2851 de
958 2823 1027 2851 Filio

277 2903 298 2919 ³²
315 2904 385 2930 l‘sal.
405 2911 432 2937 II,
452 2903 476 2930 Ἰ.
513 2903 534 2919 ³³
551 2902 617 2930 ibid.
638 2903 663 2931 8.

816 192 847 222 S.
867 192 1069 222 ANASTASII
1088 192 1251 224 SlNAlTrE

1783 199 1878 231 1216

1055 247 1236 281 Χριπτιανῶν,
1251 249 1297 276 καὶ
1308 250 1536 286 οὑκξήδυνήθησαν
1549 250 1651 295 nme
1662 251 1756 279 σΰέσαι
1767 261 1773 284 ς
1784 245 1882 279 Ἀλλ’

1058 294 1154 320 ἐκεῖνοι
1183 294 1231 327 μὲν
1257 295 1397 322 ἀπώλοντο
1413 297 1460 323 καὶ
1479 296 1630 332 παρῆλθον,
1649 298 1720 333 αὕτη
1739 298 1768 325 δὲ
1797 298 1879 326 καθ’

1058 339 1178 376 ἑκάστην
1194 340 1298 376 λάμπει
1314 342 1363 368 καὶ
1383 342 1559 370 πλατύνεται.
1580 343 1636 370 Καὶ
1652 345 1676 371 εί
1693 344 1743 379 μὲν
1768 344 1880 381 βούλει

1058 386 1088 412 τὸ
1099 386 1212 421 ἀκριϐὲς
1221 388 1267 414 τοῦ
1280 388 1396 424 οὐρανοῦ
1410 388 1477 425 Heg.
1486 389 1595 426 καιροῦ]
1608 390 1715 426 μαθεῖν,
1727 391 1769 425 τὸ,
1786 401 1796 418 ε
1823 391 1884 419 Ἐν

1059 434 1119 464 ταῖς
1139 433 1257 468 ἡμέραις
1275 434 1393 466 ἐκείναις
1403 435 1577 471 ἀναστήσειὸ
1591 436 1658 469 Θεὸς
1677 437 1843 472 βασιλείαν,
1867 446 1880 464 β

1060 479 1109 514 τὴν
1116 480 1218 514 μεταξὺ
1226 480 1375 515 αὺτῶνξτῶν
1383 481 1555 517 δηλωθεισῶν
1562 483 1705 520 τεσσάρων
1715 479 1814 520 βασιλέ
1819 485 1883 512 ιῶν

1061 526 1263 565 ἀναδειχθεῖσαν
1280 527 1419 563 λάμϐανε·
1445 521 1597 564 μετέπειτα
1618 530 1684 566 γὰρ]
1700 531 1750 567 οὐχ
1777 532 1884 567 εὑρή-

1063 581 1150 599 σεται.
1173 572 1217 604 Ὠς
1234 573 1288 609 γὰρ
1315 574 1340 600 οί
1355 574 1476 611 πατέρες
1492 575 1570 610 ὑμῶν
1589 576 1640 612 τὴν
1669 577 1882 612 παρελθοῦσαν

1064 619 1229 653 προσδοκίαν
1245 620 1428 655 κρατοῦντες,
1450 621 1500 657 τῆς
1524 622 1670 658 εὐκαιρίας
1697 623 1800 659 ταύτης
1826 623 1883 655 ἑξ·

1064 663 1184 689 ἐπεσαν·
1203 663 1290 696 οὕτως
1316 666 1363 692 καῖ¹
1386 667 1476 700 ὑμεῖς.
1499 667 1531 694 El
1562 667 1609 694 οὖν
1632 669 1778 695 πιστεύετε
1792 666 1881 695 εἶναι

1064 711 1192 745 Χριστὸν,
1210 703 1376 738 ἀπεντεῦθεν
1400 712 1507 748 ζητεῖτε
1521 721 1527 728 ·
1559 714 1709 749 μετέπειτα
1731 715 1787 750 γὰρ
1815 715 1882 749 οὐχ

1066 766 1237 793 ευρισκεται.

1105 889 1174 924 Ἤδη
1189 889 1286 922 ἔδειξα,
1309 890 1498 923 ’1ουδαῖε,,ἀπὺ
1511 890 1566 917 τῶν
1580 890 1697 926 Γραφῶν
1713 889 1762 917 καὶ
1777 888 1879 924 αὐτῆς

1068 936 1117 970 τῆς
1126 935 1256 970 ἀληθείας
1271 936 1311 970 τὺ,
1327 945 1336 962 ι
1358 936 1460 972 Κύριος
1477 935 1538 963 εἷπε
1563 937 1634 972 πρός
1651 945 1686 971 με
1697 944 1704 951 ”
1728 935 1796 968 Υίὸς
1813 945 1875 971 μου

1068 981 1093 1007 εί
1105 981 1136 1007 σὺ
1143 1002 1149 1013 ,
1157 982 1212 1015 ἐγὼ
1221 982 1342 1018 σήμερον
1351 982 1504 1018 γεγέννηκά
1510 991 1550 1009 σε.
1563 982 1644 1015 »Καὶ,
1651 992 1660 1008 ι
1669 983 1787 1018 Αίτησαι
1797 983 1875 1018 παρ’

1069 1027 1147 1062 ἐμοῦ,
1167 1027 1213 1054 καὶ
1241 1027 1321 1054 δώσω
1338 1037 1379 1055 σοι
1401 1028 1465 1064 ἔθνη
1483 1028 1533 1063 τὴν
1562 1028 1747 1064 κληρονομίαν
1775 1035 1840 1061 σου,
1858 1036 1872 1054 ι

1069 1074 1117 1100 καὶ
1129 1073 1164 1100 τὰ
1181 1074 1255 1109 ἑξῆς,
1268 1074 1310 1100 ὅτι
1323 1074 1447 1110 περὶτῆς
1463 1074 1599 1110 ὲνσάρκου
1629 1074 1790 1110 οἰκονομίας
1815 1073 1875 1100 τοῦ

1070 1119 1135 1146 Υίοῦ
1148 1119 1194 1146 τοῦ
1210 1119 1278 1146 Θεοῦ
1296 1120 1414 1155 εἴρηται,
1431 1120 1503 1156 ἅπερ
1520 1121 1568 1147 καὶ
1585 1120 1712 1155 ἐγένοντο
1727 1120 1777 1147 καὶ
1794 1128 1876 1156 μαρο

1071 1165 1215 1201 τυροῦνται
1235 1165 1287 1192 ὑπὸ
1299 1166 1383 1199 αὐτῆς
1400 1166 1450 1201 τῆς
1468 1165 1596 1201 ἀληθείας
1627 1165 1742 1193 καὶτῶν
1758 1174 1876 1201 προφηο

1071 1210 1125 1238 τῶν
1142 1211 1228 1246 ὑμῶν.
1254 1211 1325 1238 Είδὲ
1339 1211 1437 1243 θέλεις,
1453 1211 1533 1245 δείξω
1552 1220 1593 1238 σοι
1619 1211 1660 1238 ὅτι
1674 1211 1722 1238 καὶ
1749 1211 1804 1247 πρὸ
1816 1210 1874 1238 τοῦ

1072 1258 1176 1291 κόσμου
1197 1257 1342 1292 ἐγεννήθη,
1371 1257 1418 1284 καὶ
1451 1258 1492 1284 ὅτι
1511 1257 1579 1290 θεός
1600 1258 1675 1284 ἐστιν
1704 1257 1718 1283 ὁ
1735 1257 1873 1292 Χριστός.

1072 1303 1146 1338 Πλὴν
1161 1302 1270 1338 πρῶτον
1286 1302 1356 1330 θέλω
1366 1303 1464 1337 μαθεῖν
1478 1303 1507 1335 ἐξ
1525 1303 1602 1338 ὑμῶν
1616 1311 1622 1318 '
1643 1302 1672 1330 Ὀ
1688 1302 1772 1329 Δαϐὶδ
1787 1303 1876 1338 βασι-

1072 1349 1134 1380 λεὺς
1151 1349 1189 1376 ὢν
1214 1350 1262 1376 καὶ
1280 1350 1434 1385 προφήτης,
1449 1349 1511 1376 τίνα
1533 1349 1638 1385 Κύριον
1653 1349 1699 1376 καὶ
1724 1349 1874 1383 Δεσπότην

1073 1393 1130 1430 εἶχε
1145 1404 1152 1428 ;
1166 1395 1280 1427 Πάντως
1294 1395 1372 1430 δῆλον
1387 1395 1433 1422 καὶ
1448 1395 1675 1431 ὁμολογούμενον,
1698 1395 1795 1422 οὐδένα
1808 1394 1874 1421 Κύ-

1076 1449 1132 1476 ριον
1143 1439 1211 1476 εἶχε,
1227 1441 1251 1467 εί
1264 1441 1302 1476 μὴ
1320 1441 1365 1467 τὸν
1380 1442 1530 1476 ποιήσαντα
1541 1441 1586 1467 τὸν
1600 1441 1714 1477 οὐρανὸν
1737 1441 1786 1467 καὶ
1817 1440 1874 1476 τὴν

1075 1489 1136 1522 γῆν.
1160 1487 1225 1513 Ἰδοὺ
1255 1487 1300 1514 οὖν
1331 1487 1412 1518 αὐτὸς
1436 1488 1449 1514 ὁ
1466 1487 1548 1514 Δαόἱδ
1563 1487 1637 1526 λέγει
1658 1486 1783 1522 περὶτοῦ
1803 1487 1874 1521 Χρι-

1076 1534 1150 1565 στοῦ,
1165 1534 1206 1560 ὅτι
1224 1533 1326 1569 Κύριος
1356 1533 1439 1560 αἱμτοῦ
1455 1535 1524 1566 ἐστι,
1542 1535 1589 1561 καὶ
1616 1534 1657 1560 ὅτι
1679 1533 1727 1560 καὶ
1743 1533 1798 1568 πρὸ
1815 1533 1873 1560 τῶν

1075 1579 1180 1607 αίώνων
1194 1580 1334 1616 ἐγεννήθη.
1353 1580 1407 1606 Καὶ
1422 1580 1504 1606 Δαὸὶδ
1520 1580 1569 1615 μὲν
1588 1580 1639 1606 οὐκ
1665 1579 1748 1614 ἀνέϐη
1765 1579 1805 1610 εἰς
1823 1579 1874 1605 τὸν

1075 1627 1206 1661 οὐρανόν·
1234 1627 1307 1660 λέγει
1323 1626 1351 1653 δὲ
1366 1627 1379 1653 ὸ
1401 1626 1481 1658 αὐτὸς
1506 1627 1534 1652 ὲν
1553 1626 1641 1661 βίϐλῳ
1653 1626 1706 1652 τῶν
1731 1626 1872 1660 Ψαλμῶν,

1075 1675 1159 1709 ἤγουν
1170 1674 1219 1708 ρθ’,
1239 1673 1326 1704 οὕτως
1337 1682 1343 1688 ·
1364 1683 1373 1699 ι
1390 1671 1475 1699 Εἶπεν
1492 1673 1505 1699 ὀ
1518 1673 1619 1707 Κύριος
1634 1672 1673 1707 τῷ
1691 1672 1786 1706 Κυρίῳ
1799 1680 1854 1706 μου
1864 1679 1872 1687 ·

1076 1721 1167 1748 Κάθου
1184 1722 1216 1746 ὲκ
1225 1719 1320 1752 δεξιῶν
1335 1728 1398 1754 μου.
1414 1729 1423 1745 ›
1448 1719 1514 1746 Ἰδοὺ
1526 1719 1571 1746 οὖν
1588 1719 1712 1750 τὸνΥίδν
1729 1718 1777 1745 τοῦ
1786 1716 1860 1744 Θεοῦ

1076 1767 1179 1802 Κύριον
1194 1766 1293 1793 ἑαυτοῦ
1310 1766 1404 1792 καλεῖ·
1423 1766 1492 1800 πρὸς
1507 1765 1588 1792 αὑτὸν
1610 1764 1666 1800 γὰρ
1680 1763 1758 1791 εἶπεν
1784 1765 1798 1790 ὁ
1814 1764 1874 1790 Παι-

1076 1814 1128 1849 τὴρ
1144 1813 1214 1849 μετὰ
1227 1813 1276 1848 τὴν
1292 1813 1373 1847 ἁγίαν
1385 1812 1472 1838 αὐτοῦ
1484 1813 1517 1838 ὲκ
1537 1811 1676 1847 Παρθένον
1691 1811 1762 1837 κατὰ
1779 1810 1874 1845 σάρκα

1076 1860 1212 1895 γέννησιν,
1231 1861 1279 1886 καὶ
1295 1859 1325 1885 τὸ
1341 1859 1475 1894 σωτήριον
1487 1857 1584 1890 πάθος,
1597 1857 1644 1884 καὶ
1658 1857 1706 1891 τὴν
1716 1858 1748 1883 ἐκ
1764 1855 1874 1891 νεκρῶν

1076 1905 1160 1932 αὑτοῦ
1177 1905 1337 1935 ἀνάστασιν,
1355 1905 1401 1930 καὶ
1434 1904 1483 1938 τὴν
1506 1902 1654 1937 ἀνάληψινο
1674 1911 1683 1928 ‹
1715 1901 1808 1928 Κάθου
1837 1902 1872 1928 ὲκ

1076 1951 1173 1984 δεξιῶν
1195 1959 1257 1986 μου,
1274 1950 1326 1982 ἕως
1344 1951 1377 1977 ἂν
1393 1950 1432 1976 θῶ
1446 1944 1510 1982 toil;
1528 1949 1642 1985 ἐχθρούς
1657 1955 1702 1982 σου
1721 1947 1871 1974 ὑποπόδιον

1076 1997 1131 2024 τῶν
1145 1997 1235 2024 ποδῶν
1250 2005 1308 2024 σου.
1339 2005 1349 2022 ι
1384 1996 1454 2022 Ἀλλ’
1468 1996 1534 2027 ἴσως
1548 1996 1631 2029 ἐρεῖς,
1649 1991 1671 2020 ὦ
1690 1993 1812 2025 Ἰουδαῖε,
1828 1993 1871 2019 ὅτι

1077 2043 1194 2078 Χριστὸς
1209 2043 1328 2077 κάθηται
1355 2043 1384 2069 ὲν
1399 2041 1474 2077 δεξιᾷ
1499 2041 1547 2068 τοῦ
1579 2041 1659 2074 Θεοῦ,
1677 2040 1758 2076 ἄχρις
1774 2040 1807 2066 ἂν
1820 2039 1889 2074 τὴν·

1078 2088 1197 2124 ἐσχάτην
1211 2088 1322 2123 καιρίαν
1335 2087 1440 2113 ἕλευσιν
1458 2087 1616 2121 ποιήσηταις
1631 2086 1664 2121 ἣν
1677 2086 1721 2112 διὰ
1739 2085 1794 2111 τῶν
1803 2093 1874 2120 προ-

1079 2134 1173 2169 φητῶν
1190 2133 1375 2169 ἐπηγγείλατο
1386 2153 1393 2164 ,
1411 2133 1448 2164 ὡς
1467 2132 1546 2168 δῆθεν
1569 2132 1662 2167 ἀκμὴν
1680 2132 1718 2166 μὴ
1734 2131 1871 2162 ἐλθόντος.

1079 2180 1133 2206 Καὶ
1151 2179 1272 2214 πῶςὲχει
1290 2179 1369 2206 τοῦτο
1389 2179 1479 2212 λόγον,
1511 2178 1591 2210 είπές
1612 2177 1638 2204 τί
1667 2177 1707 2212 τῷ
1721 2175 1874 2211 καθημένῳ

1079 2225 1155 2259 λέγει
1169 2225 1266 2259 πάλιν·
1296 2223 1487 2263 ΚάθουλΤίνι
1502 2224 1530 2250 δὲ
1546 2224 1701 2259 ἧχθρευσαν
1722 2223 1746 2248 ot
1773 2221 1876 2256 ἐχθρά-

1080 2279 1174 2302 ναντες
1199 2269 1238 2305 τῷ
1258 2270 1340 2306 μήπω
1356 2269 1475 2296 ἐθέλοντι
1500 2269 1567 2305 Heg.
1592 2267 1726 2303 ὲλθόντι];
1742 2268 1797 2295 Καὶ
1815 2266 1874 2302 γὰρ

1078 2316 1159 2343 τοῦτο
1170 2315 1184 2342 ὂ
1195 2315 1282 2349 λέγει,
1296 2314 1406 2345 Κάθου.
1421 2314 1458 2349 τῷ
1476 2313 1529 2340 ἀπὸ
1539 2313 1589 2348 τῆς
1610 2315 1662 2348 γῆς
1675 2313 1721 2339 ἐπὶ
1747 2313 1811 2343 τοὺς
1824 2313 1874 2338 οὺ-

1080 2362 1178 2398 ρανοὺς
1195 2360 1335 2388 ἀνελθόντι
1371 2359 1482 2396 καθίσαι
1503 2359 1584 2386 πάλιν
1602 2359 1688 2392 λέγει,
1700 2357 1791 2389 καθὼς
1806 2357 1875 2392 πρὶν

1079 2409 1171 2435 ἐπάνω
1186 2405 1220 2443 ἦν
1240 2407 1294 2434 τῶν
1317 2406 1422 2442 ἐχθρῶν
1440 2405 1540 2433 αὐτοῦ’
1567 2405 1604 2436 ὡς
1621 2403 1690 2432 εἶναι
1719 2405 1790 2439 ὑμᾶς
1807 2403 1874 2435 τοὺς

1086 2454 1229 2485 Ἰουδαίους
1244 2453 1358 2489 ἐχθροὺς
1374 2453 1457 2479 αὑτοῦ
1471 2452 1518 2479 καὶ
1536 2452 1727 2488 πατουμένους
1742 2451 1794 2477 ὑπὸ
1808 2451 1874 2482 τοὺς

1079 2502 1162 2532 πάξαις
1175 2500 1223 2527 τοῦ
1236 2499 1431 2535 Χριστιανικοῦ
1441 2499 1526 2533 φύλου
1541 2499 1593 2530 ἕως
1609 2498 1768 2529 τελευταίας
1783 2496 1872 2532 ὥρας.

1079 2547 1161 2573 Ὅθεν
1185 2547 1232 2574 καὶ
1249 2547 1361 2578 δικαίως
1377 2546 1518 2578 πατεῖσθε,
1535 2546 1581 2573 καὶ
1608 2545 1639 2572 τὸ
1663 2544 1874 2579 ἀποϐησόμενον

1080 2594 1143 2628 ὑμῖν
1155 2593 1274 2620 δίκαιον·
1291 2592 1337 2619 τὺν
1348 2593 1403 2628 γὰρ
1417 2592 1515 2628 καιρὸν
1545 2592 1575 2619 ὃν
1593 2591 1687 2626 λέγετε
1703 2591 1749 2617 καὶ
1762 2590 1874 2625 ἐκδέχε-

1080 2640 1126 2666 σθε
1140 2639 1253 2674 φοάνειν
1269 2640 1341 2674 ὑμᾶς
1353 2639 1509 2674 βλέμματος
1521 2638 1686 2674 γοργοτέρου
1700 2636 1853 2672 παρέχεται
1865 2644 1872 2650 ·

1082 2685 1142 2720 μεθ’
1162 2683 1193 2712 οὗ
1207 2685 1254 2712 καὶ
1270 2686 1350 2721 ὑμεῖς
1363 2686 1410 2713 καὶ
1427 2682 1449 2719 ᾧ
1470 2685 1612 2712 πιστεύετε
1625 2683 1730 2718 πλάνῳ,
1747 2678 1786 2713 si;
1802 2682 1873 2708 αἰω-

1081 2733 1140 2759 νίαν
1153 2733 1237 2768 πυρὸς
1252 2733 1365 2768 ἐκδοχὴν
1378 2731 1497 2759 δέδοσθε.

1116 2779 1171 2805 Καὶ
1187 2778 1268 2805 πάλιν
1286 2779 1300 2804 ὁ
1315 2777 1397 2809 αὐτὸς
1412 2777 1558 2813 προφήτης
1575 2775 1622 2802 καὶ
1644 2773 1772 2809 βασιλεὺς
1787 2774 1817 2799 ὲν
1832 2771 1870 2807 τῷ

1081 2823 1155 2859 αὐτῷ
1170 2824 1268 2860 ψαλμῷ
1288 2824 1326 2855 ὡς
1339 2824 1370 2850 ἐκ
1397 2822 1543 2858 προσώπου
1559 2821 1604 2848 τοῦ
1617 2820 1683 2848 Θεοῦ
1700 2820 1748 2848 καὶ
1763 2817 1872 2854 uasta;
