1976 3265
85 200 149 232 1217

593 202 820 231 DlSl'U'i‘ATlO
842 202 1043 232 ADVERSUS
1062 203 1227 234 JUD.EOS.

1656 204 1723 236 1218

83 261 146 295 περὶ
160 259 208 286 τοῦ
233 255 304 287 ’Υῐοῦ
321 261 369 286 καὶ
396 259 483 293 Λόγου
511 260 556 286 τοῦ
579 260 646 286 Θεοῦ
681 260 768 292 οὕτως
785 261 876 294 λέγει·

931 265 958 287 et
974 261 1065 289 Verbo
1083 262 1129 289 Dei
1146 263 1187 290 sie
1208 263 1354 297 loquitur:
1376 273 1384 288 ι
1403 261 1439 290 Ex
1456 267 1536 290 utero
1553 267 1618 290 ante
1640 263 1724 290 Luci-

85 317 93 332 ι
105 307 151 332 Ἐκ
166 305 287 341 γαστρὸς
300 306 354 341 πρὸ
370 306 512 341 ἑωσφόρον
530 306 666 342 ἐγέννησα
681 315 721 334 σε.
749 317 758 333 ι
782 307 812 332 Ὀ
825 307 879 342 γὰρ

86 352 226 387 ἑωσφόρος
254 353 288 386 τῇ
312 352 432 388 τετάρτῃ
454 351 547 387 ἡμέρᾳ
567 352 695 386 ἐγένετο·
713 353 726 378 6
745 352 774 378 δὲ
793 351 879 386 ’Δδὰμ

82 399 113 434 τῇ
128 399 196 434 ’ἕκτῃ
212 398 305 434 ἡμέρᾳ
322 397 455 433 ἐπλάσθη.
471 398 583 431 Λοιπὸν,
611 395 634 426 ὦ
657 399 782 431 ’ἰουδαῖε,
807 399 877 430 εἰπὲ,

82 444 141 471 τίνα
153 444 208 479 πρὸ
225 444 404 479 παρασκευῆς
418 443 468 478 τῆς
482 443 600 475 κτίσεως
612 443 760 478 ἐγέννησεν
771 445 784 471 6
801 444 877 476 Θεός.

82 489 154 526 ’Λρα
167 491 232 526 περὶ
245 489 293 516 τοῦ
303 489 390 524 Ἀδὰμ
402 489 477 524 λέγει
489 497 496 522 ;
516 490 652 525 Οὐδαμῶς
665 499 672 505 ·
690 490 760 525 μετὰ
769 490 824 525 γὰρ
834 490 880 516 δύο

84 536 190 571 ἡμέρας
218 536 266 562 τοῦ
281 535 422 571 ἑωσφόρον
450 535 571 562 καὶτῶν
596 536 721 570 ἀστέρων
743 536 877 570 ἐπλάσθη.

90 582 169 609 Ἀλλὰ
185 581 312 617 περὶτοῦ
324 579 523 616 Ἠλειμμένου
542 581 607 616 ὑμῖν
626 581 716 615 λέγει;
731 581 800 608 ἀλλὰ
823 581 880 608 υἱὸν

83 630 164 656 Δαϐὶδ
175 629 258 656 αὑτὸν
271 629 301 658 οὐ
314 629 408 663 λέγετε
422 627 492 655 εἶναι
504 637 511 645 ·
535 629 549 655 6
566 629 594 655 δὲ
618 629 700 656 Δαθὶδ
714 629 787 664 ,μετὰ
816 629 881 655 πολ-

83 677 143 708 λοὺς
161 677 274 711 γρόνους
287 675 335 702 τοῦ
359 675 446 710 Ἀδὰμ
460 674 594 710 ἐγεννήθη
606 683 612 690 ·
628 676 643 702 ὸ
668 675 722 710 γὰρ
743 675 829 710 Ἀδὰμ
845 677 879 711 τῇ

82 723 148 758 ἕκτῃ
166 721 259 757 ἡμέρᾳ
287 720 421 756 ἐπλάσθη,
449 720 487 752 ὡς
503 720 622 756 εἴρηται,
639 721 686 747 καὶ
701 721 726 746 οί
744 721 879 756 ἑωσφόροι

82 769 114 802 τῇ
135 767 255 802 τετάρτῃ
288 767 380 802 ἡμέρᾳ
398 766 540 801 ἐγένοντο·
566 767 580 793 ὸ
601 766 629 793 δὲ
646 767 712 798 Θεὸς
735 767 801 801 περὶ
826 766 874 793 τοῦ

84 813 147 839 ίδίου
165 813 231 840 Υξοῦ
244 813 329 847 λέγει,
357 813 399 839 ὃτι
417 821 426 838 ι
447 812 502 848 Πρὸ
527 812 667 848 ἑωσφόρον
683 812 820 847 ὲγέννησά
833 820 878 838 σε’

83 860 114 886 σὺ
131 859 227 894 ἱερεὺς
239 860 279 890 είς
288 859 333 885 τὸν
344 858 431 885 αἰῶνα
445 857 516 885 κατὰ
525 858 575 893 τὴν
583 858 660 891 τάξιν
673 858 852 893 Μελχισεδὲκ,
867 868 876 883 ι

81 906 223 932 τουτέστιν
249 906 338 941 ἱερεὺς
364 905 418 931 τῶν
445 905 540 932 ἐθνῶν.
571 905 600 931 ’0
629 905 683 940 γὰρ
710 905 879 940 Μελχισεδὲκ

81 950 151 978 οἶνον
181 951 228 977 καὶ
243 935 336 986 agro;
353 951 509 986 προσέφερε
537 950 576 984 τῷ
594 935 674 985 Θειῖ),
695 935 788 982 καθὼς
804 950 850 976 καὶ
865 951 879 976 6
893 935 917 964 Β

80 997 211 1032 Χριστὸς,
227 998 241 1023 6
253 997 398 1032 ἀρχιερεὺς
417 996 508 1032 ἡμᾶν,
526 989 686 1030 παρέδωκεν
702 996 778 1031 ἡμᾶς
803 995 879 1022 θύειν

80 1043 156 1078 αὐτῷ
173 1043 361 1077 ἀναιμάκτους
375 1041 472 1073 θυσίας
501 1041 570 1068 κατὰ
583 1041 633 1076 τὴν
656 1041 734 1075 τάξιν
745 1041 880 1076 Μελχισε-

80 1088 138 1115 δέκ.
158 1088 297 1114 Ἄκουσον
308 1086 336 1113 δὲ
351 1087 399 1114 καὶ
413 1085 586 1121 Σολομῶντος
606 1085 732 1120 λέγοντος
748 1087 812 1120 περὶ
828 1086 878 1120 τῆς

79 1133 132 1169 πρὸ
149 1133 259 1160 αἰώνων
280 1132 432 1167 γεννήσεως
461 1131 509 1157 τοῦ
545 1131 708 1166 μονογενοῦς
738 1131 805 1158 Υίοῦ
830 1131 878 1157 τοῦ

78 1179 146 1206 Θεοῦ
156 1187 164 1194 ο
181 1188 190 1204 ι
210 1178 266 1212 Πρὸ
279 1177 326 1204 τοῦ
340 1177 374 1204 τὰ
388 1177 439 1212 ὅρη
450 1177 588 1211 γενέσθαι,
604 1176 658 1212 πρὸ
684 1177 732 1204 τοῦ
747 1177 798 1209 τὰς
826 1185 879 1212 πη-

79 1224 130 1259 γὰς
150 1224 306 1260 προελθεῖν,
323 1223 376 1259 πρὸ
399 1223 427 1250 δὲ
444 1223 555 1250 πάντων
570 1223 684 1258 βουνῶν,
701 1225 786 1259 γεννᾷ
801 1232 846 1259 με.
866 1233 874 1250 ι

82 1272 177 1305 Δεῖξὸν
195 1279 241 1306 μοι
256 1269 303 1297 οὖν
317 1270 377 1297 τίνα
391 1271 404 1297 ὸ
431 1270 497 1302 Θεὸς
518 1269 571 1305 πρὸ
591 1270 681 1304 πάσης
694 1270 745 1305 τῆς
761 1270 878 1302 κτίσεως

78 1317 237 1352 ὲγέννησεν.
263 1316 402 1347 Ὡσαύτως
427 1315 456 1342 δὲ
480 1316 528 1342 καὶ
554 1315 635 1349 πᾲλιν
652 1315 764 1342 ὀΔαϐὶδ
794 1317 823 1343 ἐν
837 1316 879 1351 βι-

78 1363 132 1398 ολῳ
148 1363 276 1397 Ψαλμῶν
287 1362 324 1394 οζ¹
346 1362 438 1393 λέγει’
460 1371 469 1387 ι
496 1361 525 1388 '0
539 1361 617 1393 Θεὸς,
634 1362 665 1388 τὸ
676 1361 764 1397 κρῖμά
780 1370 828 1388 σου
839 1361 878 1397 τῷ

78 1409 189 1444 βασιλεῖ
216 1408 271 1440 δὸς,
303 1407 349 1434 καὶ
377 1407 426 1442 τὴν
443 1400 619 1442 δικαιοσύνην
635 1415 681 1434 σον
704 1406 744 1441 τῷ
755 1406 807 1442 υἱῷ
828 1407 875 1433 τοῦ

78 1455 226 1490 βασιλέως,
249 1463 257 1479 ι
272 1454 327 1481 Καὶ
343 1453 382 1489 μὴ
399 1452 481 1489 εἴπῃς
495 1453 561 1488 περὶ
576 1452 749 1487 Σολομῶντος
769 1452 859 1487 λέγειν
870 1460 877 1468 ·

77 1499 137 1527 εἷπε
149 1500 209 1535 γὰρ
226 1499 298 1535 μετὰ
310 1499 417 1533 ὀλίγους
438 1499 559 1534 στίχους,
571 1499 612 1525 ὅτι
630 1508 639 1524 ι
656 1498 878 1534 Κατακυριεύσει

76 1547 131 1573 ἀπὸ
146 1539 291 1581 θαλάσσης
304 1545 356 1577 ἓως
373 1545 522 1581 θαλάσσης,
540 1546 587 1572 καὶ
598 1544 652 1581 πρὸ
664 1545 712 1572 τοῦ
726 1545 803 1580 ἡλίου
819 1545 878 1572 δια-

77 1592 155 1628 μένει
177 1592 309 1627 τὸΔΒνομα
326 1588 420 1623 αὐτοῦ,
436 1591 483 1618 καὶ
500 1591 610 1626 πρὸτῆς
626 1591 754 1626 σελήνης,
780 1591 878 1625 γενεὰς

76 1640 199 1674 γενεῶν.
219 1649 228 1665 ι
250 1639 315 1666 Ἰδοὺ
331 1637 421 1670 ἔδειξα
431 1646 473 1664 σοι
489 1636 584 1673 σαφῶς
601 1638 648 1664 καὶ
663 1637 708 1664 διὰ
731 1637 814 1664 Δαϐὶδ
831 1638 877 1664 καὶ

75 1686 120 1713 διὰ
135 1685 330 1720 Σολομῶντος,
353 1685 394 1710 ὅτι
417 1683 470 1719 πρὸ
487 1683 580 1718 πάσης
600 1679 653 1717 τῆς
665 1683 782 1715 κτίσεως
797 1684 876 1718 ἐγεν-

75 1733 148 1769 νήθη
174 1733 189 1759 ὁ
212 1731 277 1764 Υἱὸς
299 1732 332 1758 ἐκ
353 1730 400 1758 τοῦ
425 1729 542 1766 Πατρὸς,
565 1729 603 1761 ὡς
631 1727 703 1757 οἶδεν
727 1729 808 1763 αὐτὸς
829 1730 878 1765 μό-

75 1787 133 1810 νος.

110 1825 203 1852 Πάλιν
215 1823 305 1850 ἐκεῖνό
317 1831 360 1858 μοι
373 1823 470 1850 εἴπατε
485 1822 576 1857 ὑμεῖς,
590 1822 638 1848 καὶ
652 1821 735 1853 εὐθὺς
750 1821 877 1855 φαίνεται

73 1872 91 1906 ὴ
108 1870 241 1906 ἀλήθεια,
252 1869 305 1896 τὸν
320 1868 504 1903 ὴλειμμένον
513 1868 542 1894 ὃν
557 1868 701 1903 ἐκδέχεσθε
711 1867 801 1903 ὑμεῖς,
818 1867 879 1894 τινα

74 1916 175 1952 λέγετε
187 1915 286 1948 αὐτόν;
303 1915 370 1942 Θεὸν
383 1915 400 1950 ἢ
416 1914 560 1950 ἄνθρωπον
573 1913 660 1949 ψιλὸν,
676 1914 714 1945 ὼς
739 1914 784 1940 τὸν
796 1913 879 1939 Δαῦὶδ

74 1964 123 1991 xa‘t
137 1963 206 1994 τοὺς
223 1962 333 1993 λοιποὺς
353 1961 534 1997 ἀνθρώπουςς
562 1961 640 1996 Ἔχει
673 1961 760 1987 εἰπεῖν
774 1961 788 1986 6
812 1961 879 1986 Ἰου-

73 2009 165 2041 δαῖος·
193 2007 358 2043 ’Ἄνθρωπον
378 2007 461 2034 αὑτὸν
475 2007 604 2041 λέγομεν,
621 2006 668 2032 καὶ
682 2005 713 2032 οὺ
725 2005 803 2036 Θεὸν,
819 2005 878 2031 ἀλλ’

74 2054 174 2085 ὠςὲνα
186 2053 242 2080 τῶν
260 2051 411 2088 προφητῶν
423 2060 430 2066 ·
452 2052 503 2078 οὐκ
527 2050 585 2077 ἐστι
599 2050 654 2085 γὰρ
677 2050 701 2076 εἰ
717 2050 754 2085 μὴ
775 2047 815 2081 εἷς
831 2050 878 2076 καὶ

74 2100 160 2135 μόνος
178 2100 193 2126 ὁ
215 2098 293 2131 Θεὸς,
310 2098 358 2125 καὶ
373 2097 434 2133 οὐχὶ
460 2097 518 2128 δύο,
535 2096 662 2132 καθάπερ
677 2096 703 2122 οἱ
715 2095 878 2130 Χριστιανοὶ

71 2146 184 2177 λέγετε.
202 2146 258 2172 Καὶ
280 2144 342 2172 ἐπεὶ
354 2143 441 2175 οὕτως
455 2143 563 2177 λέγετε,
585 2143 627 2169 ὃτι
654 2141 798 2177 ἄνθρωπός
820 2142 879 2168 ἐστι

70 2192 153 2226 ψιλὸς
170 2192 185 2218 ὁ
207 2191 357 2226 ἐρχόμενος
371 2189 491 2225 Χριστὸς
504 2188 595 2224 ὑμῶν,
621 2187 780 2222 ὲνέγκωμεν
815 2187 879 2222 ἄρτι

72 2237 122 2269 τὰς
151 2237 247 2271 φωνὰς
263 2236 319 2264 τῶν
334 2235 496 2270 προφητῶν,
516 2235 563 2261 καὶ
593 2233 641 2260 ἐὰν
660 2233 726 2260 Θεὸν
740 2232 880 2268 ἐκήρυξαν

930 305 1020 333 ferum
1035 308 1116 342 genui
1133 312 1159 335 te
1173 309 1207 340 ³³;
1226 318 1234 334 ι
1255 308 1367 335 Lucifer
1380 316 1463 342 porro
1474 313 1573 343 quarta
1589 308 1633 335 die
1650 317 1727 335 crea-

931 355 975 379 tus
993 358 1045 385 est,
1062 353 1148 380 Adam
1166 362 1232 381 vero
1247 359 1323 381 sexta
1341 354 1386 381 die
1411 354 1546 381 formatus
1564 359 1617 381 est.
1635 355 1724 385 Nune,

931 398 1059 430 oJudaae,
1072 399 1117 426 dic
1131 401 1198 426 mihi
1211 409 1217 426 :
1230 400 1317 432 Quem
1330 405 1394 427 ante
1408 401 1560 428 creationis
1573 400 1725 434 primordia

930 445 1058 479 genuerit
1074 446 1156 472 Deus.
1169 445 1239 472 Num
1257 445 1291 473 de
1307 446 1412 473 Adamo
1433 446 1580 480 loquitur?
1596 445 1707 472 Minime
1718 466 1725 477 ,

931 490 1068 525 siquidem
1087 495 1148 525 post
1164 491 1317 518 secundum
1330 492 1403 518 diem
1414 499 1470 526 quo
1481 491 1594 518 Lucifer
1608 496 1636 518 ιι
1652 496 1727 518 astra

931 540 1024 563 creata
1040 541 1115 568 sunt,
1133 537 1270 564 formatus
1292 541 1344 564 est.
1363 537 1468 564 Forsan
1484 537 1518 564 de
1536 537 1618 564 Uncto
1633 542 1726 563 vestro

931 582 1078 616 loquitur?
1091 582 1144 609 Sed
1160 583 1248 614 illum,
1263 583 1296 610 de
1311 591 1366 617 quo
1377 591 1470 610 sermo
1479 587 1533 612 est.
1547 582 1649 609 Filium
1661 590 1723 609 esse

932 627 1044 654 Davidis
1055 635 1109 654 non
1125 628 1240 660 dicitur;
1254 633 1384 655 caeterum
1397 628 1481 655 David
1495 629 1578 663 longo
1591 633 1725 663 tempore,

931 678 993 707 post
1007 673 1143 700 Adamum
1165 679 1194 701 et
1214 679 1287 701 astra
1314 680 1397 702 natus
1423 679 1465 702 est
1480 684 1486 701 :
1500 675 1622 702 Adamus
1638 675 1723 706 enim,

932 723 962 746 ut
977 719 1082 746 dictum
1100 723 1153 752 est,
1167 725 1243 746 sexta
1267 720 1418 748 creationis
1443 721 1488 747 die.
1512 720 1648 748 formatus
1671 725 1724 751 est,

931 769 1005 791 astra
1015 770 1113 799 quarta
1132 765 1176 792 die
1195 766 1265 792 facta
1280 771 1360 799 sunt;
1375 767 1448 794 Deus
1461 771 1552 794 autem
1565 767 1599 794 de
1613 767 1725 802 proprio

931 810 1002 837 Filio
1029 811 1096 838 dicit
1123 820 1129 837 :
1154 821 1162 836 ι
1182 812 1253 839 Ante
1280 812 1440 839 Luciferum
1459 813 1541 848 genui
1570 817 1615 844 te;
1643 817 1670 839 tu
1695 820 1726 839 es

931 856 1063 883 sacerdos
1084 857 1111 883 in
1127 862 1262 884 ceternum
1290 858 1444 885 secundum
1462 859 1588 885 ordinem
1611 858 1725 885 Melchi-

931 902 1024 935 sedec,
1047 912 1055 928 ι
1083 902 1110 929 id
1139 908 1193 935 est,
1215 903 1345 930 sacerdos
1372 905 1495 938 gentium
1515 913 1520 930 :
1541 904 1726 931 Melehisedec

930 949 1004 975 enim
1023 949 1117 977 vinum
1133 954 1159 975 et
1175 957 1274 983 panem
1301 950 1357 976 Deo
1372 950 1484 982 obtulit,
1503 950 1575 977 sicut
1597 955 1626 977 et.
1642 950 1724 976 Chri-

931 999 1001 1026 stus,
1016 994 1138 1029 pontifex
1154 1000 1264 1026 noster,
1289 995 1369 1022 nobis
1398 995 1558 1022 mandatum
1584 996 1671 1028 dedit,
1696 1001 1726 1022 ιιι

931 1041 982 1075 ipsi
1005 1041 1150 1068 incruenta
1172 1041 1310 1068 sacrificia
1329 1042 1490 1074 aderamus,
1508 1042 1662 1069 secundum
1677 1050 1725 1068 or-

930 1087 1023 1114 dinem
1041 1087 1236 1114 Melchisedec.
1261 1087 1329 1114 Audi
1347 1093 1375 1114 ct
1392 1087 1568 1115 Salomonem
1585 1089 1618 1115 de
1639 1097 1724 1123 gene-
1773 1083 1775 1091 λ

930 1134 1038 1160 ratione
1053 1133 1188 1168 unigeniti
1203 1133 1263 1160 Filii
1285 1134 1331 1160 Dei
1353 1138 1416 1161 ante
1435 1135 1533 1160 smcula
1555 1134 1694 1161 dicentem
1715 1143 1722 1161 :

933 1188 941 1204 ι
957 1179 1113 1214 Antequam
1125 1179 1224 1206 ﬁerent
1237 1184 1355 1206 montes.
1365 1183 1512 1214 antequam
1526 1180 1616 1206 fontes
1627 1179 1722 1214 prodi-

930 1231 1002 1258 rent,
1014 1230 1042 1252 et
1057 1229 1120 1252 ante
1132 1233 1230 1252 omnes
1245 1225 1330 1252 colles
1340 1225 1437 1260 genuit
1454 1233 1508 1253 me.
1523 1235 1532 1250 ι
1547 1226 1640 1253 Indica
1653 1233 1721 1260 ergo

931 1272 998 1299 mihi
1011 1279 1093 1306 quem
1109 1276 1172 1299 ante
1185 1279 1298 1299 omnem
1321 1276 1479 1299 creaturam
1495 1272 1623 1307 genuerit
1637 1273 1724 1299 Deus.

929 1318 998 1345 ltem
1008 1317 1106 1349 David,
1123 1317 1150 1344 in
1161 1317 1235 1344 libro
1248 1317 1432 1350 Psalmorum,
1445 1317 1551 1351 psalmo
1572 1325 1654 1348 xcvn,
1672 1317 1726 1343 imo

930 1372 1003 1396 uxt,
1028 1364 1131 1391 iterum
1154 1363 1242 1391 dicit:
1271 1373 1279 1389 ι
1300 1363 1385 1394 Deus,
1405 1363 1543 1398 judicium
1565 1367 1642 1390 tuutu
1668 1363 1726 1397 regi

929 1409 974 1442 da,
989 1409 1165 1444 etjustitiam
1188 1413 1265 1435 tuam
1292 1408 1348 1435 lilio
1372 1408 1444 1443 regis
1455 1407 1478 1424 “
1494 1416 1501 1440 ;
1519 1417 1527 1434 ›
1555 1415 1646 1442 neque
1668 1408 1727 1434 luce

929 1456 1006 1484 dicas
1035 1456 1069 1483 de
1089 1455 1236 1482 Salomone
1266 1455 1339 1481 dicta
1367 1461 1439 1486 esse,
1468 1453 1606 1488 siquidem
1633 1453 1728 1480 subdit

930 1502 1014 1537 paulo
1024 1506 1086 1537 post
1101 1509 1109 1526 :
1124 1511 1133 1526 ‹
1150 1501 1344 1528 Dominabitur
1361 1508 1377 1527 a
1392 1500 1462 1527 mari
1479 1507 1569 1534 usque
1584 1499 1617 1526 ad
1633 1507 1719 1530 mare.

929 1553 957 1575 et
970 1553 1114 1583 permanet
1127 1552 1191 1575 ante
1210 1547 1297 1574 solem
1311 1554 1412 1574 nomen
1427 1546 1498 1581 ejus,
1511 1550 1539 1573 et
1551 1551 1615 1573 ante
1630 1546 1724 1572 lunam

930 1594 958 1621 in
984 1594 1179 1629 generationes
1201 1593 1412 1628 generat-ianum
1427 1593 1460 1618 ³⁵.
1484 1592 1555 1619 Ecce
1579 1591 1725 1626 perspicue

930 1639 1119 1667 demonstravi
1134 1639 1194 1670 tibi,
1213 1646 1248 1666 ex
1268 1638 1382 1665 Davidis
1403 1636 1614 1672 Salomonisquc
1645 1636 1725 1663 testi-

929 1686 1033 1718 monio,
1050 1685 1149 1712 Filium
1166 1684 1214 1711 Dei
1232 1687 1296 1711 ante
1309 1691 1420 1710 omnem
1441 1687 1599 1710 creaturam
1616 1690 1630 1708 a
1642 1681 1726 1708 Patre

930 1732 1015 1760 fuisse
1028 1736 1202 1767 generatum,
1219 1738 1252 1758 eo
1268 1730 1351 1758 modo
1370 1737 1454 1765 quem
1471 1729 1528 1764 ipse
1547 1729 1623 1756 solus
1636 1728 1725 1755 novit.

966 1823 1073 1850 Rursus
1085 1823 1167 1850 aliam
1186 1830 1221 1856 qu
1232 1821 1369 1848 vstionem
1383 1821 1483 1848 solvite
1496 1819 1620 1850 mihiret
1633 1818 1726 1845 statim

930 1869 1034 1896 veritas
1051 1868 1194 1903 apparebit
1212 1876 1218 1894 :
1238 1868 1352 1895 Unctum
1366 1867 1457 1896 illum.
1479 1874 1493 1893 a
1527 1866 1607 1892 vobis
1631 1872 1729 1898 exspe-

930 1921 1046 1948 ctatum,
1066 1923 1148 1950 quem
1173 1914 1267 1941 dicitis
1281 1913 1362 1940 esse?
1376 1913 1510 1942 Deunme,
1529 1919 1562 1938 an
1585 1910 1725 1937 hominem

931 1966 1048 1993 tantum,
1072 1961 1145 1987 sicut
1164 1959 1217 1986 fuit
1236 1959 1295 1993 ipse
1314 1957 1411 1989 David,
1441 1956 1573 1983 etcmtcri
1599 1955 1727 1982 homines

930 2007 1087 2034 exsistunt?
1104 2004 1296 2039 Respondebit
1323 2011 1389 2030 sane
1412 2002 1524 2030 Judzcus
1547 2010 1553 2028 :
1579 2001 1724 2028 Hominem

930 2059 991 2079 esse
1013 2051 1091 2078 illum
1109 2050 1241 2080 dicimus.
1261 2057 1316 2076 non
1329 2049 1428 2081 Deum,
1444 2047 1492 2074 sed
1508 2047 1585 2082 quasi
1600 2054 1684 2074 unum
1710 2055 1725 2072 e

930 2105 1048 2124 numero
1056 2096 1255 2132 prophetarum
1269 2103 1276 2121 :
1291 2102 1346 2121 non
1357 2093 1483 2121 estenim
1496 2092 1549 2119 nisi
1560 2100 1632 2120 unus
1640 2093 1725 2123 Deus,

930 2148 959 2171 et
972 2143 1086 2171 minime
1101 2143 1166 2173 duo,
1175 2142 1248 2169 sicut
1259 2149 1308 2168 vos
1319 2139 1472 2168 Christiani
1485 2138 1588 2166 dicitis.
1601 2138 1635 2166 At
1648 2145 1726 2168 vero.

931 2189 1063 2225 quoniam
1081 2196 1181 2224 purum
1199 2188 1341 2215 hominem
1354 2194 1415 2214 esse
1433 2185 1537 2218 dicitis,
1560 2184 1607 2219 qui
1623 2188 1726 2211 ventu-

932 2244 980 2263 rus
994 2239 1047 2268 est,
1060 2234 1204 2262 Christum
1222 2239 1358 2264 vestrum,
1377 2231 1552 2259 conferamus
1565 2230 1592 2257 in
1604 2230 1726 2257 medium

69 2283 118 2309 τὸν
134 2281 289 2317 ἐρχόμενον
308 2280 442 2316 δηλονότι,
457 2280 505 2306 καὶ
519 2280 533 2305 6
547 2278 634 2306 ὲλθὼν
650 2278 698 2304 καὶ
716 2277 781 2312 παρ’
798 2277 877 2312 ἡμῶν

932 2281 1007 2309 dicta
1027 2280 1239 2316 prophetarum,
1259 2283 1287 2306 et
1312 2277 1449 2313 siquidem
1465 2278 1553 2304 Deum
1571 2284 1631 2303 esse
1657 2284 1726 2310 prae-

70 2328 127 2355 τῶν
143 2327 322 2362 Χριστιανῶν
345 2325 586 2362 προσκυνούμενος
599 2325 646 2352 καὶ
659 2323 857 2358 πιστευόμενος
867 2345 874 2356 ,

69 2374 157 2406 αὑτός
175 2374 252 2399 ἐστιν
267 2372 375 2407 ἀληθῶς
393 2371 480 2403 ὅντως
498 2372 512 2397 ὁ
528 2370 632 2407 ἀληθὴς
657 2370 790 2405 Χριστός·
809 2369 877 2396 ὃνδὲ

69 2418 226 2455 ἐκδέχεσθε
237 2418 316 2454 ὑμεῖς
327 2419 352 2445 οι
374 2417 510 2450 Ἰουδαῖοι,
529 2417 630 2448 πλάνος
650 2416 709 2442 ἐστὶ
725 2417 773 2442 καὶ
794 2415 879 2442 Ἀντί-

68 2473 202 2501 χριστος.
219 2465 251 2491 Et
265 2462 293 2491 δὲ
315 2464 397 2492 πάλιν
422 2464 460 2500 μὴ
484 2464 708 2499 παραστήσωμεν
727 2465 791 2495 τοὺς
809 2471 878 2498 προ-

69 2514 165 2548 φήτας
179 2512 314 2546 λέγοντας
328 2511 410 2538 αὐτὸν
433 2510 511 2543 Θεὸν,
537 2509 660 2546 δηλονότι
672 2511 755 2545 ἡμεῖς
769 2510 879 2537 πλανώ-

69 2560 158 2595 μεθα.
180 2558 308 2585 Ἰουδαῖοι
326 2558 355 2585 δὲ
367 2557 557 2594 ἀληθεύουσιν.
576 2556 680 2584 Εῑπατε
701 2556 766 2591 περὶ
781 2556 852 2587 τίνος
864 2555 879 2581 6

68 2605 226 2641 προφήτης
256 2604 347 2638 λέγει’
371 2614 380 2630 ι
412 2604 602 2639 Εὐλογημένος
631 2603 646 2629 6
675 2602 824 2638 ἐρχόμενος
850 2602 878 2627 ὲν

67 2652 194 2687 ὀνόματι
206 2651 321 2686 Κυρίου,
339 2651 406 2682 Θεὸς
423 2650 587 2685 Κύριοζ,καὶ
609 2649 749 2683 ὲπέφανεν
765 2649 842 2684 ἡμῖν.
865 2657 875 2673 ι

68 2697 236 2734 Προσέχετε
254 2698 323 2732 μετὰ
334 2697 492 2733 ἀκριϐείας·
510 2696 620 2728 πάντως
633 2696 700 2723 Θεὸν
717 2695 763 2722 καὶ
776 2695 878 2730 Κύριον

67 2745 150 2778 λέγει
162 2743 264 2770 εἰπών·
285 2753 294 2768 ‹
308 2743 375 2775 Θεὸς
387 2743 435 2770 καὶ
448 2742 757 2777 Κύριος,καίὲπέφανεν
776 2743 851 2778 ἡμῖν.
867 2752 875 2768 ι

68 2791 136 2820 Εῐτε
153 2789 208 2818 οὖν
239 2790 376 2824 ὲπέφανεν
402 2790 479 2825 ἡμῖν,
494 2789 550 2815 εἴτε
582 2786 750 2823 ἐπιφανῆναι
773 2788 879 2823 μέλλει,

66 2838 122 2865 οὐκ
135 2837 221 2864 ἔστιν
234 2836 248 2862 6
264 2835 381 2871 Χριστὸς
395 2834 472 2869 ὑμῶν
499 2834 554 2862 τῶν
574 2834 720 2866 Ἰουδαίων,
737 2835 796 2861 ἀλλ’
809 2834 879 2870 ἤμεε

107 2915 133 2932 ³³
151 2913 232 2942 Psal.
251 2920 304 2943 cui,
317 2913 344 2940 5.

929 2328 1060 2356 dicarunt
1071 2335 1135 2354 cum
1150 2325 1198 2361 qui
1213 2330 1349 2352 venturus
1361 2330 1431 2356 erat,
1445 2323 1570 2358 profecto
1580 2322 1628 2356 qui
1640 2321 1727 2354 venit,

929 2379 957 2402 et
974 2374 1086 2402 anobis
1111 2373 1282 2401 Christianis
1304 2371 1416 2402 colitur,
1441 2370 1543 2404 cuique
1574 2368 1726 2400 credimus,

929 2418 1052 2449 is'verus
1065 2420 1194 2448 Christus
1210 2423 1265 2452 est;
1285 2426 1368 2453 quem
1393 2425 1461 2444 vero
1477 2424 1536 2447 vos.
1562 2415 1650 2444 Judaei
1680 2423 1729 2441 ex-

931 2467 1064 2502 spectatis
1075 2466 1211 2501 impostor
1226 2470 1269 2493 est
1280 2469 1308 2492 et
1322 2463 1520 2495 antichristus;
1533 2463 1554 2489 si
1569 2467 1660 2488 autent
1675 2468 1730 2487 non

931 2511 1149 2547 produxerimus
1168 2511 1322 2546 prophetas
1337 2510 1424 2536 Deum
1452 2515 1513 2535 esse
1535 2507 1613 2534 illun-
1638 2507 1730 2534 decla—

932 2563 1038 2591 rantes,
1052 2559 1102 2594 ipsi
1130 2566 1268 2590 erramus,
1284 2557 1372 2585 Judaei
1390 2563 1457 2583 vero
1482 2563 1547 2582 Vera
1564 2555 1727 2588 loquuntur.

932 2604 1056 2632 lndicate
1076 2604 1161 2639 igitur
1176 2604 1256 2635 mihi,
1281 2603 1315 2630 de
1339 2610 1395 2637 quo
1425 2601 1568 2636 Propheta
1593 2598 1694 2626 dixerit
1721 2606 1728 2624 :
1750 2629 1753 2631 _

935 2660 944 2675 ι
961 2650 1132 2677 Benedictus
1142 2650 1189 2685 qui
1216 2649 1294 2676 venit
1320 2648 1348 2675 in
1373 2647 1487 2674 nomine
1515 2644 1641 2676 Domini;
1658 2643 1751 2670 Deus

932 2697 1114 2730 Dominus,et
1124 2695 1215 2724 illuxit
1229 2695 1311 2721 nobis
1324 2695 1358 2722 ³⁸.
1378 2703 1387 2719 ›
1405 2691 1546 2720 Attendite
1556 2691 1726 2725 diligenter;

935 2748 1029 2777 aperte
1052 2744 1140 2770 Deum
1152 2742 1230 2769 illum
1243 2745 1272 2768 et
1287 2739 1434 2768 Dominum
1460 2738 1594 2766 declarat.
1609 2735 1707 2761 dicens
1721 2741 1728 2758 :

939 2800 946 2815 ί
958 2790 1033 2817 Deus
1043 2794 1071 2818 et
1082 2789 1226 2820 Dominus,
1237 2793 1264 2815 et
1275 2786 1365 2814 illuxit
1374 2786 1466 2813 nobis.
1478 2794 1486 2810 ι
1505 2783 1568 2810 Sive
1588 2787 1654 2815 ergo
1667 2779 1730 2806 illu-

934 2834 1015 2867 xerit,
1024 2834 1049 2861 id
1056 2838 1108 2865 est,
1116 2833 1277 2868 apparuerit
1285 2831 1434 2865 nobis,sive
1442 2828 1619 2864 appariturus
1625 2825 1730 2858 sit,non

383 2913 405 2929 ³³
424 2912 494 2939 Psal.
512 2920 585 2945 tut,
603 2913 626 2940 l.
667 2913 689 2928 "
707 2912 776 2939 ibid.
794 2913 819 2944 3,
846 2912 871 2938 0.
913 2913 934 2927 ³’ί
951 2911 1022 2939 l‘sal.
1039 2919 1121 2942 cxvu,
1136 2911 1182 2937 26.
1204 2909 1250 2935 27,
