1976 3232
111 187 179 219 ιὲῧ

615 184 842 216 DISPUTATIO
861 185 1056 214 ADVERSUS
1075 185 1239 216 JUDEOS.

1668 183 1734 215 ιειῆ

109 244 177 278 μοὺς
197 242 302 277 ἔχουσι.
324 242 370 268 καὶ
385 241 435 268 οὒκ
451 240 578 275 δέονται·
594 241 706 276 καρδίας
723 241 827 275 ἔχουσι,
846 240 893 266 γαὶ

952 240 1099 273 Quomodo,
1112 241 1185 274 quod
1200 240 1376 274 impugnatis.
1395 240 1422 267 id
1437 240 1524 275 ipsum
1540 239 1691 274 requiritis.
1708 245 1736 266 et

107 289 138 314 οὗ
162 288 282 314 συνιᾶσι.
295 296 304 312 ι
328 286 389 317 [Ιῶς
406 286 476 321 ὅπερ
493 285 648 320 πολεμεῖτε,
673 285 753 311 τοῦτο
775 285 894 314 ποθεῖτε,

108 334 157 371 κα).
188 334 257 368 ὅπερ
289 331 479 367 βδελύσσεσθε,
505 331 585 358 τοῦτο
612 331 760 366 προθύμως
784 330 895 365 δέχεσθε

108 379 271 414 παραδόξως
285 378 448 413 νικώμενοις
468 377 522 404 Καὶ
539 378 563 404 εί
583 377 638 412 ἄρα
658 376 719 403 νοῦν
737 376 786 402 καὶ
799 377 896 410 φρόνη-

108 434 152 453 σιν
173 426 272 460 εἴχετε,
288 425 369 460 ἤρκει
394 424 460 458 ὑμῖν
480 423 528 450 καὶ
553 423 620 449 πᾶσι
647 422 727 449 τοῦτο
738 422 768 448 τὸ
782 423 896 456 σημεῖον

108 473 149 502 εἰς
166 471 196 497 τὸ
214 471 301 503 δεῖξαι
323 470 369 496 καὶ
393 470 486 495 πεῖσαι
508 468 592 503 ὑμᾶς,
610 468 651 494 ὅτι
675 469 692 503 ἡ
705 468 796 498 πίστις
816 467 863 493 καὶ
883 467 897 493 6

109 517 224 552 σταυρὸς
241 516 289 543 τοῦ
307 515 426 550 Χριστοῦ
441 515 483 546 εἰς
498 514 599 545 αἰῶνας
615 514 733 540 πάντοτε
747 513 894 548 βασιλεύει.

108 563 190 589 Πόσοι
209 562 259 597 τὴν
280 560 373 587 πίστιν
394 559 475 595 ἡμῶν
496 561 542 586 καὶ
558 559 609 594 τὴν
631 559 795 593 Ἐκκλησίαν
815 568 897 585 κατα,

106 607 189 634 λῦσαι
207 607 376 641 ἰδοκιμασαν
392 606 439 632 καὶ
455 605 505 631 οὐκ
522 605 642 640 ῐσχυσανς
656 603 726 630 Ἀλλ’
748 605 824 631 αὐτοὶ
847 605 896 639 μὲν

107 652 262 688 παρῆλθον,
283 652 298 678 6
321 651 349 678 δὲ
365 651 491 686 θεμέλιος
502 652 552 686 τῆς
577 650 742 685 Ἐχκλησίας
754 651 800 676 καὶ
815 651 831 685 ὴ
849 650 895 676 πί-

107 706 167 729 στις
186 698 296 724 ἵσταται
313 696 463 727 ἀσάλευτος
478 696 523 722 διὰ
538 695 656 730 Χριπὺν
671 695 717 722 τὸν
733 695 817 726 οὕτως
842 694 898 728 ὀρί-

108 752 204 776 σαντα,
225 743 266 769 ὅτι
285 752 294 768 ‹
306 741 393 768 Πύλαι
411 741 476 776 ᾅδου
490 741 522 767 οὺ
542 740 756 776 κατισχύσουσιν
772 740 866 775 αὑτήν.
884 750 894 766 ι

143 788 200 815 Ποῦ
224 789 309 814 ἐστιν
322 788 337 813 6
361 786 575 821 Διοκλητιανόςς
596 787 647 812 1:05
661 786 736 812 ἐστιν
753 787 766 812 6
781 786 894 820 Νέρων;

107 834 163 861 ποῦ
180 834 194 860 6
217 832 442 864 Οὐεσπασιανόςς
462 831 514 858 ποῦ
544 831 686 867 Ἠρώδης;
705 831 756 858 ποῦ
778 832 793 857 6
808 831 894 863 Μαξι-

108 879 217 914 μιανὺς.
245 878 294 904 καὶ
326 878 427 908 πάντες
452 878 477 904 οἱ
505 878 569 908 τοὺς
596 877 714 912 Χριστοῦ
753 877 897 912 μάρτυρας

950 284 1022 318 quod
1046 285 1261 317 abominamini,
1278 285 1304 312 id
1320 284 1409 319 ipsum
1426 284 1571 320 diligenter
1583 285 1734 319 suscipitis.

949 331 990 358 sie
1011 338 1026 357 a
1043 331 1122 358 vobis
1139 331 1207 365 ipsis
1224 331 1287 358 victi
1304 331 1487 357 mirabiliter?
1503 329 1573 357 Sane
1590 330 1641 357 nisi
1658 338 1736 357 mens

949 381 975 403 et
999 376 1180 411 intelligentia
1216 384 1264 404 vos
1293 376 1441 404 deiecisset
1455 397 1462 408 ,
1480 376 1557 403 voltis
1579 380 1607 402 et
1629 376 1737 403 caeteris

950 421 1079 447 munibus
1102 422 1170 448 satis
1190 426 1263 449 esset
1277 422 1330 449 hoc
1342 422 1449 456 signum
1462 441 1469 452 .
1488 426 1517 448 ιιι
1534 429 1693 456 persuasum
1709 426 1737 448 et

952 473 1121 502 compertum
1139 468 1280 495 haberetis
1292 489 1299 500 ,
1318 468 1398 495 iidem
1414 472 1441 494 et
1463 470 1573 495 cr‘ucem
1590 467 1692 494 Christi
1710 467 1736 494 in

950 514 1049 540 saecula
1072 513 1221 540 dominari.
1248 513 1320 546 Quot
1342 519 1369 541 et
1393 513 1487 548 quanti
1506 513 1586 539 iidem
1602 517 1630 539 et
1644 511 1739 539 l‘lccle—

949 558 1017 586 siam
1038 563 1161 586 nostram
1188 558 1338 586 dissolvere
1368 563 1534 593 sperarunt,
1552 563 1579 585 et
1604 566 1659 584 non
1687 565 1737 592 po-

950 609 1029 632 tuere
1041 605 1052 632 ἲ
1066 605 1123 632 into
1142 605 1193 639 ipsi
1209 605 1395 636 transierunt,
1413 609 1441 631 at
1458 603 1668 632 fundamentum
1686 604 1737 631 Ee-

949 650 1040 677 elesite
1053 669 1060 681 .
1085 657 1146 684 quae
1172 655 1215 677 est
1238 649 1306 677 rides
1319 670 1325 682 ,
1341 649 1534 677 inconcussum
1551 655 1663 681 manet,
1689 657 1738 684 per

949 696 1089 724 Christum
1102 716 1109 728 .
1137 696 1184 732 qui
1210 697 1249 724 sic
1272 697 1394 724 decrevit
1408 717 1425 731 ,_
1442 707 1449 722 ι
1470 697 1558 724 Porus
1572 716 1578 728 ,
1594 696 1736 731 inquiens.

950 743 1031 770 inferi
1051 750 1106 770 non
1125 743 1312 777 praevalebunt
1324 743 1456 770 adversus
1471 750 1530 769 eam
1546 743 1580 768 ".
1596 752 1604 767 ι

985 789 1035 816 Ubi
1056 793 1098 816 est
1120 789 1326 816 Diocletianus?
1344 789 1390 816 ubi
1412 788 1506 816 Nero?
1526 788 1572 815 ubi
1596 787 1738 822 Vespasia-

951 833 1019 860 nus?
1033 833 1079 860 ubi
1092 833 1233 860 licrodcs'!
1248 833 1294 859 ubi
1317 833 1508 865 Maximianus,
1532 837 1559 860 et
1579 840 1675 859 omnes
1690 832 1737 866 qui

950 883 1085 913 martyres
1099 877 1211 912 quidem
1227 877 1329 904 Christi
1345 877 1517 907 occiderunt,
1542 877 1622 904 fidem
1645 881 1737 903 autem

79 938 84 939 ν
106 923 332 955 ἀποκτείναντες,
349 923 399 959 τὴν
423 923 451 950 δὲ
469 923 561 949 πίστιν
574 922 655 958 ἡμῶν
681 922 718 958 μὴ
743 922 898 954 παύσαντες

952 928 1073 950 nostrum
1095 923 1272 955 exstinguere
1296 923 1338 949 vel
1362 923 1547 950 intercludere.
1565 931 1619 949 non
1642 926 1739 957 potue-

108 970 179 1005 μηδὲ
204 969 381 1002 κλείσαντεςς
408 968 490 995 Αὐτοὶ
517 968 546 995 δὲ
568 968 708 995 ἀπώλοντο
733 970 778 995 καὶ
803 969 891 995 διελύ-

107 1015 205 1049 θησαν.
223 1015 253 1041 ⁴0
272 1014 301 1041 δὲ
323 1014 441 1048 Χριστὸς
462 1014 514 1040 οὐχ
523 1013 658 1048 ἐψεύσατο
669 1014 735 1049 ήμῑν
745 1013 840 1046 είπὼν,
856 1015 896 1040 ὃτι

109 1072 119 1086 ε
136 1061 249 1088 Ἐσεσθε
262 1061 422 1096 μισούμενοι
434 1060 487 1086 ὖπδ
499 1060 609 1087 πάντων
619 1060 664 1087 διὰ
672 1061 703 1086 τὸ
713 1060 798 1095 ὄνομα
812 1069 874 1095 μου.
887 1070 896 1086 ›

107 1107 165 1133 Καὶ
182 1107 272 1138 πάλιν,
290 1106 331 1132 ὃτι
344 1115 353 1132 ι
374 1106 435 1132 Ἐπὶ
449 1105 567 1140 βασιλεῖς
581 1106 628 1132 καὶ
637 1106 773 1140 ἡγεμόνας
785 1106 901 1141 ἀχθήσε-

106 1152 157 1178 σθε
180 1151 273 1178 ἕνεκεν
298 1151 377 1186 ἐμοῦ.
392 1160 402 1176 ι
420 1151 469 1177 Ἐν
490 1149 538 1177 οὖν
564 1151 740 1183 ἐπιλέξασθε·
759 1151 776 1186 ἢ
796 1152 900 1186 μισεῖτε

108 1198 199 1232 ἡμᾶς.
218 1197 304 1227 ὅντως
318 1196 457 1223 δεικνύετε
475 1197 592 1232 Χριστὸν
607 1196 775 1231 ἀληθεύοντα
789 1197 901 1223 εἰπόντα

106 1244 188 1278 ἡμῖν,
205 1243 246 1269 ὃτι
263 1250 273 1267 ί
287 1241 403 1268 Ἐσεσθε
427 1241 589 1277 μισούμενοι
612 1242 666 1268 ὑπὸ
687 1242 796 1268 πάντων
814 1241 859 1268 διὰ
871 1241 902 1268 τδ

105 1286 197 1322 ὄνομά
210 1295 273 1321 μου.
288 1295 298 1311 ι
314 1286 352 1312 οὐ
366 1286 445 1321 μόνον
458 1286 487 1313 δὲ
498 1284 670 1318 τοῦτο,’ἁλλὰ
680 1287 728 1313 καὶ
735 1287 802 1314 ἄλλα
816 1286 902 1314 πολλὰ

106 1330 200 1365 εἶπεν,
220 1333 300 1359 ἅτινα
315 1332 375 1359 καθ’
389 1332 497 1368 ἡμέραν
519 1332 678 1367 θεωροῦμεν
692 1333 834 1367 γινόμενα,
849 1334 899 1360 καὶ

105 1377 157 1404 ἐπὶ
171 1377 265 1403 πλεῖον
281 1377 364 1404 αὑτὸν
379 1377 418 1408 ὼς
439 1377 505 1403 Θεὸν
520 1377 740 1412 προσκυνοῦμεν.
759 1376 838 1411 Eia-:2,
853 1387 901 1414 κη-

108 1422 279 1458 ρυχθήσεται
292 1422 324 1449 τὸ
340 1422 508 1456 Εὑαγγέλιον
524 1423 608 1449 αὐτοῦ
624 1423 654 1449 ἐν
670 1423 723 1458 ὅλῳ
739 1423 778 1459 τῷ
794 1424 899 1459 κόσμῳ·

109 1466 207 1495 εἶπεν·
225 1468 262 1495 Οὐ
286 1469 323 1503 μὴ
349 1468 428 1504 μείνῃ
450 1467 523 1499 λίθος
547 1469 594 1494 ἰπὶ
617 1468 691 1495 λίθον
706 1469 747 1500 εἰς
771 1469 816 1495 τὸν
838 1470 902 1495 ναδν

108 1514 190 1547 ὐμῶν
201 1521 208 1529 ·
228 1511 317 1546 εἶπεν,
338 1513 379 1540 ὅτι
395 1523 404 1539 ι
428 1513 457 1540 '0
473 1513 510 1548 μὴ
526 1513 618 1548 ἀφιεὶς
638 1513 745 1549 πατέρα
762 1515 807 1541 καὶ
822 1514 901 1541 ἀδελ-

109 1561 180 1594 φοὺς
196 1560 243 1586 καὶ
263 1559 390 1593 ἀδελφὰς,
416 1559 447 1586 οὐ
465 1558 578 1586 δύναται
601 1559 786 1595 ἀκολουθῆσαί
813 1568 868 1594 μοι.
888 1569 897 1586 ι

108 1604 198 1632 Εἶπεν
208 1606 274 1640 ἡμῖν
286 1606 350 1639 περὶ
366 1604 553 1640 ἐλεημοσύνη(
563 1606 691 1640 κρυπτῶς
702 1606 785 1641 αὐτὴν
801 1609 898 1634 ποιεῖν·

107 1649 190 1677 εἶπεν
203 1652 272 1686 ἡμῖν
283 1659 290 1667 ι
307 1659 317 1675 ι
334 1650 502 1682 Βαπτίξεσθε
515 1653 555 1682 εἰς
568 1651 599 1677 1:6
615 1651 700 1686 ὄνομα
718 1652 764 1678 τοῦ
781 1653 898 1688 Πατρὸς,

109 1696 160 1722 καὶ
178 1694 228 1721 τοῦ
257 1695 334 1727 Υίοῦ,
347 1696 394 1722 καὶ
415 1695 464 1722 τοῦ
484 1696 563 1730 ἁγίου
584 1696 758 1732 Πνεύματος.
779 1707 787 1724 ι
816 1697 900 1725 Εἶπεν

108 1743 179 1776 ἡμῖν
193 1749 200 1755 ·
222 1750 232 1767 ι
242 1740 310 1768 Μεθ’
325 1741 403 1776 ὑμῶν
422 1742 479 1776 εἰμι
497 1743 587 1774 πάσας
602 1743 650 1774 τὰς
667 1744 773 1778 ἡμέρας
786 1745 837 1776 ἕως
850 1745 900 1780 τῆς

109 1785 271 1816 συντελείας
286 1784 334 1811 ¹τοῦ
350 1785 458 1817 αἰῶνος.
472 1795 482 1811 ι
498 1786 546 1818 Τίς
560 1786 608 1813 οῦν
622 1787 697 1814 ἐστιν
720 1788 734 1813 6
752 1788 900 1824 δυνάμενος

108 1831 224 1866 ιλέγξαι
234 1831 325 1863 αὑτὸν,
337 1831 378 1858 ὅτι
389 1831 524 1866 ἐψεύσατο
534 1833 622 1859 ταῦτα
647 1834 760 1861 εἰπόντα
774 1835 819 1861 τὸν
835 1835 901 1870 Χρι-

109 1877 192 1909 στόν;
214 1877 308 1908 οὐδεὶς
335 1878 461 1910 πάντως·
484 1878 554 1905 ἀλλὰ
578 1879 668 1906 πάντα
687 1880 842 1914 γεγόνασιν,
863 1881 901 1912 ὡς

109 1923 294 1958 προείπομεν,
310 1923 356 1950 καὶ
379 1923 510 1957 γίνονται.
529 1922 604 1959 Ἀρι
629 1924 679 1952 οὐκ
698 1925 796 1952 ἔπεσεν
809 1927 824 1953 6
838 1926 900 1957 ναὸς

109 1968 192 2004 ὑμῶν
215 1968 262 1995 καὶ
288 1968 373 2002 tuan;
387 1966 442 2002 ἄρα
458 1969 508 1995 οὐκ
530 1969 670 2006 ἐκηρύχθη
685 1971 715 1997 τὸ
736 1971 901 2005 Εὐαγγέλιον

108 2014 197 2042 αὑτοῦ
217 2015 247 2040 ὲν
261 2014 316 2049 ὅλῳ
330 2014 369 2050 τῷ
381 2015 475 2049 κόσμῳ
488 2023 496 2047 ;
512 2012 566 2050 ἄρα
579 2016 609 2041 οὗ
631 2016 785 2051 μισούμεθα
798 2018 822 2043 οἱ
837 2017 902 2052 Χρι-

110 2060 218 2087 στιανοὶ
238 2060 289 2086 ὑπὸ
304 2061 416 2086 πάντων
432 2060 486 2087 τῶν
501 2060 586 2087 ἐθνῶν
599 2061 644 2087 διὰ
659 2061 688 2087 τὸ
705 2062 790 2096 δνομα
801 2062 899 2095 αὐτοῦς

109 2104 167 2141 ἄρα
183 2105 214 2132 ού
239 2105 396 2140 θεωροῦμεν
426 2106 539 2140 μυρῖους
562 2106 690 2140 ἀφιέντας
710 2108 840 2143 πατέρας,
854 2109 901 2134 καὶ

111 2151 247 2187 μητέρας,
259 2153 305 2178 καὶ
319 2151 530 2183 ἀκολουθοῦντα,
542 2151 580 2186 τῷ
593 2153 720 2189 Χριστῷ;
730 2150 786 2188 ἄρα
802 2154 831 2180 οὐ
843 2153 902 2188 βλέ-

110 2206 201 2231 πομεν
227 2197 243 2232 ἢ
265 2197 296 2224 οὺ
310 2197 425 2232 νοοῦμεν
439 2198 481 2225 ὅτι
502 2197 561 2233 μεθ’
573 2199 652 2233 ἡμῶν
667 2200 740 2226 ἐστιν
754 2200 767 2226 6
782 2200 899 2236 Χριστὸς

951 969 1034 996 runt?
1046 969 1101 1003 ipsi
1119 969 1261 1003 perierunt
1272 973 1299 995 et
1313 968 1439 995 dissoluti
1451 973 1524 999 sunt,
1540 976 1659 1002 veraque
1670 976 1735 1002 pne

950 1013 1090 1040 nuntiavit
1115 1013 1262 1045 Christus,
1284 1013 1366 1040 nobis
1390 1013 1506 1040 dicens:
1531 1023 1539 1038 ι
1564 1013 1634 1040 Odio
1659 1014 1738 1041 eritis

950 1059 1081 1086 omnibus
1105 1064 1218 1094 propter
1243 1067 1344 1086 nomen
1372 1067 1462 1086 meum
1478 1059 1520 1091 "’;
1540 1069 1549 1085 ›
1567 1064 1595 1086 et
1614 1059 1712 1086 iterum
1729 1068 1736 1086 :

955 1114 964 1130 ι
975 1105 1016 1131 Ad
1029 1113 1105 1139 reges
1119 1109 1147 1132 et
1158 1105 1191 1131 ad
1208 1105 1488 1140 prmsidesducemini
1504 1109 1617 1140 propter
1632 1113 1674 1132 me
1685 1105 1734 1131 ⁵⁸..

951 1151 1009 1178 Hoc
1030 1152 1114 1186 igitur
1132 1151 1222 1178 solum
1247 1154 1384 1185 superest,
1401 1150 1474 1185 quod
1499 1151 1665 1178 concludere
1686 1150 1736 1178 de-

952 1196 1041 1224 beatis
1058 1205 1065 1222 :
1081 1196 1146 1224 odio
1161 1204 1260 1231 nempe
1275 1201 1367 1224 vestro
1386 1197 1531 1223 adversum
1548 1204 1609 1229 nos,
1631 1197 1738 1232 perspi-

952 1249 1004 1269 cue
1018 1242 1214 1270 demonstratis
1234 1250 1299 1269 vera
1318 1242 1497 1277 prophetasse
1507 1242 1659 1273 Christum.
1672 1242 1738 1269 dum

952 1288 1079 1316 diceret:
1112 1297 1121 1313 α
1144 1287 1214 1315 0dio
1240 1287 1319 1314 eritis
1347 1287 1475 1314 omnibus
1501 1292 1614 1322 propter
1638 1295 1739 1314 nomen

953 1341 1055 1360 meum.
1070 1343 1079 1358 ι
1102 1333 1198 1368 Neque
1214 1332 1280 1360 illud
1296 1337 1413 1365 tantum.
1433 1333 1480 1360 sed
1499 1333 1585 1360 multa
1605 1333 1658 1360 alia
1671 1341 1740 1368 prae-

952 1378 1033 1411 dixit,
1046 1386 1107 1413 qum
1120 1377 1245 1412 quotidie
1260 1377 1294 1405 ad
1308 1378 1437 1405 enectum
1453 1378 1585 1412 perducta
1602 1378 1738 1413 conspici-

952 1433 1025 1457 mus,
1049 1424 1122 1451 unde
1145 1424 1231 1458 magis
1257 1423 1286 1450 in
1313 1423 1409 1458 ipsius,
1435 1427 1465 1450 ut
1493 1423 1553 1456 Dei,
1579 1424 1739 1451 adoratioue

952 1470 1159 1497 conﬁrmantur.
1177 1469 1249 1496 Dixit
1265 1469 1339 1496 enim
1368 1468 1546 1503 prmdicatum
1562 1469 1594 1496 iri
1619 1470 1740 1504 Evange-

953 1515 1020 1542 lium
1036 1523 1117 1542 suum
1140 1515 1167 1541 in
1189 1515 1319 1541 universo
1337 1514 1458 1546 mundo;
1472 1514 1676 1548 prtedixittnon
1694 1523 1739 1542 re-

953 1568 1114 1588 mansurum
1130 1559 1249 1595 lapidem
1262 1567 1347 1594 super
1355 1559 1473 1594 lapidem
1485 1560 1511 1586 in
1523 1560 1625 1594 templo
1636 1564 1736 1593 vestro,
1746 1571 1754 1587 I

951 1606 1039 1633 dixit:
1059 1615 1068 1631 ‹
1087 1605 1137 1638 Qui
1154 1613 1208 1632 non
1227 1604 1360 1639 relinquit
1371 1609 1477 1639 patrem
1489 1608 1517 1631 et
1533 1604 1633 1632 fratres
1649 1610 1678 1632 et
1692 1613 1737 1632 so-

952 1659 1040 1684 rores,
1056 1660 1110 1678 non
1124 1655 1215 1686 potest
1237 1650 1333 1678 venire
1350 1655 1413 1685 post
1433 1658 1476 1677 me
1489 1650 1526 1682 ";
1545 1659 1555 1676 ι
1570 1650 1604 1677 de
1621 1650 1739 1678 elcemo-

952 1704 1018 1732 syna
1044 1697 1176 1731 pracepit
1198 1695 1289 1727 nobis,
1314 1699 1345 1722 ut
1367 1695 1486 1722 latenter
1505 1702 1565 1722 eam
1582 1694 1737 1728 faciamus;

951 1743 1022 1769 dixit
1037 1742 1135 1769 nobis:
1152 1751 1161 1766 α
1180 1741 1358 1776 Baptizamini
1375 1741 1401 1768 in
1414 1741 1524 1768 neruine
1538 1740 1628 1768 Patris
1639 1745 1665 1768 et
1677 1741 1738 1768 Filii

951 1790 979 1813 et
992 1785 1113 1820 Spiritus
1128 1785 1233 1818 sancti;
1251 1795 1260 1811 ι
1278 1790 1307 1812 et
1323 1785 1422 1812 iterum
1437 1794 1443 1812 τ
1459 1795 1468 1811 ι
1484 1785 1555 1813 Ecce
1577 1793 1628 1820 ego
1645 1786 1738 1812 vobis-

951 1838 1014 1858 cum
1037 1839 1098 1858 sum
1125 1831 1258 1865 usquead
1273 1831 1540 1858 consummationem
1563 1831 1699 1858 sweuii“.
1726 1841 1735 1856 ι

951 1877 1054 1911 Ecquis
1079 1877 1162 1912 igitur
1179 1877 1320 1904 Christum
1343 1877 1431 1912 possit
1457 1877 1593 1904 mendacii
1623 1884 1739 1912 arguere

951 1921 1026 1949 circa
1041 1922 1090 1949 has
1100 1929 1196 1948 omnes
1210 1922 1424 1956 praedictiones?
1438 1922 1524 1949 Nemo
1537 1929 1602 1949 sane
1615 1930 1622 1954 ;
1637 1922 1696 1952 sed.
1709 1927 1739 1948 ut

949 1968 1004 2002 jam
1021 1967 1151 1999 diximus,
1164 1967 1256 1993 omnia
1269 1967 1303 1993 ad
1324 1966 1453 1994 eiiectum
1472 1967 1605 2001 perducta
1620 1972 1696 2000 sunt,
1711 1974 1738 1995 et

952 2013 1151 2047 perducuntur.
1165 2012 1263 2040 Nonne
1276 2013 1408 2047 templum
1422 2018 1545 2040 vestrum
1560 2013 1684 2040 dirutum
1696 2020 1739 2041 est

950 2063 980 2085 et
996 2058 1189 2085 combustum?
1203 2058 1300 2085 Nonne
1313 2058 1490 2092 pnedicatum
1502 2063 1545 2086 est
1562 2059 1739 2094 Erangelium

952 2105 1013 2140 ejus
1041 2104 1068 2131 in
1098 2105 1228 2131 universo
1254 2103 1377 2131 mundo?
1398 2104 1494 2132 Nonne.
1519 2104 1584 2131 odio
1604 2105 1739 2146 habemur

952 2158 1003 2178 nos
1014 2150 1164 2177 Christiani
1177 2149 1212 2177 ab
1223 2149 1352 2177 omnibus
1367 2150 1496 2185 gentibus
1508 2155 1621 2185 propter
1637 2159 1738 2180 nomen

952 2198 1030 2232 ejus?
1049 2197 1144 2225 Nonne
1160 2197 1286 2224 videmus
1308 2197 1524 2225 innumerabiles
1538 2218 1545 2229 .
1564 2198 1690 2233 patribus
1711 2205 1740 2226 ct

109 2242 204 2272 πάσας
217 2241 265 2273 τὰς
275 2241 379 2276 ἡμέρας
390 2241 498 2276 ἓωςτῆς
508 2242 666 2274 συντελείας
676 2242 723 2269 τοῦ
739 2243 847 2276 αἰῶνος,
866 2244 899 2278 μὴ

955 2243 1091 2271 matribus
1104 2243 1219 2274 relictis.
1232 2243 1308 2270 illum
1323 2243 1493 2278 sequentes?
1511 2243 1608 2271 Nonne
1631 2246 1723 2280 perspi
1733 2259 1739 2265 ~

110 2285 266 2321 συγχωρῶν
281 2286 490 2321 ηταργηθῆναι
503 2286 552 2322 τὴν
563 2287 655 2314 πίστιν
677 2288 772 2322 ἡμῶνς
794 2289 841 2320 Τίς
856 2288 902 2315 οῦν

109 2332 222 2367 βλέπων
235 2331 270 2358 τὰ
281 2332 394 2358 τοιαῦτα
405 2333 452 2359 καὶ
463 2332 497 2360 τὰ
508 2333 628 2360 τοσαῦτα
638 2333 721 2360 αὑτοῦ
733 2334 842 2369 ῥήματα
855 2335 903 2360 καὶ

110 2377 277 2412 πράγματα,
293 2376 366 2412 ἅπερ
380 2376 434 2412 πρὸ
449 2377 554 2411 χρόνων
574 2377 743 2405 ὀκτακοσίων
757 2379 774 2414 ἢ
790 2379 837 2406 καὶ
851 2379 902 2405 t1:-

110 2423 207 2448 έκεινα
219 2422 361 2456 προεῖπεν,
375 2421 498 2456 σήμερον
513 2422 562 2449 καὶ
575 2422 637 2449 καθ’
650 2423 757 2458 ἡμέραν
772 2423 903 2457 γινόμενα

109 2467 159 2494 καὶ
179 2466 334 2501 λάμποντα,
348 2466 459 2493 δύναται
469 2466 623 2502 ἀπιστῆσαι
638 2468 654 2503 ἢ
675 2468 903 2503 σκανδαλισθῆναι

110 2513 151 2544 εις
168 2511 271 2544 αὐτόνς
289 2511 326 2547 μὴ
345 2511 461 2545 γένοιτο.
480 2511 564 2538 Ὥστε
587 2513 627 2548 τῷ
642 2513 798 2548 βουλομένῳ
812 2514 903 2541 ιντεῦ-

111 2559 160 2584 θεν
175 2556 234 2583 ἔστι
250 2557 359 2591 μαθεῖν,
374 2557 416 2584 ὅτι
430 2558 482 2593 οὐχ
497 2557 615 2593 ὑπάρχει
640 2559 723 2594 ἑτέρα
750 2560 841 2589 πίστις
861 2560 905 2585 εὑ-

112 2602 266 2637 σεὸεστέρα
282 2602 328 2628 ἐπὶ
348 2603 397 2637 τῆς
413 2603 476 2638 γῆς,
491 2603 578 2638 ἀλλ’ἢ
596 2604 664 2639 μόνη
689 2605 706 2639 ὴ
721 2604 762 2636 είς
778 2605 904 2639 Χριστόν.

110 2647 194 2682 Αὐτῷ
207 2647 224 2683 ἡ
237 2646 300 2678 δόξα
318 2647 364 2673 καὶ
378 2646 408 2674 τὸ
423 2648 533 2682 κράτος.
556 2648 652 2682 Ἀμήν.

953 2289 1043 2316 cimus
1059 2294 1107 2316 aut
1120 2289 1310 2324 intelligimus,
1324 2289 1398 2324 quod
1418 2288 1546 2317 Christus
1572 2297 1636 2317 cum
1659 2290 1740 2318 nubis

953 2335 990 2362 sit
1003 2342 1089 2370 usque
1104 2335 1417 2362 ad.consummationem
1432 2335 1537 2368 saeculi,
1555 2343 1609 2363 non
1623 2336 1740 2371 permit-

953 2384 1015 2407 tens
1029 2380 1109 2407 iidem
1125 2384 1247 2407 nostram
1263 2381 1414 2408 evacuari?
1431 2379 1499 2414 Quis
1520 2385 1563 2408 est
1577 2375 1665 2416 igitur
1680 2382 1739 2417 qui,

956 2423 1019 2449 talia
1040 2428 1067 2450 et
1092 2427 1167 2450 tanta
1190 2430 1306 2450 cernens
1322 2423 1356 2450 ab
1374 2423 1420 2450 illo
1432 2428 1496 2451 ante
1508 2424 1682 2459 octingentos
1698 2426 1740 2452 vel

956 2469 1050 2503 plures
1064 2476 1152 2499 annos
1163 2468 1292 2503 prtedicta
1309 2469 1352 2496 vel
1365 2474 1511 2504 praecepta,
1527 2469 1650 2504 quotidie
1667 2478 1742 2500 nunc

956 2514 991 2542 ad
1013 2515 1142 2542 ciiectum
1167 2522 1229 2542 cum
1260 2519 1336 2542 tanto
1358 2515 1505 2550 splendore
1529 2515 1672 2551 perducta,
1687 2523 1741 2543 non

956 2558 1060 2588 credat.
1070 2562 1118 2585 aut
1130 2558 1333 2586 scandalizetur
1347 2559 1374 2586 in
1388 2559 1471 2586 eum?
1482 2559 1561 2587 Absit
1569 2563 1598 2586 ut
1609 2560 1670 2587 talis
1680 2559 1743 2594 quis

955 2597 1093 2630 exsistat!
1112 2603 1150 2630 Ex
1179 2603 1222 2630 his
1241 2603 1323 2638 igitur
1348 2603 1446 2638 cuique
1461 2604 1565 2632 volenti
1585 2605 1742 2640 perspicere

956 2649 1031 2680 licet,
1052 2648 1156 2675 nullam
1169 2649 1303 2676 exsistere
1315 2656 1399 2683 super
1412 2653 1526 2682 terram,
1542 2649 1742 2685 religiosiorem

957 2693 1050 2724 iidem,
1064 2697 1164 2727 praeter
1175 2693 1260 2720 solam
1281 2693 1362 2720 Iidem
1378 2694 1405 2720 in
1419 2693 1571 2721 Christum.
1589 2693 1644 2728 ipsi
1656 2692 1742 2728 gloria

955 2743 984 2765 et
1005 2743 1135 2773 potestas.
1152 2738 1250 2766 Amen.
1340 2735 1343 2738 ⁴

153 2816 177 2835 ⁸⁸
196 2818 293 2845 Matth.
309 2819 422 2851 “1,18.
461 2820 482 2836 ³⁷
501 2818 595 2846 Matth.
611 2825 637 2850 ι,
655 2817 700 2844 22.
741 2816 763 2832 ⁸⁸
779 2815 848 2843 ibid.
861 2815 899 2842 18,

956 2817 964 2846 ξ
983 2816 1078 2844 Matth.
1092 2825 1117 2849 ι,
1133 2818 1176 2846 57.
1217 2819 1240 2836 ⁶⁰
1255 2819 1352 2848 Matth.
1370 2829 1462 2852 xxviii,
1483 2821 1524 2853 i9,
1538 2819 1583 2846 20.

277 2919 410 2951 Ριτιιοι.
433 2921 490 2950 Gn.
515 2920 681 2952 LXXXIX,

1500 2915 1542 2947 89
