1976 3262
111 262 175 294 1233

619 257 846 289 DISPUTATIO
866 258 1062 289 ADVERSUS
1079 258 1242 289 JUDAEOS.

1634 246 1637 249 '
1663 255 1730 286 test

107 327 152 345 και
162 315 216 343 εἶδε
228 316 391 351 διαφθοράν
401 314 481 347 αὐτὸς
494 315 547 351 γὰρ
558 316 572 342 ό
583 315 649 347 Θεὸς
661 315 710 351 τὴν
724 315 897 351 ἀνθρωπίνην

959 324 1006 343 ἰιιιι
1030 321 1177 343 humanam
1199 323 1280 350 quam
1309 315 1422 348 stistipsit
1444 311 1598 340 suscitavit.
1623 313 1730 340 Etalilsi

107 362 198 397 φύσιν,
206 362 239 398 ἢν
246 361 534 396 άνέλαϐεν,ἀνέστησε.
544 361 597 387 Καὶ
603 359 720 395 ἀλλαχοῦ
730 362 892 395 γέγραπται·

112 417 121 434 ι
138 409 193 434 Καὶ
207 407 284 434 ἔσται
300 407 316 442 ὴ
331 406 485 438 ἀνάπαυσις
503 404 584 432 αὑτοῦ
607 406 686 440 τιμή·
701 415 710 431 ι
727 405 865 432 τουτέστιν
879 406 895 440 ἡ

109 453 157 488 μὲν
173 452 337 483 ἀνάπαυσις,
357 451 429 486 ταφή
443 459 451 466 ·
467 452 484 485 ἡ
498 451 526 477 δὲ
537 452 615 486 τιμὴ,
633 451 791 482 ἀνάστασις.

142 498 242 526 Λοιπὸν
256 498 297 529 τίς
312 497 400 524 ταῦτα
423 496 530 523 ἀκούων
545 497 577 523 ὲκ
601 497 656 522 τῶν
671 496 820 532 προφητῶν
833 496 897 530 περὶ

108 543 155 571 τοῦ
174 543 304 578 Χριστοῦ,
320 542 369 578 οὐχ
383 541 510 577 ὁμολογεῖ
523 542 604 568 αὑτὸν
620 541 686 568 Θεὸν
708 542 835 577 ἀληθινὸν
852 543 895 568 διὰ

107 591 155 626 τὴν
171 590 219 616 τοῦ
241 590 345 624 κόσμου
366 589 503 624 σωτηρίαν
520 589 788 624 ἑνανθρωπήσαντα,
801 589 898 615 ετδωλά

108 645 136 663 τε
153 637 376 671 καταργήσαντα,
391 635 487 667 θυσίας
501 635 640 669 δαιμόνων
651 635 896 670 καταστρέψαντα;

110 682 164 708 Ποῦ
193 682 264 708 εἰσιν
289 682 316 708 αἱ
341 681 431 707 θυσίαι
456 680 615 715 Αἱγύπτου;
640 680 692 706 ποῦ
712 681 740 707 αἱ
773 682 897 715 μαντεῖαι

109 728 247 761 Μέμφεως
260 735 267 759 ;
281 725 333 753 ποῦ
351 726 501 761 Σεσήνυτος
513 726 529 760 ἡ
553 725 599 752 τὸν
613 725 724 760 Σίμωνα
741 725 875 760 σεϐομένη
890 734 897 757 ;

109 772 160 798 ποῦ
176 772 307 806 Νοῦφιςὴ
325 771 371 797 τδν
386 769 456 797 οἶνον
473 770 664 806 προσκυνοῦσα
679 779 686 803 ;
707 770 758 797 ποῦ
776 772 829 797 εἰσι
850 771 898 806 σή-

111 826 193 852 μερον
209 818 234 843 οἱ
250 817 296 843 τὺν
317 816 393 851 ἥλιον
409 816 569 851 σεϐόμενοι;
592 816 643 842 ποῦ
663 816 714 848 τῆς
740 816 898 851 ’Λρτέμιόος

108 864 121 888 ὁ
136 863 200 893 ναός
217 870 224 894 ;
241 862 292 888 ποῦ
308 862 355 888 τοῦ
379 862 443 888 ναοῦ
462 861 582 893 Κυζίκου
605 862 633 888 αί
656 863 780 896 μαντεῖαι
803 862 899 888 ’Λπόλ-

109 907 193 937 λωνος
207 907 256 934 καὶ
269 907 378 934 πάντων
396 906 450 933 τῶν
465 907 600 941 δαιμόνων
613 916 620 940 ;
641 907 694 932 Τοῦ
710 907 764 942 γὰρ
780 907 899 942 Χριστοῦ

109 954 241 986 φανέντος
265 954 312 979 καὶ
339 953 458 987 σταυροῦ
483 954 616 986 παγέντος
629 974 636 985 ,
653 954 667 979 6
681 953 748 984 Θεὸς
760 951 899 987 πανταχοῦ

947 361 1079 396 scriptum
1095 366 1137 388 est
1151 370 1157 388 ε
1179 370 1188 387 ι
1202 361 1236 388 Et
1249 360 1300 388 erit
1319 359 1427 393 requies
1440 360 1500 394 ejus
1517 359 1601 394 gloria
1612 359 1634 374 ⁸⁸
1645 379 1651 390 ,
1669 369 1676 384 ι
1704 359 1731 385 id

946 408 1121 442 est,requies
1145 407 1312 442 sepulcrum,
1336 407 1420 442 gloria
1439 411 1530 433 autem
1554 405 1733 432 resurrectio-

946 460 1009 480 nem
1027 452 1127 481 iudicat

982 498 1048 531 Quis
1074 499 1183 526 demum
1199 499 1256 526 haec
1271 499 1384 526 audiens
1398 507 1413 525 a
1437 497 1577 533 prophetis
1599 497 1632 524 de
1654 497 1735 524 Chi-i-

948 548 991 570 sto
1005 544 1088 575 dicta,
1109 553 1163 571 non
1185 544 1286 572 fatetur
1301 544 1374 571 hunc
1395 544 1480 571 Deum
1504 551 1565 570 vere
1582 543 1614 570 ad
1638 543 1734 570 mundi

950 590 1067 617 salutem
1083 591 1222 618 hominem
1234 592 1335 618 factum
1361 598 1433 620 esse.
1461 590 1532 617 idola
1556 590 1733 618 destruxisse.

947 634 1146 662 daemoniorum
1162 635 1293 662 sacriﬁcia
1309 634 1484 662 abolevisse?
1507 634 1556 662 Ubi
1571 639 1635 663 sunt
1657 633 1734 670 AZgy-

950 679 989 714 pti
1013 680 1166 708 sacriﬁcia?
1190 680 1235 707 ubi
1263 680 1424 715 Memphidis
1444 680 1581 707 oracula?
1609 679 1654 706 ubi
1688 680 1736 706 Se-

949 725 1048 761 beuyte
1063 725 1202 753 Simonem
1226 726 1340 753 colens?
1369 725 1414 752 ubi
1441 726 1548 760 Nuphis
1562 725 1654 752 vinum
1671 727 1737 752 ado-

952 771 1037 798 rans?
1052 772 1097 798 uhi
1122 776 1187 798 sunt
1211 771 1291 799 hodie
1318 770 1548 799 solis'cultores?
1572 771 1616 798 ubi
1644 771 1736 798 Dianae

953 817 1082 850 templqu
1095 817 1107 843 ἲ
1123 817 1165 843 ubi
1180 817 1306 852 Cyziceni
1322 817 1414 852 templi
1428 816 1562 852 Apollinis
1573 821 1600 844 et
1613 817 1735 843 omnium

954 861 1151 888 dzemouiorum
1175 862 1446 893 oracula?.Christo
1467 862 1539 889 enim
1564 861 1736 889 manifestato

955 911 983 934 et
1001 907 1028 934 in
1050 914 1131 933 cruce
1153 906 1306 941 pendente,
1333 907 1404 934 Deus
1430 907 1532 942 ubique
1556 907 1685 934 adoratur
1710 912 1737 934 et

951 952 1127 987 gloriﬁcatur.
1139 953 1234 979 Nonne
1246 960 1293 979 vos
1305 953 1398 987 pudet,
1410 953 1506 985 Judaei,
1520 961 1570 980 nos
1582 953 1739 980 idololatras

109 999 304 1033 προσκυνεῖται
337 999 384 1024 καὶ
411 998 563 1031 δοξάζεται.
584 999 639 1024 Καὶ
660 999 710 1024 οὑκ
727 998 899 1033 αἰσχύνεσθε,

959 1003 980 1025 3t
995 997 1074 1024 idolis
1087 997 1273 1025 sacrificantes
1290 998 1409 1025 vocare?
1422 998 1550 1025 Attamen
1565 998 1663 1025 mirum
1683 1006 1736 1024 non

116 1043 249 1076 Ἰουδαῖοι,
264 1043 442 1075 εἰδωλοθύτας
458 1044 532 1078 ἡμᾶς
548 1045 595 1069 καὶ
619 1044 815 1079 εἰδωλολάτρας
843 1044 901 1070 ὀνο-

111 1089 261 1123 μάζοντες;
278 1089 374 1123 Ὅμως
390 1090 465 1116 οὐδὲν
481 1090 556 1122 ξένον
567 1097 575 1104 ·
594 1090 669 1115 πᾶσα
686 1089 741 1124 γὰρ
765 1090 853 1125 πόρνη
867 1090 900 1124 τῇ

111 1134 243 1169 ἐλευθέρᾳ
258 1136 367 1168 γυναικὶ
381 1135 410 1161 τὸ
427 1134 492 1161 ἴδιον
503 1135 588 1168 ὄνομα
598 1135 763 1170 περιτίθησι,
781 1135 901 1170 κράζου-

111 1186 148 1204 era.
168 1178 236 1212 αὐτῇ
251 1187 258 1194 ·
272 1178 495 1213 Πεπορνευμένη.
515 1179 569 1204 Καὶ
584 1177 638 1212 γὰρ
658 1178 768 1204 Ἡσαΐου
785 1179 831 1204 καὶ
851 1174 902 1205 Ἰεζ

111 1223 211 1257 ρεμίου
233 1223 280 1249 καὶ
292 1223 346 1249 τῶν
362 1223 465 1250 λοιπῶν
480 1223 639 1258 προφητῶν,
654 1223 685 1249 οὐ
703 1224 756 1258 μὴν
769 1223 838 1250 ἀλλὰ
856 1223 904 1250 καὶ

110 1268 197 1295 αὐτοῦ
209 1268 256 1295 τοῦ
270 1269 399 1304 Χριστοῦ,
409 1269 460 1295 οὐκ
471 1269 627 1302 ἐφείσασοε·
641 1271 686 1295 καὶ
701 1270 760 1300 πῶς
771 1271 836 1304 ἡμῖν
847 1271 903 1301 τοῖς

111 1315 287 1349 Χριστιανοῐς
294 1315 369 1349 ἔχετε
379 1315 524 1348 φείσασθαί
535 1323 542 1346 ;
552 1314 621 1340 Ἀλλ’
632 1315 657 1340 εἰ
669 1315 715 1340 καὶ
723 1314 811 1349 εἴχετε
825 1315 904 1348 ὑμεῖς

111 1360 249 1392 ἐξουσίαν,
257 1360 302 1386 καὶ
312 1361 392 1395 ἡμεῖς
402 1361 522 1396 σήμερον
532 1359 639 1394 ἔχομεν,
648 1359 698 1385 οὐκ
706 1359 738 1385 ἂν
747 1359 845 1385 ἐάσατε
856 1359 904 1385 Eva

111 1406 143 1438 ἐξ
161 1406 239 1440 ἡμῶν
254 1405 336 1440 μέσον
354 1405 429 1440 ὑμῶν
440 1405 530 1440 ζῆσαι,
545 1404 669 1439 καθάπερ
680 1405 726 1431 καὶ
742 1406 821 1439 ἡμεῖς
833 1404 904 1438 ὑμᾶς

113 1451 281 1486 ἀνεχόμεθα.
299 1450 409 1486 Ἐπειδὴ
423 1450 452 1476 δὲ
477 1450 572 1476 εἴπατε
586 1457 593 1464 ·
609 1451 659 1476 Διὰ
680 1449 705 1475 τί
722 1449 772 1475 οὐκ
786 1447 865 1475 εἶπαν
879 1449 904 1474 οι

114 1497 256 1531 προφῆται
271 1495 397 1530 φανερῶς
407 1495 455 1521 καὶ
465 1494 562 1530 γυμνῷ
574 1494 613 1529 τῷ
625 1493 767 1528 πράγματι
781 1494 846 1528 περὶ
856 1493 904 1519 τοῦ

113 1541 259 1577 Χριστοῦ;
279 1541 373 1576 ἐρωτῶ
403 1541 481 1575 κάγὼ
501 1541 573 1575 ὑμᾶς
603 1539 681 1566 τοῦτό
704 1548 736 1573 γε
753 1547 760 1554 ·
780 1539 841 1570 Πῶς
854 1539 904 1565 οὐκ

115 1586 195 1614 εἷπον
209 1588 234 1613 οἰ
251 1587 390 1622 προφῆται
410 1586 474 1621 περὶ
487 1585 535 1612 τοῦ
551 1585 670 1620 Χριστοῦ
691 1585 756 1619 ὑμῖν
775 1585 904 1616 τοῖςῚου-

113 1633 213 1665 δαίοις,
225 1634 267 1660 ὃτι
283 1633 400 1659 Βλέπετε
411 1652 418 1664 ,
436 1631 524 1658 ἐλθεῖν
538 1631 595 1666 ἔχει
608 1630 751 1665 ἄνθρωπος
769 1629 905 1664 καλούμε-

115 1687 163 1710 νος
186 1678 300 1714 Ἰησοῦς,
317 1677 354 1713 μὴ
365 1676 529 1703 πιστεύσατε
554 1676 628 1710 αὐτῴ
655 1676 695 1701 ὅτι
712 1676 812 1706 πλάνος
839 1676 931 1709 ὲστίνς

953 1047 1005 1069 est.
1021 1042 1116 1069 Omnis
1136 1043 1209 1069 enim
1233 1042 1363 1069 meretrix
1387 1042 1495 1069 mulieri
1520 1042 1614 1069 liberae
1638 1050 1738 1068 nomen

953 1096 1034 1115 suum
1062 1087 1186 1122 imponit,
1214 1088 1339 1114 vocitans
1359 1087 1433 1114 illam
1459 1087 1643 1114 meretricem.
1670 1086 1739 1113 Nam

952 1133 1188 1165 Isaiaa.'Jcremi:e,
1201 1138 1230 1161 et
1243 1133 1356 1168 reliquis
1374 1133 1526 1168 prophetis,
1541 1132 1664 1167 adeoque
1687 1133 1738 1167 ipsi

952 1179 1062 1206 Christo
1072 1186 1125 1205 non
1139 1178 1300 1214 pepercistis
1312 1187 1319 1212 ;
1335 1184 1363 1207 et
1373 1179 1510 1214 quomodo
1521 1179 1599 1206 nobis
1609 1177 1740 1206 Christia-

943 1221 998 1256 ‘nis
1015 1229 1128 1263 potestis
1156 1229 1288 1262 parcere?
1313 1230 1336 1257 si
1358 1238 1424 1257 vero
1447 1229 1586 1261 haberetis
1603 1229 1673 1256 hanc
1693 1237 1740 1264 po-

955 1276 1092 1305 testatem,
1107 1281 1189 1308 quam
1202 1281 1253 1300 nos
1274 1273 1356 1301 hodie
1371 1273 1515 1307 habemus,
1533 1281 1588 1301 non
1612 1273 1741 1300 sineretis

956 1325 1040 1344 unum
1055 1326 1088 1345 ex
1103 1318 1183 1345 nobis
1197 1318 1270 1345 inter
1285 1326 1334 1346 vos
1349 1319 1452 1351 vivere,
1471 1323 1501 1345 ut
1515 1326 1566 1346 nos
1579 1325 1628 1345 vos
1643 1317 1743 1344 tolera-

956 1369 1027 1388 mus.
1043 1361 1111 1389 Cum
1127 1362 1201 1389 enim
1215 1362 1318 1393 dicitis.
1333 1370 1382 1390 cur
1398 1370 1453 1390 non
1478 1361 1561 1389 locuti
1577 1361 1632 1389 sint
1649 1365 1742 1396 aperte

955 1412 984 1434 et
996 1407 1068 1434 nude
1081 1407 1114 1434 de
1127 1407 1236 1435 Christo
1251 1408 1400 1443 prophetae,
1417 1415 1509 1443 quaero
1524 1411 1551 1434 et
1565 1414 1616 1442 ego
1627 1414 1642 1434 a
1654 1406 1742 1436 vobis.

955 1460 1005 1479 cur
1018 1460 1073 1479 non
1089 1453 1210 1480 dixerint
1222 1454 1365 1489 prophetae
1376 1453 1453 1481 vobis
1462 1453 1563 1481 ludatis
1571 1453 1604 1480 de
1614 1452 1723 1480 Christo
1735 1460 1747 1476 ι

955 1497 1067 1530 Cavete,
1077 1498 1166 1525 veniet
1179 1498 1261 1525 homo
1273 1499 1424 1533 appellatus
1436 1498 1528 1531 Iesus,
1542 1506 1576 1525 ne
1588 1498 1628 1524 illi
1641 1497 1743 1524 credite

956 1541 1020 1576 quia
1037 1542 1170 1577 impostor
1188 1543 1249 1570 est?
1264 1542 1322 1570 Sed
1338 1542 1374 1569 ita
1385 1550 1480 1569 verum
1495 1550 1555 1570 esse
1567 1541 1705 1569 Christum
1717 1546 1745 1568 et

955 1586 1054 1619 Deum,
1079 1595 1160 1622 quem
1191 1588 1332 1622 prophetae
1361 1587 1626 1623 praenuntiaverunt,
1651 1587 1746 1614 nolen-

958 1635 998 1658 tes
1011 1632 1135 1665 credere,
1152 1633 1340 1668 impostorem,
1356 1641 1407 1660 nec
1421 1632 1561 1660 Christum
1575 1632 1709 1667 accipitis.

953 1677 1010 1703 ἀλλ’
1040 1677 1127 1709 οὕτως
1156 1679 1202 1704 τὸν
1225 1679 1351 1714 ἀληθινὸν
1377 1678 1493 1714 Χριστὸν
1511 1679 1558 1705 καὶ
1577 1677 1653 1709 Θεὸν,
1668 1678 1698 1704 δν
1723 1678 1747 1704 ol

115 1725 260 1761 προφῆται
283 1724 483 1760 προεκήρυεαν,
507 1723 544 1759 μὴ
570 1723 731 1758 θελήσαντες
748 1723 899 1756 πιστεῦσαι,
921 1724 1020 1752 πλάνον
1041 1727 1087 1753 καὶ
1102 1727 1132 1754 οὐ
1150 1727 1267 1762 Χριστὸν
1277 1726 1428 1762 ὲνδὲχεσθε.

157 1771 190 1796 El.
206 1769 235 1795 δὲ
245 1769 311 1805 εῑπῃ
321 1771 336 1796 ό
358 1769 494 1801 Ἰουδαῖος,
506 1769 547 1795 ὃτι
567 1769 629 1801 Πῶς
646 1768 693 1795 τοῦ
709 1769 777 1795 Θεοῦ
798 1777 906 1804 παραγ-

995 1773 1044 1799 Sin
1060 1777 1150 1800 autem
1163 1773 1273 1800 .ludreus
1287 1772 1387 1800 dixerit
1402 1781 1408 1799 :
1425 1771 1581 1805 Quomodo,
1598 1778 1659 1798 cum
1676 1770 1748 1797 Deus

116 1814 260 1849 γείλαντος
280 1815 317 1849 μὴ
339 1815 502 1848 προσκυνεῖν
527 1814 626 1848 ξύλαῆ
655 1814 729 1840 λίθον
762 1815 809 1841 καὶ
838 1814 908 1849 ἔργα

117 1862 222 1898 χειρῶν
242 1861 405 1897 ἀνθρώπων,
424 1861 484 1893 πῶς
510 1861 590 1896 ὑμεῖς
603 1862 628 1888 οἱ
653 1862 813 1896 Χριστιανοὶ
839 1861 910 1889 αὐτὰ

118 1908 299 1944 προσκυνεῖτε
313 1907 360 1934 καὶ
374 1907 498 1938 σέϐεσθε,
515 1907 657 1939 ποιοῦντες
671 1908 760 1934 αὐτῶν
776 1908 910 1942 σταυροὺς

119 1954 169 1980 καὶ
183 1953 384 1986 είκόνας;,ιῑπὲ
403 1952 495 1987 αὐτῷ·
511 1952 580 1986 Λέγε
598 1961 641 1986 μοι
658 1954 705 1979 καὶ
719 1954 764 1983 σὺ,
785 1953 909 1984 Ὶουδαῖε,

118 1998 166 2025 διὰ
178 1999 205 2024 τί
223 1999 269 2024 καὶ
280 1999 312 2024 σὺ
328 1999 490 2033 προσκυνεῖς
503 1998 533 2023 τδ
550 1997 651 2032 βιϐλίον
663 1998 710 2024 τοῦ
725 1999 819 2032 νόμου,
835 1999 911 2024 ἔπει-

119 2045 155 2079 δὴ
175 2045 207 2070 ἐκ
220 2043 364 2077 δερμάτων
381 2043 511 2077 τυγχάνει
525 2043 571 2068 καὶ
591 2044 619 2068 ἐν
634 2043 789 2078 ἀκαθαρσίᾳ
812 2043 911 2078 βεϐυρ-

121 2089 276 2122 σευμένονς
293 2088 336 2114 διὰ
364 2088 390 2114 τί
419 2088 447 2114 δὲ
473 2088 521 2114 καὶ
535 2089 549 2113 ό
571 2087 670 2114 Ἰακὼϐ
690 2088 705 2113 ὁ
736 2090 911 2123 πατριάρχης

121 2133 329 2167 προσεκύνησεν
340 2134 386 2160 ἐπὶ
401 2133 431 2160 τὸ
444 2133 528 2168 ἄκρον
542 2134 591 2168 τῆς
611 2133 710 2168 ῥάϐδου
722 2132 769 2159 τοῦ
788 2133 886 2168 Ἰωσήφ
902 2141 910 2166 ;

122 2179 180 2206 Καὶ
194 2180 218 2205 εἰ
236 2179 284 2213 μὲν
298 2179 354 2214 ἔχει
368 2179 467 2211 εἰπεῖν,
481 2179 522 2205 ὅτι
534 2178 594 2205 Κᾶν
606 2178 751 2213 προσκυνῶ
761 2177 809 2204 τοῦ
827 2178 910 2213 νόμου

121 2225 154 2250 τὸ
169 2224 282 2259 βιϐλίον,
299 2225 329 2250 οὐ
343 2225 392 2259 τὴν
408 2224 490 2259 φύσιν
507 2224 563 2250 τῶν
585 2223 728 2259 δερμάτων
752 2224 911 2258 προσκυνῶ,

121 2272 194 2298 ἀλλὰ
207 2272 257 2306 τὴν
266 2271 379 2306 δύναμιν
394 2272 448 2298 τῶν
461 2271 592 2307 ῥημάτων
607 2279 613 2286 ·
625 2271 672 2297 καὶ
681 2272 696 2297 ὁ
713 2270 812 2297 Ἰακὼϐ
826 2279 912 2306 προσ-

123 2317 247 2351 κυνήσας
270 2317 321 2351 τὴν
350 2316 457 2352 ῥάϐδον,
474 2317 504 2343 οὐ
537 2317 566 2343 τὸ
590 2315 669 2347 ξύλον
694 2315 912 2350 προσεκύνησεν,

123 2363 194 2389 ἀλλὰ
220 2363 265 2390 τὸν
280 2363 436 2398 κρατοῦντα
453 2363 540 2397 αὐτὴν
559 2363 674 2397 Ἰωσήφ·
694 2362 753 2388 εἰπὲ
771 2361 856 2396 αὐτῷ,
872 2362 913 2388 ὅτι

124 2408 222 2439 Οὕτως
246 2409 294 2435 καὶ
311 2409 391 2444 ἡμεῖς
406 2409 430 2435 οἱ
452 2408 612 2443 Χριστιανοὶ
633 2407 852 2442 προσκυνοῦντες
865 2406 912 2433 τοῦ

964 1819 1126 1853 ριίεςθρειιῑι
1151 1827 1185 1846 ne
1214 1819 1365 1846 adorentur
1397 1818 1480 1852 ligna,
1506 1817 1585 1852 lapis,
1613 1821 1640 1843 et
1666 1824 1750 1851 opera

965 1872 1094 1891 manuum
1110 1865 1260 1897 hominum,
1279 1872 1336 1895 vos.
1353 1862 1516 1894 Christiani,
1543 1862 1602 1889 haec
1627 1862 1751 1889 adoratis

963 1913 991 1937 et
1006 1910 1105 1940 colitis,
1119 1909 1250 1936 facientes
1272 1917 1306 1936 ex
1325 1909 1367 1935 his
1381 1915 1477 1934 cruces
1491 1911 1519 1934 et
1539 1907 1693 1942 imagines?
1708 1916 1751 1934 re-

966 1955 1070 1989 sponde
1082 1955 1119 1981 illi
1134 1963 1140 1981 :
1159 1955 1206 1981 Die
1222 1953 1288 1980 mihi
1301 1958 1328 1980 et
1341 1959 1381 1984 tu,
1398 1953 1501 1985 Judaee,
1515 1960 1600 1987 quare
1614 1957 1640 1979 tu
1653 1952 1754 1979 adoras

966 2001 1032 2035 legis
1042 2001 1151 2032 librum,
1165 2008 1225 2027 cum
1234 2008 1249 2026 ε
1259 1999 1376 2034 pellibus
1386 2004 1413 2026 et
1422 1999 1570 2026 immundis
1580 1999 1663 2025 coriis
1677 2006 1744 2025 conn

966 2052 1062 2081 pactus
1077 2046 1133 2073 sit?
1149 2053 1201 2073 cur
1217 2046 1300 2074 Jacob
1316 2045 1471 2080 patriarcha
1486 2044 1613 2071 adoravit
1625 2044 1652 2070 in
1673 2051 1750 2070 sum-

959 2089 1061 2118 ‘mitate
1073 2092 1156 2126 virga:
1169 2091 1313 2126 Ioseph“?
1324 2090 1400 2124 Quod
1415 2091 1437 2117 si
1453 2090 1574 2125 potuerit
1585 2089 1677 2117 dicere
1692 2099 1697 2115 :
1719 2090 1751 2116 lit

967 2137 989 2163 si
1010 2136 1094 2164 adoro
1107 2136 1174 2172 legis
1195 2137 1306 2167 librum.
1323 2144 1378 2163 non
1397 2141 1521 2162 naturam
1532 2135 1749 2170 pclliumadoro.

967 2180 1015 2208 sed
1030 2181 1175 2208 verborum
1194 2181 1322 2208 virtutem
1335 2188 1343 2213 ',
1362 2187 1451 2215 neque
1462 2179 1547 2207 Iacob
1560 2179 1682 2206 adorans
1698 2179 1751 2204 vir-

967 2234 1040 2261 gain,
1056 2226 1161 2261 lignum
1174 2226 1307 2257 adoravit.
1325 2225 1372 2252 sed
1386 2225 1432 2259 qui
1451 2232 1510 2252 eam
1532 2225 1689 2259 possidebat
1705 2223 1751 2250 Jo-

968 2273 1055 2308 seph;
1074 2273 1118 2300 die
1134 2272 1192 2299 illi:
1208 2271 1339 2299 Similiter
1356 2276 1383 2297 et
1402 2278 1450 2297 nos
1463 2270 1614 2298 Christiani
1630 2269 1750 2296 adorau-

969 2323 1009 2345 tes
1021 2318 1123 2346 Christi
1150 2325 1269 2349 crucem.
1288 2325 1343 2344 non
1357 2316 1421 2352 ligni
1443 2321 1570 2343 naturam
1593 2315 1753 2345 adoramus,

968 2364 1040 2399 quod
1054 2364 1135 2396 absit,
1150 2364 1196 2391 sed
1211 2363 1350 2391 Christum
1362 2363 1389 2389 in
1404 2370 1437 2389 eo
1453 2362 1628 2390 cruciﬁxum.
1647 2362 1750 2392 Quem—

968 2409 1115 2436 admodum
1143 2413 1170 2435 ct
1185 2416 1243 2440 vos,
1266 2408 1288 2434 si
1305 2407 1465 2435 inveneritis
1491 2406 1573 2434 hodie
1594 2406 1662 2433 duas
1675 2406 1752 2433 labu-

125 2453 246 2488 Χριστοῦ
261 2454 387 2488 σταυρὸν,
405 2453 435 2480 οὐ
449 2454 499 2487 τὴν
515 2453 596 2487 φύσιν
622 2452 670 2479 τοῦ
693 2452 771 2484 ξύλου
794 2460 906 2487 προσκυ-

967 2457 1008 2482 las
1025 2460 1052 2482 et
1073 2455 1127 2482 duo
1144 2455 1293 2482 Cherubim
1315 2461 1408 2486 aurea,
1430 2461 1491 2488 quae
1512 2453 1577 2480 fecit
1591 2453 1707 2488 Moyses.
1725 2457 1753 2478 et

124 2499 237 2533 νοῦμεν¹
254 2499 291 2534 μὴ
302 2499 425 2534 γένοιτοῑ
442 2498 510 2525 ἀλλὰ
525 2498 641 2533 Χριστὸν
651 2499 696 2524 τὸν
722 2497 917 2533 σταυρωθέντα

124 2545 156 2570 ἐν
169 2544 256 2579 αὐτῷ.
272 2544 327 2570 Καὶ
340 2543 435 2578 ὥσπερ
451 2544 530 2578 ὑμεῖς
543 2542 591 2569 ἐὰν
603 2542 707 2578 ηὖρατε
719 2542 782 2578 άρτι
796 2543 845 2574 τὰς
868 2542 916 2569 δύο

124 2589 234 2620 πλάκας
248 2589 339 2616 καὶτὰ
353 2588 400 2615 δύο
410 2588 550 2624 Χερουϐὶμ
561 2588 595 2614 τὰ
607 2589 706 2623 χρυσᾶ,
720 2589 792 2623 ἅπερ
802 2587 915 2622 ἐποίησε

124 2635 257 2669 Μωῡσῆς,
272 2635 321 2661 καὶ
335 2634 385 2670 τὴν
397 2634 523 2666 κιϐωτὸν,
537 2633 784 2669 προσῘε]κυνήσατε
801 2633 834 2660 ἂν
845 2633 916 2660 αὑτά

123 2680 260 2715 τιμῶντες
282 2680 328 2707 τὸν
353 2680 519 2712 ἐπιτάξαντα
544 2679 650 2706 ταῦτα·
669 2679 708 2714 τῷ
724 2678 799 2714 αὐτῷ
820 2679 915 2714 τρόπῳ

126 2727 175 2753 καὶ
189 2727 280 2762 ἡμεῖς,
294 2727 344 2759 τὰς
360 2727 468 2758 εἰκόνας
483 2725 713 2762 προσκυνοῦντες,
730 2726 761 2752 οὐ
785 2725 815 2752 τὺ
837 2725 915 2758 ξύλον

125 2781 343 2808 ¹ιιροσκυνουμεν,
363 2773 400 2808 μὴ
411 2772 518 2806 γένοιτο
532 2772 538 2798 !
553 2771 623 2798 ἀλλὰ
637 2771 755 2808 Χριστὸν
766 2771 912 2806 τιμῶντες,

126 2819 176 2846 καὶ
193 2819 257 2849 τοὺς
278 2819 372 2853 ἁγίους
399 2818 481 2845 αὐτοῦ
495 2826 502 2834 ο
529 2818 577 2844 καὶ
601 2817 664 2844 οὔτε
689 2818 719 2844 τὸ
748 2817 836 2851 ξύλον,
853 2818 915 2844 οὔτε

126 2867 177 2900 Ιτὴν
200 2864 359 2899 ζωγραφίαν
384 2864 590 2899 προσκυνοῦμεν
606 2871 614 2880 ·
632 2865 694 2891 ἐπεὶ
711 2864 842 2895 πολλάκις
865 2864 914 2895 τὰς

162 2939 187 2957 ⁸⁸
226 2940 276 2969 lsa.
293 2949 329 2973 χι,
352 2941 391 2968 l0.
427 2942 449 2957 δ’
466 2940 548 2968 llcbr.
567 2949 603 2974 xi,
618 2918 664 2968 21..

967 2508 1070 2531 arcam,
1087 2499 1239 2526 adoraretis
1249 2506 1281 2525 ea
1294 2498 1416 2525 colentes
1428 2497 1505 2524 illum
1516 2496 1563 2531 qui
1571 2496 1629 2523 haec
1641 2495 1753 2522 manda-

967 2547 1008 2572 vit
1024 2545 1083 2572 ﬁeri
1096 2553 1103 2577 ;
1118 2545 1154 2571 ita
1173 2549 1201 2571 et
1218 2552 1269 2571 nos
1289 2551 1352 2570 cum
1374 2543 1505 2578 imagines
1525 2543 1682 2573 adoramus,
1698 2549 1752 2568 non

967 2592 1115 2619 adoramus
1129 2591 1243 2626 lignum,
1264 2589 1338 2624 quod
1353 2589 1437 2618 absit!
1451 2588 1499 2616 sed
1520 2588 1662 2616 Christum
1684 2587 1754 2615 coli-

969 2645 1030 2664 mus
1044 2642 1070 2664 ει
1082 2641 1190 2663 sanctos
1202 2637 1280 2670 ejus;
1301 2642 1390 2669 neque
1401 2635 1504 2670 lignum
1516 2641 1605 2669 neque
1618 2633 1753 2668 picturam

968 2683 1124 2714 adoramus,
1132 2689 1194 2708 cum
1202 2681 1440 2716 saepiusimagines
1446 2684 1567 2706 vetustas
1573 2678 1755 2713 abstergimus

968 2731 995 2753 et
1011 2733 1186 2757 renovamus,
1202 2729 1250 2751 aut
1265 2728 1453 2759 putrescentes
1462 2722 1659 2753 comburimus,
1674 2721 1755 2747 alias—

968 2779 1022 2806 que
1049 2778 1136 2798 novas
1158 2770 1285 2801 facimus,
1312 2769 1499 2795 tantummodo
1516 2768 1551 2794 ad
1579 2768 1679 2794 bonam
1697 2773 1754 2792 tne-

968 2815 1085 2842 Iuoriam
1105 2814 1280 2841 servandam.
1307 2813 1359 2839 Vos
1383 2817 1486 2842 autem,
1508 2811 1589 2838 dicite
1613 2808 1691 2839 mihi.
1704 2815 1755 2835 cur

968 2861 1116 2896 imaginem
1142 2859 1396 2888 Nabuchodonosor
1411 2858 1546 2892 Babylona:
1574 2853 1756 2886 ador-uitiis?
