1976 3233
59 305 132 332 κατὰ
144 304 195 340 τὴν
214 305 346 341 διαθήκην
359 307 394 342 ἢν
417 306 546 342 διεθέμην
569 309 625 340 τοῖς
644 309 782 343 πατράσιν
802 310 851 335 αύ-

54 350 122 381 τῶν.
139 351 222 385 ἡνίκα
251 352 385 386 ἐξήγαγον
409 353 510 382 αὐτοὺς
536 353 569 379 ἐκ
591 354 643 388 γῆς
658 354 820 388 Δίγύπτους
839 364 848 380 ι

56 395 128 430 μετὰ
159 397 215 431 γὰρ
243 396 274 422 τδ
296 396 407 431 δοθῆναι
438 396 529 428 αὐτοῖς
558 397 604 423 τὸν
628 397 727 431 νόμον,
747 397 824 424 εἶπεν
839 399 853 425 ὁ

55 441 124 472 Θεὸς
152 441 198 468 διὰ
227 441 341 468 Ἡσαΐου
366 442 414 468 καὶ
441 443 562 477 Μιχαίου
591 443 646 469 τῶν
680 443 828 478 προφητῶν
844 452 851 459 ι

58 496 66 511 ι
85 487 149 513 Ὀτι
163 488 196 513 ἑκ
216 487 286 515 Σιὼν
301 487 474 520 ἐξελεύσεται
486 489 582 524 νόμος,
596 489 642 515 καὶ
653 489 732 522 λόγος
749 488 852 524 Κυρίου

55 531 86 564 ἐξ
105 531 303 568 Ἰερουσαλήμ·
326 543 335 559 ι
350 533 421 560 ὥστε
437 534 485 561 τοῦ
497 534 616 569 Χριστοῦ
632 534 756 566 ἐλθόντος
771 535 852 566 αὐτὸς

55 578 102 604 τὸν
120 579 182 605 νέον
195 579 279 612 νόμον
295 580 385 615 ἤγαγε
399 580 446 606 καὶ
461 580 508 606 τὸν
522 580 637 606 παλαιὸν
653 581 823 615 ἐπλήρωσεν.

96 624 130 651 ὀ
147 625 305 659 Ἰουδαῖος·
325 626 372 657 Εἰς
389 626 534 661 ἄνθρωπον
550 626 790 661 πεφουρκισμένον
805 627 853 652 καὶ

55 669 205 697 κατὰδικον
219 671 357 704 ἐλπίζετε,
373 671 398 698 οἱ
411 668 581 706 Χριστιανοιζ
601 686 636 691 -
662 671 694 698 '0
716 673 853 705 Χριστια-

54 715 126 748 νός·
144 715 178 742 Τί
189 717 249 743 ἔστι
272 716 438 753 τιμιώτερον
460 717 536 753 παρὰ
559 717 599 752 τῷ
620 717 690 752 Θεῷ,
707 717 852 752 ἄνθρωπος

55 761 73 796 ἦ
87 761 150 795 ὄφις
171 761 290 796 χαλκοῦς
304 762 334 789 ὃν
356 763 435 798 ὑμεῖς
456 764 637 798 προσκυνεῖτε
658 764 851 799 χρεμάμενονς

57 807 132 842 Πλὴν
151 807 271 835 ἄκουσον
294 809 366 843 μετὰ
391 810 545 840 συνέσεως·
573 809 633 835 ἀλλ’
655 809 730 844 ὅμως
756 809 852 836 εἴπατὲ

57 862 123 888 μοι,
152 854 332 889 ἐσταύρωσαν
366 856 390 882 οι
429 856 547 892 πατέρες
581 856 658 890 ὑμῶν
689 864 751 883 τινα
779 856 853 890 λεγό-

56 907 139 933 μενον
162 899 268 934 Ἰησοῦν
286 901 423 935 Χριστόν;
448 902 493 928 ναὶ
517 902 534 937 ἢ
559 900 608 933 ob;
637 901 686 928 καὶ
707 901 751 927 διὰ
773 901 852 927 ποίαν

54 944 149 972 αἰτίαν
178 946 372 982 ἐσταυρώσατε
396 947 499 979 αὑτόν;
525 947 598 973 Διότι
625 947 784 981 παράνομος
806 944 850 981 ἦν,

54 991 104 1017 καὶ
129 991 248 1018 κατέλυε
268 992 316 1018 τὸν
335 992 418 1027 νόμον
441 994 489 1019 καὶ
509 993 539 1019 τὸ
557 992 709 1020 Σάδΰατον.
738 992 792 1019 Καὶ
807 992 852 1019 διὰ

55 1039 134 1064 ποῖον
152 1038 291 1074 ἐκήρυξαν
305 1039 330 1065 οι
346 1039 485 1074 προφῆται
501 1038 591 1065 ἐλθεῖν
607 1039 649 1065 ἐπ’
664 1039 787 1074 ἐσχάτων
798 1039 852 1064 τῶν

54 1082 182 1117 ἡμερῶν,
199 1082 247 1109 τοῦ
265 1082 403 1118 πραθῆναι
414 1102 421 1113 .
444 1084 492 1109 καὶ
526 1083 556 1109 τὸ
571 1083 654 1109 πόσου
671 1082 727 1118 ἔχει
742 1083 851 1118 πραθῆσ

54 1136 99 1154 ναι
110 1147 118 1159 ,
143 1128 192 1154 καὶ
214 1128 254 1154 ὅτι
276 1128 332 1163 ἔχει
349 1128 466 1163 ἀχθῆναι
481 1130 521 1160 εἰς
536 1128 652 1155 θάνατον
667 1129 715 1155 καὶ
728 1128 767 1163 τῷ
781 1128 852 1164 ξύλῳ

55 1174 134 1209 ἥλοις
153 1176 249 1209 χεῖρας
265 1175 313 1201 καὶ
326 1175 410 1207 πόδας
427 1175 670 1211 προσηλωθήσεται
681 1195 688 1207 ,
713 1176 760 1202 καὶ
775 1176 853 1207 ὕξους

55 1221 105 1246 καὶ
129 1220 216 1254 χολῆς
238 1220 386 1253 γεύσεται,
415 1221 463 1247 καὶ
481 1221 524 1247 ὅτι
542 1221 625 1257 λόγχῃ
644 1221 852 1256 κεντηθήσεται,

55 1266 106 1291 καὶ
129 1266 143 1291 ὁ
167 1266 282 1301 οὐρανὸς
304 1266 535 1302 σχοτισθήσεται;
553 1267 609 1293 Καὶ
623 1266 752 1293 ἀδύνατον
764 1263 798 1301 ἦν
815 1266 853 1301 μὴ

56 1311 241 1346 πληρωθῆναι
268 1312 331 1344 τοὺς
351 1312 449 1346 λόγους
466 1312 520 1338 τῶν
536 1311 698 1347 προφητῶν.
726 1310 758 1336 Τί
780 1311 853 1345 λέγει

54 1356 145 1382 ταῦτα
169 1357 278 1388 «ivra;
305 1357 353 1388 Εἰς
373 1357 420 1383 τὸν
442 1356 560 1392 Χριστὸν
576 1357 655 1391 ἡμῶν
676 1355 816 1387 ἐγένοντο,
834 1355 851 1390 ἢ

55 1403 98 1433 εἰς
121 1402 166 1429 τδν
187 1402 355 1437 ειλημμένον
378 1403 456 1438 ὑμῶν
482 1402 611 1437 μέλλουσι
633 1399 774 1436 γίνεσθαις
798 1401 854 1427 Καὶ

56 1447 82 1472 εἰ
103 1447 153 1481 μὲν
178 1448 219 1479 εἰς
235 1448 280 1474 τὸν
295 1448 464 1483 εἰλημμένον
481 1447 561 1483 ὑμῶν
578 1447 706 1482 μέλλουσι
719 1445 853 1481 γίνεσθαι,

57 1493 117 1519 ἰδοὺ
143 1493 191 1520 καὶ
213 1493 293 1528 ὑμεῖς
316 1494 357 1525 εις
379 1493 524 1528 ἄνθρωπον
547 1492 695 1520 κατάδικον
712 1491 854 1523 Eii-icitur

55 1538 82 1565 εἰ
104 1537 135 1564 δὲ
159 1539 201 1569 εις
223 1538 269 1564 τὸν
288 1537 406 1573 Χριστὸν
424 1537 504 1573 ἡμῶν
535 1537 624 1564 πάντα
644 1535 852 1571 ἐπληρώθησαν,

56 1583 280 1617 συγκαταθέντες
307 1584 402 1610 εἴπατε
430 1583 480 1618 τὴν
505 1581 638 1617 ἀλήθειαν
651 1580 666 1596 θ’
686 1582 711 1607 ει
735 1581 764 1607 δὲ
791 1579 853 1607 οὕτε

55 1631 99 1661 εἰς
122 1629 169 1655 τὸν
189 1629 324 1664 ἡμέτερον
341 1629 480 1662 Χριστὸν,
495 1627 558 1655 οὔτε
576 1628 617 1658 εἰς
629 1627 676 1653 τὸν
688 1625 854 1661 εἰλημμένον

56 1675 148 1710 ὑμῶν.
168 1675 277 1706 πάντως
292 1670 316 1701 οἷ
331 1674 472 1710 προφῆται
487 1674 644 1709 ψεύδονται·
662 1673 686 1699 εί
700 1673 728 1699 δὲ
745 1671 852 1699 στενού-

57 1730 137 1757 μενοι
164 1721 277 1752 ἄκοντες
306 1720 464 1754 ὁμολογεῖτε
492 1720 533 1746 ὅτι
559 1719 605 1745 τὸν
630 1718 748 1753 Χριστὸν
772 1718 852 1753 ἡμῶν

55 1767 139 1802 κακῷ
151 1766 261 1801 θανάτῳ
272 1767 297 1793 οἱ
309 1766 427 1801 πατέρες
439 1765 517 1800 ὑμῶν
528 1765 678 1799 ἐφόνευσαν
688 1764 725 1795 ὡς
735 1763 820 1790 κακοῦ
826 1772 851 1798 ρ-

56 1821 107 1846 γον
135 1812 182 1838 τὸν
208 1811 255 1838 καὶ
280 1812 362 1846 νόμον
385 1811 577 1844 καταλύοντα,
605 1811 764 1845 ὲνέγχωμεν
790 1810 854 1840 τοὺς

56 1859 104 1893 ὑφ’
118 1858 198 1893 ὑμῶν
212 1858 413 1894 σταυρωθέντα.

95 1905 201 1931 Εἴπατε
217 1904 247 1930 δέ
267 1913 311 1939 μοι
323 1924 331 1936 ,
355 1904 398 1936 τίς
415 1905 491 1931 ἐστιν
508 1904 556 1931 ἐπὶ
572 1903 625 1938 γῆς
640 1903 853 1938 ἀναμάρτητος;

57 1951 118 1984 καὶ,
136 1951 175 1981 ὡς
189 1951 205 1985 ἡ
222 1951 318 1986 Γραφὴ
333 1951 419 1985 λέγει,
439 1950 528 1981 οὐδεὶς
545 1949 665 1985 καθαρὸς
682 1949 738 1976 ἀπὸ
755 1949 854 1984 ῥύπου,

57 1999 114 2024 οὐδ’
130 1998 164 2025 ἂν
190 1998 254 2033 μίαν
274 1999 383 2034 ἡμέραν
408 1999 425 2033 ἡ
448 1997 504 2032 ζωὴ
523 1997 606 2024 αὑτοῦ
619 2017 626 2030 ,
653 1997 699 2023 καὶ
719 1996 798 2031 δῆλον
813 1996 855 2022 ὄτι

56 2044 148 2075 οὐδεὶς
167 2045 192 2070 εἰ
211 2044 291 2078 μόνος
306 2045 321 2070 ὁ
335 2044 412 2075 Θεός.
437 2044 491 2070 Καὶ
507 2043 670 2076 ἀκούσωμεν
685 2042 711 2068 τί
728 2042 793 2076 περὶ
807 2041 854 2068 τοῦ

58 2089 196 2120 παθόντος
209 2089 331 2124 Χριστοῦ
345 2090 361 2123 ἡ
367 2089 426 2124 μῶν
441 2090 456 2116 ὁ
472 2089 585 2120 Ἡσαΐας
600 2088 687 2122 λέγει’
710 2096 718 2112 ι
731 2087 774 2118 Ὡς
788 2086 856 2121 πρό-

57 2135 145 2161 ϐατον
160 2135 207 2160 ὲπὶ
222 2135 329 2170 σφαγὴν
343 2134 431 2169 ἢχθη,
453 2135 499 2161 καὶ
515 2133 554 2165 ὡς
568 2133 654 2168 ἀμνὸς
669 2133 791 2159 ἐναντίον
806 2131 854 2158 τοῦ

57 2181 203 2216 κείροντος
218 2180 301 2206 αὑτὸν
315 2180 436 2214 ἄφωνος·
456 2179 510 2207 ἀπὸ
525 2178 580 2205 τῶν
594 2178 714 2213 ἀνομιῶν
728 2177 776 2204 τοῦ
788 2177 854 2204 λαοῦ

58 2235 113 2260 μου
139 2225 209 2261 ἢχθη
235 2226 275 2257 εἰς
300 2225 436 2252 θάνατον’
466 2225 513 2251 καὶ
535 2224 615 2251 δώσω
635 2224 700 2254 τοὺς
719 2224 856 2259 πονηροὺς

57 2272 122 2298 ἀντὶ
140 2273 189 2307 τῆς
203 2272 291 2307 ταφῆς
306 2272 390 2298 αὑτοῦ
401 2292 408 2304 ,
434 2271 481 2298 καὶ
495 2271 558 2302 τοὺς
573 2270 717 2301 πλουσίους
731 2270 792 2296 ἀντὶ
806 2269 855 2295 τοῦ

57 2319 179 2345 θανάτου
190 2326 196 2333 ·
226 2318 267 2344 ὃτι
291 2317 429 2353 ἁμαρτίαν
446 2317 497 2344 οὐκ
511 2317 657 2351 ἐποίησεν,
677 2315 738 2341 οὐδὲ
754 2315 854 2350 εὑρέθη

56 2365 134 2396 δόλος
159 2366 189 2391 ὲν
204 2364 243 2398 τῷ
266 2365 380 2399 στόματι
404 2364 498 2391 αὑτοῦ.
516 2373 525 2389 ι
538 2361 613 2398 ’Λρα
627 2362 676 2389 οὐκ
693 2361 855 2396 αἰσχύνεσθε

57 2411 174 2443 λοιπόνς
194 2410 248 2437 ἰδοὺ
266 2410 414 2444 προφανῶς
429 2409 643 2445 ᾑσχημονήσατε
655 2416 662 2424 ·
688 2408 785 2434 είπατε
801 2407 855 2442 γὰρ

56 2458 102 2484 ὅτι
130 2457 175 2483 διὰ.
198 2457 229 2483 τὸ
251 2457 422 2491 παρανομεῖν
446 2455 640 2490 ἐσταυρώσατε
664 2454 765 2486 αὐτὸν,
793 2454 808 2480 ό
826 2453 855 2480 δὲ

58 2504 207 2538 προφήτης
223 2502 299 2535 λέγει
313 2502 354 2529 ὅτι
367 2501 508 2536 ἁμαρτίαν
522 2501 572 2527 οὐκ
585 2499 709 2535 ἐποίησε.
727 2499 781 2525 Καὶ
794 2499 856 2524 ἐπεὶ

57 2549 149 2579 οὐδεὶς
161 2547 352 2582 ἀναμάρτητος
365 2548 390 2573 εἰ
404 2546 441 2580 μὴ
456 2546 535 2580 μόνος
548 2547 562 2571 ὸ
572 2545 648 2576 Θεὸς,
663 2544 742 2579 δῆλον
755 2544 796 2570 ὅτι
808 2544 855 2569 καὶ

59 2593 128 2623 Θεός
143 2593 217 2618 ἔστιν
232 2591 359 2626 ἁληθινδς
373 2592 387 2617 ὁ
400 2589 566 2625 σταυρωθεὶς
586 2589 632 2623 ὑφ’
649 2589 727 2622 ὑμῶν
739 2597 745 2603 ·
764 2589 856 2622 ἁμαρ-

59 2639 123 2664 τίαν
137 2638 193 2673 γὰρ
209 2638 260 2664 οὐκ
273 2638 412 2672 ἐποίησεν,
428 2637 489 2663 οὐδὲ
504 2636 603 2671 εὑρέθη
618 2635 692 2666 δόλος
705 2636 734 2661 ἐν
746 2635 784 2669 τῷ
797 2634 857 2661 στό-

61 2693 130 2719 ματι
155 2683 249 2711 αὐτοῦ.
266 2684 380 2718 Ίδωμεν
396 2683 424 2709 δὲ
441 2683 468 2709 τί
494 2683 542 2709 καὶ
564 2683 588 2708 οἱ
608 2681 697 2708 λοιποὶ
715 2681 855 2716 προφῆται

61 2731 128 2765 περὶ
158 2730 206 2755 τοῦ
232 2729 371 2765 παθόντος
392 2729 512 2764 Χριστοῦ
530 2729 610 2763 ἡμῶν
631 2728 777 2761 λέγουσιν·
806 2727 855 2753 ἐὰν

59 2775 101 2806 ὡς
125 2773 294 2809 κακοῦργον,
311 2775 328 2810 ἢ
347 2774 394 2801 ἐὰν
409 2775 445 2805 ὼς
462 2774 565 2809 Κύριον
578 2773 660 2800 αὑτὸν
673 2773 835 2808 ὁμολογῶσι·

60 2821 134 2855 τάλα
149 2820 205 2855 γὰρ
220 2821 252 2846 τὸ
265 2820 368 2855 πλῆθος
383 2820 437 2846 τῶν
451 2820 598 2854 προφητῶν
615 2818 792 2853 ὲντρέπεσθε,
808 2817 855 2843 καὶ

60 2865 202 2900 mpm-260a
223 2865 316 2891 λοιπὸν
333 2866 381 2892 τοῦ
395 2866 486 2900 λέγειν
502 2865 574 2891 κατὰ
588 2864 708 2900 Χριστοῦ
726 2863 772 2889 καὶ
786 2863 854 2898 Χρι-

90 2954 109 2967 ⁹⁴
126 2954 217 2984 lsa.u,
228 2952 254 2979 '5.
293 2950 362 2980 ’Job
377 2961 429 2985 ιμ’,
442 2952 465 2980 5.
507 2951 576 2980 "lsa.
591 2950 718 2984 ι.ιιι,6,7.

578 253 807 284 DlSl'UTATlO
827 253 1024 284 ADVERSUS
1042 253 1209 284 JUDxEOS.

1625 251 1693 283 1242

869 315 888 340 Α
905 310 1014 337 Etenim
1034 314 1182 344 postquam
1205 308 1259 335 illis
1280 308 1368 344 legem
1388 307 1521 339 dedisset,
1537 307 1606 334 dixit
1621 307 1693 335 Deus

905 363 955 390 per
969 355 1065 382 Isaiam
1080 359 1109 382 et
1122 354 1261 381 Michteam
1275 353 1441 388 prophetas:
1457 362 1467 377 ‹
1481 352 1519 378 Ex
1531 351 1597 378 Sion
1607 351 1695 378 exibit.

904 401 959 432 lex,
990 405 1019 427 et
1045 400 1162 436 verbum
1196 399 1305 426 Domini
1339 406 1372 425 ex
1401 398 1587 426 Jerusalem'.
1612 406 1620 422 ι
1654 396 1694 424 lta

903 445 1033 473 Christus
1049 453 1112 473 cum
1128 431 1214 477 venit,
1227 451 1326 472 novam
1343 444 1431 478 legem
1445 443 1562 470 adduxit
1575 446 1604 470 et.
1617 445 1694 469 vete~
1723 431 1731 438 ’

904 499 962 518 rem
978 491 1114 526 implevit.
1622 498 1625 500 -

938 618 1056 645 Ιιιάιτιιε.
1065 617 1094 644 lu
1107 617 1245 644 hominem
1256 616 1416 643 crucifixum
1422 615 1619 643 etdamnat'um
1632 621 1695 648 spe-

904 664 981 697 ratis,
993 663 1154 691 Christiani.
1171 677 1206 683 -—
1222 661 1399 690 Christianus.
1422 661 1490 694 Quis
1502 666 1546 688 est
1559 659 1696 688 excellen-

904 711 958 738 tior
970 710 1043 745 apud
1057 710 1153 741 Deum,
1168 709 1251 736 homo
1266 716 1301 736 an
1318 713 1433 743 serpens
1447 714 1536 734 :ereus
1548 712 1630 740 quem
1647 712 1696 732 vos

903 757 1026 784 adoratis
1039 764 1204 790 suspensum
1216 756 1227 782 ?
1237 759 1358 782 attamen
1371 754 1434 781 audi
1449 761 1511 780 cum
1527 751 1693 779 attentione.

904 801 957 829 Sed
971 801 1054 828 dicite
1073 801 1159 827 mihi:
1176 801 1375 827 crucilixerttul
1395 803 1487 834 patres
1503 797 1586 824 vestri
1599 804 1697 831 quem-

903 846 966 874 datn
980 846 1148 880 appellatum
1168 845 1262 872 Jesum
1284 844 1448 871 Christum?
1467 843 1503 870 ita
1517 850 1551 868 an
1570 840 1646 868 non?
1663 841 1695 867 Et

903 893 1012 927 qualem
1027 891 1063 919 ob
1080 899 1190 918 causam
1214 889 1434 917 cruciﬁxeruut?
1451 888 1490 915 Eo
1505 887 1578 922 quod
1603 887 1694 922 legum

903 937 1021 964 violator
1032 940 1102 966 erat.
1118 940 1146 963 et
1163 935 1250 970 legem
1275 940 1303 961 et
1320 933 1440 960 Sabbata
1457 932 1596 959 abolehat.
1608 930 1642 958 Et
1661 931 1696 958 de

866 977 959 1018 Bquo
984 982 1172 1017 przedixcrunt
1189 980 1329 1016 propheta:
1358 983 1506 1005 venturum
1531 984 1592 1003 esse
1616 976 1694 1003 illum

903 1029 1035 1056 extremis
1048 1028 1147 1055 diebus
1162 1026 1350 1057 vendendum.
1362 1030 1390 1052 et
1399 1024 1495 1059 quanti
1506 1022 1693 1053 vendendum,

903 1075 936 1103 ad
954 1081 1072 1102 mortem
1094 1075 1177 1102 etiam
1193 1073 1364 1103 ducendum,
1378 1076 1405 1098 et
1421 1071 1448 1098 in
1462 1071 1538 1105 ligno
1549 1076 1649 1096 manus
1668 1073 1696 1095 et

903 1123 989 1157 pedes
1009 1123 1069 1157 ejus
1082 1122 1166 1148 clavis
1183 1119 1384 1155 transfigendos
1398 1125 1470 1148 esse.
1494 1122 1521 1144 et
1539 1120 1649 1144 acetum
1666 1120 1695 1142 et

903 1170 940 1197 fel
955 1173 1139 1204 gustaturutn,
1154 1172 1182 1194 et
1197 1167 1289 1193 lancea
1314 1163 1523 1200 perforandum.
1539 1162 1695 1196 malumque

903 1215 1109 1242 obscurandum
1125 1213 1206 1240 esse?
1217 1219 1307 1246 neque
1327 1209 1459 1245 possibile
1481 1213 1554 1235 esset
1572 1215 1626 1234 non
1641 1207 1694 1234 im-

906 1260 974 1296 pleri
989 1259 1075 1287 verba
1093 1258 1302 1293 prophetarum.
1315 1255 1387 1288 Quid
1410 1255 1468 1281 htec
1492 1253 1583 1280 omnia
1607 1251 1692 1286 signi-

906 1303 1006 1331 ﬁcant?
1020 1303 1046 1330 in
1063 1306 1158 1329 nostro
1174 1300 1284 1328 Christo
1300 1300 1370 1326 facta
1384 1302 1460 1329 sunt,
1481 1304 1546 1323 num
1563 1296 1589 1322 in
1602 1300 1694 1323 vestro

903 1350 1002 1378 Messia
1019 1348 1078 1375 ﬁeri
1094 1346 1218 1375 debent?
1234 1350 1261 1373 et
1272 1346 1294 1372 si
1307 1345 1335 1372 in
1356 1348 1449 1371 vestro
1461 1342 1558 1369 Messia
1573 1340 1631 1368 ﬂeri
1644 1340 1695 1367 tie-

904 1395 998 1426 beant,
1009 1401 1074 1421 ecce
1086 1398 1115 1420 et
1129 1401 1179 1419 vos
1193 1392 1219 1419 in
1236 1391 1376 1418 hominem
1392 1389 1553 1416 damnatum
1567 1385 1696 1421 speratis.

905 1441 934 1468 Si
948 1448 1014 1467 vero
1027 1440 1055 1466 in
1068 1443 1162 1466 nostro
1176 1438 1287 1465 Christo
1303 1436 1394 1463 omnia
1412 1435 1524 1470 impleta
1543 1437 1620 1464 sunt,
1630 1432 1696 1459 sub-

905 1486 1047 1514 mittentes
1062 1492 1111 1512 vos
1128 1483 1271 1520 veritatem
1285 1475 1428 1513 fatemini;
1441 1480 1484 1507 sin
1497 1483 1590 1506 autem
1604 1484 1695 1511 neque

905 1535 934 1561 in
949 1538 1045 1561 nostro
1061 1531 1183 1563 Christo;
1205 1537 1295 1564 neque
1324 1529 1351 1555 in
1373 1533 1467 1554 vestro
1495 1526 1603 1556 Mcssia,
1630 1532 1695 1559 pro-

906 1581 997 1616 phetae
1024 1586 1120 1607 omnes
1139 1576 1331 1608 mentiuntur;
1346 1573 1419 1609 quod
1446 1573 1468 1600 si
1492 1571 1589 1599 arctati
1611 1571 1697 1597 invite

906 1626 1031 1655 fatemini
1047 1629 1174 1652 nostrum
1188 1623 1329 1651 Christum
1351 1621 1449 1647 acerba
1465 1623 1552 1646 morte
1568 1626 1582 1645 a
1596 1616 1695 1643 vestris

905 1672 1032 1708 patribus
1044 1678 1145 1699 czesum
1160 1677 1221 1697 esse
1238 1672 1268 1695 ut
1285 1667 1491 1695 malefactorem
1507 1669 1535 1691 ct
1551 1663 1620 1699 legis
1636 1662 1696 1689 vio-

904 1720 1031 1750 latorem,
1046 1717 1194 1745 aﬂ'eramus
1213 1714 1374 1750 pophetas,
1385 1717 1413 1740 et
1431 1712 1576 1739 videmnus
1588 1717 1622 1736 an
1640 1716 1698 1735 ma-

904 1763 1064 1790 lefactorem
1083 1761 1205 1788 dixerint
1222 1765 1305 1794 quem
1317 1765 1367 1784 vos
1378 1754 1566 1784 crucifixistis.

873 1810 1037 1845 προφήτας,
1063 1807 1111 1834 καὶ
1139 1807 1239 1841 ἴδωμεν
1267 1805 1315 1831 ἐὰν
1336 1803 1489 1838 κακοῦργον
1520 1800 1621 1835 λέγωσι
1651 1798 1699 1825 τὸν

940 1902 1127 1930 Diciteautem
1142 1899 1222 1930 mihi,
1236 1898 1299 1933 quis
1308 1901 1350 1924 est
1367 1896 1393 1923 in
1409 1901 1482 1922 terra
1493 1893 1554 1921 sine
1565 1892 1699 1928 peccato?

904 1953 943 1980 et,
957 1953 986 1975 ut
1001 1947 1070 1974 dicit
1089 1945 1245 1979 Scriptura.
1262 1950 1344 1970 nemo
1359 1949 1448 1976 purus
1460 1940 1564 1974 absque
1578 1938 1697 1969 macula,

906 1994 1016 2022 tametsi
1051 1992 1133 2019 unius
1153 1990 1207 2018 diei
1225 1989 1280 2016 vita
1303 1989 1365 2023 ejus
1387 1987 1434 2018 sit,
1454 1993 1536 2013 nemo
1555 1989 1629 2012 certe
1644 1983 1697 2010 nisi

905 2040 981 2067 solus
993 2039 1064 2066 Deus
1073 2038 1093 2064 ’.
1104 2037 1256 2064 Audiamus
1267 2041 1342 2061 nunc
1352 2032 1419 2067 quid
1430 2032 1465 2059 de
1478 2036 1576 2058 nostro
1586 2030 1698 2057 Christo

906 2082 1027 2118 patiente
1044 2081 1129 2108 Isaias
1143 2080 1236 2107 dicat:
1260 2086 1270 2103 ι
1290 2077 1434 2111 Tanquam
1451 2075 1511 2101 ovis
1527 2073 1561 2101 ad
1578 2074 1698 2100 occisio-

906 2137 968 2156 nem
980 2128 1081 2155 ductus
1098 2130 1151 2156 est,
1165 2130 1194 2153 et
1207 2130 1337 2159 tanquam
1356 2129 1444 2157 agnus
1455 2128 1550 2148 coram
1564 2119 1698 2147 tondente

906 2182 936 2202 se
949 2175 1160 2203 obmutescens;
1173 2176 1287 2206 propter
1298 2174 1407 2204 peccata
1421 2166 1514 2202 populi
1528 2165 1581 2192 mei
1598 2165 1698 2192 ductus

906 2223 949 2247 est
962 2219 996 2246 ad
1012 2223 1145 2249 mortem;
1166 2222 1194 2244 et
1208 2215 1280 2243 dabo
1295 2213 1394 2248 impios
1406 2220 1457 2248 pro
1472 2211 1615 2246 sepultura
1627 2210 1697 2245 ejus.

906 2270 935 2293 et
949 2265 1051 2292 divites
1064 2271 1114 2298 pro
1126 2266 1215 2290 morte
1229 2261 1307 2296 ejus;
1319 2266 1353 2285 eo
1365 2257 1439 2293 quod
1455 2256 1630 2290 iniquitatem
1643 2263 1698 2282 non

873 2308 894 2336 Ι)
908 2311 1015 2341 fecerit.
1031 2317 1121 2344 neque
1139 2308 1269 2334 inventus
1295 2306 1332 2332 sit
1349 2304 1429 2331 dolus
1454 2303 1480 2330 iu
1510 2309 1558 2329 ore
1574 2302 1660 2336 ejus'.
1687 2310 1696 2326 ι

907 2359 979 2393 Ergo
993 2363 1085 2384 nonne
1101 2354 1210 2382 tandem
1230 2360 1280 2379 vos
1303 2351 1410 2386 pudet?
1427 2358 1461 2377 en
1480 2348 1624 2376 manifeste
1638 2355 1700 2382 pcr-

906 2392 1003 2430 sonam
1037 2401 1108 2428 male
1139 2399 1230 2434 agitis.
1272 2397 1360 2424 Dicite
1389 2395 1465 2423 enim
1494 2401 1544 2421 vos
1579 2397 1608 2419 ιιι
1631 2392 1700 2427 legis

906 2449 1070 2476 violatorem
1098 2444 1269 2473 crucilixisse
1298 2450 1381 2478 quem
1411 2441 1546 2476 propheta
1562 2439 1629 2466 dicit
1645 2439 1699 2465 ini-

906 2496 1040 2530 quitatem
1060 2501 1114 2520 non
1138 2491 1247 2519 fecisse.
1273 2490 1306 2517 Et
1324 2496 1387 2516 cum
1406 2495 1488 2515 nemo
1504 2486 1565 2513 sine
1587 2489 1701 2520 peccato

908 2545 952 2568 est
970 2536 1070 2575 p'rzeter
1088 2538 1177 2566 solum
1199 2537 1297 2565 Deum.
1314 2535 1429 2561 evidens
1443 2537 1486 2560 est
1500 2532 1586 2559 Deum
1604 2538 1700 2557 verum

909 2594 970 2614 esse
983 2593 1065 2620 quem
1080 2592 1129 2611 vos
1145 2582 1340 2611 crucitixistis;
1357 2579 1531 2613 iniquitatem
1547 2576 1621 2603 enim
1645 2582 1701 2601 non

908 2619 1091 2665 fecitpnequc
1109 2629 1238 2656 inventus
1258 2630 1298 2653 est
1315 2625 1396 2652 dolus
1412 2624 1439 2650 in
1453 2631 1501 2649 ore
1516 2622 1587 2656 ejus.
1603 2619 1701 2646 Videa-

909 2683 972 2704 mus
994 2681 1087 2703 autcm
1113 2673 1179 2708 quid
1208 2676 1339 2708 praeterea
1364 2669 1507 2705 prophetae
1533 2667 1566 2693 de
1591 2665 1701 2692 Christo

909 2726 1004 2749 nostro
1030 2727 1111 2756 passo
1133 2719 1246 2750 dicant;
1273 2722 1365 2743 utrum
1389 2721 1517 2748 tanquam
1542 2711 1701 2738 malefacto-

910 2776 978 2799 rem,
992 2776 1027 2794 au
1041 2773 1172 2801 tanquam
1187 2764 1333 2792 Dominum
1360 2761 1483 2788 iudicmt
1505 2757 1602 2784 illum?
1623 2753 1700 2781 brevi

907 2814 981 2841 enim
997 2812 1177 2840 multitudine
1189 2809 1386 2845 prophetarum
1401 2802 1590 2833 movebimini.
1601 2805 1629 2827 et
1640 2804 1700 2826 tan-

908 2861 970 2887 dem
996 2867 1046 2887 vos
1070 2857 1184 2893 pudebit
1203 2859 1297 2883 contra
1317 2847 1456 2881 Christum
1475 2855 1503 2877 et
1525 2846 1698 2876 Christianos
