1980 3188
278 201 344 232 1217

876 207 906 235 S.
928 206 1128 236 ANASTASII
1149 207 1314 237 SlNAITrE

1845 205 1914 239 1248

274 257 388 291 gamini.
414 258 510 286 Nonne
526 267 540 289 ε
562 259 674 288 Perside
691 261 717 288 in
735 261 906 289 Palmstinam
922 262 1066 290 devenisse

1121 264 1183 298 ὑμῖν
1204 263 1289 290 ταῦτα
1313 263 1439 298 λέγομεν,
1457 264 1509 291 κᾶν
1522 263 1633 299 κρύὸειν
1650 263 1697 298 τὴν
1711 263 1843 296 amna-.1.
1861 265 1915 291 ὑπὸ

275 303 366 338 Magos
388 304 534 333 audivistis
547 306 642 333 divino
656 307 743 334 stella:
761 308 875 334 oraculo
893 307 1002 339 ductos.
1019 308 1066 343 qui

274 349 413 377 Christum
427 351 576 380 adorantes
591 350 662 381 dona
686 353 876 389 protulerunt?
888 361 950 380 cum
965 354 1067 389 quibus

276 395 358 421 vestri
382 397 558 424 sacerdotum
576 399 717 434 principes
738 399 772 426 ab
791 399 899 426 Herode
917 404 983 427 tunc
1002 409 1065 435 rege

276 440 437 477 interrogati
451 452 457 469 :
476 443 574 476 Dicite,
593 444 638 471 ubi
656 444 782 472 Christus
796 445 936 472 nascitur?
950 453 1065 480 respon-

276 485 394 513 derunt:
412 488 440 514 ln
459 487 598 515 Bethleem
612 489 723 517 civitate
742 489 853 522 Judaeze,
878 495 907 517 ιιι
923 491 1066 525 propheta:

275 534 386 567 dicunt;
413 536 450 563 ita
477 541 507 562 ut
537 535 669 568 Herodes,
699 536 802 563 invidia
823 536 962 563 nascentis
981 536 1064 571 regis,

276 585 381 608 tantum
411 589 559 617 puerorum
587 582 756 609 occisionem
790 581 913 617 jusserit.
944 582 1065 609 Joannes

276 625 397 661 Baptista
419 635 510 654 nonne
532 636 565 655 ex
584 628 687 655 Iudaeis
706 627 812 654 oritur?
838 628 872 654 ad
900 635 982 662 quem
999 632 1065 655 tunc

276 672 412 699 miserunt
433 673 518 700 vestri
537 678 628 708 patres
651 674 854 708 interrogantes
883 678 977 700 utrum
994 679 1066 701 esset

275 717 412 750 Christus,
425 724 453 746 et
465 719 535 746 dixit
549 727 555 746 :
572 728 581 745 ι
599 719 659 747 Non
671 728 733 746 sum
743 727 810 755 ego;
831 730 840 745 ι
855 719 902 746 sed
918 720 1068 747 ostendens

277 762 331 789 illis
346 763 486 790 Christqu
507 764 575 791 dixit
590 773 596 791 :
616 773 625 790 ε
642 764 692 792 llic
709 768 752 791 est
766 772 853 799 agnus
870 764 917 791 Dei
934 764 982 799 qui
996 764 1068 791 tollit

277 813 419 842 peccaturi:
440 809 535 836 mundi
559 811 591 836 ".
609 819 618 835 ι

1121 309 1171 344 τῆς
1185 310 1330 344 συνηθείαις
1344 309 1544 343 ἁναγκάζεσθε·
1567 310 1630 341 τοὺς
1644 308 1697 335 ἀπὸ
1718 310 1765 344 τῆς
1782 309 1916 345 Περσίδος

1121 354 1168 380 ἐπὶ
1184 354 1233 389 τὴν
1252 354 1434 390 Παλαιστίνην
1449 355 1621 391 περάσαντας
1637 355 1748 388 Μάγους
1760 354 1809 380 οὐκ
1831 355 1916 387 τραύ-

1122 408 1185 426 σατε
1198 400 1230 426 ὲκ
1244 399 1319 431 θείας
1334 401 1511 435 χρησμῳδίας
1527 402 1596 435 μετᾶ
1614 400 1729 434 ἀστέρος
1749 401 1915 435 ἀγομένους,

1120 445 1145 472 οἳ
1170 445 1209 480 τῷ
1234 445 1344 481 Χριστῷ
1365 447 1602 481 προσκυνήσαντες
1623 445 1697 481 δῶρα
1719 447 1913 482 προσήγαγον;

1123 491 1184 526 μεθ’
1200 489 1237 519 ὧν
1263 492 1289 518 οι
1311 492 1371 518 τότε
1395 492 1472 527 ὑμῶν
1490 493 1628 528 ὰρχιερείς
1655 491 1695 527 τῷ
1723 492 1783 518 τότε
1807 490 1916 526 βασιλεῖ

1127 536 1235 573 Ἡρώδῃ
1248 537 1435 572 συντυχόντες,
1452 536 1524 564 εἴπεο
1541 537 1594 564 Ποῦ
1614 538 1628 563 6
1640 536 1758 572 Χριστὸς
1770 537 1916 570 γεννᾶται;

1121 582 1168 609 καὶ
1178 580 1254 609 εἷπον
1270 584 1358 619 αὐτῷ·
1373 584 1416 610 Ἐν
1428 582 1553 618 Βηθλεὲμ.
1566 583 1599 618 τῇ
1613 582 1690 609 πόλει
1707 582 1756 617 τῆς
1771 581 1913 613 Ἰουδαίας,

1121 627 1212 659 καθὼς
1226 628 1251 654 οἱ
1263 630 1401 665 προφῆται
1415 628 1540 662 λέγουσιν
1553 636 1559 643 ·
1579 627 1616 657 ὡς
1626 627 1673 654 καὶ
1688 627 1852 662 ζηλώσαντα
1869 627 1914 653 τὸν

1127 673 1253 708 Ἡρώδην
1279 673 1327 709 τὴν
1347 675 1515 708 ἁναφυεῖσαν
1541 672 1691 708 βασιλείαν,
1709 672 1760 707 τὴν
1776 671 1914 706 τοσαύτην

1122 719 1322 755 παιδοσφαγίαν
1351 719 1528 756 ποιήσασθαι.
1566 719 1694 754 Ἰωάννης
1718 719 1732 745 ὁ
1757 719 1913 754 Βαπτιστὴς

1122 766 1172 792 οὐκ
1194 766 1223 799 ἐξ
1244 766 1378 793 Ἰουδαίων
1398 767 1564 800 mehe-rat;
1588 764 1656 800 πρδς
1685 764 1716 790 ὃν
1737 764 1913 791 ἀπέσταλκαν

1121 811 1182 838 τότε
1196 813 1221 838 οἱ
1237 812 1354 847 πατέρες
1366 812 1444 847 ὑμῶν
1457 811 1612 846 ἐρωτῶντες
1623 811 1646 837 εἰ
1661 809 1743 840 αὐτὸς
1756 810 1771 836 6
1784 809 1912 844 Χριστδς,

277 855 322 882 καὶ
340 853 426 883 εἶπεν*
447 866 456 882 ι
473 857 530 883 Οὐκ
545 858 604 892 είμὶ
620 856 683 891 ὲγώ⁴
697 867 706 883 ›
724 857 791 883 ἀλλὰ
809 857 900 890 δείξας
913 857 1006 889 αὐτοῖς
1020 857 1067 883 τὸν
1084 857 1201 893 Χριστὸν
1217 856 1294 885 εἶπεν
1308 866 1315 872 ·
1332 867 1341 883 ι
1369 855 1454 889 Οὗτός
1487 858 1560 883 ἐστιν
1587 857 1601 882 6
1625 856 1711 891 ἀμνὸς
1748 854 1796 881 τοῦ
1817 854 1885 881 Θεοῦ
1899 856 1911 881 6

276 902 363 938 αἴρων
378 903 426 938 τὴν
444 904 580 938 ἁμαρτίαν
597 903 643 929 τοῦ
658 904 772 937 κόσμου.
793 914 801 930 ι

311 948 447 976 Praeterea
462 947 627 976 Nicodemus
652 950 781 985 princeps
798 955 901 982 vester,
920 954 947 978 et
965 950 1066 978 Natha-

1156 949 1257 976 Λοιπὸν
1275 950 1431 985 Νικόδημος
1446 951 1460 976 ὁ
1476 950 1568 985 ἄρχων
1581 948 1670 984 ὑμῶν,
1687 949 1735 975 καὶ
1754 947 1911 982 Ναθαναὴλ·

276 994 348 1026 nacl,
365 998 391 1020 et
405 994 507 1029 Ioseph
528 994 562 1021 ab
575 994 751 1026 Arimatliaza,
769 1000 797 1022 et
816 996 894 1023 Bizcs
903 1001 932 1023 et
950 997 1067 1024 Alexan-

275 1039 335 1071 der,
352 1039 399 1075 qui
424 1047 487 1067 cum
515 1040 575 1075 ipso
587 1041 769 1068 comederunt
786 1041 813 1069 in
828 1042 932 1077 nuptiis
948 1042 1068 1070 Simonis

276 1085 392 1119 Galilaai,
417 1094 481 1113 cum
503 1093 603 1120 aquam
627 1087 655 1113 in
672 1087 766 1114 vinum
789 1088 921 1120 mutavit;
944 1088 1068 1116 seniores

276 1133 322 1166 qui
347 1138 377 1160 ut
396 1133 477 1169 legati
496 1141 511 1161 a
532 1133 698 1162 centurione
716 1133 792 1161 missi
804 1139 868 1161 sunt
884 1139 997 1169 propter
1009 1135 1069 1170 ejus

277 1179 363 1206 lilium
387 1179 565 1215 deprecaturi
592 1189 642 1216 pro
670 1181 750 1208 istius
779 1181 886 1213 salute;
903 1181 1007 1216 Dignus
1027 1186 1068 1209 est

275 1226 360 1259 enim,
385 1226 526 1260 dicebant,
544 1228 591 1263 qui
607 1228 660 1256 hoc
673 1228 823 1263 prazstabit.
839 1236 901 1255 nam
916 1233 988 1256 amat
1002 1236 1069 1263 gen-

277 1276 344 1305 tem,
371 1277 398 1300 et
429 1281 595 1309 synagogam
619 1275 678 1309 ipse
704 1274 851 1302 aediﬁcavit
878 1275 973 1308 nobis;
1002 1276 1068 1303 item

277 1318 369 1352 regius
393 1318 444 1345 iste
471 1319 619 1353 proconsul
647 1319 734 1346 frater
757 1319 823 1348 Iairi
848 1320 1067 1356 archisynagogi,

276 1363 356 1397 cujus
383 1363 471 1390 [ilium
495 1372 593 1391 sanum
628 1365 704 1398 fecit,
734 1365 817 1393 istius
838 1374 950 1401 quoque
977 1367 1068 1394 Iairus

277 1407 363 1434 frater
394 1408 559 1443 deprecatus
584 1410 673 1442 illum,
700 1411 748 1446 qui
776 1410 859 1438 ﬁliam
887 1411 1030 1439 suscitavit
1053 1420 1068 1439 e

277 1455 411 1488 mortuis;
441 1455 560 1490 Caiphas
588 1460 655 1484 tunc
679 1462 770 1484 vester
790 1465 915 1485 summus
943 1457 1069 1486 Pontifex

276 1498 324 1533 qui
351 1500 516 1527 consulebat
532 1508 616 1527 unum
632 1501 771 1529 hominem
789 1502 871 1535 mori,
887 1511 921 1529 ne
940 1502 1069 1529 universa

275 1551 345 1578 gens
371 1546 492 1580 periret;
509 1546 588 1582 pueri
605 1547 688 1574 vestri
715 1548 868 1575 clamantes
887 1556 894 1575 :
914 1557 922 1574 ι
941 1548 1069 1575 Hosanna

276 1588 346 1616 Filio
371 1590 467 1622 David,
487 1591 661 1623 benedictus.
678 1593 726 1627 qui
752 1593 829 1620 venit
846 1594 873 1620 in
889 1594 999 1621 nomine
1013 1594 1065 1620 Do-

277 1633 356 1666 mini.
380 1643 427 1662 rex
444 1635 527 1663 Israel
542 1637 580 1670 ’°;
599 1646 608 1662 ι
628 1637 713 1665 Iudas
728 1638 884 1673 discipulus
904 1639 948 1666 cui
966 1643 1068 1666 statuta

277 1683 342 1706 sunt
370 1681 483 1716 triginta
506 1687 636 1718 argentea
663 1688 693 1711 ut
720 1684 797 1711 illum
822 1685 902 1712 vobis
929 1685 1068 1719 traderet;

278 1725 381 1753 milites
401 1727 504 1761 quibus
525 1728 643 1755 dedistis
664 1737 802 1761 nummos,
824 1734 855 1756 ut
881 1730 1007 1758 dicerent
1022 1739 1069 1758 ve—

277 1772 351 1798 nisse
363 1772 515 1807 discipulos
530 1773 603 1800 illius
623 1779 703 1801 nocte
722 1780 750 1802 et
765 1776 862 1804 tulisse
882 1776 970 1810 illum,
990 1777 1070 1805 nobis

278 1817 504 1852 dormientibus;
527 1819 664 1854 Iosephus
687 1821 806 1856 scriptor
825 1826 929 1852 vester.
954 1823 1002 1858 qui
1036 1824 1070 1851 de

277 1863 389 1891 Christo
412 1864 492 1897 dixit,
508 1865 598 1893 virum
611 1867 715 1901 justum
730 1871 760 1895 et
778 1868 881 1895 bonum
897 1869 990 1896 divina
1006 1877 1070 1905 gra-

279 1909 315 1936 tia
336 1910 504 1938 declaratum
521 1919 594 1944 esse,
619 1913 705 1948 signis
718 1918 746 1940 et
762 1914 905 1942 miraculis
920 1915 946 1942 in
968 1916 1070 1944 multos

278 1955 510 1983 benefacientem.
525 1955 619 1992 Cujus,
633 1958 786 1985 secundum
804 1959 979 1994 prophetam,
1000 1961 1071 1988 divi-

278 2005 374 2027 serunt
386 2002 549 2029 vestimenta
563 2007 591 2030 et
605 2007 707 2030 sortem
721 2004 871 2032 miserunt?
883 2006 962 2041 cujus
973 2014 1071 2034 manus

278 2050 306 2072 et
328 2045 412 2080 pedes
435 2046 580 2074 foderunt?
606 2047 692 2080 Quem
719 2053 798 2076 aceto
826 2054 854 2077 et
875 2050 938 2078 felle
955 2056 1070 2086 potave-

279 2095 344 2119 runt
371 2092 399 2119 in
429 2092 473 2120 siti
499 2092 575 2121 illius
598 2094 633 2122 de
656 2103 739 2122 cruce
765 2096 932 2131 pendentis?

313 2224 352 2252 De
369 2233 425 2260 quo
438 2225 508 2252 dixit
520 2226 626 2262 Moyses
644 2235 650 2254 :
670 2236 680 2252 ί
698 2226 835 2255 Videbitis
849 2227 934 2255 vitam
951 2233 1070 2256 vestram

278 2276 342 2298 ante
359 2277 464 2299 vestros
480 2273 577 2300 oculos
592 2273 771 2308 pendentem,
787 2278 815 2301 et
834 2283 888 2301 non
905 2275 1045 2302 credetis?
1057 2285 1066 2301 ι

278 2316 347 2344 Nam
366 2318 387 2344 si
404 2318 555 2346 crederetis
566 2319 661 2355 Moysi,
676 2320 831 2348 crederetis
844 2321 927 2348 etiam
942 2321 1066 2349 Christo.

280 2362 393 2394 Verum,
420 2363 492 2390 sicut
518 2371 574 2391 non
602 2365 752 2392 voluerunt
769 2365 808 2392 illi
832 2365 994 2394 obedientcs
1009 2366 1068 2394 fieri

279 2412 371 2442 patres
383 2408 477 2441 vestri,
491 2409 538 2436 sed
554 2410 715 2444 repulerunt
726 2415 754 2438 et
764 2413 889 2440 conversi
906 2417 973 2440 sunt
985 2414 1069 2442 corde

278 2461 330 2481 suo
351 2454 379 2481 in
393 2454 550 2490 Aigv'ptum,
569 2456 694 2484 dicentes
710 2457 821 2484 Aaron:
841 2458 895 2485 Fac
912 2459 993 2486 nobis
1003 2459 1070 2487 deos

278 2501 326 2536 qui
342 2502 499 2536 przecedant
512 2511 578 2533 nos;
593 2503 678 2539 Moysi
692 2503 766 2531 enim
786 2504 832 2531 isti
845 2504 893 2538 qui
911 2505 1006 2532 eduxit
1020 2513 1071 2533 nos

278 2555 294 2574 e
316 2551 388 2575 terra
410 2547 530 2584 (Egypti,
544 2550 682 2576 nescimus
697 2549 763 2585 quid
787 2550 938 2583 acciderit;
951 2555 979 2579 et
998 2551 1071 2580 fece-

279 2598 345 2620 runt
359 2594 475 2621 vitulum
501 2594 528 2622 in
549 2594 648 2622 diebus
675 2595 730 2622 illis
750 2600 778 2622 et
791 2595 967 2624 adduxerunt
983 2597 1070 2624 sacri-

280 2639 340 2666 ﬁcia
362 2639 445 2670 idolo.
464 2645 492 2668 et
515 2641 598 2669 laetati
625 2646 689 2669 sunt
718 2641 746 2668 in
774 2643 907 2677 operibus
937 2651 1068 2670 manuum

278 2692 402 2712 suarum.
428 2686 492 2713 lllos
514 2691 606 2714 autem
630 2687 714 2715 vertit
738 2687 813 2714 Deus
828 2691 858 2715 et
881 2688 995 2715 tradidit
1009 2689 1069 2716 illos

279 2735 309 2757 ut
328 2731 466 2760 servirent
487 2733 592 2761 militiae
620 2734 683 2761 (εωιί
708 2734 749 2767 ";
769 2737 799 2761 ut
821 2734 954 2769 scriptum
971 2739 1014 2762 est
1041 2735 1068 2762 in

280 2775 352 2803 tibro
365 2777 565 2812 Prophetarum
581 2787 588 2805 :
607 2788 616 2804 ι
634 2779 694 2806 Non
709 2778 913 2806 immolationes
929 2783 957 2806 et
984 2779 1070 2806 sacri-

280 2820 342 2850 ﬁcia
357 2823 497 2852 obtulislis
511 2825 577 2852 mihi
601 2826 682 2853 annis
694 2825 878 2861 quadraginta
902 2825 929 2853 in
947 2825 1068 2857 deserto,

1120 998 1167 1024 καὶ
1184 997 1282 1033 Ἰωσὴφ
1292 998 1306 1024 ὁ
1320 997 1368 1024 ἀπ’
1386 997 1558 1032 Ἀριμαθίας,
1572 996 1620 1022 καὶ
1637 996 1720 1030 Βιζῆς
1740 995 1788 1022 καὶ
1800 994 1911 1027 δ’Δλέξ-

1122 1043 1231 1078 ανδρος,
1252 1043 1276 1069 οἳ
1305 1044 1353 1070 καὶ
1370 1043 1522 1077 συνέφαγον
1537 1041 1610 1076 αὐτῷ
1626 1042 1655 1068 ὲν
1673 1041 1713 1076 τῷ
1727 1041 1811 1076 γάμῳ
1824 1040 1911 1076 Σίμω-

1120 1098 1164 1121 νος
1183 1089 1230 1115 τοῦ
1243 1089 1396 1121 Γαλιλαίου,
1411 1090 1439 1115 ὲν
1453 1086 1475 1123 ᾧ
1497 1089 1543 1115 καὶ
1559 1089 1589 1114 τὸ
1605 1087 1679 1123 ὕδωρ
1695 1088 1735 1119 εὶς
1753 1085 1827 1113 οἶνον
1849 1094 1911 1121 μετ-

1120 1135 1236 1163 έϐαλεν·
1272 1136 1295 1161 oi
1310 1134 1491 1171 πρεσϐύτερδι
1515 1135 1539 1161 οἱ
1563 1135 1610 1161 ἐπὶ
1634 1133 1785 1170 πρεσϐείαν
1804 1133 1851 1160 διὰ
1868 1133 1912 1159 τὸν

1120 1182 1204 1208 παῖδα
1218 1181 1266 1208 τοῦ
1283 1181 1482 1217 ἑκατοντάρχου
1503 1181 1548 1207 ὑπ’
1564 1179 1647 1207 αὑτοῦ
1672 1179 1820 1211 σταλέντες
1834 1178 1912 1206 σκυλ-

1119 1227 1198 1262 λῆναι
1212 1227 1294 1254 αὐτὸν
1302 1227 1346 1253 διὰ
1356 1227 1405 1262 τὴν
1417 1226 1555 1261 σωτηρίαν
1566 1225 1659 1257 αὑτοῦ,
1673 1225 1766 1258 Ἄξιος
1775 1226 1831 1261 γάρ
1844 1226 1912 1255 ἐστι,

1120 1270 1214 1305 φασὶν,
1232 1271 1246 1297 ὃ
1272 1270 1386 1306 παρέξει
1413 1271 1510 1302 τοῦτο,
1525 1270 1621 1304 ἀγαπᾷ
1639 1269 1694 1305 γὰρ
1713 1270 1744 1295 τὸ
1766 1269 1844 1300 ἔθνος
1867 1270 1911 1295 καὶ

1119 1317 1168 1352 τὴν
1183 1317 1342 1352 συναγωγὴν
1356 1316 1437 1348 αὐτὸς
1450 1315 1626 1352 ᾠκοδόμησεν
1640 1315 1718 1349 ὕμῖν⁹
1744 1314 1759 1339 6
1773 1314 1912 1350 βασιλικὸς

1119 1363 1133 1388 6
1153 1362 1307 1393 ἀνθύπατος
1327 1363 1341 1387 6
1356 1361 1470 1396 ἁδελφὸς
1489 1360 1604 1396 Ἰαείρου
1625 1359 1672 1387 τοῦ
1683 1360 1911 1395 ἀρχισυναγώγου

1119 1405 1150 1434 οὗ
1165 1407 1210 1434 τὸν
1225 1407 1284 1434 υἱδν
1300 1407 1363 1441 ὑγιῆ
1381 1407 1504 1441 εποίησε,
1520 1407 1534 1432 ὀ
1552 1407 1648 1432 τούτου
1663 1405 1779 1440 ἁδελφὸς
1799 1405 1912 1438 Ἰάειρος

1120 1452 1316 1487 παρακαλέσας
1334 1451 1415 1478 αὐτὸν
1445 1451 1492 1478 καὶ
1512 1450 1562 1487 τὴν
1588 1450 1728 1486 θυγατέρα
1753 1451 1867 1486 ἤγειρεν
1881 1451 1912 1477 ἐκ

1121 1498 1236 1533 νεκρῶψ
1257 1498 1388 1532 Καϊάφας
1402 1499 1416 1524 ὁ
1428 1498 1488 1524 τότε
1507 1498 1654 1532 ἀρχιερεὺς
1672 1496 1749 1532 ὑμῶν
1763 1498 1777 1523 6
1793 1497 1912 1531 συμδου-

1120 1544 1220 1576 λεὺσας
1244 1544 1292 1570 ἕνα
1317 1543 1462 1578 ἄνθρωπον
1488 1543 1636 1570 ἀποθανετν
1663 1541 1713 1569 καὶ¹
1735 1541 1774 1578 μὴ
1800 1542 1863 1569 ὅλον
1882 1542 1910 1568 τὸ

1121 1589 1197 1620 ἔθνος
1213 1589 1372 1616 ἀπολέσθαι·
1394 1587 1423 1616 οἱ
1437 1588 1529 1620 παῖδες
1544 1588 1622 1623 ὑμῶν
1636 1588 1661 1614 οι
1674 1587 1736 1614 τότε
1751 1586 1909 1623 βοήσαντες,

1083 1623 1105 1652 c
1126 1643 1134 1659 ι
1153 1634 1268 1660 Ὡσαννὰ
1278 1634 1317 1669 τῷ
1333 1634 1385 1668 υἰῷ
1394 1634 1486 1666 Δαόὶδ,
1499 1633 1683 1669 εὐλογημένος
1699 1633 1713 1659 6
1723 1632 1872 1668 ἐρχόμενος
1885 1633 1909 1658 ὲν

1121 1680 1232 1715 ὀνόματι
1248 1679 1351 1715 Κυρίου
1371 1679 1496 1715 βασιλεὺς
1513 1678 1561 1705 τοῦ
1585 1678 1722 1714 Ἰσραήλ.»
1746 1678 1776 1705 '0
1789 1678 1910 1713 μαθητὴς

1127 1726 1227 1758 Ἰούδας
1248 1727 1277 1758 ὃς
1292 1727 1427 1761 ἐστήσατο
1446 1725 1595 1761 τριάκοντα
1617 1725 1740 1760 ἀργύρια
1761 1724 1806 1751 τνα
1833 1723 1910 1751 αὑτὸν

1121 1772 1279 1807 παραδώσει
1295 1772 1370 1806 ὑμῖν·
1395 1771 1420 1798 οι
1436 1771 1601 1807 στρατιῶται
1618 1767 1660 1802 οἷς
1672 1771 1794 1797 ἐδώκατε
1810 1770 1846 1797 τὰ
1861 1770 1909 1804 ἁρ-

1121 1818 1203 1852 γύρια
1220 1817 1290 1844 ὥστε
1313 1818 1400 1843 εἰπεῖν
1413 1817 1454 1843 ὃτι
1472 1817 1504 1843 οι
1521 1816 1642 1851 μαθηταὶ
1660 1815 1743 1842 αὑτοῦ
1758 1815 1858 1845 νυκτὸς
1869 1814 1910 1841 ἐλ-

1122 1863 1213 1894 θόντες
1231 1863 1348 1898 ἔκλεψαν
1369 1863 1449 1889 αὑτὸν
1465 1862 1544 1898 ἡμῶν
1567 1861 1763 1898 κοιμωμένων
1782 1861 1910 1896 Ἰώσηπος

1121 1910 1135 1935 ὀ
1154 1908 1332 1943 συγγραφεὺς
1351 1907 1429 1943 ὑμῶν
1441 1907 1470 1939 ὃς
1485 1907 1579 1942 εἴρηκε
1597 1907 1660 1941 περὶ
1677 1905 1798 1942 Χριστοῦ
1815 1905 1910 1939 λέγων,

1121 1955 1218 1991 ἀνδρὸς
1238 1955 1343 1982 δικαίου
1370 1954 1418 1980 καὶ
1442 1953 1546 1988 ἀγαθοῦ
1563 1954 1595 1980 ὲκ
1616 1953 1692 1985 θείας
1716 1952 1829 1987 χάριτος
1850 1951 1910 1978 ἀνα-

1120 2001 1282 2036 δειχθέντος,
1299 2000 1423 2035 σημείοις
1439 1999 1488 2025 καὶ
1501 1998 1614 2034 τέρασιν
1624 1996 1835 2033 εὐεργετοῦντος
1850 1996 1912 2023 πολ-

1120 2047 1192 2078 λούς.
1204 2047 1283 2077 Τίνος
1298 2046 1369 2072 κατὰ
1382 2045 1430 2072 τὸν
1445 2046 1589 2080 προφήτην
1603 2044 1792 2080 διεμερίσαντο
1803 2044 1840 2069 τα
1851 2042 1911 2078 ἱμᾶ-

1120 2104 1165 2121 τια
1178 2095 1225 2121 καὶ
1239 2094 1334 2121 ἔϐαλον
1349 2094 1466 2129 κλῆρον;
1481 2093 1555 2124 τίνος
1571 2093 1665 2128 χεῖρας
1681 2091 1729 2118 καὶ
1743 2090 1830 2122 πόδας
1843 2090 1911 2124 ὠρυ-

1122 2141 1169 2174 ξαν
1178 2150 1185 2174 ;
1194 2141 1251 2167 τίνα
1265 2141 1325 2174 ὅξος
1337 2140 1385 2167 καὶ
1393 2139 1473 2175 χολὴν
1482 2139 1614 2166 ὲπότισαν
1626 2139 1665 2170 εἰς
1677 2138 1727 2173 τὴν
1735 2137 1817 2173 δίψαν
1832 2134 1911 2164 αὐτοῦ

1121 2187 1166 2214 ἐπὶ
1182 2187 1300 2222 σταυροῦ
1318 2186 1492 2222 κρεμαμένου
1504 2194 1512 2218 ;

1157 2233 1224 2268 Περὶ
1237 2233 1308 2264 τίνος
1321 2232 1349 2258 δὲ
1359 2229 1419 2258 εἷπε
1430 2230 1552 2265 Μωῡσῆς
1563 2231 1605 2258 ὃτι
1620 2239 1629 2256 ί
1641 2230 1760 2265 Ὀψεσθε
1777 2229 1828 2266 τὴν
1843 2228 1910 2264 ζωὴν

1123 2278 1199 2314 ὑμῶν
1214 2277 1392 2313 κρεμαμένην
1417 2277 1549 2304 ἀπέναντι
1574 2276 1629 2303 τῶν
1655 2275 1805 2310 ὀφθαλμῶν
1819 2275 1905 2311 ὑμῶν,

1122 2324 1168 2351 καὶ
1182 2324 1211 2351 οὺ
1229 2323 1265 2359 μὴ
1281 2323 1459 2354 πιστεύσετες
1476 2331 1485 2348 ι
1501 2321 1573 2349 ὥστε
1588 2323 1613 2348 εἰ
1624 2321 1782 2348 ἐπιστεύετε
1795 2321 1907 2356 Μωῦσῇ,

1118 2369 1278 2395 ἐπιστεύετε
1296 2368 1328 2394 ἂν
1347 2368 1396 2394 καὶ
1415 2367 1454 2402 τῷ
1467 2366 1589 2402 Χριστῷ·
1606 2367 1663 2394 ἀλλ’
1679 2366 1775 2401 ὥσπερ
1786 2368 1839 2393 οὐκ
1853 2365 1910 2401 ἠθέ-

1116 2415 1202 2448 λησαν
1214 2412 1289 2448 αὐτῷ
1301 2412 1417 2447 ὑπήκοοι
1433 2411 1560 2446 γενέσθαι
1574 2412 1600 2438 οἱ
1613 2411 1731 2447 πατέρες
1743 2411 1834 2446 ὐμῶν,
1847 2410 1909 2438 ἀλλὰ

1119 2459 1265 2486 ἀπώσαντο
1279 2458 1328 2485 καλ⁵
1342 2458 1560 2494 ἀπεστράφησαν
1585 2458 1618 2493 τῇ
1647 2457 1747 2493 καρδίᾳ
1763 2457 1857 2484 αὐτῶν
1872 2457 1909 2487 είς

1120 2506 1266 2540 Αἴγυπτον,
1285 2504 1408 2535 εἰπόντες
1421 2504 1461 2539 τῷ
1478 2503 1593 2540 Ἀαρὼν,
1612 2503 1729 2537 Ποίησον
1747 2504 1813 2538 ἡμῖν
1836 2503 1908 2533 θεοὺς

1121 2551 1145 2577 οἳ
1169 2549 1406 2585 προπορεύσονται
1433 2549 1513 2584 ἡμῶν
1525 2557 1532 2564 ·
1558 2549 1572 2575 6
1587 2549 1641 2584 γὰρ
1658 2548 1778 2583 Miami};
1792 2544 1871 2579 οὗτος
1882 2547 1908 2578 6;

1119 2597 1254 2631 ἐξήγαγεν
1268 2596 1340 2630 ἡμᾶς
1352 2595 1384 2621 ὲκ
1399 2595 1451 2629 γῆς
1465 2594 1616 2628 Αίγύπτου,
1626 2594 1676 2620 οὐκ
1690 2593 1801 2628 οἴδαμεν
1819 2593 1848 2619 τί
1865 2593 1907 2626 γέ-

1120 2650 1198 2677 γονεν
1222 2641 1307 2677 αὐτῷ·
1335 2640 1382 2667 καὶ
1412 2640 1631 2675 ἐμοσχοποίησαν
1661 2641 1690 2665 ὲν
1719 2639 1780 2670 ταῖς
1793 2637 1908 2673 ἡμέραις

1119 2687 1250 2718 ἐκείναις.
1273 2685 1321 2712 καὶ
1341 2685 1479 2720 ἀνήγαγον
1494 2684 1590 2712 θυσίαν
1607 2684 1646 2720 τῷ
1667 2683 1780 2719 εἰδώλῳ,
1796 2684 1846 2710 καὶ
1867 2682 1907 2709 εὖ·

1124 2733 1268 2769 φραίνοντο
1284 2733 1312 2758 ὲν
1323 2732 1377 2762 τοῖς
1388 2731 1480 2766 ἔργοις
1495 2731 1548 2757 τῶν
1560 2730 1661 2767 χειρῶν
1674 2730 1776 2757 αὐτῶν·
1793 2727 1905 2764 ἔστρεψε

1122 2779 1151 2805 δὲ
1167 2779 1181 2804 6
1195 2778 1260 2809 Θεὸς
1271 2777 1319 2803 καὶ
1337 2777 1496 2811 παρέδωκεν
1513 2775 1612 2808 αὐτοὺς
1626 2775 1768 2811 λατρεύειν
1778 2776 1813 2809 τῇ
1828 2781 1906 2808 στρα-

1122 2825 1168 2860 τιᾷ
1181 2824 1229 2852 τοῦ
1241 2822 1366 2859 οὐρανοῦ·
1383 2822 1474 2851 καθὼς
1490 2823 1645 2857 γέγραπται
1664 2823 1692 2849 ὲν
1707 2821 1741 2857 τῇ
1756 2821 1842 2857 βίϐλῳ
1854 2819 1905 2847 «in

323 2913 432 2942 “Ioan.
455 2922 473 2947 ι,
495 2914 538 2943 29.
579 2915 601 2931 ὀ
621 2914 716 2942 Matth.
739 2923 792 2948 ut,
813 2913 840 2942 9.
879 2914 899 2930 “
918 2913 1020 2943 Ierem.
1037 2921 1095 2946 vui,
1114 2912 1141 2940 ‘2.
