1980 3188
100 193 169 224 1249

605 193 831 223 DISPUTATIO
850 193 1046 226 ADVERSUS
1065 196 1229 228 JUD£OS.

1651 204 1718 238 1250

97 248 249 285 προφητῶν
263 254 270 274 τ
297 257 306 274 ι
318 247 364 282 Μὴ
381 248 488 282 σφαγὰς
506 248 551 275 καὶ
576 247 669 279 θυσίας
683 249 879 284 προσηνέγκατι

939 251 1035 278 domus
1061 252 1153 282 Israel.
1170 258 1197 280 et
1220 254 1362 288 recepistis
1376 255 1583 284 tabernaculum
1600 257 1716 296 Moloch,

99 303 146 329 μοι
172 294 219 328 (In
233 293 437 329 τεσσαράκοντα
450 294 478 319 ὲν
496 295 529 329 τῇ
546 293 652 328 ἐρήμῳ,
667 291 741 325 οἶκος
764 294 883 329 Ἰσραὴλ,

97 339 146 365 καὶ
159 337 307 365 ἁνελάδετε
322 338 372 372 τὴν
387 337 487 373 σκηνὴν
503 339 550 364 τοῦ
561 338 663 372 Μολὸχ,
678 338 726 364 καὶ
740 339 770 364 τὸ
786 340 884 374 ἄστρον

96 384 146 411 τοῦ
165 383 226 411 θεοῦ
250 383 327 418 ὑμῶν
352 383 460 417 Ῥεφὰν,
476 383 540 415 τοὺς
554 383 656 416 τύπους
674 383 721 416 οὓς
739 385 884 421 ἐποιήσατε

98 430 263 464 προσκυνεῖν
271 429 373 459 αὐτοῖς·
388 438 398 454 ι
409 429 456 455 καὶ
466 429 595 464 μετοικιῶ
606 429 678 464 ὑμᾶς
690 431 818 457 ἐπέκεινα
832 432 884 458 Βα-

97 474 219 504 ϐυλῶνος
230 474 270 505 εἰς
290 473 393 508 σκηνὴν
407 472 455 499 τοῦ
476 474 639 509 μαρτυρίου,
654 475 688 510 ἢν
703 477 759 507 τοῖς
779 477 883 511 πατρά-

97 527 142 545 σιν
158 519 236 553 ὑμῶν
251 519 280 544 ὲν
296 520 328 553 τῇ
346 519 453 554 ἐρήμῳ,
468 518 559 550 καθὼς
571 519 712 551 διετάξατο
725 522 738 546 6
748 520 834 547 λαλῶν
844 521 884 556 τῷ

98 565 202 598 Μωῦτῇ
226 563 337 598 ποιῆσαι
363 564 448 598 αὐτὴν
465 563 535 590 κατὰ
548 563 593 590 τὸν
608 564 693 590 τύπον
708 565 738 591 6v
755 566 882 601 ἑωράκει·

96 608 132 642 ἢν
157 608 203 634 καὶ
228 608 374 642 εἰσήγαγον
402 608 587 642 διαδεξάμενοι
615 610 640 635 οἰ
666 610 784 645 πατέρες
804 610 884 646 ὑμῶν

99 654 170 688 μετὰ
192 653 278 689 Ἰησοῦ
296 654 324 679 ἐν
336 655 369 688 τῇ
384 653 547 688 κατασχέσει
561 654 615 680 τῶν
635 654 719 681 ὲθνῶν
733 653 770 682 ὧν
784 655 884 689 ἓξωσεν

97 700 112 725 ὁ
124 698 190 730 Θεδς
208 699 261 725 ἀπὸ
285 698 432 733 προσώπου
447 699 502 726 τῶν
526 700 652 735 πατέρων
672 701 748 736 ὑμῶν
762 702 814 733 ἓως
829 702 883 729 τῶν

97 743 210 778 ήμερῶν
225 743 317 774 Δαὸὶδ,
334 743 363 774 6;
376 741 438 778 εὗρε
454 744 533 779 χάριν
545 745 662 772 ἐνώπιον
682 745 728 771 τοῦ
742 745 820 777 Θεοῦ,
835 746 882 772 καὶ

97 789 218 823 ᾐτήσατο
237 789 326 824 εὑρεῖν
350 790 483 824 σκήνωμα
498 789 537 824 τῷ
557 790 616 825 Θεῷ
634 790 739 817 Ἰακὼ6’
757 791 883 826 Σολομὼν

98 835 126 860 δὲ
141 834 316 869 ᾠκοδόμησεν
331 834 419 869 ἐαυτῷ
436 833 520 861 οἰκον·
540 835 598 862 ἀλλ’
609 837 658 870 οὐχ
679 837 693 862 6
708 836 838 870 ’Υψιστος
854 838 882 864 ἐν

98 880 298 915 χειροποιήτοις
311 881 383 911 ναοῖς
395 881 528 911 κατοικεῖ,
545 881 636 912 καθὼς
652 882 665 907 6
681 883 823 918 προφήτης
836 882 881 909 λέ-

98 913 151 958 γειλ
168 934 177 950 ι
206 913 239 951 '0‘
256 925 370 960 οὐρανός
398 933 443 960 μοι
471 925 575 961 θρόνος,
600 927 659 962 ἡδὲ
677 913 712 962 γή
735 913 878 955 ῦποπόδιον
895 913 918 944 Β

97 969 152 995 τῶν
179 969 267 996 ποδῶν
294 977 356 1004 μου.
378 979 436 995 ι-
454 979 463 994 ι
483 969 561 996 Ποῖον
587 969 661 996 οἷκον
687 972 879 1007 οἰκοδομήσετέ

101 1023 156 1047 μοι,
175 1014 249 1047 λέγει
268 1014 378 1050 Κύριος,
405 1015 422 1048 ἢ
446 1014 487 1045 τίς
505 1015 588 1047 τόπος
608 1015 658 1050 τῆς
681 1017 879 1049 καταπαύσεώς

99 1067 168 1093 pou;
184 1059 244 1093 οὐχὶ
268 1059 284 1093 ή
311 1059 371 1094 χείρ
395 1067 446 1092 μου
463 1059 574 1094 ἐποίησε
590 1059 676 1086 ταῦτα
701 1061 827 1092 πάντας»
845 1077 879 1082 —

100 1113 110 1128 ι
128 1103 164 1129 Ὠ
187 1103 317 1136 Ὶο-δαίοι,
333 1103 564 1139 σχληροτράχηλοι
584 1105 630 1132 καὶ
646 1106 827 1140 ἀπερίτμητοι
844 1109 877 1142 τῇ

97 1149 197 1184 καρδίᾳ
217 1149 264 1175 καὶ
285 1150 342 1180 τοῖς
358 1149 438 1182 ὠσὶν,
457 1150 536 1184 ὑμεῖς
557 1151 600 1178 ἀεὶ
622 1151 660 1185 τῷ
677 1152 816 1186 Πνεῦματι
839 1153 878 1187 τῷ

98 1195 168 1229 ἁγίῳ
185 1195 371 1226 ἀντιπίπτετε,
398 1195 436 1226 ὡς
461 1195 508 1221 καὶ
535 1195 559 1221 οἰ
581 1196 698 1232 πατέρες
715 1197 801 1231 ὑμῶν·
831 1199 877 1224 καὶ

97 1239 261 1266 ἀπέκτειναν
270 1240 334 1270 τοὺς
349 1239 636 1274 προκαταγγείλαντας
654 1241 718 1276 περί
733 1242 782 1277 τῆς
800 1242 877 1268 ἐλεύ-

98 1292 167 1316 σεως
182 1285 229 1311 τοῦ
250 1285 365 1311 δικαίου·
381 1286 412 1312 οὺ
435 1287 525 1320 φονεῖς
537 1287 583 1312 καὶ
595 1286 721 1322 προδόται
736 1289 879 1322 γεγόνασιν

97 1330 122 1355 οἰ
136 1331 165 1357 ἐν
181 1330 358 1366 Ἰερουσαλὴμ
372 1332 488 1367 πατέρες
504 1332 598 1367 optim;
615 1342 625 1358 ι
641 1332 719 1360 Οὕτω
731 1335 777 1360 καὶ
788 1335 877 1369 ὑμεῖς,

96 1376 122 1402 οἰ
141 1377 252 1402 ὲκειιων
278 1377 372 1409 παῖδες
395 1377 508 1410 τούτους
530 1378 694 1413 μιμούμενοι
715 1378 766 1411 τὰς
785 1380 877 1413 φωνὰς

934 300 962 323 et
982 302 1085 323 astrum
1114 298 1161 325 Dei
1186 299 1270 326 vestri
1298 299 1423 334 Rephan,
1441 300 1574 335 imagines
1589 310 1658 336 quas
1678 304 1718 331 fe-

933 341 1011 368 cistis
1029 341 1062 368 ad
1086 342 1255 370 adorandum
1271 345 1302 370 ¹¹.
1319 353 1328 370 ι
1344 344 1377 371 Et
1394 344 1557 372 transferam
1575 354 1624 374 vos
1647 348 1717 374 ultra

934 388 1097 423 Babylonem
1123 390 1150 416 in
1169 390 1375 418 tabernaculum
1394 392 1542 419 testimonii
1565 393 1600 424 ",
1616 402 1625 418 ι
1644 394 1717 428 quod

934 434 961 460 in
986 434 1096 461 deserto
1109 436 1233 469 patribus
1248 437 1358 467 vestris.
1372 437 1443 464 sicut
1459 437 1599 464 mandavit
1614 438 1718 474 Moyses

932 479 1050 514 loquens
1076 481 1133 508 fieri
1159 482 1310 509 secundum
1327 482 1481 517 exemplum
1499 483 1572 518 quod
1597 484 1716 517 viderat;

933 525 1006 559 quod
1031 531 1172 560 acceptum
1202 526 1415 554 introduxerunt
1439 532 1532 562 patres
1551 529 1634 555 vestri
1654 531 1716 555 euht

932 569 997 597 Jesu
1023 571 1050 597 in
1078 572 1259 606 occupatione
1281 573 1403 607 gentium
1428 580 1496 607 quas
1521 573 1627 607 expulit
1646 574 1717 602 Deus

933 623 947 642 a
971 621 1119 650 conspectu
1151 621 1258 650 patrum
1273 622 1426 644 vestrorum
1443 625 1529 652 usque
1544 618 1577 650 ad
1594 619 1652 646 dies
1668 619 1716 646 Da-

932 661 989 692 vid,
1005 661 1052 695 qui
1065 662 1169 688 invenit
1180 662 1293 696 gratiam
1306 671 1399 696 coram
1428 663 1495 697 Deo,
1523 669 1552 691 et
1567 665 1717 699 postulavit

933 711 964 733 ut
985 707 1136 741 respiceret
1163 708 1368 743 tabernaculum
1388 710 1442 737 Deo
1463 710 1557 738 Jacob.
1587 710 1714 738 Salomon

933 757 1024 779 autem
1047 753 1194 780 aediﬁcavit
1220 754 1272 781 sibi
1289 753 1418 788 domum’;
1441 755 1489 782 sed
1511 755 1668 783 Altissimus
1687 756 1715 783 in

932 797 1044 832 templis
1074 798 1238 826 manufactis
1262 807 1317 826 non
1344 799 1459 832 habitat,
1485 801 1558 828 sicut
1583 802 1714 836 propheta

931 843 1000 870 dicit
1015 852 1022 870 :
1041 852 1050 868 ί
1064 843 1170 871 Caelum
1184 844 1251 871 mihi
1269 845 1397 877 thronus,
1412 851 1485 873 terra
1507 851 1598 873 autem
1612 847 1714 874 scabel-

931 889 987 916 lum
1002 889 1102 924 pedum
1121 897 1244 917 meorum
1257 891 1290 917 ".
1305 901 1315 917 ι
1327 905 1361 911 ——
1373 901 1382 917 ι
1394 891 1506 924 Qualem
1519 892 1631 919 domum
1647 893 1714 919 mihi

930 934 1111 967 :edilicabitis,
1139 935 1208 963 dicit
1235 936 1377 968 Dominus,
1404 941 1452 964 aut
1477 938 1539 972 quis
1562 938 1616 965 erit
1638 937 1715 966 locus

931 980 1092 1008 morationis
1120 981 1208 1008 meae?
1229 981 1324 1009 Nonne
1350 990 1447 1009 manus
1477 990 1536 1009 mea
1567 983 1632 1010 fecit
1657 983 1714 1010 haec

930 1024 1022 1052 omnia
1035 1025 1058 1041 ’³
1068 1026 1092 1052 ?o
1104 1041 1138 1046 --
1152 1035 1161 1052 ι
1173 1025 1195 1053 Ο
1209 1026 1294 1054 ἰυιίίεί
1307 1027 1383 1054 dune
1393 1027 1509 1054 cervicis
1522 1032 1550 1054 et
1565 1028 1712 1055 incircum-

931 1069 980 1095 cisi
1005 1069 1088 1096 corde
1102 1075 1131 1097 et
1155 1070 1286 1103 auribus,
1302 1079 1350 1098 vos
1365 1079 1474 1106 semper
1487 1072 1602 1107 Spiritui
1617 1077 1713 1100 saneto

931 1113 1069 1145 resistitis,
1090 1114 1171 1142 sicuti
1196 1120 1287 1149 patres
1302 1117 1400 1149 vestri;
1423 1122 1451 1144 et
1467 1117 1628 1144 occiderunt
1643 1126 1712 1152 prae-

930 1157 1089 1184 nuntiantes
1111 1158 1146 1185 de
1169 1159 1288 1186 adventu
1305 1160 1385 1195 justi.
1404 1161 1497 1188 Nonne
1523 1161 1713 1190 interfectores

928 1206 956 1228 et
981 1202 1136 1236 proditores
1156 1204 1220 1231 facti
1247 1210 1311 1232 sunt
1337 1206 1364 1232 in
1383 1206 1533 1234 Jerusalem
1559 1211 1652 1241 patres
1666 1215 1713 1234 ve-

928 1247 978 1274 stri
995 1248 1056 1274 “1’:
1075 1248 1112 1275 lta
1127 1253 1155 1276 et
1174 1257 1222 1276 vos
1247 1257 1342 1276 eorum
1361 1250 1480 1282 tilii,eos
1505 1251 1645 1278 imitantes
1664 1259 1713 1278 vo-

928 1300 974 1320 ces
988 1293 1183 1328 prophetarum
1201 1302 1255 1322 non
1269 1295 1426 1328 credentes,
1441 1296 1578 1323 Christum
1587 1297 1714 1324 odientes

927 1340 1105 1372 permanetis,
1123 1340 1170 1374 qui
1197 1341 1346 1375 accepistis
1359 1341 1448 1377 legem
1462 1342 1490 1369 in
1503 1342 1712 1377 dispositionem

927 1384 1087 1418 angelorum
1113 1388 1139 1412 et
1162 1392 1218 1412 non
1244 1385 1415 1414 custodistis.

95 1424 151 1471 sui”
162 1423 312 1471 ’προφητῶν
337 1425 525 1458 ἀπιστοῦντες,
544 1426 717 1463 μισόχριστοι
734 1426 888 1463 διαμένετε,
905 1430 1003 1464 οἵτινες
1018 1432 1129 1460 ἐλάϐετε
1145 1433 1191 1461 τὸν
1204 1433 1287 1469 νόμον
1314 1435 1356 1467 εἰς
1373 1435 1506 1470 διαταγὰς
1520 1418 1656 1471 ἀγγέλων.
1667 1437 1714 1464 καὶ

95 1468 146 1494 οὐκ
161 1468 322 1501 ὶφυλάξατε.

131 1515 212 1549 Λέγει
223 1515 252 1541 δὲ
268 1515 298 1542 τὸ
313 1515 423 1551 Πνεῦμα
445 1517 476 1542 τδ
496 1516 573 1550 ἅγιον
589 1516 632 1543 διὰ
649 1518 782 1552 στόματος
796 1519 878 1547 nam

964 1521 1035 1548 Dicit
1053 1526 1144 1548 autem
1165 1521 1285 1557 Spiritus
1300 1525 1412 1550 sanctus
1431 1528 1480 1556 per
1496 1528 1528 1548 os
1552 1521 1636 1549 David
1652 1530 1713 1557 pro-

95 1559 143 1585 τοῦ
160 1560 309 1594 προφήτου·
326 1571 335 1586 ε
346 1561 470 1597 Σήμερον
484 1562 531 1588 ἐὰν
541 1562 590 1597 τῆς
599 1562 689 1597 φωνῆς
701 1563 783 1590 αὐτοῦ
794 1565 876 1591 ἁκού-

96 1614 171 1641 σητε,
193 1608 230 1641 μή
255 1606 424 1641 σκληρύνητε
443 1607 492 1639 τὰς
510 1607 624 1642 καρδίας
639 1608 715 1642 ὑμῶν
737 1609 775 1640 ὡς
791 1610 820 1636 ιν
837 1610 877 1645 τῷ

95 1652 320 1687 παραπικρασμῷ
341 1653 412 1679 κατά
428 1652 477 1688 τὴν
493 1653 599 1688 ἡμέραν
612 1653 660 1680 τοῦ
678 1655 834 1690 πειρασμοῦ
849 1657 876 1682 ἐν

94 1698 127 1731 τῇ
150 1697 254 1732 ἐρήμῳ,
269 1696 299 1724 οὗ
320 1698 470 1733 ιπείρασάν
486 1707 519 1733 με
535 1699 560 1724 οἰ
581 1699 697 1734 πατέρες
711 1699 799 1734 ὑμῶν,
818 1700 876 1727 ὲδο-

94 1742 215 1777 κίμασάν
238 1751 271 1777 με
295 1744 343 1770 καὶ
364 1742 434 1770 εἶδον
448 1744 484 1770 τὰ
503 1744 571 1779 ἔργα
594 1753 656 1779 μου·
671 1746 876 1780 τεσσαράκοντα

93 1788 143 1825 ἄτη
152 1787 327 1822 προσώχθισα
338 1790 371 1824 τῇ
382 1790 463 1824 γενεᾷ
474 1789 575 1824 ἐκείνῃ,
586 1789 633 1816 καὶ
641 1788 706 1817 εῐπα
717 1799 724 1806 ·
733 1791 790 1817 ‘Aet
805 1791 876 1817 πλα-

93 1832 194 1860 νῶνται
216 1834 247 1868 τῇ
266 1833 374 1869 καρδίᾳ·
390 1834 468 1860 αὐτοὶ
484 1833 513 1861 δὲ
526 1834 576 1860 οὐκ
592 1834 715 1868 ἔγνωσαν
735 1836 784 1867 τὰς
799 1836 876 1868 ὁδούς

94 1886 155 1912 μου·
167 1878 206 1909 ὡς
217 1878 312 1913 ὤμοσα
326 1879 355 1904 ὲν
368 1880 401 1914 τῇ
413 1879 481 1914 ὀργῇ
499 1887 559 1913 μου,
576 1879 607 1905 Εἰ
622 1880 820 1907 εἰσελεύσονται
836 1882 876 1913 εἰς

91 1924 142 1958 τήν
158 1923 330 1951 κατάπαυσίν
343 1932 405 1960 μου·
419 1933 428 1950 ι
446 1924 503 1951 ἀλλ’
517 1925 548 1952 οὗ
566 1926 666 1958 πάντες
681 1927 706 1952 οἰ
724 1926 876 1959 ἐξελθόντες

92 1970 140 1996 ἀπ’
151 1970 291 2003 Αἰγύπτου
302 1970 436 2005 εἰσῆλθον·
450 1971 660 2007 παρεπίκραναν
679 1972 733 2007 γὰρ
747 1974 772 1999 οἰ
785 1981 875 2008 παρα-

93 2014 240 2046 κούσαντες
264 2015 314 2042 καὶ
337 2016 550 2050 ἀπιστήσαντες·
570 2017 627 2042 τίσι
651 2016 681 2043 δι
706 2017 874 2052 προσώχθισε

91 2061 294 2095 τεσσαράκοντα
309 2059 366 2095 In].
383 2061 408 2086 εἰ
428 2060 465 2096 μὴ
481 2062 537 2092 τοῖς
551 2061 727 2097 ἁμαρτήσασι
745 2063 792 2089 καὶ
807 2071 876 2098 παρ-

91 2105 240 2132 ακούσασιν
250 2125 259 2139 ,
274 2102 312 2132 ὦν
331 2105 366 2131 τὰ
381 2105 456 2132 κῶλα
475 2106 572 2134 ἔπεσον
595 2107 625 2132 ὲν
643 2108 676 2141 τῇ
692 2107 805 2142 δρήμῳς
820 2108 875 2134 τίσι

91 2152 120 2178 δι
138 2151 231 2186 ὤμοσε
251 2151 289 2187 μή
303 2150 434 2178 εἰσελθεῖν
444 2151 484 2183 εἰς
497 2151 547 2186 τὴν
559 2152 730 2181 κατάπαυσιν
742 2153 836 2185 αὑτοῦ,
850 2154 874 2180 εί

927 1567 1016 1602 pheta:
1032 1575 1038 1592 :
1056 1577 1064 1592 ι
1082 1567 1168 1594 Hodie
1183 1568 1206 1594 si
1221 1574 1316 1594 vocem
1332 1567 1392 1602 ejus
1405 1566 1557 1600 audieritis,
1574 1575 1609 1594 ne
1624 1567 1713 1594 obdu-

927 1618 985 1640 rate
1006 1613 1088 1640 corda
1100 1618 1189 1640 vestra
1204 1613 1276 1640 sicut
1293 1613 1321 1640 in
1334 1612 1545 1641 exacerbatione
1562 1613 1712 1640 secundum

926 1658 1000 1686 diem
1024 1659 1184 1686 tentationis
1205 1659 1232 1685 in
1257 1658 1378 1690 deserto.
1406 1658 1434 1684 in
1457 1665 1512 1692 quo
1540 1662 1713 1685 tentaverunt

927 1711 970 1731 me
989 1709 1083 1738 patres
1109 1704 1205 1735 vestri,
1225 1703 1411 1738 probaverunt
1436 1707 1465 1730 et
1488 1702 1616 1730 viderunt
1629 1710 1713 1738 opera

927 1756 997 1776 mea.
1022 1747 1207 1783 Quadraginta
1229 1748 1308 1774 annis
1324 1746 1448 1774 infensus
1471 1746 1511 1773 l‘ui
1540 1747 1712 1781 generationi

926 1793 1003 1825 huic,
1020 1798 1047 1821 et
1071 1793 1127 1820 dixi
1145 1801 1152 1819 :
1170 1792 1284 1827 Semper
1296 1791 1499 1823 errantcorde;
1516 1790 1567 1826 ipsi
1578 1799 1644 1818 vero
1658 1799 1712 1819 non

925 1843 1112 1873 cognoverunt
1133 1838 1192 1864 vias
1215 1845 1302 1869 meas;
1326 1837 1398 1864 sicut
1422 1837 1512 1871 juravi
1532 1836 1561 1863 in
1576 1836 1616 1863 ira
1631 1844 1710 1864 mea:

926 1883 953 1911 Si
969 1884 1122 1910 introibunt
1137 1883 1163 1909 in
1174 1883 1296 1916 requiem
1308 1889 1396 1908 meam
1411 1882 1442 1908 ".
1461 1891 1470 1906 ι
1485 1881 1538 1908 Sed
1550 1889 1605 1908 non
1616 1889 1712 1909 omnes

924 1929 1028 1964 egressi
1055 1937 1090 1956 ex
1115 1928 1231 1963 Egypto
1258 1927 1446 1958 introierunt;
1477 1926 1712 1953 exacerbaverunt

924 1974 998 2002 enim
1012 1982 1067 2000 non
1086 1973 1232 2000 audientes
1246 1979 1335 2006 neque
1355 1971 1509 1998 credentes.
1533 1970 1640 2004 Quibus
1660 1978 1711 1998 au-

926 2024 980 2047 tem
1007 2018 1130 2046 infensus
1143 2018 1195 2044 fuit
1211 2016 1389 2051 quadraginta
1406 2015 1497 2048 annis,
1521 2015 1573 2042 nisi
1590 2022 1709 2050 peccan-

925 2065 1000 2092 tibus
1016 2068 1044 2091 et
1064 2071 1118 2090 non
1146 2061 1332 2093 audientibus,
1359 2068 1476 2095 quorum
1495 2059 1618 2087 membra
1639 2060 1712 2087 ceci-

925 2110 1026 2137 derunt
1043 2110 1070 2135 in
1094 2108 1222 2135 deserto?
1243 2107 1348 2140 Quibus
1371 2112 1462 2134 autem
1475 2106 1579 2142 juravit
1601 2114 1655 2133 non
1669 2106 1711 2133 in-

926 2153 1051 2180 troituris
1069 2152 1095 2179 in
1115 2152 1240 2186 requiem
1263 2159 1352 2184 suam,
1366 2151 1420 2178 nisi
1441 2158 1496 2177 non
1513 2149 1710 2178 credentibus?

93 2197 131 2232 μὴ
149 2183 205 2228 τοῖς
230 2183 403 2232 ἀπιθήσασι;
420 2197 475 2223 Καὶ
490 2183 625 2231 βλέπομεν
644 2197 685 2224 ὅτι
708 2198 761 2226 οὐκ
775 2183 873 2234 ἠδυνή-

929 2199 958 2226 Et
977 2198 1100 2225 videmus
1112 2183 1163 2224 hos
1177 2204 1231 2224 non
1244 2197 1366 2231 potuisse
1381 2195 1416 2224 ob
1429 2195 1650 2223 incredulitatem
1661 2195 1710 2224 ‘iu-

73 2243 178 2280 έὶθησαν
191 2242 321 2269 εἰσελθεῖν
348 2242 382 2268 δι’
399 2241 529 2269 ἀπιστίαν
539 2262 547 2274 ,
562 2242 632 2277 πλὴν
649 2243 741 2270 Χαλὶϐ
755 2243 802 2270 τοῦ
825 2244 876 2270 Ἰε-

75 2278 178 2325 ξφωνὴ,
195 2289 241 2315 καὶ
258 2288 345 2322 Ἰησοῦ
360 2287 408 2314 τοῦ
424 2288 513 2323 Ναυῆ·
533 2287 671 2321 ἰξακόσιαι
691 2289 875 2325 διεφθάρησαν

85 2322 220 2369 ίχιλιαδες,
235 2332 337 2364 ταύτας
350 2333 405 2367 γὰρ
416 2333 466 2364 τὰς
479 2332 604 2367 χιλιάδας
621 2331 698 2360 εἷπεν
715 2322 875 2369 ἐξεληλνθό-

95 2387 139 2410 τας
161 2378 191 2411 ἐξ
209 2378 358 2413 Δίγὺπτουι
371 2377 419 2404 τοῦ
431 2377 486 2412 γὰρ
499 2378 567 2404 Θεοῦ
579 2381 822 2414 παρεγγυήσαντος
834 2381 874 2412 εἰς

98 2424 142 2458 τὴν
171 2423 378 2459 ιπηγγελμινην
401 2425 506 2459 ἀπᾶραι
529 2424 591 2459 γῆν.
614 2425 741 2452 ἀντεῖπον
762 2426 873 2458 ἐκεῖνοι,

68 2461 308 2504 σ’προδαλλόμενοι
323 2469 369 2495 τὸν
388 2469 469 2503 φόὸσν
491 2469 538 2496 καὶ
551 2469 581 2496 τὸ
594 2469 708 2504 μέγεθος
723 2471 777 2497 τῶν
794 2470 873 2498 πολε-

93 2507 180 2548 μίων·
196 2510 226 2541 οὗ
248 2513 280 2549 δὴ
294 2514 374 2549 χάριν
397 2515 411 2540 6
433 2514 488 2540 τῶν
503 2514 572 2541 ὅλων
585 2513 652 2545 Θεὸς
664 2515 786 2547 ἅπαντας
803 2516 874 2542 κατὰ

92 2559 175 2594 μέρος
190 2559 218 2585 ἓν
230 2560 263 2593 τῇ
281 2559 378 2594 ἐρήμῳ
389 2558 580 2592 κατανάλωσε,
606 2559 670 2592 τοὺς
685 2560 797 2588 ἐκείνων
813 2561 877 2587 παῖ-

90 2605 139 2636 δας
151 2604 208 2631 ἀντ’
219 2604 333 2632 ἐκείνων
348 2605 508 2640 εἰσήγαγεν,
519 2605 604 2640 ῆγουν
616 2606 679 2638 τοὺς
699 2607 765 2642 περὶ
784 2606 874 2634 Χαλὶδ

90 2649 138 2676 τοῦ
159 2650 291 2684 Ίεχωνίου
307 2650 355 2677 καὶ
377 2650 464 2685 Ίησοῦ
478 2650 526 2677 τοῦ
539 2651 617 2686 Ναυῆ
628 2652 727 2684 αὐτοὺς
738 2653 874 2680 κατέπαυ-
894 2649 898 2653 ’

91 2704 148 2722 σεν-
165 2696 212 2722 ut
231 2697 255 2723 εἰ
275 2696 340 2731 περὶ
352 2696 401 2730 τῆς
419 2695 470 2730 γῆς
485 2695 571 2730 αὐτῆς
583 2698 756 2724 κατάπαυσιν
775 2699 789 2724 6
804 2706 873 2733 προ-

92 2744 180 2777 φήτης
204 2742 298 2777 εἰρηκε
325 2740 423 2767 Δαὸἰδ·
446 2741 486 2772 εἰς
500 2741 608 2775 ἐκείνην
627 2742 682 2777 γὰρ
704 2741 806 2778 Ἰησοῦς
825 2743 874 2769 ai.-

929 2240 1027 2274 lroire,
1040 2246 1139 2275 prater
1150 2241 1253 2269 Lhaleb
1264 2242 1348 2268 lilium
1361 2241 1493 2276 Jephone,
1506 2248 1532 2270 el
1543 2243 1605 2271 Jesu
1622 2244 1706 2272 tilium

927 2283 1012 2312 Nave.
1031 2285 1163 2313 Sexeenta
1187 2286 1271 2313 millia
1296 2285 1471 2318 interierunt.
1499 2287 1609 2313 totidem
1634 2289 1707 2314 enim

929 2330 1015 2358 millia
1024 2331 1090 2359 dicit
1101 2331 1241 2366 Scriptura
1249 2339 1357 2366 egressa
1372 2340 1406 2360 ex
1422 2331 1550 2368 Egypto.
1566 2332 1622 2360 Deo
1631 2333 1705 2360 enim

931 2377 1099 2404 concedente
1115 2382 1145 2404 nt
1159 2377 1185 2404 in
1202 2378 1363 2411 promissam
1378 2378 1451 2405 irent
1468 2383 1582 2410 terram,
1598 2383 1708 2405 eontra-

930 2421 1059 2450 dixerunt
1074 2423 1123 2455 illi.
1139 2431 1192 2457 pne
1205 2430 1234 2450 se
1250 2424 1368 2451 ferentes
1382 2429 1484 2451 metum
1500 2428 1527 2451 et
1550 2424 1636 2451 robur
1658 2424 1709 2451 lto-

929 2469 1024 2496 stium.
1040 2468 1127 2501 Quam
1143 2468 1179 2496 ob
1197 2475 1306 2496 causam
1323 2469 1408 2496 totius
1421 2469 1514 2496 mundi
1530 2468 1601 2496 Deus
1614 2476 1709 2496 omnes

930 2514 1051 2549 singulos
1077 2515 1104 2541 in
1130 2515 1240 2541 deserto
1266 2514 1413 2545 destruxit.
1440 2514 1510 2542 ﬁlios
1536 2522 1632 2542 eorum
1661 2523 1709 2549 pro

930 2560 986 2588 illis
1002 2559 1161 2592 introduxit,
1179 2559 1284 2587 scilicet
1298 2568 1346 2595 per
1360 2560 1465 2588 (ἔδειεί)
1482 2561 1566 2588 litium
1584 2561 1707 2595 Jephone

929 2613 958 2636 et
979 2606 1044 2635 Jesn
1075 2607 1159 2634 lilium
1184 2606 1259 2634 Nave
1283 2606 1327 2633 his
1352 2607 1474 2640 requiem
1497 2606 1582 2635 dedit.
1612 2608 1645 2635 Et
1674 2608 1708 2634 de

929 2660 1005 2682 terra
1027 2655 1077 2681 ista
1107 2652 1226 2687 requiem
1263 2652 1331 2680 dixit
1370 2654 1502 2687 propheta
1540 2655 1647 2684 David:
1674 2649 1705 2683 'in

928 2709 988 2729 eam
999 2700 1072 2727 enim
1083 2699 1147 2728 Jesu
1160 2699 1220 2726 illos
1233 2699 1353 2734 requiem
1369 2700 1496 2735 perduxit
1510 2700 1538 2728 lu
1555 2701 1598 2728 illa
1613 2705 1705 2728 autent

928 2751 986 2773 erat
1002 2746 1084 2773 etiam
1108 2745 1217 2773 divinus
1237 2745 1370 2781 interpres
1388 2745 1483 2779 David,
1508 2753 1570 2774 cum
1594 2745 1652 2773 hac
1667 2746 1708 2773 lu.

132 2853 153 2867 ί·
168 2855 250 2881 Amos
266 2863 291 2887 ν,
307 2854 352 2887 25,
365 2855 409 2883 26.
448 2856 472 2873 ’³
488 2856 553 2884 ibi.l.
571 2857 615 2884 27.
655 2858 678 2874 υ
693 2858 743 2885 tsa.
761 2865 832 2892 uvt,
848 2859 874 2886 l.
912 2860 936 2877 "
948 2860 1015 2887 ibid.
1053 2861 1076 2878 "
1090 2863 1150 2890 Act.
1164 2870 1210 2896 vn,
1227 2862 1271 2895 5|,
1286 2862 1330 2890 52.
1368 2862 1389 2879 "
1403 2859 1472 2890 Psal.
1488 2860 1641 2902 acu/,8“.
