1976 3230
86 235 157 268 120)

600 235 831 266 DISPL‘TATIO
848 237 1051 267 ADVERSUS
1070 236 1236 268 JUDJSOS.

1666 229 1734 260 13:70

87 294 227 330 μαθηταῖς
243 292 326 320 αὐτοῦ
343 293 389 319 καὶ
404 292 578 324 ἀποστόλοις,
594 293 664 328 μετὰ
676 293 725 327 τὴν
738 293 888 319 ἀνάστασιν

947 293 986 320 bis
1001 294 1201 320 nuntiaverunt
1226 298 1254 319 et
1282 290 1360 318 nobis
1383 288 1511 316 similiter
1528 286 1654 314 nuntiant
1672 291 1734 311 eam

85 341 170 367 αὑτοῦ
186 340 371 374 ὀπτανόμενος
389 339 437 365 ἐπὶ
451 338 560 376 ἡμέρας
576 338 794 372 τεσσαράκοντα,
815 339 884 373 ὡμί-

85 387 127 414 λει
155 388 250 418 αὐτοῖς
277 387 312 413 τὰ
338 386 402 420 περὶ
426 385 478 420 τῆς
500 385 642 420 βασιλείας
665 384 721 410 τῶν
743 385 884 420 οὐρανῶν·

85 433 186 465 οἵτινες
215 432 263 458 καὶ
288 432 354 466 ὑμῖν
380 430 597 466 εὐηγγελίσαντο
625 430 673 457 καὶ
695 431 762 465 ἡμῖν
785 431 886 465 ὁμοίως

86 479 317 513 εὐαγγελίζονται
340 478 391 513 τὴν
410 478 479 513 πρὸς
496 478 562 510 τοὺς
581 477 703 512 πατέρας
718 477 886 512 ἐπαγγελίαν

939 348 1001 374 quae
1013 340 1046 366 ad
1065 344 1158 374 patres
1173 342 1280 366 vestros
1303 335 1484 371 repromissio
1501 334 1571 360 facta
1591 335 1644 362 est,
1662 338 1734 365 qltu-

941 385 1014 412 niam
1031 385 1102 412 hanc
1116 384 1189 411 Deus
1204 381 1366 416 adimpievit
1383 380 1445 406 liliis
1460 386 1570 407 eorum,
1591 375 1673 410 nobis
1688 383 1734 400 re—

940 431 1078 458 suscitaus
1092 430 1205 458 Jesum;
1220 428 1293 454 sicut
1309 429 1337 453 et
1355 426 1383 452 in
1401 424 1510 452 Psalmo
1523 422 1659 456 scriptum
1672 424 1712 446 est
1728 439 1734 445 .

944 486 953 502 ι
972 476 1058 503 Filius
1072 482 1151 502 meus
1164 481 1193 500 es
1207 477 1247 504 tu,
1263 479 1314 507 ego
1329 470 1412 497 hodie
1425 467 1508 505 genui
1522 472 1547 495 te
1558 468 1610 493 ⁸⁸.»

85 524 251 559 γενομένην,
267 523 308 550 ὃτι
325 522 429 556 ταύτην
445 523 459 549 6
472 522 539 554 Θεδς
554 522 755 558 ἐκπεπλήρωκε
769 524 826 555 τοῖς
838 523 946 554 τέκνοις
960 520 1061 553 αὐτῶν,
1077 521 1144 555 ἡμῖν
1171 517 1334 552 ἀναστήσας
1367 515 1485 551 Ἰησοῦν·
1503 514 1540 545 ὡς
1574 511 1621 538 καὶ
1655 511 1684 536 ἐν
1699 508 1736 544 τῷ

85 569 190 606 ψαλμῷ
202 569 367 605 γέγραπται.
380 578 390 594 ι
410 569 474 600 Υἱός
491 566 578 603 μουπεῐ
595 569 638 601 σὺ,
659 568 715 603 ὲγὼ
733 569 853 604 σήμερον
872 566 1028 603 γεγέννηκά
1042 574 1081 593 σε.
1101 575 1111 591 ι

121 614 184 641 ’Ότι
201 614 230 640 δὲ
251 614 402 649 ἀνέστησεν
418 613 500 640 αὑτὸν
523 614 556 641 ὲκ
573 613 679 650 νεκρῶν
698 614 798 650 μηκέτι
821 614 888 650 μέλ-

86 659 170 686 λοντα
186 659 371 694 ὑποστρέφειν
385 660 426 692 είς
439 659 603 695 διαφθορὰν,
622 659 709 692 οὕτως
723 660 868 697 είρήκασιν
881 667 888 674 ·

87 705 152 732 Ὅτι
164 705 244 735 δώσω
270 705 334 740 ὑμῖν
360 705 395 732 τὰ
420 706 481 732 ὅσια
498 706 582 733 Δαὸὶδ
599 706 633 733 τὰ
651 707 752 734 πιστάι
777 707 819 733 διὸ
843 707 891 733 καὶ

88 751 118 776 ἐν
133 751 221 786 ἑτέρῳ
233 751 307 784 λέγει
317 758 325 765 ·
344 760 354 777 ι
369 751 407 778 Ού
422 751 519 784 δώσεις
541 752 587 779 τὸν
599 752 673 779 ὅσιόν
687 761 734 779 σου
753 753 816 779 ίδεῖν
829 753 889 779 δια-

87 795 224 830 φθοράν.»
242 795 325 822 Jama
352 795 401 830 μὲν
420 795 475 830 γὰρ
495 797 529 831 τῇ
548 796 601 832 ἰδίᾳ
617 797 699 832 γενεᾷ
714 797 890 833 ὑπηρετήσας

87 843 122 877 τῇ
148 841 197 868 τοῦ
221 841 291 868 Θεοῦ
311 841 412 877 βουλῇ,
437 841 571 878 ἐκοιμήθη
589 843 636 869 καὶ
651 843 805 878 προσετέθη
823 843 891 878 πρὸς

88 887 154 919 τοὺς
180 887 303 922 πατέρας
328 887 431 921 αὑτοῦ,
461 888 510 916 καὶ
534 885 590 916 οἵδε
613 889 780 924 διαφθοράν·
806 889 836 916 ὃν
858 889 890 916 δὲ

87 932 103 956 ὁ
119 932 188 964 Θεὸς
206 933 334 968 ἤγειρεν,
361 934 412 960 οὐκ
427 931 482 961 οἶδε
498 934 660 970 διαφθοράν.
679 935 803 962 Γνωστὸν
818 935 889 963 ἔστω

90 978 167 1013 ὑμῖν,
189 978 286 1014 ἄνδρες
309 979 439 1014 ἀδελφοὶ,
467 980 510 1006 ὅτι
534 980 683 1008 διὰιτοῦτο
705 982 771 1017 ὑμῖν
791 982 890 1016 ἄφεσις

89 1024 236 1060 ἁμαρτιῶν
259 1024 474 1059 καταγγέλλεται
487 1045 494 1057 ,
521 1027 569 1052 καὶ
585 1026 640 1054 ἀπὸ
655 1027 766 1054 πάντων
786 1024 824 1055 ὦν
838 1028 890 1055 οὐκ

88 1069 244 1106 ἡδυνήθητε
259 1071 288 1096 ὲν
299 1071 339 1105 τῷ
351 1071 426 1107 νόμῳ
438 1072 580 1105 Μωῠσέως
590 1073 783 1109 δικαιωθῆναι,
795 1075 823 1100 ὲν
833 1074 890 1101 τού-

89 1124 131 1150 τῳ
146 1116 202 1146 πᾶς
214 1116 228 1142 6
241 1116 378 1143 πιστεύων
392 1116 558 1144 δικαιοῦται·
574 1118 690 1154 βλέπετε
703 1117 751 1146 οὖν
764 1119 802 1155 μὴ
813 1119 891 1146 ἐπέλ-

90 1161 126 1196 Θῃ
140 1161 184 1196 ἐφ’
199 1159 262 1196 ὑμῖν
278 1162 310 1188 τὸ
323 1163 469 1198 εἰρημένον
486 1163 515 1190 ἐν
529 1164 586 1196 τοῖς
601 1164 766 1200 προφήταις
778 1164 889 1197 «Ἴδετε,

90 1208 116 1232 οἱ
143 1208 362 1243 καταφρονηταὶ,
382 1209 430 1235 καὶ
454 1209 615 1245 θαυμάσατε
641 1211 689 1237 καὶ
710 1211 889 1247 ἀφανίσθητε,

91 1252 133 1278 ὅτι
163 1251 245 1287 ἔργον
273 1252 330 1286 ἐγὼ
353 1253 508 1290 ἐργάζομαι
533 1255 563 1281 ὲν
586 1256 647 1286 ταῖς
669 1256 789 1291 ἡμέραις
801 1256 889 1291 ὑμῶν,

90 1299 107 1324 ὃ
131 1298 163 1324 οὗ
193 1298 230 1332 μὴ
253 1299 421 1334 πιστεύσητε
434 1299 482 1327 ἐάν
511 1309 555 1332 τις
589 1301 752 1337 ἐκδιηγῆται
787 1302 861 1337 ὑμῖν.
879 1313 888 1328 ι

97 1344 215 1375 Ἡσαΐας
228 1344 256 1371 δὲ
271 1345 368 1380 κράζει
386 1347 456 1382 ὑπὲρ
471 1346 518 1373 τοῦ
533 1347 642 1382 Ἰσραὴλ
658 1347 763 1382 λέγων·
797 1357 806 1373 ι
828 1348 892 1375 Ἐὰν

91 1387 110 1424 ᾗ
123 1389 138 1415 6
151 1389 271 1424 ἀριθμὸς
285 1389 340 1416 τῶν
354 1391 419 1418 υἱῶν
428 1391 537 1426 Ἰσραὴλ
548 1391 616 1418 ὡσεὶ
626 1392 720 1427 ἄμμος
731 1392 782 1427 τῆς
792 1393 892 1420 θαλάσ-

93 1443 161 1469 σης,
179 1435 210 1461 τὸ
226 1436 403 1471 κατάλειμμα
421 1436 592 1472 σωθήσεται·
613 1437 694 1472 λόγον
708 1437 764 1473 γὰρ
797 1447 893 1465 συντε-

93 1481 240 1515 τμημένον
258 1482 486 1518 ποιήσειιΙίὑριος
502 1483 548 1509 ἐπὶ
561 1483 612 1518 τῆς
625 1483 689 1518 γῆς,
706 1493 715 1509 ι
728 1483 767 1515 ὡς
788 1484 893 1511 ἄνωθεν

93 1525 222 1560 προεῖδεν
236 1526 250 1552 6
263 1526 318 1553 τῶν
330 1527 398 1554 ὄλιυν
410 1527 489 1559 Θεὸς,
508 1529 556 1554 καὶ.
571 1527 636 1560 τοὺς
651 1530 684 1564 τῇ
699 1528 792 1556 πίστει
807 1537 894 1565 προσ-

973 612 1053 647 Quod
1079 616 1171 640 autem
1203 608 1346 639 suscitavit
1363 615 1426 636 eum
1441 614 1457 634 ιι
1475 604 1593 633 mortuis
1623 601 1738 630 minime

940 667 1120 690 reversurum
1138 659 1166 686 in
1180 657 1400 692 corruptionem,
1421 654 1459 681 ita
1473 652 1543 679 dixit
1559 659 1567 678 :
1583 649 1653 683 Quia
1666 648 1739 675 dabo

939 706 1018 734 vobis
1045 709 1140 733 sancta
1169 703 1255 731 David
1281 702 1384 730 ﬁdelia.
1407 699 1526 734 ideoque
1556 696 1624 724 alias
1650 694 1737 722 dicit:

943 762 952 778 ι
967 752 1029 779 Non
1043 751 1123 778 dabis
1143 753 1270 777 sanctum
1285 753 1362 775 tuum
1387 745 1481 773 videre
1495 741 1711 776 Corruptionem.
1726 749 1734 764 ι

940 797 1027 826 David
1054 797 1129 824 enim
1147 796 1175 824 in
1200 803 1250 823 sua
1279 793 1469 830 generatione,
1494 798 1557 818 cum
1589 788 1738 815 obsecutus

941 845 1045 873 fuisset
1064 843 1201 872 voluntati
1233 842 1293 874 Dei,
1320 840 1452 868 dormivit
1478 841 1506 865 et
1529 835 1672 871 appositus
1697 838 1740 860 est

941 892 975 919 ad
998 895 1091 927 patres
1105 897 1183 922 suos,
1202 893 1230 916 et
1248 887 1318 916 vidit
1333 885 1557 921 corruptionem;
1576 889 1658 917 quem
1674 887 1740 908 vero

941 925 1016 966 Deus
1025 937 1181 968 suscitavit,
1202 943 1259 962 non
1270 933 1340 962 vidit
1352 931 1573 966 corruptionem.
1588 928 1689 955 Notum
1705 925 1741 953 sit

941 985 1032 1016 vobis,
1056 983 1110 1010 viri
1128 982 1238 1014 I‘ratres,
1255 980 1320 1016 quia
1335 983 1451 1014 propter
1473 977 1526 1003 hoc
1544 974 1623 1002 vobis
1640 972 1740 1001 remis-

942 1031 984 1058 sio
1009 1036 1187 1065 peccatorum
1216 1025 1407 1056 annuntiatur,
1432 1021 1509 1050 etab
1536 1018 1666 1047 omnibus
1680 1015 1743 1052 quis

942 1078 995 1105 bus
1008 1062 1063 1104 non
1078 1074 1212 1111 poteratis
1226 1073 1255 1100 in
1272 1073 1332 1107 lege
1347 1068 1433 1105 Moysi
1445 1065 1610 1104 justiﬁcari;
1634 1064 1662 1091 in
1678 1062 1740 1092 hoc.

942 1123 1034 1154 omnis
1057 1122 1106 1157 qui
1129 1120 1228 1153 credit,
1247 1117 1428 1155 justiﬁeatur.
1445 1113 1544 1141 Videte
1563 1117 1630 1146 ergo
1644 1117 1679 1137 ne
1694 1117 1742 1137 su-

943 1155 1088 1205 pervenitit
1112 1167 1191 1196 vobis
1209 1165 1292 1201 quod
1316 1163 1421 1192 dictum
1449 1165 1492 1189 est
1517 1160 1544 1187 in
1571 1155 1741 1194 prophetis:

946 1202 956 1242 ι
973 1215 1080 1246 Videte,
1097 1215 1313 1246 contemptores,
1329 1214 1357 1236 et
1374 1205 1548 1235 admiramini
1564 1207 1592 1232 et
1604 1202 1742 1237 disperdi-

943 1262 1028 1295 mini;
1055 1260 1121 1296 quia
1143 1266 1214 1294 opus
1243 1265 1343 1292 operor
1368 1262 1419 1289 ego
1444 1254 1472 1281 in
1506 1251 1606 1279 diebus
1631 1249 1742 1280 vestris,

943 1307 1017 1342 quod
1039 1313 1096 1333 non
1111 1292 1252 1333 credetur,
1276 1301 1300 1329 si
1318 1300 1382 1335 quis
1404 1295 1577 1325 cnarraverit
1591 1293 1670 1321 vobis
1683 1292 1706 1308 ⁸⁹
1731 1301 1740 1317 ι

943 1353 1027 1380 Isaias
1040 1356 1132 1379 autem
1149 1350 1249 1380 clamat
1263 1354 1346 1381 super
1360 1343 1452 1372 Israel.
1467 1342 1562 1369 dicens
1577 1348 1584 1366 :
1600 1349 1608 1365 ι
1621 1339 1649 1366 Si
1661 1337 1745 1366 fuerit

944 1403 1079 1425 numerus
1102 1394 1222 1422 ﬁliorum
1246 1391 1329 1419 Israel
1346 1394 1375 1416 ut
1400 1395 1483 1416 arena
1506 1385 1599 1417 maris,
1621 1382 1745 1418 reliquie

945 1442 1145 1473 salvabuntur;
1162 1439 1279 1467 verbum
1296 1437 1369 1464 enim
1386 1434 1578 1463 abbrmiatum
1592 1431 1674 1458 faciet
1690 1430 1742 1457 Du-

945 1490 1037 1517 minus
1061 1495 1145 1522 super
1162 1492 1263 1514 terram
1282 1484 1333 1516 ⁹⁰,ι
1363 1487 1394 1509 ιιι
1415 1489 1429 1508 a
1454 1479 1592 1515 principio
1618 1476 1746 1512 praevidit

946 1535 1032 1563 totius
1055 1533 1152 1561 mundi
1177 1532 1250 1559 Deus
1276 1533 1303 1557 et
1322 1536 1371 1556 eos
1385 1527 1431 1562 qui
1458 1527 1485 1554 in
1517 1525 1599 1552 ﬁdem
1618 1522 1746 1558 ingrede—

92 1571 234 1619 ελθόντας,
252 1573 300 1599 καὶ
317 1573 380 1604 τοὺς
395 1574 428 1609 τῇ
445 1573 563 1610 ἀπιστίᾳ
578 1574 778 1610 νενοσηκότας·
797 1576 892 1611 ἐπειδὴ

947 1584 1055 1612 rentur,
1065 1583 1093 1606 et
1104 1586 1152 1606 eos
1167 1577 1213 1612 qui
1227 1575 1389 1614 inﬁdelitate
1400 1573 1569 1611 laborarent.
1583 1568 1743 1602 Quodeiiim

93 1618 150 1652 γὰρ
161 1618 288 1652 λέγουσιν
301 1619 409 1654 ὀλίγους
422 1620 451 1653 ἐξ
463 1620 554 1647 αὐτῶν
566 1621 694 1656 δεχθῆναι
706 1622 737 1648 τὸ
748 1622 891 1658 κήρυγμα,

93 1663 159 1692 τοὺς
173 1663 202 1690 δὲ
217 1663 314 1695 ἄλλους
331 1664 456 1696 ἅπαντας
471 1664 501 1697 ἐξ
515 1665 624 1701 ἀπάτης
636 1667 752 1701 φεύγειν
763 1687 770 1699 ,
792 1667 894 1701 ἔδειξεν

93 1708 201 1736 ἄνωθεν
216 1710 305 1737 ταῦτα
319 1709 494 1746 προρηθέντα
505 1719 512 1726 ·
530 1712 581 1738 οὐκ
596 1711 629 1739 ἂν
643 1712 838 1748 ὑπερσάλλωσι
855 1713 895 1749 τῷ

95 1756 196 1791 πλήθει
222 1756 277 1783 τῶν
291 1756 428 1792 -ἀριθμῶν
449 1757 497 1784 καὶ
519 1757 667 1793 μιμοῦνται
687 1759 736 1793 τῆς
754 1759 894 1795 θαλάσσης

93 1801 142 1828 τὸν
157 1802 273 1837 ψάμμον
285 1810 292 1818 ·
318 1802 367 1838 οὐχ
388 1803 509 1835 ἅπαντες
522 1804 664 1837 τεύξονται
679 1806 728 1841 τῆς
742 1806 893 1841 σωτηρίας,

94 1846 155 1874 ἀλλ’
171 1848 195 1874 οἱ
212 1849 244 1883 τῇ
259 1847 351 1875 πίστει
364 1849 560 1885 κοσμούμενοι·
576 1849 624 1877 τοῦ
637 1850 693 1886 γὰρ
706 1852 897 1887 συν-τετμημέ-

95 1902 142 1919 νου
160 1893 241 1927 λόγου
259 1893 290 1920 ὅν
307 1895 417 1930 ποιήσει
431 1895 536 1930 Κύριος
547 1916 554 1928 ,
583 1895 633 1932 τὴν
649 1896 742 1924 πίστιν
758 1897 874 1924 ἐκάλεσε
886 1905 894 1914 ο

94 1940 143 1966 καὶ
170 1939 197 1965 οἱ
222 1940 255 1975 τῇ
281 1940 373 1967 πίστει
397 1942 612 1976 προσελθόντες,
631 1933 705 1969 οὗτοι
722 1943 895 1978 ὑπάρχουσιν

95 1986 120 2011 οἱ
141 1985 195 2012 ὑπο
212 1985 259 2012 τοῦ
278 1987 420 2022 προφήτου
437 1988 649 2023 ἐγκατάλειμμα
663 1989 842 2024 κακούμενοι,
856 1989 897 2016 οἴ-

93 2038 170 2061 τινες
184 2031 229 2058 διὰ
243 2031 360 2064 πίστεως
376 2033 450 2068 σωθή
456 2042 559 2062 σονται,
691 2051 696 2054 -

133 2077 169 2104 Ἦ
194 2077 245 2105 οὐκ
265 2078 355 2105 οἴδατε
377 2079 424 2106 καὶ
450 2080 480 2107 ὲν
501 2080 580 2116 Ἠλίᾳ
604 2081 632 2107 τί
647 2080 722 2114 λέγει
744 2082 760 2117 ὴ
779 2082 894 2117 Γραφής

99 2124 149 2155 ’ος
163 2124 323 2159 ἐντυγχάνει
347 2125 387 2161 τῷ
408 2125 467 2161 Θεῷ
484 2127 558 2154 κατὰ
581 2126 629 2154 τοῦ
654 2127 763 2163 Ἰσραὴλ
789 2128 894 2162 λέγων·

98 2179 108 2195 ι
125 2169 223 2206 Κύριε,
239 2171 302 2204 τοὺς
315 2172 460 2208 προφήτας
478 2181 527 2201 σου
544 2173 721 2206 ἀπέκτειναν,
737 2174 784 2200 καὶ
801 2174 834 2201 τὰ
851 2174 898 2201 θυ-

95 2217 245 2252 σιαστήριά
260 2226 308 2244 σου
325 2219 516 2254 κατέσκαψαν,
531 2219 609 2253 κάγὼ
624 2220 792 2256 ὑπελείφθην
804 2221 894 2255 μόνος,

948 1626 1041 1654 dicant
1050 1632 1154 1661 pattcos
1166 1632 1199 1652 ex
1209 1623 1264 1651 illis
1273 1621 1408 1656 recepisse
1425 1616 1660 1653 prietlieutiunem,
1677 1614 1746 1642 alios

948 1676 1041 1700 autem
1057 1677 1154 1698 omnes
1176 1673 1206 1696 ut
1228 1668 1263 1695 ab
1284 1673 1381 1694 errore
1405 1665 1511 1699 fugere,
1533 1661 1715 1689 ostenderunt
1730 1668 1744 1687 a

949 1717 1088 1754 principio
1106 1716 1166 1743 hac
1186 1713 1328 1750 przedicta.
1343 1711 1403 1739 Non
1419 1713 1552 1744 superant
1570 1706 1746 1735 multitudine

949 1764 1059 1793 numeri
1077 1770 1129 1791 nec
1156 1761 1301 1795 adaequant
1324 1764 1435 1786 arenam
1457 1755 1558 1788 maris;
1584 1758 1745 1781 nontamen

949 1815 1046 1837 omnes
1075 1806 1267 1842 adipiscentur
1287 1804 1415 1834 salutent,
1438 1801 1486 1828 sed
1511 1799 1558 1835 qui
1576 1799 1629 1827 tide
1643 1806 1747 1826 ornan-

950 1859 1013 1887 tur;
1040 1852 1233 1881 abbreviatum
1258 1849 1332 1877 enim
1343 1847 1460 1875 verbum
1488 1844 1563 1880 quod
1586 1844 1669 1872 faciet
1695 1843 1747 1870 Do-

949 1899 1042 1927 minus
1066 1899 1147 1926 ﬁdem
1161 1896 1280 1929 indicat;
1296 1899 1325 1922 et
1337 1894 1385 1928 qui
1402 1893 1430 1920 in
1445 1892 1526 1919 ﬁdem
1542 1890 1748 1925 ingrediuntur,

950 1945 979 1973 hi
1005 1949 1071 1972 sunt
1089 1952 1105 1970 a
1132 1942 1267 1978 propheta
1294 1939 1418 1974 reliquiae
1435 1937 1534 1968 vocati,
1559 1941 1586 1963 et
1601 1943 1652 1970 per
1665 1934 1746 1962 ﬁdem

950 1991 1142 2020 salvahuntur.

986 2084 1082 2112 Nonne
1109 2081 1185 2110 scitis
1217 2080 1284 2115 quid
1308 2079 1335 2107 in
1348 2078 1408 2106 Elia
1421 2077 1491 2105 dicit
1509 2075 1674 2111 Scriptura?
1700 2076 1746 2110 qui

951 2130 1007 2158 Deo
1031 2133 1127 2157 contra
1143 2127 1224 2154 Israel
1242 2125 1310 2152 dicit
1326 2133 1334 2153 :
1353 2124 1498 2155 «Domine,
1516 2122 1665 2158 prophetas
1686 2125 1747 2148 tuus

951 2176 1126 2207 occiJcrunt,
1150 2173 1248 2201 altaria
1269 2178 1315 2199 tua
1329 2174 1501 2200 everterunt,
1518 2174 1545 2196 et
1568 2176 1620 2203 ego
1634 2167 1748 2195 relictus

951 2231 1012 2250 sum
1036 2222 1121 2253 solus,
1140 2225 1167 2248 et
1182 2223 1311 2254 qumrunt
1328 2217 1447 2244 animam
1464 2223 1552 2242 meatu
1577 2223 1592 2241 a
1621 2221 1674 2241 me.
1694 2213 1748 2241 Sed

95 2263 146 2289 καὶ
162 2262 274 2299 ζητοῦσι
288 2264 338 2300 τὴν
355 2265 444 2301 ψυχήν
459 2274 510 2301 μου
533 2265 580 2292 ἀπ’
596 2265 664 2301 ἐμοῦ
677 2274 683 2281 ·
700 2266 768 2293 ἀλλὰ
784 2267 810 2293 τί
822 2267 892 2301 λέγει

950 2269 1017 2304 quid
1033 2268 1102 2295 dicit
1113 2267 1138 2294 ei
1166 2263 1317 2293 revelatio?
1335 2261 1446 2297 Reliqui
1457 2261 1525 2287 mihi
1541 2263 1645 2294 septem
1662 2258 1748 2285 miltiu

95 2308 174 2343 αὐτῷ
188 2310 201 2335 ὁ
214 2311 424 2346 χρηματισμός
444 2311 600 2338 Κατέλιπον
611 2312 723 2348 ἐμαυτῷ
735 2313 899 2348 ἑπτακισχι-

93 2342 170 2385 λίους
184 2342 296 2390 ἄνδρας,
314 2342 422 2388 οἵτινες.
433 2357 484 2384 οὐκ
504 2342 633 2393 ἔκαμψαν
649 2342 715 2392 γόνυ
734 2359 768 2394 τῇ
784 2342 871 2386 Βάαλῒ
885 2369 894 2385 ι

95 2400 288 2451 κατῖ-ὲκεῐνον,
303 2401 382 2451 φησὶ,
395 2403 442 2429 τὸν
458 2403 556 2437 καιρὸν
567 2403 664 2430 πολλαὶ
680 2405 810 2440 μυριάδες
827 2402 898 2440 ἦσαν

94 2446 137 2481 τῷ
151 2446 270 2482 Ἰσραὴλ,
284 2447 331 2474 καὶ
345 2449 445 2480 πάντες
455 2449 627 2485 Ἰσραηλῖται
639 2450 823 2485 ὠνομάζοντο·
840 2451 898 2478 ἀλλ’

95 2492 110 2518 6
125 2491 181 2518 τῶν
207 2493 275 2519 ὅλων
303 2493 369 2525 Θεὸς
390 2494 445 2520 τῶν
469 2496 684 2531 ἑπτακισχιλίων
711 2496 807 2523 ἑαυτὸν
831 2497 899 2524 Θεὺν

96 2539 317 2574 προσηγόρευσε,
335 2541 398 2572 τοὺς
417 2541 445 2567 δὲ
467 2542 564 2575 ἄλλους
580 2543 785 2578 ἀπεδοκίμασεν
810 2543 899 2570 ᾶπαν-

94 2593 157 2616 τσς·
176 2586 190 2611 ὁ
206 2585 298 2620 μέντοι
322 2587 468 2623 προφήτης
488 2588 535 2614 καὶ
557 2589 637 2616 τοῦτο
662 2589 755 2624 ἠγνόει
770 2608 777 2621 ,
798 2590 847 2617 καὶ
869 2591 899 2618 ὲν

95 2631 174 2666 αὐτῷ
189 2632 263 2666 μόνῳ
284 2633 317 2659 τὰ
331 2632 447 2668 λείψανα
463 2633 598 2666 σώζεσθαι
616 2635 667 2671 τῆς
680 2635 822 2667 εὺσεῦείας
840 2636 894 2663 ἐνό-

97 2677 270 2713 μιζεν·οὺδὲν
286 2677 333 2705 οὖν
348 2679 442 2706 καινὸν
457 2680 506 2707 καὶ
522 2681 674 2716 παράδοξον
686 2701 693 2713 ,
710 2682 734 2708 εἰ
750 2681 798 2708 καὶ
818 2683 899 2717 ὑμεῖς

96 2725 235 2758 ἀγνοεῖτε,
250 2725 314 2757 τοὺς
332 2725 361 2759 ἐξ
379 2726 457 2761 ὑμῶν
477 2727 517 2763 τῷ
541 2727 651 2762 Σωτῆρι
663 2729 896 2762 πεπιστευκότας,

94 2771 144 2802 οὓς
156 2771 223 2797 λαὸν
242 2771 257 2797 6
278 2771 333 2798 τῶν
349 2772 418 2799 ὅλων
435 2774 636 2809 προσαγορεύει
651 2774 729 2805 Θεύς·
746 2773 835 2806 οὕτως
850 2772 897 2802 οὖν

99 2815 148 2844 καὶ
160 2817 191 2844 ἐν
211 2816 258 2844 νῦν
275 2818 364 2854 χαιρῷ
383 2818 487 2854 λεῖμμα
506 2820 565 2846 κατ’
581 2819 698 2856 ἐκλογὴν
719 2819 831 2856 χάριτος
852 2819 898 2854 γέ-

133 2907 160 2924 ⁸⁵
174 2908 234 2935 Act.
252 2917 309 2939 xm.
326 2910 419 2937 17-53.

133 2911 160 2924 “
174 2911 234 2935 Act.
252 2917 309 2939 xui.
326 2911 419 2937 17-55.
467 2911 489 2926 ’δ’
511 2911 578 2939 ίΙιὶιί.
594 2913 674 2941 at.“

97 2943 184 2972 Rem.
215 2952 250 2977 x1,
267 2945 324 2973 ~24.
364 2948 385 2962 θτ
407 2947 486 2975 Rom.
510 2955 547 2977 xu.
564 2947 590 2977 5,
617 2949 633 2975 6
683 2935 689 2941 ’

364 2948 385 2962 θτ
407 2947 486 2975 Ιὶυιιι,
510 2955 547 2980 x1,
564 2947 590 2982 5,
617 2949 633 2975 6

948 2315 1083 2345 virorum,
1104 2313 1152 2347 qui
1170 2319 1225 2338 non
1240 2311 1429 2337 eurvaverunt
1441 2315 1512 2342 genu
1529 2310 1593 2333 aute
1606 2305 1668 2332 Baal
1685 2304 1719 2332 ⁹¹.
1734 2314 1744 2329 ι

948 2362 1007 2393 Illo,
1030 2359 1129 2394 inquit,
1156 2363 1282 2392 tempore
1305 2355 1393 2383 multa
1408 2353 1494 2381 millia
1510 2356 1590 2380 erant
1606 2352 1632 2378 in
1651 2350 1746 2382 Israel,

949 2412 979 2434 et
997 2413 1093 2434 omnes
1106 2404 1236 2432 Israelita:
1248 2401 1470 2437 appellabantur.
1485 2399 1538 2427 Sed
1553 2398 1637 2426 tutius
1651 2397 1747 2424 mundi

949 2455 1023 2482 Deus
1043 2457 1148 2488 septem
1175 2450 1293 2478 millium
1309 2450 1395 2477 Deum
1411 2455 1440 2475 se
1454 2454 1515 2474 esse
1539 2445 1617 2479 dixit,
1633 2449 1749 2472 caeteros

949 2505 1042 2528 autem
1065 2506 1163 2527 omnes
1186 2497 1292 2533 rejecit.
1315 2495 1454 2530 Propheta
1477 2498 1568 2521 tamen
1590 2492 1643 2520 hoc
1669 2492 1746 2527 igno-

951 2546 1041 2579 rabat,
1059 2550 1087 2573 et
1104 2545 1132 2573 in
1155 2552 1186 2572 se
1208 2544 1267 2572 solo
1291 2542 1425 2578 reliquias
1447 2540 1548 2568 salvari
1563 2539 1675 2575 pictatis
1689 2537 1749 2566 exi-

950 2593 1091 2620 stimabat.
1121 2591 1233 2620 Minime
1257 2590 1343 2625 igitur
1357 2588 1459 2616 mirum
1482 2591 1511 2615 et
1526 2591 1700 2617 extraneum,
1723 2585 1746 2612 si

949 2644 1000 2664 vos
1016 2636 1068 2672 ipsi
1087 2635 1231 2671 ignoratis,
1247 2642 1295 2662 eos
1313 2633 1361 2668 qui
1381 2641 1414 2661 ex
1437 2632 1519 2660 vobis
1534 2632 1562 2658 in
1574 2631 1745 2659 Salvatorem

950 2682 1142 2712 crediderunt.
1176 2687 1246 2715 quos
1270 2679 1406 2715 populum
1435 2678 1522 2706 totius
1551 2676 1647 2706 mundi
1675 2677 1747 2703 Deus

950 2731 1040 2755 vocat.
1062 2726 1103 2753 Ita
1129 2733 1196 2760 ergo
1215 2726 1289 2753 etin
1317 2725 1370 2752 hoc
1388 2729 1511 2759 tempore
1543 2722 1668 2757 reliquit!)
1698 2729 1747 2755 per

949 2773 1045 2808 gratia:
1065 2772 1230 2800 electionem
1255 2771 1336 2799 factae
1365 2775 1445 2802 sunt;
1467 2769 1553 2805 gratia
1576 2772 1668 2802 autem
1691 2775 1747 2794 non

949 2828 982 2848 ex
994 2820 1136 2854 operibus,
1147 2827 1210 2847 cum
1226 2826 1287 2854 quas
1298 2825 1331 2846 ex
1342 2816 1473 2852 operibus
1492 2823 1546 2843 non
1562 2813 1596 2840 sit
1612 2813 1699 2848 gratia
1711 2814 1746 2840 θ’.

739 2915 762 2931 ⁹⁰
784 2914 835 2942 lsa.
859 2922 884 2946 τ,
897 2914 942 2947 22,
957 2913 1008 2947 23;
1025 2913 1106 2941 Rom.
1123 2921 1159 2948 Ix,
1177 2914 1222 2947 ‘27,
1239 2913 1285 2940 98.
1324 2912 1346 2927 ⁰¹
1368 2910 1402 2937 lll
1423 2909 1489 2944 Reg.
1507 2915 1563 2940 XIX,
1581 2906 1614 2934 10
1646 2908 1684 2936 cl,
1699 2906 1747 2939 13;
