1976 3233
275 250 343 284 1279

269 356 398 383 Christus
419 357 559 385 hominem
575 367 603 385 se
622 367 693 391 esse.
711 367 766 386 non
785 364 876 387 tamen
913 360 1010 392 Deum,
1035 365 1063 387 ut

274 408 301 430 tu
318 403 437 435 testaris,
455 403 576 435 dicebat,
595 412 646 431 cur
659 413 722 432 eum
735 405 915 432 cruciﬁxisti?
930 414 984 432 non
998 414 1063 440 pm-

271 453 333 483 pter
351 448 420 475 hoc?
439 454 568 489 et.quare
587 450 812 484 igitur?-—Quia
833 451 921 484 legem
944 451 1064 478 violabat

271 497 300 520 et
315 493 435 521 Sabbata
448 494 581 522 solvebat.
593 510 628 515 ——
640 496 672 523 Et
688 497 827 530 quomodo
844 497 897 524 hoc
919 496 985 532 egit,
1002 497 1064 524 dic?

272 539 345 574 quod
359 540 538 575 paralyticum
554 540 582 568 in
597 541 719 568 Sabbato
732 542 875 569 ambulare
893 542 975 569 fecit?
989 542 1062 576 quod

272 584 483 612 deeumbentem
497 585 523 612 in
540 585 610 613 lecto
623 586 729 613 erexit?
743 587 815 620 quod
834 591 974 613 mortuum
996 594 1063 621 qua;

272 630 431 657 triduanum
446 631 607 658 suscitavit?
620 637 646 658 et
664 632 755 666 qualis
771 637 813 659 est
828 632 881 659 hoc
893 632 961 667 legis
977 632 1063 659 viola-

272 675 329 702 tio?
343 675 389 709 qui
403 676 558 711 jumentum
571 677 665 704 educit
678 685 692 704 e
704 677 776 704 fossa
790 677 834 704 die
848 677 960 705 Sabbati
977 678 1065 712 legem

272 723 376 750 violare
398 732 452 750 non
470 724 580 757 diciturI
595 729 623 751 et
639 725 686 760 qui
709 729 848 752 mortuum
873 726 1065 753 maleolentem

272 769 306 795 ad
319 769 402 796 vitam
414 769 522 796 reducit
533 770 620 805 legem
632 765 766 798 violatio
777 771 909 806 injustum
918 771 1064 806 judicium,

273 821 290 840 ο
307 814 473 841 dementiam
497 817 632 842 vestram!
657 816 703 850 qui
717 817 873 850 jumentum
899 817 999 844 melius
1015 817 1066 844 lto-

273 859 348 885 mine
361 867 410 886 vos
428 860 478 894 ipsi
496 861 617 894 jumeula
631 861 778 896 judicatisl
798 861 855 888 Sed
871 862 938 896 quid
959 867 1064 889 tantum

275 901 408 930 honorem
434 904 544 931 Sabbati
572 904 713 937 defendis;
727 913 743 932 ο
768 905 893 940 improbe
915 912 943 935 et
964 907 1066 934 stulte?

274 946 345 974 Olim
359 948 430 975 Deus
443 949 604 983 praecipiens
618 950 748 977 honorari
763 951 923 984 Sabbatum,
935 956 963 979 et
976 953 1003 979 in
1013 953 1066 979 hoc

275 1001 356 1021 oume
378 1002 448 1028 opus
461 995 540 1023 vobis
555 996 716 1030 prohibens,
734 997 876 1030 iurantem,
892 999 914 1025 si
929 1002 992 1026 octo
1006 999 1066 1026 die-

275 1048 336 1067 rum
362 1041 482 1069 Sabbato
506 1051 566 1070 esse
589 1045 772 1080 contingeret,
795 1046 954 1085 circumcidi
979 1046 1068 1074 libere

275 1087 379 1119 sinens,
399 1087 472 1116 clare
495 1089 628 1121 ostendit,
644 1098 706 1117 eum
732 1091 842 1118 tandem
858 1091 993 1119 incideret
1012 1092 1068 1119 cir-

274 1132 454 1163 cumcisiotiis
469 1139 584 1162 octavus
599 1135 668 1168 dies,
690 1136 764 1163 hunc
783 1141 909 1164 sanctum
928 1142 956 1165 et
973 1138 1067 1165 Domi—

274 1178 367 1204 nicum
381 1186 458 1212 esse;
474 1188 538 1207 nam
551 1186 613 1215 post
625 1180 771 1216 septimum
787 1182 838 1210 iste
853 1187 905 1215 est,
918 1183 980 1211 ideo
993 1189 1068 1211 octa-

274 1231 326 1250 vus
344 1230 470 1257 vocatur,
493 1225 520 1252 in
546 1234 601 1260 quo
624 1227 738 1254 Sabbati
756 1228 845 1255 honor
859 1229 991 1258 solvetur.
1006 1230 1066 1257 Cir-

274 1270 408 1307 cumcisia
423 1276 515 1298 autem
530 1271 584 1298 dici
602 1276 692 1307 potest.
707 1274 849 1308 aptissime
865 1283 872 1302 :
887 1275 914 1302 in
930 1275 976 1303 illa
992 1276 1066 1303 enim

274 1323 290 1342 c
315 1316 432 1343 mortuis
452 1318 585 1345 suscitato
608 1319 725 1346 Domino
747 1325 840 1347 nostro
856 1321 920 1348 Jesu
944 1322 1065 1354 Christo,

274 1366 418 1395 peccatum
433 1363 628 1392 circumcisum
646 1368 698 1396 est.
713 1369 742 1392 et
758 1365 956 1394 daemoniorum
971 1375 1067 1402 super-

275 1407 320 1434 bia
336 1407 441 1445 deiecta
455 1414 508 1436 est.
527 1409 580 1436 Sed
602 1410 669 1445 quid
690 1412 776 1438 multa
790 1412 902 1440 dicere?
914 1414 979 1440 olim
995 1415 1067 1443 Deus

275 1453 387 1481 Sabbati
403 1455 568 1483 solutionem
583 1456 749 1492 signiﬁcavit
762 1465 833 1491 esse,
847 1459 1065 1494 translationem,

274 1503 302 1526 et
314 1507 364 1534 per
378 1501 468 1528 octavi
486 1501 541 1529 diei
561 1502 811 1535 circumcistonem,
827 1509 858 1531 ut
873 1505 930 1540 jam
944 1506 1068 1533 ostendi~

275 1553 355 1578 ntus.
381 1555 432 1574 nec
446 1548 537 1576 minus
561 1554 654 1577 autem
681 1558 732 1584 per
751 1550 897 1577 Jeremiam
918 1551 938 1584 ⁸,
956 1553 1067 1586 quando

275 1593 357 1620 statui
382 1593 589 1622 Testamentum
614 1596 721 1623 Novum
750 1597 887 1631 promisit.
917 1598 957 1625 Ne
983 1599 1067 1634 igitur

275 1639 389 1667 moleste
401 1640 484 1673 feras,
496 1649 587 1676 neque
600 1647 696 1669 contra
709 1650 760 1670 nos
774 1643 940 1678 disputando
952 1652 1066 1679 pugnes,
1080 1651 1102 1681 c

275 1685 299 1711 si
319 1692 382 1712 cum
407 1686 520 1721 reliquis
544 1687 657 1715 Sabbati
676 1689 765 1715 honor
790 1689 967 1717 transfertur.
990 1691 1067 1718 Novo

275 1731 350 1756 «nim
365 1730 552 1764 Testamento,
568 1734 660 1760 omnia
677 1742 747 1761 nova
762 1742 824 1761 esse
842 1735 944 1763 debent
965 1741 993 1763 et
1008 1737 1069 1772 ejus

276 1776 413 1811 dogmata.
438 1777 545 1804 Novum
573 1784 666 1806 autem
697 1780 811 1808 omnino
835 1780 902 1807 illud
927 1785 970 1808 est
994 1781 1069 1816 quod

276 1831 352 1851 nunc
373 1824 529 1857 institutum
544 1829 596 1857 est,
614 1833 664 1853 nec
677 1826 716 1853 illi
732 1826 822 1854 simile
836 1827 910 1861 quod
925 1828 1068 1862 praeteriit,

276 1878 329 1898 nec
352 1877 394 1897 est
417 1878 469 1898 nec
485 1870 610 1904 videtur;
629 1876 656 1899 et
672 1872 737 1899 hoc
761 1878 855 1907 aperte
874 1873 1006 1901 Dominus
1022 1874 1070 1902 de-

277 1916 391 1943 claravit
417 1925 423 1942 :
449 1926 458 1942 ‹
475 1917 598 1946 Statuam
625 1917 830 1945 Testamentum
860 1920 983 1952 Novum,
1014 1928 1069 1947 non

277 1962 357 1995 quale
379 1962 463 1988 statui
489 1962 614 1997 patribus
638 1963 748 1995 vestris.
774 1971 837 1991 cum
861 1964 944 1992 eduxi
966 1973 1014 1992 eos
1036 1973 1070 1993 ex

276 2005 393 2042 Egypto
410 2007 431 2034 '.
450 2017 460 2033 ι

312 2095 340 2124 Si
354 2103 419 2123 vero
435 2096 472 2123 ita
489 2095 533 2123 illa
547 2104 576 2124 se
592 2097 705 2129 habent,
719 2102 748 2124 et
769 2097 882 2125 Sabbati
903 2099 1069 2126 solutionem

277 2140 356 2168 decet
370 2142 475 2174 videre,
487 2146 513 2169 et
529 2142 748 2170 circumeisionis
762 2144 989 2176 mutationcm,et
1001 2145 1071 2172 mul-

277 2191 367 2214 torum
392 2187 509 2214 aliorum
536 2188 602 2223 legis
626 2193 836 2223 prmeeptorum.
862 2189 890 2216 Si
912 2190 986 2217 enim
1013 2190 1070 2217 Mo-

276 2233 349 2260 saica
372 2233 417 2261 illa
442 2237 470 2260 et
493 2239 589 2261 caetera
618 2235 776 2269 praescripta
801 2242 910 2269 semper
933 2235 1070 2263 debebant

276 2287 448 2314 permanere,
467 2284 494 2307 et
516 2288 603 2315 usque
620 2280 653 2307 ad
679 2280 760 2308 ﬁnem
783 2280 941 2308 firmitatem
965 2286 1068 2313 tenere.

874 257 904 287 S.
925 256 1106 287 ANAST-ASI
1112 258 1122 288 l
1143 257 1306 288 SINAITE

308 309 402 338 Habeo
416 315 506 338 autem
521 311 569 338 tibi
582 312 654 340 aliud
667 313 756 340 dehis
766 312 913 340 dicendum
929 323 936 341 :
949 313 1064 347 Quando
1080 317 1101 344 Α

1844 258 1922 290 nso

1152 314 1227 349 Ἐχω
1242 314 1269 341 δέ
1283 322 1324 340 σοι
1337 314 1383 340 καὶ
1394 313 1489 350 ἕτερον
1501 313 1548 340 ἐπὶ
1562 313 1668 345 τούτοις
1680 313 1770 340 εῐπεῖν
1781 322 1789 329 ’
1813 315 1918 349 ἐπειῖη

1114 360 1127 386 ὁ
1138 359 1256 394 Χριστὸς
1269 358 1412 394 ἄνθρωπον
1428 358 1535 392 ἑαυτὸν,
1551 359 1583 385 οὐ
1606 359 1698 394 μέντοι
1719 358 1806 392 Θεὸν,
1824 359 1867 391 ὡς
1885 362 1917 386 σὺ

1115 405 1277 440 μαρτυρεῖς,
1296 405 1390 439 ἔλεγεν
1402 403 1483 438 εἶναι,
1511 405 1570 436 πῶς
1594 405 1677 432 αὐτὸν
1704 405 1917 441 ὲσταὺρωσαςς

1114 449 1172 476 ἀλλ’
1198 449 1228 476 οὐ
1251 448 1296 476 διὰ
1317 449 1412 482 τοῦτο;
1431 449 1478 476 καὶ
1495 449 1574 481 τίνος
1587 449 1701 482 ’ἑνεκεν;
1723 449 1770 481 Ὠς
1788 458 1918 485 παρανο-

1117 495 1218 530 μοῦντα
1234 495 1281 521 καὶ
1303 495 1338 521 τὰ
1360 494 1489 521 Σάὸὃατα
1503 494 1612 522 λύοντα.
1639 495 1693 521 Καὶ
1707 495 1766 527 πῶς
1787 496 1837 521 καὶ
1853 496 1918 521 τίνα

1115 540 1225 574 τρόπον,
1246 540 1325 573 είπές
1346 539 1409 566 Ὀτι
1427 539 1473 566 τὸν
1488 539 1646 575 παράλυτον
1667 541 1696 566 ὲν
1708 540 1846 575 Σαεϐἀτῳ
1869 541 1918 576 βα-

1115 585 1199 617 δίζειν
1211 585 1356 621 ἐποίησεν;
1382 586 1423 612 ὅτι
1446 586 1496 620 τὴν
1525 586 1737 620 συγκύπτουσαν
1760 586 1915 622 (optimam;

1115 628 1156 654 ὅτι
1173 628 1269 663 νεκρὸν
1282 629 1472 664 τετραήμερον
1484 628 1579 664 ἤγειρε
1593 638 1600 662 ;
1618 630 1664 656 καὶ
1678 631 1743 656 ποία
1760 630 1845 658 τοῦτο
1863 641 1919 658 πα-

1117 674 1251 709 ρανομία;
1279 675 1294 701 ὸ
1316 674 1347 701 τὸ
1367 675 1465 710 κτῆνος
1488 675 1598 710 ἀνάγων
1620 677 1652 702 ὲκ
1677 676 1774 712 βόθρου
1795 678 1872 704 κατὰ
1886 678 1918 704 τὸ

1116 719 1255 746 Σάϐϐατον
1267 722 1438 755 παρανομεῖν
1452 721 1482 747 οὐ
1501 721 1620 756 λέγεται,
1636 722 1684 748 καὶ¹
1703 723 1717 748 ὁ
1731 724 1830 758 νεκρὸν
1843 724 1914 750 ὀδω-

1115 764 1179 791 δότα
1202 765 1316 796 ζωώσας
1333 768 1507 802 παρανομεῖς
1526 767 1559 793 Ὢ
1582 768 1632 802 τῆς
1653 768 1748 794 ἀδίκου
1772 769 1914 803 κρίσεωςῐ

1116 809 1139 836 ὣ
1152 810 1203 843 τῆς
1218 810 1411 846 παραπληξίας
1425 811 1519 847 ὑμῶνι
1550 813 1591 839 ὅτι
1612 813 1642 839 τὸ
1664 813 1764 848 κτῆνος
1783 815 1916 848 κρεῖσσον

1117 855 1262 891 ἀνθρώπου
1277 857 1342 892 παρ’
1358 857 1422 890 ὑμῖν
1434 859 1491 889 τοῖς
1504 855 1615 893 κτήνεσι
1638 858 1781 894 κρίνεται·
1798 859 1871 886 ἀλλὰ
1889 861 1915 886 τί

1116 901 1244 929 τοσοῦτον
1258 901 1359 937 ἀντέχῃ
1374 903 1424 938 τῆς
1440 903 1486 930 τοῦ
1504 904 1647 931 Σαεὸάτου
1661 905 1759 941 τιμῆς,
1787 902 1810 932 ὦ
1833 905 1913 932 ἄθλιε

1119 949 1151 975 σὺ
1169 948 1217 978 καὶ
1231 949 1348 984 ἀνόητες
1368 949 1451 976 πάλαι
1463 951 1477 977 ὸ
1493 951 1559 982 Θεὸς
1571 951 1763 986 ἐντειλάμενος
1775 952 1913 987 τιμᾶσθαι

1117 994 1149 1020 τὸ
1159 994 1306 1027 Σάϐϐατον,
1329 995 1378 1021 καὶ
1394 996 1423 1022 ἐν
1436 995 1510 1031 αὐτῷ
1528 996 1612 1031 μηδὲν
1628 997 1700 1032 ὑμᾶς
1716 997 1887 1032 ἐργάζεσθαι
1904 1022 1911 1033 ,

1117 1040 1224 1077 παιδίον
1237 1039 1266 1066 δὲ
1281 1040 1305 1066 εἰ
1318 1039 1394 1075 τύχοι
1411 1040 1584 1077 δκταήμερον
1595 1041 1671 1068 λύειν
1688 1042 1849 1076 Σάϐϐατον,
1864 1047 1913 1069 xu".

1117 1085 1265 1118 ἀκωλύτοίς
1282 1086 1541 1122 αὑτδ.περιτέμνειν
1552 1107 1559 1119 ,
1588 1088 1682 1122 σαφῶς
1697 1088 1834 1124 ἐδήλωσεν
1848 1110 1858 1126 ,.
1873 1089 1913 1120 ὡς

1117 1131 1250 1166 ἐλθούσης
1279 1131 1329 1166 ὀψέ
1358 1139 1424 1158 ποτε
1451 1131 1501 1166 τῆς
1523 1132 1608 1164 ὅντως
1627 1133 1725 1168 ὀγδόης
1744 1135 1910 1170 περιτομῆς.

1117 1178 1181 1213 ἥτις
1195 1177 1269 1204 ἐστὶν
1287 1177 1354 1212 ἁγία
1369 1178 1509 1213 Κυριακή.
1523 1179 1603 1206 Μετὰ
1617 1179 1673 1214 γὰρ
1689 1179 1809 1215 ἑϐδόμην
1821 1180 1911 1214 αὕτη,

1117 1224 1160 1257 ἐφ’
1173 1220 1195 1258 ᾧ
1207 1224 1255 1250 καὶ
1269 1223 1351 1258 ὀγδόη
1364 1225 1497 1255 καλεῖται,
1516 1225 1532 1259 ἠ
1548 1224 1594 1251 τοῦ
1609 1224 1751 1251 Σαῦὃάτου
1768 1225 1840 1260 τιμὴ
1862 1234 1911 1252 κα-

1116 1268 1300 1304 ταλυθήσεται
1311 1277 1318 1284 ·
1330 1269 1466 1304 περιτομὴ
1482 1268 1510 1295 δὲ
1528 1269 1629 1303 λέγοιτ’
1641 1270 1674 1296 ἂν
1686 1269 1733 1296 καὶ
1748 1270 1824 1303 μάλα
1837 1270 1913 1296 εικό-

1116 1322 1170 1346 τως
1180 1321 1187 1328 ·
1200 1314 1230 1341 ὲν
1242 1314 1311 1350 αὐτῇ
1327 1316 1380 1351 γὰρ
1399 1315 1432 1341 ὲκ
1446 1315 1552 1349 νεκρῶν
1573 1314 1732 1351 ὲγερθέντος
1743 1314 1791 1341 τοῦ
1806 1315 1913 1350 Κυρίου

1116 1359 1197 1394 ήμῶν
1214 1358 1303 1394 Ἰησοῦ
1321 1360 1450 1394 Χριστοῦ,
1475 1360 1523 1386 καὶ
1539 1360 1556 1394 ὴ
1576 1359 1700 1394 ἁμαρτία
1716 1360 1893 1396 περιετμήθη
1904 1381 1913 1393 ,

1117 1407 1196 1442 καὶὴ
1215 1407 1270 1434 τῶν
1294 1407 1430 1442 δαιμόνων
1451 1406 1536 1441 ὀφρῦς
1560 1407 1703 1443 καθῃρέθη
1717 1415 1724 1422 ·
1737 1407 1785 1434 καὶ
1805 1407 1833 1434 τί
1857 1407 1914 1442 χρὴ

1117 1452 1203 1478 πολλὰ
1223 1452 1330 1486 λέγεινς
1346 1453 1430 1479 πάλαι
1450 1452 1464 1478 δ
1481 1452 1548 1484 Θεὸς
1561 1452 1611 1488 τὴν
1631 1454 1680 1480 τοῦ
1705 1445 1849 1480 Σαεόάτου
1862 1462 1915 1479 κα-

1117 1497 1230 1524 τάλυσιν
1246 1497 1358 1532 ᾐνίξατο
1374 1497 1536 1533 μεταϐολὴν,
1554 1498 1602 1525 καὶ
1615 1497 1662 1525 διὰ
1673 1499 1723 1533 τῆς
1737 1498 1917 1534 ὀκταημέρου

1119 1544 1281 1578 περιτομῆς,
1302 1543 1339 1574 ὡς
1356 1543 1406 1578 ήδη
1425 1543 1578 1578 φθάσαντες
1599 1544 1715 1579 εἴπομεν
1727 1551 1735 1558 ·
1755 1544 1806 1579 οὑχ
1831 1542 1914 1580 ἦττον

1117 1589 1147 1616 δὲ
1172 1589 1220 1615 καὶ
1243 1589 1288 1615 διὰ
1311 1589 1359 1615 τοῦ
1376 1589 1511 1624 Ἱερεμίου
1533 1584 1663 1623 ὕστερον,
1686 1590 1767 1624 ἡνίκα
1781 1590 1913 1617 διαθεῖναι

1119 1634 1258 1669 Διαθήκην
1275 1635 1380 1670 Καινὴν
1401 1635 1594 1669 ἐπηγγείλατο.
1609 1635 1654 1669 Μὴ
1666 1633 1714 1662 οὖν
1729 1635 1892 1671 δυσχέραινε
1904 1657 1912 1669 ,

1122 1679 1191 1715 μηδὲ
1208 1679 1270 1706 καθ’
1289 1679 1368 1715 ἡμῶν
1394 1681 1540 1716 ἐριστικῶς
1564 1679 1711 1716 διαμάχου,
1736 1681 1764 1707 εἰ
1787 1689 1820 1715 γε
1846 1681 1912 1717 πρὸς

1119 1727 1175 1757 τοῖς
1190 1726 1280 1757 ἄλλοις
1291 1725 1339 1752 καὶ
1361 1727 1378 1761 ὴ
1397 1725 1444 1752 τοῦ
1463 1725 1603 1753 Σαδδάτου
1625 1726 1694 1761 τιμὴ
1717 1727 1911 1761 μετατίθεται·

1120 1772 1224 1807 Καινῆς
1238 1771 1292 1806 γὰρ
1308 1771 1392 1806 οὔσης
1416 1772 1466 1808 τῆς
1483 1772 1621 1807 Διαθήκης
1633 1791 1640 1804 .
1657 1771 1740 1798 καινά
1761 1780 1823 1798 τινα
1844 1769 1911 1798 εἶναι

1119 1815 1257 1850 ὀφείλουσι
1281 1816 1329 1842 καὶ
1352 1816 1386 1843 τὰ
1411 1815 1516 1852 ταύτης
1539 1816 1714 1851 θεσπίσματα
1730 1824 1738 1831 ·
1765 1816 1859 1843 καινὸν
1885 1817 1911 1842 δὲ

1120 1861 1231 1893 πάντως
1252 1862 1342 1888 ἐκεῖνό
1356 1862 1414 1888 ἔστι
1436 1861 1468 1888 τὸ
1490 1861 1538 1889 νῦν
1563 1861 1770 1897 προτιθέμενον,
1798 1862 1847 1888 καὶ
1875 1861 1909 1896 μὴ

1120 1906 1219 1932 ταυτὸν
1236 1906 1280 1941 ,τῷ
1303 1906 1523 1942 παρεληλυθότι,
1545 1906 1593 1932 καὶ
1608 1905 1638 1932 δν
1656 1906 1703 1932 καὶ
1727 1905 1888 1939 φαινόμενον
1902 1913 1908 1919 ·

1121 1951 1168 1978 καὶ
1183 1951 1262 1978 τοῦτο
1276 1951 1364 1986 δηλῶν
1377 1952 1392 1978 ὁ
1407 1950 1510 1987 Κύριος
1525 1950 1613 1984 ἔλεγε·
1636 1960 1645 1976 ε
1661 1950 1831 1984 Διαθὴσομαι
1849 1951 1911 1975 Δια-

1122 1995 1208 2030 θήκην
1226 1996 1331 2031 Καινὴν
1346 2017 1353 2029 ,
1384 1996 1433 2031 οὐχ
1456 1995 1516 2023 οἵαν
1540 1995 1669 2030 διεθέμην
1695 1995 1752 2026 τοῖς
1776 1994 1910 2030 πατράσιν

1122 2042 1210 2076 ὑμῶν,
1227 2042 1334 2076 ἐξάγων
1351 2041 1451 2073 αὐτοὺς
1467 2042 1496 2074 ἐξ
1511 2040 1662 2075 Αἰγύπτου.
1681 2050 1692 2066 ι

1158 2088 1189 2114 Εἰ
1202 2087 1231 2114 δὲ
1245 2087 1332 2114 ταῦτα
1344 2086 1431 2119 οὕτως
1446 2086 1504 2121 ἔχει
1517 2105 1524 2117 ,
1544 2086 1593 2112 καὶ
1605 2084 1748 2112 Σαδὸἁτου
1767 2083 1912 2111 κατάλυσιν

1123 2134 1196 2165 εἰκός
1215 2135 1290 2160 ἐστιν
1319 2134 1394 2166 ἰδεῖν,
1420 2133 1469 2159 καὶ
1493 2131 1646 2168 περιτομῆς
1669 2130 1838 2165 ἐναλλαγὴν,
1867 2130 1914 2156 καὶ

1123 2179 1228 2206 πολλῶν
1247 2179 1348 2215 ἑτέρων
1364 2178 1484 2214 νομικῶν
1501 2178 1653 2211 διατάξεων
1663 2185 1670 2192 ·
1686 2178 1711 2203 εἰ
1726 2176 1781 2211 γὰρ
1803 2176 1838 2202 τὰ
1849 2176 1912 2203 Mm-

1124 2226 1206 2252 σαῖκὰ
1225 2226 1317 2252 ἐκεῖνα
1336 2225 1384 2252 καὶ
1401 2225 1506 2252 παλαιὰ
1524 2224 1700 2258 διατάγματα
1714 2223 1753 2254 είς
1768 2222 1812 2248 ἀεὶ
1827 2230 1912 2257 παρα-

1124 2273 1216 2308 μένειν
1233 2272 1329 2306 ἔμελλε
1344 2293 1351 2304 ,
1371 2272 1419 2298 καὶ
1438 2271 1521 2306 μέχρι
1535 2271 1629 2302 τέλους
1642 2270 1673 2296 τὸ
1696 2269 1795 2303 πάγιον
1821 2267 1892 2302 ἔχειν
1904 2286 1912 2296 .

275 2333 331 2353 ιιοη
352 2326 458 2353 diceret
473 2326 545 2353 Deus
567 2335 616 2361 per
632 2326 779 2354 Jeremiam
804 2327 936 2355 transisse
958 2333 1068 2359 vetera,

1122 2319 1172 2345 οὐκ
1188 2319 1220 2346 ἂν
1238 2319 1316 2352 ἔλεγε
1341 2317 1386 2344 διὰ
1413 2317 1461 2344 τοῦ
1485 2317 1618 2352 Ἰερεμίου
1636 2315 1788 2361 παρελθεῖν
1810 2314 1914 2361 μὲνᾉτὰ

276 2372 385 2406 aliaque
400 2379 451 2406 pro
473 2372 527 2399 illis
549 2380 617 2399 nova
634 2373 795 2400 succedere.
817 2373 896 2406 Quod
920 2374 956 2401 sit
977 2379 1069 2401 autem

240 2434 243 2437 -
276 2416 383 2443 Novum
402 2417 475 2444 istud
490 2417 713 2450 Testamentum,
737 2423 765 2445 et
787 2418 814 2445 in
836 2426 891 2453 quo
903 2419 984 2446 detur
997 2420 1069 2452 loco,

277 2460 361 2487 Laias
384 2460 466 2490 docet
490 2465 517 2488 te
535 2461 650 2488 dicens:
670 2471 679 2487 ι
701 2462 739 2488 Ex
762 2461 827 2489 Sion
853 2463 941 2490 exibit
963 2463 1017 2495 lex.
1042 2469 1071 2492 et

277 2505 391 2533 verbum
408 2506 516 2534 Domini
534 2514 549 2534 e
564 2507 716 2535 Jerusalem
733 2507 753 2534 ⁸.
781 2517 790 2534 ι
803 2508 856 2536 Sed
873 2509 936 2536 vide
958 2510 1006 2536 Dei
1027 2518 1071 2537 sa-

278 2551 410 2586 pientiam
426 2560 432 2578 :
450 2556 525 2579 tuam
543 2552 617 2580 enim
641 2553 797 2588 prmvidens
813 2553 1027 2582 obstinationem
1044 2560 1072 2582 et

278 2597 511 2629 incredulitatem,
520 2606 570 2633 per
583 2606 668 2625 unum
678 2599 839 2634 prophetam
850 2599 883 2626 de
895 2599 971 2627 Novo
980 2600 1075 2627 Testa-

279 2648 372 2670 mento
386 2643 546 2676 declaravit,
565 2651 614 2679 per
630 2645 747 2672 alterum
764 2649 854 2672 autem
877 2645 967 2680 ipsum
983 2650 1076 2672 osten-

278 2689 319 2717 dit
332 2689 435 2722 Iocum,
453 2690 481 2717 in
497 2698 553 2725 quo
569 2691 630 2718 talis
647 2691 737 2718 locum
761 2691 873 2718 habebit
891 2691 960 2726 legis
975 2691 1073 2719 condi-

279 2737 328 2763 tio.
353 2736 467 2764 Frustra
492 2736 611 2771 denique
637 2737 748 2765 Sabbati
776 2737 909 2764 honorem
935 2737 1070 2768 defendis.

277 2782 379 2810 frustra
394 2782 635 2810 circumcisionem
646 2784 749 2819 jactus;
773 2783 980 2810 Testamentum
997 2782 1070 2809 enim

277 2828 384 2855 Novum
400 2829 470 2856 Deus
483 2829 641 2860 instituens,
658 2829 716 2856 haec
729 2830 821 2856 omnia
835 2829 981 2856 destruxit.
999 2829 1072 2855 vra:-

277 2877 364 2908 Ierea,
380 2882 442 2902 cum
457 2875 534 2902 velut
545 2875 654 2911 signum
666 2875 841 2902 circumcisio
861 2874 924 2902 data
946 2875 992 2907 sit,
1007 2874 1072 2910 quid

313 2966 322 2982 "
337 2967 438 2995 Jerem.
455 2975 527 3002 un,
545 2968 589 2996 51.
629 2968 638 2983 ⁵
653 2964 722 2994 ibid.
742 2967 786 2995 52.
827 2968 836 2984 ⁸
852 2967 904 2996 Isa.
919 2975 948 3001 ll,
969 2968 996 2995 5.

1125 2365 1246 2398 παλαιὰ,
1263 2364 1346 2398 ἔτερα
1363 2363 1392 2389 δὲ
1414 2363 1475 2390 ἀντὶ
1491 2362 1593 2389 τούτων
1607 2361 1686 2388 καινὰ
1702 2360 1848 2387 εἰσελθεῖν.
1865 2359 1911 2390 Τίς

1123 2410 1151 2437 δὲ
1168 2411 1185 2446 ὴ
1203 2410 1291 2444 Καινὴ
1304 2408 1373 2443 αὕτη
1386 2407 1507 2442 Διαθὴκη
1518 2428 1525 2437 ,
1539 2408 1587 2434 καὶ
1600 2408 1628 2434 ὲν
1640 2407 1708 2442 ποίῳ
1718 2406 1819 2433 aiio-rat
1830 2407 1912 2441 τόπῳ,

1129 2456 1244 2487 Ἡσαΐας
1256 2454 1356 2486 διδάξει
1371 2463 1399 2480 σε
1420 2454 1508 2488 λέγων
1521 2461 1528 2469 ·
1548 2462 1557 2479 α
1583 2453 1630 2480 Ἐκ
1652 2451 1722 2478 Σιὼν
1744 2451 1914 2484 ἐξελεύσεται

1123 2502 1215 2537 νόμος,
1229 2501 1277 2528 καὶ
1289 2500 1367 2535 λόγος
1381 2500 1485 2535 Κυρίου
1501 2499 1530 2532 ἐξ
1548 2498 1736 2534 Ἰερουσαλήμ.
1752 2506 1761 2522 ι
1784 2496 1853 2522 Ἀλλ’
1866 2495 1915 2530 δρα

1125 2548 1222 2582 σοφίαν
1236 2546 1303 2574 Θεοῦ
1319 2555 1325 2562 ·
1349 2546 1398 2581 τὴν
1415 2545 1470 2581 γὰρ
1495 2545 1544 2580 σὴν
1564 2543 1697 2579 προειδὼς
1717 2542 1848 2575 ἀνηκοΐαν
1869 2541 1913 2567 καὶ

1124 2594 1264 2626 ἀπιστίαν,
1283 2593 1327 2620 διὰ
1341 2593 1417 2620 τοῦδε
1434 2593 1483 2628 μὲν
1494 2591 1540 2618 τοῦ
1555 2591 1694 2626 προρήτου
1710 2590 1774 2624 περὶ
1788 2589 1839 2622 τῆς
1850 2589 1912 2614 Και-

1124 2640 1172 2675 νῆς
1188 2640 1383 2675 ὐπεσημὴνατο
1395 2639 1532 2673 Διαθὴκης
1542 2647 1548 2654 ·
1565 2637 1599 2664 δι’
1615 2635 1718 2662 ἐκείνου
1738 2635 1767 2660 δὲ
1778 2635 1826 2660 καὶ
1838 2634 1914 2660 αὑτὸν

1125 2687 1257 2722 ἐδήλωσεν
1271 2687 1317 2713 τὸν
1330 2686 1425 2716 τόπον.
1442 2686 1471 2712 ὲν
1481 2682 1502 2719 ᾧ
1520 2686 1536 2720 ἡ
1550 2683 1662 2717 τοιαύτη
1684 2681 1781 2716 ἔμελλε
1808 2680 1912 2714 δοθῆναι

1126 2733 1273 2768 νομοθεσία
1284 2741 1291 2748 ⁸
1312 2733 1401 2768 μάτην
1416 2731 1509 2758 λοιπὸν
1523 2730 1625 2766 ἀντέχῃ
1637 2728 1689 2763 τῆς
1707 2726 1754 2754 τοῦ
1777 2727 1912 2753 Σαϐϐαῖον

1125 2780 1208 2814 τιμῆς
1221 2787 1227 2793 ⁸
1243 2779 1329 2813 μάτην
1352 2778 1432 2814 ἐξέχῃ
1449 2778 1498 2812 τῆς
1522 2775 1674 2812 περιτομῆς
1689 2783 1696 2789 ·
1715 2773 1854 2807 Διαθήκην
1869 2770 1913 2797 κιὶ

1125 2827 1180 2861 γὰρ
1194 2827 1208 2852 ὁ
1221 2825 1286 2857 Θεὶς
1301 2825 1404 2860 Καινὴν
1421 2823 1572 2859 παρασχὼν
1584 2842 1592 2855 ,
1609 2821 1693 2848 ταῦτα
1711 2820 1801 2846 πάντα.
1815 2818 1910 2852 κατήρ-

1127 2880 1228 2908 τησεν·
1246 2872 1333 2904 ἄλλως
1349 2879 1389 2904 τε,
1405 2870 1518 2907 σημείου
1535 2869 1626 2896 ἕνεκεν
1638 2866 1759 2900 δυῠείτης
1774 2864 1822 2899 τῆς
1839 2870 1910 2898 περι·
