1976 3252
88 268 1702 304 ᾗ

721 373 808 396 ANNO
831 373 947 396 DOMINI
968 373 1082 395 DXCIX.

424 429 1267 608 ANASTASIUS
1344 476 1394 579 Ι

353 663 936 722 ANTIOGHENUS
984 656 1451 720 EPISCOPUS.

753 860 1030 933 ’NOTITIA

895 958 921 988 Ι.

501 1040 541 1068 Ex
556 1039 696 1067 GALLAND.
717 1037 776 1065 Vel.
801 1037 918 1064 Patrum
938 1036 1066 1064 Bibliotlr.
1086 1041 1104 1064 t.
1121 1036 1178 1072 Xli,
1198 1045 1225 1074 p.
1239 1046 1306 1067 ml.

116 1193 138 1222 l.
169 1192 353 1226 Anastasius,
382 1200 484 1228 genere
503 1191 685 1223 Palaestinus.
713 1191 887 1231 professione
906 1191 1078 1225 monachus,
1102 1200 1165 1220 cum
1184 1193 1363 1222 eruditorum
1379 1194 1523 1231 plerisque
1539 1201 1612 1232 quos
1624 1195 1720 1226 laudat

85 1240 231 1269 Fabricius
247 1241 256 1277 (
268 1241 279 1268 l
290 1239 316 1276 ),
338 1239 555 1275 distinguendus
571 1239 685 1266 omnino
698 1238 812 1266 videtur
826 1239 861 1266 ab
873 1238 1022 1266 Anastasio
1036 1238 1143 1267 Sinaita
1158 1240 1206 1274 qui
1220 1240 1341 1276 Μωῦσῆς
1354 1240 1414 1273 νέος
1430 1248 1446 1269 a
1460 1240 1564 1270 Graecis
1579 1243 1720 1271 recentio.

84 1286 159 1314 ribus
175 1287 303 1318 dicitur,
328 1290 359 1313 ut
372 1285 458 1312 refert
474 1285 620 1313 Simonius
637 1284 696 1319 (2)-
728 1284 906 1320 Quapropter
919 1285 1034 1312 minime
1049 1285 1210 1313 audiendus
1221 1289 1264 1312 est
1276 1285 1461 1321 Nicephoras,
1480 1287 1529 1322 qui
1542 1287 1720 1315 Anastasium

83 1331 115 1359 de
129 1340 185 1367 quo
204 1333 346 1367 loquimur
368 1339 424 1358 non
440 1331 529 1358 solum
551 1338 615 1358 cum
629 1330 736 1357 Siuaita
751 1330 908 1362 confundit,
930 1330 978 1358 sed
995 1334 1023 1357 et
1037 1338 1100 1358 cum
1116 1331 1203 1358 altero
1215 1330 1362 1358 Anastasio
1373 1331 1497 1367 juniore,
1513 1332 1560 1367 qui
1573 1332 1721 1360 Anastasio

83 1377 115 1404 de
136 1386 192 1413 quo
218 1377 264 1405 hic
285 1377 427 1412 loquimur
452 1377 480 1403 in
497 1376 660 1411 episcopatu
695 1375 845 1410 successit,
870 1381 899 1402 et
915 1383 989 1403 anno
1006 1376 1059 1403 609
1071 1376 1176 1404 Christi
1192 1381 1298 1412 martyr
1310 1377 1445 1404 occubuit
1466 1376 1530 1412 (5).
1557 1376 1722 1405 Anastasius

82 1424 174 1459 itaque
201 1431 265 1460 post
280 1424 418 1451 Domnum
434 1423 492 1451 sive
507 1423 675 1450 Domninum
697 1422 731 1449 ad
748 1422 842 1450 sedem
858 1422 1090 1457 Theopolitanam
1108 1428 1156 1450 Seu
1171 1423 1376 1451 Antiochenam
1394 1423 1448 1451 fuit
1461 1428 1585 1451 evectus.
1607 1423 1720 1451 Initium

82 1472 139 1506 ejus
154 1471 336 1506 pontiﬁcatus
348 1473 427 1506 juxta
440 1469 592 1505 Nicephori
606 1468 756 1497 Chronicon
772 1477 805 1496 ac
821 1468 1001 1504 Theophanis
1017 1469 1143 1502 Tabulas,
1160 1477 1194 1497 ex
1207 1470 1283 1505 Pagii
1299 1469 1337 1505 (4)
1353 1475 1381 1498 et
1394 1469 1540 1505 Lequienii
1557 1470 1593 1505 (5)
1608 1474 1720 1497 senten-

83 1519 128 1550 tia,
148 1518 314 1553 illigandum
331 1525 403 1544 anno
419 1517 484 1549 559,
503 1524 584 1544 secus
599 1521 683 1551 atque
698 1516 745 1543 alii
762 1515 812 1551 qui
825 1520 953 1544 statuunt
967 1524 1073 1544 annum
1088 1516 1151 1543 561.
1180 1516 1247 1552 Ejus
1259 1517 1334 1544 enim
1349 1516 1496 1549 decessor,
1516 1516 1563 1551 qui
1579 1523 1653 1543 anno
1667 1515 1721 1544 545

80 1566 282 1593 Antiochenam
298 1565 392 1592 sedem
409 1564 544 1597 obtinuit,
565 1572 654 1592 annos
672 1565 704 1592 ll
720 1572 782 1591 eam
794 1564 948 1592 Ecclesiam
967 1563 1083 1597 rexisse,
1103 1564 1230 1599 adeoque
1247 1563 1423 1591 Anastasium
1438 1566 1565 1590 nostrum
1579 1569 1654 1590 anno
1666 1561 1718 1590 559

81 1620 272 1640 successorem
299 1612 431 1639 habuisse
457 1611 640 1646 comperitur.
671 1611 726 1638 Res
741 1611 776 1638 ab
790 1618 824 1638 eo
839 1611 972 1646 praeclare
986 1615 1078 1645 gestas
1094 1610 1244 1645 descripsit
1260 1610 1395 1645 Evagrius
1409 1609 1459 1646 (6).
1480 1609 1528 1637 Vir
1543 1609 1651 1636 scilicet
1665 1608 1719 1636 fuit

80 1663 137 1686 tum
158 1659 195 1686 ob
218 1659 388 1686 eminentem
403 1659 467 1686 vitae
484 1658 663 1686 sanctitatem
678 1678 685 1690 ,
714 1662 772 1685 tum
790 1658 826 1686 ob
838 1657 968 1684 eximiam
982 1657 1140 1683 doctrinam
1158 1657 1262 1691 ubique
1279 1657 1306 1683 in
1319 1656 1434 1684 Oriente
1447 1659 1600 1691 spectatus.
1619 1656 1716 1692 Magna

80 1706 196 1742 insuper
214 1707 371 1734 constantia
387 1710 414 1734 et
427 1705 514 1733 animi
529 1705 697 1733 celsitudine
713 1705 741 1732 in
755 1710 838 1732 recta:
853 1705 915 1732 fidei
930 1705 1094 1732 defensione
1107 1705 1242 1739 praeditus
1255 1705 1340 1732 fuisse
1354 1704 1530 1740 perhibetur.
1553 1704 1719 1740 Imperatori

79 1760 200 1788 namque
215 1753 375 1781 Iustiniano
391 1753 420 1780 in
435 1751 564 1780 haeresim
576 1751 894 1786 Aphthartodocitarum
908 1751 985 1786 lapso
1005 1750 1121 1778 firmiter
1136 1751 1246 1779 obstitit
1267 1760 1274 1778 :
1292 1752 1340 1786 qui
1354 1755 1501 1787 propterea
1516 1751 1606 1788 ipsum
1619 1751 1719 1779 exsilio

80 1801 206 1836 relegare
222 1801 385 1829 decreverat
398 1810 405 1834 ;
425 1800 486 1833 sed,
503 1799 657 1835 improviso
672 1799 729 1827 fato
746 1799 893 1834 perculsus
909 1807 982 1826 anno
996 1799 1059 1830 565.
1073 1800 1201 1835 iniquum
1216 1800 1365 1827 consilium
1381 1800 1517 1836 perficere
1530 1799 1604 1827 haud
1616 1799 1719 1835 potuit.

79 1848 151 1876 illud
166 1854 262 1878 tamen
280 1850 386 1886 aliquot
401 1854 463 1885 post
478 1858 567 1877 annos
586 1849 737 1885 perfecisse
754 1849 937 1884 intelligimus
955 1850 1044 1876 nihilo
1057 1850 1209 1884 aequiorem
1226 1850 1254 1877 in
1270 1855 1397 1878 sanctum
1413 1849 1569 1877 antistitem
1582 1848 1720 1877 Justiniaa

79 1896 109 1923 ni
134 1901 287 1932 cognatum
314 1897 456 1926 Justinum
482 1897 624 1933 juniorem
636 1917 644 1930 ,
673 1897 721 1932 qui
739 1905 803 1924 eum
819 1901 918 1924 octavo
934 1897 1045 1932 imperii
1058 1905 1132 1924 anno
1148 1897 1323 1924 Antiochena
1337 1898 1401 1924 sede
1415 1897 1588 1929 deturbavit,
1608 1897 1720 1932 ipsique

79 1942 247 1978 Gregorium
272 1943 383 1971 suffecit
411 1944 541 1972 asceterii
566 1944 669 1972 montis
685 1943 752 1971 Sina
770 1944 942 1979 praefectum.
972 1945 1011 1971 De
1029 1944 1072 1971 his
1091 1952 1125 1972 ex
1142 1944 1261 1979 Evagrio
1276 1944 1436 1976 erudimur,
1457 1944 1504 1978 qui
1522 1944 1650 1979 pluribus
1668 1944 1720 1972 ista

80 1990 262 2025 prosequitur
278 1991 336 2024 (7).
360 1990 434 2017 llanc
451 1990 591 2017 Anastasii
607 1990 814 2024 depositionem
834 1998 905 2024 aegre
921 1989 1070 2016 admodum
1087 1990 1150 2016 tulit
1166 1990 1319 2025 Gregorius
1334 1990 1458 2024 Magnus.
1479 1989 1596 2016 Exstant
1612 1990 1721 2025 aliquot

79 2036 140 2071 ejus
154 2037 284 2072 epistolze
298 2037 348 2072 (8)
365 2035 399 2063 ad
416 2037 545 2064 eumdem
563 2036 769 2063 Antiochenum
784 2036 943 2070 praesulem,
962 2037 990 2062 in
1003 2036 1106 2070 quibus
1123 2036 1213 2070 ipsum
1230 2036 1353 2070 impense
1366 2035 1461 2062 laudat
1485 2043 1492 2062 :
1514 2039 1631 2063 testatus
1647 2044 1719 2070 pra:-

80 2085 154 2110 terea
183 2090 215 2111 se.
243 2083 316 2117 apud
342 2081 537 2109 serenissimos
561 2081 701 2108 dominos'
717 2081 893 2115 (Mauritium
908 2081 1024 2116 ejusque
1042 2080 1126 2107 lilium
1142 2080 1354 2115 Theodosium)
1377 2080 1495 2108 summis
1508 2080 1638 2116 precibus
1652 2089 1719 2116 sug-

79 2129 237 2163 gestionem
253 2129 365 2160 fecisse,
384 2134 415 2156 ut
429 2129 491 2156 viro
506 2128 670 2156 beatissimo
689 2136 757 2155 suus
771 2127 861 2155 honor
875 2128 1084 2155 restitueretur.
1301 2150 1306 2156 .

113 2174 147 2202 ll.
164 2175 334 2202 Pontificatu
350 2176 435 2202 cessit
447 2175 612 2202 Anastasius
627 2182 701 2201 anno
715 2175 767 2202 569
791 2179 911 2202 exeunte
927 2174 971 2202 vel
984 2179 1092 2206 exacto,
1108 2178 1254 2210 postquam
1267 2175 1358 2210 prima
1370 2174 1431 2204 vice
1444 2175 1563 2204 sedisset
1575 2183 1663 2204 annos
1674 2177 1720 2212 ll,

79 2219 127 2255 ἐτη
145 2219 195 2252 ια’,
213 2225 244 2248 ut
259 2220 380 2248 habetur
396 2220 423 2247 in
439 2220 592 2254 Nieephori
604 2219 733 2253 Chronico
751 2227 783 2247 ac
796 2219 977 2256 Theophanis
994 2219 1117 2253 Tabulis;
1135 2221 1215 2255 cujus
1231 2224 1380 2255 propterea
1395 2221 1524 2249 exsilium
1539 2222 1631 2250 minus
1643 2227 1718 2250 recte

78 2265 168 2293 refert
183 2266 287 2302 Pagius
301 2265 348 2301 (9)
365 2267 399 2294 ad
416 2274 520 2296 annum
537 2266 598 2293 565.
632 2265 720 2293 Porro
741 2265 903 2301 Gregorius,
919 2266 1009 2299 eidem
1025 2267 1158 2294 sutl‘ectus
1174 2274 1247 2294 anno
1261 2267 1329 2299 570,
1347 2267 1500 2295 Ecclesiam
1516 2269 1718 2297 Antiochenam

78 2312 187 2339 rexisse
216 2320 304 2347 usque
322 2313 356 2340 ad
375 2313 518 2340 ineuntem
536 2321 639 2339 annum
657 2313 709 2340 595
728 2317 902 2348 compertum
931 2314 960 2340 fit
986 2321 1020 2341 ex
1041 2313 1223 2348 inscriptione
1247 2313 1387 2342 Orationis
1411 2323 1491 2350 quam
1510 2315 1608 2343 habuit
1623 2320 1719 2345 noster

76 2358 256 2390 Anastasius,
268 2366 331 2386 cum
346 2363 409 2394 post
421 2367 511 2386 annos
526 2364 583 2386 tres
595 2363 624 2386 et
635 2359 743 2394 viginti,
753 2359 886 2386 thronum
899 2367 980 2386 suum
997 2359 1212 2394 patriarchalem
1228 2368 1328 2387 rursus
1340 2361 1456 2397 recepit.
1475 2360 1595 2397 Hujusce
1607 2361 1719 2390 Oratio-

76 2403 120 2431 nis
148 2404 366 2439 inscriptionem
395 2405 435 2432 sic
458 2406 545 2433 refert
569 2405 737 2433 Lambecius
758 2405 827 2440 (l0)
848 2415 854 2432 :

951 2406 1034 2432 αὑτοῦ
1053 2406 1233 2432 Ἀναστασιου
1255 2407 1428 2443 πατριάρχου
1448 2408 1615 2444 ’Δντιοχείας
1630 2409 1717 2443 Λόγος

75 2450 201 2485 ὁπηνίκα
216 2451 371 2484 ἐπανῆλθεν
387 2452 434 2478 ἐπὶ
449 2452 494 2478 τὸν
508 2452 604 2487 θρόνον
621 2452 665 2478 διὰ
679 2451 765 2487 τριῶν
780 2452 829 2479 καὶ
843 2461 853 2478 ε

943 2452 1060 2486 χρόνων,
1077 2461 1104 2480 κ.
1120 2461 1145 2479 τ.
1159 2452 1184 2479 λ.
1202 2452 1330 2488 Ejusdem
1344 2454 1482 2482 Anastasii
1493 2456 1719 2491 patriarcthn‘

75 2494 194 2521 tiae/(eui
220 2494 328 2529 Oratio,
353 2505 412 2523 cum
426 2502 484 2532 post
500 2506 585 2524 annos
602 2498 695 2532 viginti
711 2503 762 2524 tres
791 2498 826 2524 ad
839 2498 927 2525 sedem
944 2499 1035 2525 rediit.
1066 2498 1124 2531 Qua
1150 2499 1184 2526 de
1206 2499 1389 2534 inscriptione
1409 2501 1522 2538 Pagium
1538 2502 1593 2537 (ll)
1609 2507 1637 2531 et
1650 2503 1718 2532 Bos-

74 2539 171 2567 chium
189 2541 255 2576 (12)
272 2543 401 2570 consulas
415 2544 510 2570 velim.
530 2543 661 2570 Eamdem
679 2551 790 2578 quoque
806 2545 906 2572 reeitat
919 2545 1080 2579 Lequienus
1097 2545 1161 2581 (l5)
1183 2555 1189 2572 :
1210 2546 1257 2573 sed
1276 2547 1350 2574 aliud
1366 2548 1455 2583 egisse
1470 2549 1584 2577 videtur
1596 2550 1639 2577 vir
1651 2558 1719 2578 eru-

72 2585 151 2614 ditus
162 2607 170 2620 ,
198 2587 264 2615 dum
279 2589 416 2616 scriberet
429 2590 604 2618 Anastasium
621 2590 708 2619 fuisse
725 2598 740 2616 a
754 2592 883 2619 Mauritio
898 2593 1067 2627 imperatore
1084 2592 1264 2620 Antiochense
1279 2593 1338 2621 sedi
1354 2594 1514 2622 restitutum
1530 2596 1648 2624 vicesimo
1661 2601 1718 2624 ter-

111 2676 151 2716 (l)
170 2676 282 2716 fabric.
297 2677 365 2716 gilii,
378 2679 462 2716 Crat.
476 2679 600 2716 IXLpag.
611 2680 681 2716 5175.7
924 2680 1005 2715 epist.
1019 2681 1071 2713 59;
1093 2686 1121 2709 et
1134 2681 1184 2708 lib.
1196 2690 1243 2712 vn,
1257 2682 1340 2716 epist.
1351 2683 1396 2715 27,
1415 2683 1484 2712 edit.
1497 2684 1549 2712 BB.

120 2714 151 2753 Ξ)
170 2711 280 2753 §imon.
297 2713 366 2753 12.1.17}:
381 2715 461 2753 clleis.
478 2718 498 2741 ι.
512 2711 622 2753 ῐιῐξ-ςῖιρ.
636 2715 698 2747 112,
715 2715 834 2753 pag.“2_7.
942 2711 1002 2753 ’(9)
1018 2711 1092 2753 Pagi.
1107 2717 1140 2753 ad
1154 2725 1219 2753 ann.
1232 2711 1294 2747 563.
1311 2718 1363 2753 §5.

121 2746 150 2775 5)
171 2746 289 2787 Niceph.
304 2748 373 2775 Call.
389 2749 456 2787 (list.
472 2750 535 2777 eccl.
551 2746 687 2783 lib.‘xvm,
701 2746 764 2785 cap:
774 2750 819 2777 M.
961 2750 1016 2784 (i0)
1038 2746 1133 2779 Lamb.
1161 2746 1364 2780 Commentfde
1386 2753 1456 2780 Bibl.
1476 2753 1577 2782 (ἔωσαν.
1598 2755 1648 2783 lib.
1666 2762 1714 2787 vn,

169 2781 297 2819 l’aglsad
310 2791 376 2819 ann.
388 2783 450 2819 {)6l.
463 2784 477 2819 ᾗ
488 2786 515 2811 2.
922 2792 950 2819 p.
965 2785 1025 2812 159.

194 2785 297 2819 ίιεὶκειᾱ
310 2791 376 2819 ann.
388 2785 450 2819 {56L
463 2785 477 2819 ᾗ
488 2786 515 2811 2.
922 2792 950 2819 p.
965 2785 1025 2812 l59.

578 2820 611 2851 ll.
624 2819 727 2858 p175}.
922 2792 950 2820 Ρ.
1035 2821 1114 2858 fagi,
1128 2821 1172 2858 ad_
1178 2829 1242 2849 ann.
1255 2822 1316 2858 594:
1332 2822 1362 2858 ξς
1376 2823 1393 2850 ι
1407 2830 1484 2858 seqq.

120 2851 149 2892 ρ)
171 2851 272 2892 _Eva_gr.
288 2852 356 2879 Hist.
369 2853 542 2892 echLlibgv,
556 2851 676 2890 cap-40.
695 2852 697 2855 ’
961 2851 1135 2892 (ﬁlim-scil.
1151 2856 1238 2892 Tract.
1255 2857 1287 2883 de
1297 2851 1374 2885 Ρὰἲιί.
1387 2851 1521 2892 Antioch”
1540 2857 1574 2885 ad
1589 2858 1650 2887 Act.
1664 2857 1714 2887 SS.

171 2887 211 2925 LI).
226 2885 314 2925 Iib:_v.
325 2895 411 2925 capp.
423 2888 439 2914 5
451 2889 514 2916 etB.
537 2885 541 2886 ⁷
681 2924 684 2925 ν
925 2885 992 2925 tom.
1006 2890 1049 2919 IV.
1065 2890 1119 2918 Jul.
1134 2899 1162 2925 p.
1174 2891 1218 2918 98.
1235 2900 1311 2918 num.
1325 2893 1386 2920 455.

108 2919 151 2957 (8)
168 2920 253 2955 Greg.
265 2921 301 2948 Μ.
325 2919 415 2954 tibi],
438 2924 522 2958 epist.
543 2925 569 2956 7,
590 2924 636 2958 25,
654 2924 708 2958 26;
732 2928 760 2952 et
778 2925 830 2954 lib.
841 2933 869 2960 v,
963 2924 1017 2960 (15)
1036 2919 1172 2961 Lequién.
1191 2925 1236 2954 0r.
1250 2925 1347 2957 Christ.
1365 2919 1431 2955 tom.
1444 2927 1479 2960 Π,
1495 2935 1523 2962 p-
1535 2927 1597 2956 756.

241 2969 378 3001 ΡΑΤΒοι.
400 2971 632 3003 Gn.LXXXlX.
1486 2972 1522 3004 ιιι
