1980 3188
279 220 347 251 1355
673 231 677 235 ·
808 222 839 253 S.
859 221 1061 251 ANASTASIL

1126 221 1400 252 ANTIOCHENUS.
1639 248 1642 251 .
1848 219 1908 252 1296

276 283 311 308 τὲι
336 282 452 315 σώματα
475 280 556 316 ἡμῶν
581 281 627 307 ἐπὶ
648 280 679 306 τὸ
700 281 887 315 πνευματικὸν
911 282 956 307 καὶ
976 281 1125 316 ἄφθαρτον.
1154 281 1209 307 Καὶ
1226 283 1249 307 εἰ
1266 283 1293 308 ὲν
1308 283 1450 316 καινότητι
1467 281 1541 316 ζωῆς
1556 281 1806 316 περιπατήσωμεν,
1824 281 1909 317 ἁρπα-

277 327 420 361 γησόμεθα
438 327 466 352 ἐν
482 327 608 360 νεφέλαις
623 327 663 358 εἰς
677 327 829 361 ἀπάντησιν
844 326 891 352 τοῦ
907 326 1009 361 Κυρίου
1025 327 1065 357 εἰς
1080 325 1159 361 ἀέρα,
1176 327 1223 353 καὶ
1238 327 1324 357 οὕτως
1339 328 1456 353 πάντοτε
1473 327 1523 353 σὺν
1537 327 1632 361 Κυρίῳ
1646 327 1778 361 ἐσόμεθα,
1790 323 1812 360 ᾧ
1823 327 1840 361 ἡ
1851 327 1910 359 δόξα

278 375 325 400 καὶ
350 374 381 399 τὸ
406 373 508 408 κράτος
534 374 573 404 εἰς
596 374 659 404 τοὺς
682 373 783 403 αἰῶνας
800 372 855 398 τῶν
872 372 990 399 αἰώνων.
1014 373 1060 407 ‘Ap

1132 373 1275 404 Lambec.,
1293 373 1362 406 VIII,
1377 381 1404 407 p.
1419 373 1470 399 117
1488 373 1526 408 [ρ.
1539 372 1592 399 250
1606 380 1665 408 seq.
1681 381 1709 399 n.
1723 372 1767 404 15,
1784 372 1909 408 Kollar.].

277 421 356 448 FABR.
374 420 403 447 V.
417 428 511 455 supra,
530 420 556 446 in
571 420 599 447 h.
613 421 667 447 \'ol.
681 428 706 455 p.
727 419 858 447 2M.—-lu
873 421 936 447 cod.
950 420 1065 448 Coislin.
1078 421 1139 447 501.
1155 420 1184 447 I’.
1198 421 1385 447 Montfaucon.
1403 419 1472 448 Bibl.
1483 420 1595 448 Coislin.
1608 429 1634 455 p.
1650 421 1755 454 419,1).
1768 420 1812 447 41.
1829 420 1908 447 ΒΑΜ..

312 471 328 495 4
349 469 477 500 ’Ἑκθεσις
493 468 626 503 σύντομος
637 468 688 503 τῆς
709 468 851 504 ὀρθοδόξου
868 468 985 500 πίστεως
1005 468 1073 503 (55).
1090 487 1094 495 λ

1124 469 1228 503 rpositio
1242 468 1442 503 compendiaria
1457 468 1609 495 orthodoxa:
1625 468 1698 502 ﬁdei,
1717 476 1767 502 per
1781 467 1906 502 quaestio-

277 525 325 544 nes
346 521 374 544 et
397 517 605 552 responsiones.
625 517 743 551 Incipit:
759 517 840 547 “aia;
854 516 1008 552 θρησκείας
1026 516 1059 550 εἳ,

1129 526 1220 552 ρωπε;
1237 517 1401 550 Χριστιανός
1426 518 1494 552 εἰμι.
1516 517 1571 543 Καὶ
1585 517 1610 543 τί
1630 517 1688 543 ἐστι
1703 516 1909 551 Χριστιανός;ὑ

277 564 349 591 κατὰ
364 564 429 590 Θεὶν
444 563 507 595 ζῶν.
518 563 580 590 Lat.
596 567 663 590 tom.
679 563 724 589 XII
736 562 804 589 Bibl.
820 562 875 589 PP.
891 563 936 589 ed.
950 563 1050 597 Lugd,
1066 571 1126 598 pag.
1147 563 1228 590 1045.
1246 563 1339 590 Graece
1357 563 1445 589 edidit
1460 562 1675 598 versionemque
1693 562 1819 590 Latinam
1835 562 1910 590 addi-

277 612 318 638 dit
336 611 498 638 Theodorus
513 610 593 640 Beza,
607 609 711 637 Geuev.
732 609 808 641 1570,
822 609 848 640 8,
868 617 922 636 una
939 617 1001 636 cum
1019 610 1099 636 libris
1111 610 1132 636 ν
1146 609 1290 636 Athanasii
1307 609 1344 636 De
1360 609 1499 640 Trinitate,
1515 609 1617 636 Basilio
1634 615 1730 636 contra
1746 609 1909 635 Eunomium

277 663 306 685 et
319 657 479 684 thbadio.
495 656 532 683 Ex
549 657 685 684 Anastasii
699 656 864 683 Antiocheni
883 661 912 683 et
933 656 1027 691 Cyrilli
1041 656 1119 683 Alex.
1138 657 1248 691 scriptis
1265 656 1300 683 ab
1317 656 1411 690 aliquo
1428 655 1468 690 (S.
1489 655 1624 686 Maximo,
1641 659 1672 682 ut
1689 659 1769 682 notat
1779 655 1907 690 Canens),

278 705 423 732 conﬂatam
449 704 520 731 hanc
536 704 655 735 ἔχθεσιν,
671 711 726 731 non
738 703 848 731 dubitat
863 703 1057 731 Ilcnschenius
1071 708 1137 730 tom.
1148 703 1170 730 II
1188 703 1275 737 April.
1295 711 1321 737 p.
1337 703 1397 730 851.
1414 702 1494 729 Edita
1511 710 1623 737 quoque
1636 703 1784 736 separatim
1797 705 1907 728 curante

277 750 302 777 J.
319 748 475 776 Fuchtenio
490 753 543 781 est,
561 747 715 775 Ilelmstad.
735 748 816 780 1615,
841 748 876 778 8;
893 752 924 775 et
939 755 1007 775 mss.
1023 753 1159 775 memorat
1172 748 1268 775 Lamb.
1287 748 1356 780 VIII,
1375 756 1402 782 p.
1417 748 1480 774 471.
1507 747 1548 783 [5.
1568 755 1594 782 p.
1612 747 1675 778 936,
1693 755 1722 774 n.
1740 746 1756 773 9
1770 746 1814 773 ed.
1831 745 1908 782 lioll.]

278 797 359 824 ΓΔΕΒ.
375 797 403 824 1η
414 796 476 824 cod.
488 796 542 823 vol.
558 804 584 831 p.
596 796 659 828 752,
671 796 732 823 cod.
742 795 788 828 53,
801 803 828 822 n.
842 795 868 827 4,
884 795 1102 822 suntvariorum
1115 800 1263 822 auctorum
1278 795 1316 828 (in
1332 794 1536 826 hisAnastasii,
1549 793 1716 829 patriarchae
1733 792 1908 826 Antiodieni)

278 843 456 878 qna-stiones,
478 843 675 877 responsiones
687 846 714 868 et
730 841 909 868 deﬁnitiones
926 841 1092 877 theologica:
1109 842 1297 869 miscellanea:
1315 840 1350 868 de
1366 841 1428 868 ﬁde.
1447 841 1502 868 Sed
1515 848 1575 868 esse
1586 840 1682 876 Cyrilli
1695 839 1907 874 disputationem

278 901 340 919 cum
357 892 495 923 Nestorio,
509 898 570 925 quae
583 889 685 926 Cyrillo
698 889 802 924 passim
818 889 960 922 tribuitur,
976 897 1009 916 ex
1024 889 1202 916 Antirrhetico
1218 889 1279 923 ejus
1293 888 1328 915 ab
1345 895 1483 923 anonymo
1497 887 1589 914 forsan
1606 887 1805 921 conscriptam,
1821 888 1909 912 monet

278 938 380 968 Kollar.
398 939 424 966 in
445 943 508 965 nota
524 938 555 965 Α.
574 938 655 965 Conl.
670 945 763 972 supra,
778 937 834 964 vol.
853 937 900 970 IX,
917 945 945 972 p.
961 937 1024 968 491,
1044 945 1072 964 n.
1092 937 1153 969 197,
1167 941 1195 964 et
1212 944 1274 971 qua:
1287 936 1324 963 ibi
1341 936 1370 964 in
1385 936 1459 964 notis
1476 945 1509 971 yy
1525 940 1554 963 et
1571 944 1600 962 zz
1615 935 1730 970 ascripsi
1749 944 1755 961 ε
1775 935 1909 969 praecipue

278 986 312 1012 de
325 985 445 1014 Oudino,
464 984 509 1018 qui
528 987 592 1009 tom.
611 982 631 1012 I,
645 989 672 1016 p.
690 982 759 1008 1663
774 989 847 1017 seq.,
863 981 896 1008 ad
912 989 937 1008 a.
958 981 1020 1013 685,
1034 981 1108 1008 illam
1123 982 1253 1016 opellam.
1271 981 1298 1008 in
1315 989 1369 1016 qua
1385 986 1482 1008 auctor
1497 981 1531 1008 de
1543 981 1750 1011 Monotheletis,
1765 986 1830 1009 ante
1846 989 1871 1008 a.
1882 982 1907 1009 Ε.

278 1031 330 1057 625
346 1031 386 1057 vel
405 1031 456 1056 6.30
481 1037 535 1056 non
567 1029 649 1058 natis,
668 1027 791 1060 disserit,
805 1028 952 1055 Anastasio
964 1029 1042 1055 tertio
1055 1027 1165 1060 asserit,
1181 1033 1208 1056 et
1226 1028 1260 1055 de
1272 1027 1375 1065 φυάὶηὶ
1390 1036 1497 1060 errore,
1514 1035 1528 1055 a
1542 1028 1664 1056 Kollario
1679 1029 1833 1064 castigato:
1852 1028 1907 1056 add.

278 1079 379 1106 Oudin.
396 1083 462 1106 tom.
479 1077 511 1107 II.
532 1085 593 1112 pag.
611 1076 674 1109 571,
693 1084 720 1103 n.
738 1076 788 1108 10;
809 1075 843 1104 de
860 1076 941 1104 codd.
958 1076 1031 1103 conf.
1049 1076 1132 1104 etiam
1149 1077 1282 1104 Lambec.
1298 1081 1325 1103 et
1337 1077 1440 1104 Kollar.
1460 1077 1514 1104 vol.
1529 1077 1574 1109 III,
1587 1085 1615 1111 p.
1631 1076 1694 1109 264,
1710 1085 1739 1103 ιι.
1755 1077 1808 1110 l0;
1826 1081 1856 1104 et
1868 1085 1910 1104 su-

278 1135 339 1161 pra,
357 1125 390 1152 de
406 1124 506 1159 llodegi
523 1123 604 1150 codd.
617 1139 650 1143 -η
663 1123 756 1150 Roma:
767 1122 794 1149 in
810 1122 874 1149 cod.
888 1122 1050 1150 monasterii

1126 1123 1194 1150 iasil.
1214 1123 1251 1149 De
1261 1123 1314 1157 ﬁde
1327 1123 1474 1150 orthodoxa
1489 1132 1497 1150 :
1513 1123 1577 1151 iuit.
1586 1122 1670 1158 Ἀρχὴ
1682 1123 1737 1150 τῶν
1754 1123 1844 1157 λόγων
1857 1131 1908 1154 σου.

278 1172 389 1208 Χριστὲ.
406 1171 434 1198 V.
446 1170 596 1197 Montfaue.
613 1169 686 1196 Biar.
703 1169 763 1196 ital.
777 1177 804 1203 p.
818 1169 881 1195 2l5.
898 1169 1000 1196 Eadem
1014 1169 1041 1196 in
1057 1169 1119 1197 cod.
1140 1170 1255 1205 August.
1270 1170 1378 1196 Vindel.
1395 1170 1451 1196 Vid.
1467 1169 1574 1197 Reiseri
1589 1169 1650 1196 Ind.
1666 1177 1732 1196 mss.
1750 1170 1869 1204 August.
1886 1177 1909 1204 p.

279 1220 332 1251 4'2;
347 1224 374 1247 et
388 1218 503 1245 Taurini
523 1219 550 1244 in
566 1217 628 1245 eod.
648 1218 715 1252 Reg.
728 1217 790 1248 ‘200,
808 1226 835 1244 n.
851 1218 896 1244 21.
914 1217 942 1245 ν.
965 1225 1059 1252 supra,
1075 1223 1133 1246 not.
1149 1218 1182 1245 ad
1201 1223 1270 1245 sect.
1290 1219 1316 1248 6.
1335 1226 1360 1245 n.
1377 1218 1400 1245 l.
1419 1234 1452 1238 —
1465 1218 1592 1249 Ἐκθεσις
1606 1222 1661 1245 etc.
1677 1218 1798 1252 Mosquae
1811 1218 1839 1244 in
1852 1217 1908 1244 eod.

279 1269 377 1304 syuotl.
397 1267 458 1294 150.
476 1267 503 1293 ν.
515 1266 633 1294 Malthzei
649 1287 656 1298 ,
670 1266 756 1292 Notit.
772 1274 838 1293 mss.
856 1265 902 1292 Gr.
927 1265 1013 1301 lllosq.
1034 1275 1061 1301 p.
1083 1267 1117 1294 85
1131 1288 1138 1299 ,
1157 1276 1184 1294 ιι.
1202 1267 1247 1298 20,
1264 1267 1309 1294 ed.
1323 1267 1350 1294 in
1368 1267 1395 1294 8.
1409 1282 1443 1286 —-
1460 1267 1488 1294 In
1503 1267 1564 1294 cod.
1581 1266 1686 1294 Bodlei.
1704 1266 1749 1298 94,
1763 1273 1791 1292 n.
1812 1266 1839 1297 7,
1858 1266 1910 1292 sive

279 1323 306 1341 u.
324 1315 403 1346 “2877,
416 1313 476 1341 Cat.
491 1321 556 1340 mss.
573 1312 687 1347 Anglim,
700 1317 754 1339 etc.
770 1312 790 1344 I,
805 1317 833 1339 et
849 1317 915 1339 tom.
933 1313 965 1343 II.
983 1321 1010 1340 n.
1027 1314 1109 1346 5955,
1126 1314 1153 1340 1η
1167 1308 1229 1341 cod.
1246 1314 1297 1341 Th.
1318 1314 1383 1341 Gale
1400 1314 1460 1341 1'25.
1479 1314 1561 1341 11Αηι,.

315 1362 340 1388 5.
359 1360 426 1395 Περὶ
440 1361 493 1386 τῶν
510 1359 596 1393 ἁγίων
608 1359 691 1394 τριῶν
706 1359 945 1394 τεσσαρακοστῶν.
971 1359 1009 1385 De
1026 1368 1097 1386 sonet

1147 1361 1229 1387 tribus
1245 1361 1470 1396 quadragesimis,
1489 1368 1587 1394 nempe
1605 1359 1832 1390 resurrectionis,
1847 1358 1912 1386 nati-

279 1407 375 1434 vitatis
389 1406 454 1434 Jesu
473 1411 501 1433 et
516 1406 544 1433 S.
561 1405 662 1432 Marite.
677 1404 776 1439 Ineipit
792 1413 797 1430 :
813 1405 887 1430 Ἔδει
905 1405 954 1439 μὲν
969 1406 1053 1440 ἡμᾶς.

1132 1414 1163 1433 ee
1180 1411 1207 1433 et
1225 1407 1322 1433 Latine
1337 1406 1426 1433 edidit
1437 1406 1604 1437 Colelcrius,
1619 1411 1687 1432 tom.
1705 1405 1740 1432 III
1751 1405 1912 1433 Monument.

280 1463 306 1489 p.
317 1454 443 1484 125-151,
463 1453 549 1480 Paris.
565 1452 651 1483 1686,
666 1452 682 1478 4
695 1473 701 1483 ,
719 1459 771 1478 rus.
787 1451 883 1478 codice
900 1452 986 1486 Regio
1002 1460 1078 1479 usus.
1097 1453 1177 1480 Eum.
1192 1453 1280 1480 Paris.
1296 1453 1321 1479 in
1339 1453 1407 1481 bibl.
1426 1453 1504 1487 publ.
1526 1451 1800 1484 cotl.1220,l7.—V.
1814 1451 1911 1479 Oudin.

280 1502 298 1528 I.
317 1509 341 1528 (ι.
359 1506 424 1528 tom.
443 1501 475 1532 II,
491 1509 517 1535 p.
533 1500 584 1527 566
600 1504 627 1527 et.
642 1499 703 1530 582.
721 1500 766 1534 qni
786 1499 862 1526 illum
875 1499 999 1526 Iihcllum
1013 1501 1113 1527 asserit
1128 1501 1273 1528 Anastasio
1286 1506 1391 1536 quarto.
1405 1517 1438 1521 —
1451 1502 1499 1528 Ms.
1514 1501 1643 1533 Nimiam,
1660 1500 1722 1528 cod.
1733 1499 1798 1535 2‘26.
1812 1499 1842 1526 V.
1856 1499 1911 1526 Cat.

280 1547 361 1574 codd.
380 1546 466 1574 (haec.
482 1546 562 1576 Nam,
585 1553 611 1580 p.
631 1545 683 1571 “278
696 1565 702 1575 ,
728 1553 754 1571 n.
776 1545 800 1571 7.
814 1560 848 1566 —
866 1544 894 1571 In
913 1545 974 1572 cod.
988 1545 1104 1572 Coislin.
1123 1546 1185 1573 “"2.
1204 1546 1230 1574 V.
1248 1547 1436 1574 Montl‘aucon.
1452 1544 1521 1574 Bibl.
1535 1547 1646 1574 Coislin.
1671 1554 1699 1582 p.
1718 1546 1779 1574 186.
1796 1554 1833 1566 -ι-
1846 1546 1911 1573 Add.

282 1601 363 1628 supra
378 1592 409 1618 ad
437 1596 505 1619 seet.
522 1593 549 1623 2,
570 1592 616 1618 lin.
632 1591 664 1617 ad
683 1595 740 1617 not.
756 1591 775 1617 ‘.
792 1591 908 1626 Insuper
925 1592 1088 1619 Anastasius
1102 1593 1205 1619 cilatur
1223 1593 1250 1619 in
1267 1599 1363 1620 catena
1380 1594 1408 1620 in
1427 1594 1529 1621 Lucam
1548 1599 1575 1621 et
1595 1594 1683 1629 Epist.
1708 1596 1742 1620 ad
1764 1593 1911 1620 Romanos.

278 1639 311 1666 αι’.
340 1639 468 1665 Latnhcc.
498 1639 542 1668 III,
557 1638 655 1672 p.465
678 1642 706 1664 et
730 1638 792 1664 171.
813 1638 881 1664 Add.
899 1646 982 1672 supra
1010 1639 1064 1665 vol.
1083 1638 1152 1670 VIII,
1173 1647 1200 1674 p.
1214 1640 1283 1670 686;
1300 1645 1328 1667 et
1353 1640 1541 1667 Montl‘aucon.
1557 1640 1626 1667 Bibl.
1644 1639 1755 1667 Cuislin.
1774 1647 1839 1674 pag.
1853 1638 1911 1665 251.

281 1701 315 1705 -
334 1686 361 1712 In
375 1686 478 1712 Catena
495 1686 527 1712 ad
543 1685 677 1715 Psalmos,
692 1685 718 1710 in
735 1690 857 1719 quatuor
873 1685 1061 1719 evangelistas
1076 1682 1103 1712 et
1120 1687 1147 1712 in
1170 1687 1233 1713 aliis
1252 1694 1317 1721 opp.
1337 1686 1365 1713 V.
1379 1686 1484 1713 Bandin
1506 1686 1593 1713 Catal.
1613 1686 1697 1713 codd.
1717 1685 1765 1712 Gr.
1781 1685 1912 1712 Laurent.

283 1732 308 1762 1,
327 1739 353 1764 p.
370 1731 414 1762 9|,
431 1730 475 1761 98,
493 1730 552 1759 llil.
568 1730 631 1761 517,
646 1731 708 1759 558.
726 1730 777 1756 452
791 1738 797 1761 ;
812 1735 841 1756 et
859 1738 885 1764 p.
901 1730 963 1758 9.95.
978 1738 1004 1756 n.
1024 1731 1050 1757 9.

1128 1731 1227 1758 Catena
1255 1732 1281 1758 in
1312 1733 1414 1767 Evang.
1431 1733 1554 1760 Joannis.
1574 1732 1602 1759 V.
1625 1733 1818 1760 Montlaucon.
1848 1730 1910 1758 Bibl.

282 1775 394 1803 Coislin.
409 1784 434 1810 p.
452 1776 486 1802 6i
498 1784 504 1807 ;
518 1775 580 1802 add.
596 1783 622 1809 p.
640 1775 763 1806 66,186.
782 1775 844 1808 191,
858 1775 921 1807 “‘2,
936 1775 988 1802 Mi
1006 1775 1080 1809 (cod.
1097 1776 1170 1809 297),
1189 1777 1251 1804 4'20.
1265 1792 1299 1796 —-
1315 1778 1384 1804 Ibid.
1397 1785 1424 1812 p.
1438 1777 1500 1810 574,
1522 1777 1658 1805 Anastasii
1675 1777 1791 1805 Sinaita:
1816 1776 1912 1811 capita,

283 1823 310 1850 in
327 1824 388 1850 cod.
407 1822 458 1850 5.70
476 1822 524 1849 lin.
537 1834 570 1842 -ν
599 1822 636 1849 Ex
652 1822 798 1850 Anastasio
823 1827 851 1850 et
868 1822 929 1849 aliis
952 1823 979 1849 in
1003 1823 1067 1850 cod.
1095 1823 1212 1859 August.
1229 1825 1337 1852 Vindel.
1357 1825 1374 1852 V
1392 1825 1499 1852 Reiser.
1517 1825 1603 1852 Indic.
1624 1833 1691 1853 mss.
1706 1830 1761 1853 etc.
1777 1833 1805 1860 ι).
1823 1825 1869 1852 59.
1884 1839 1914 1844 -

283 1872 489 1905 Fragmentum,
505 1870 551 1896 ubi
582 1869 617 1897 de
646 1870 711 1901 illis,
726 1871 774 1905 qui
793 1871 969 1903 arctioribus,
988 1880 1070 1906 quam
1101 1872 1191 1905 decet,
1212 1873 1355 1904 limitibus,
1374 1873 1422 1900 Dei
1442 1873 1591 1907 potentiam
1622 1873 1769 1906 dcliniunt,
1785 1875 1876 1901 Paris.
1889 1875 1914 1902 in

282 1918 351 1946 bibl.
370 1917 446 1953 pubi.
463 1917 524 1944 cod.
539 1917 620 1948 2086,
634 1917 660 1943 1.
673 1932 708 1936 --
730 1917 768 1944 De
785 1918 951 1952 prwscientia
966 1923 1021 1945 etc.
1039 1919 1099 1950 Dei,
1114 1919 1251 1946 Anastasii
1272 1924 1300 1946 et
1320 1920 1438 1946 aliorum
1455 1920 1648 1952 auctoritates,
1665 1920 1790 1947 FIorcnt.
1809 1921 1839 1948 in
1854 1921 1915 1948 cod.

283 1965 416 1992 Laurent.
434 1963 461 1995 6,
491 1971 519 1991 n.
542 1964 569 1995 8,
590 1963 658 1998 plut.
675 1964 721 1990 86.
736 1963 765 1990 I".
783 1963 899 1990 Bandin.
923 1963 1010 1991 Catal.
1026 1965 1108 1992 codd.
1127 1964 1175 1992 Gr.
1193 1965 1275 1992 Laur.
1294 1966 1321 1998 3,
1340 1974 1367 2000 p.
1384 1965 1446 1992 295.
1466 1965 1549 1992 "ARL.
1563 1965 1703 1993 Anastasii
1720 1966 1870 1994 Orationes
1885 1967 1915 1998 ν,

283 2021 426 2044 sermones
438 2013 483 2045 III,
499 2017 527 2040 et
552 2016 686 2040 tractatus
711 2011 749 2039 De
765 2014 864 2040 sanctis
882 2014 945 2040 trib.
963 2014 1101 2048 Quadrag.
1124 2014 1246 2048 (exclusa
1264 2014 1434 2049 Expositione
1448 2014 1532 2048 ﬁdei),
1551 2014 1682 2049 leguntur
1698 2014 1782 2041 etiam
1806 2022 1841 2042 ex
1860 2014 1917 2042 Ste-

284 2060 378 2091 \‘artii,
395 2058 553 2087 Combclisii
570 2061 643 2092 (cum
662 2058 767 2085 Fabric.
785 2058 893 2093 Suppl.)
908 2063 936 2085 et
949 2059 1082 2087 Cotelerii
1098 2059 1162 2087 edd.
1179 2060 1206 2086 in
1219 2059 1356 2087 Gallaudii
1372 2059 1439 2086 Bibl.
1457 2063 1520 2086 velt.
1535 2059 1590 2086 PP.
1606 2063 1671 2086 tom.
1685 2059 1744 2091 XII,
1756 2067 1784 2094 p.
1795 2060 1852 2087 232
1863 2068 1916 2094 sq.,

284 2109 314 2136 in
329 2106 448 2142 prolegg.
463 2113 490 2140 p.
509 2113 562 2131 xvn
577 2114 584 2137 ;
599 2104 646 2131 sed
663 2112 750 2138 pauca
763 2104 806 2136 iis,
821 2113 882 2139 quae
898 2105 1042 2134 Fabricius
1056 2106 1089 2133 de
1105 2105 1250 2133 Anastasro
1265 2106 1393 2133 Antioch.
1412 2105 1556 2138 disseruit,
1570 2105 1677 2141 adjecta
1691 2110 1766 2133 sunt.
1785 2106 1869 2133 BECK.

645 2251 785 2272 EJUSDEM
807 2250 969 2273 ANASTASII
997 2252 1122 2273 SCRIPTA
1146 2251 1272 2273 INEDITA
1293 2251 1349 2272 νεῖ.
1370 2249 1558 2271 IIEPERDITA.

320 2317 347 2345 6.
364 2315 467 2343 Rclatio
485 2314 519 2341 ad
531 2313 714 2341 Iustinianum
732 2315 796 2349 imp.
817 2314 916 2342 Contra
933 2315 1198 2350 Aphthartodocetas.
1214 2316 1311 2351 Evagr.
1325 2315 1371 2347 IV,
1388 2314 1432 2342 40.

318 2364 345 2391 7.
359 2362 399 2389 Αιι
411 2361 552 2388 tuanec/tos
563 2361 657 2395 prima
671 2365 694 2386 et
706 2362 829 2388 secundm
842 2360 936 2396 Syrim,
953 2361 988 2388 de
1004 2361 1101 2389 eodem
1117 2365 1291 2396 argumento.
1305 2361 1346 2388 Id.

321 2409 348 2437 8.
364 2408 450 2442 Λόγος
481 2407 689 2442 συντακτήριος,
711 2407 769 2435 sive
784 2406 877 2434 Sermo
890 2408 1076 2435 voledictorius
1090 2417 1103 2434 (ι

1138 2408 1321 2441 Antiochenos,
1338 2415 1400 2434 cum
1415 2415 1429 2435 a
1440 2407 1598 2436 Iustiniano
1618 2407 1647 2435 in
1662 2406 1793 2434 exsilium
1809 2409 1920 2436 mitten-

286 2455 338 2484 dus
355 2458 439 2482 esset.
456 2453 494 2479 Id.

320 2501 348 2528 9.
365 2500 443 2527 Alius
462 2499 622 2534 εισιτήριης,
636 2498 694 2526 sive
708 2501 915 2535 inspicatorius,
932 2501 1043 2535 quando
1055 2502 1088 2528 ad
1107 2509 1155 2529 eos
1171 2509 1244 2529 anno
1259 2510 1284 2528 χι
1304 2500 1443 2533 Mauricii,
1459 2501 1563 2528 Christi
1579 2501 1643 2532 595,
1657 2500 1691 2527 ab
1707 2501 1814 2528 exsilio
1827 2500 1920 2529 rediit.

286 2554 370 2583 quem
384 2546 483 2581 legisse
507 2553 537 2572 se
552 2550 671 2573 testatur
684 2546 860 2582 Nicephorus
874 2556 938 2575 xvnt
951 2568 958 2579 ,
973 2549 1017 2576 44.
1035 2548 1164 2576 Labbeus
1179 2549 1207 2576 in
1224 2548 1291 2576 Bibl.
1310 2557 1378 2575 nova
1396 2556 1459 2576 mss.
1479 2556 1506 2583 p.
1521 2548 1565 2581 82,
1581 2551 1699 2576 testatur
1713 2549 1744 2574 in
1758 2547 1834 2574 bibl.
1851 2547 1922 2582 regis

286 2594 382 2623 Gallia:
396 2597 505 2619 exstare
524 2600 576 2619 ms.
590 2593 728 2620 Anastasii
746 2601 915 2626 sermonem,
928 2599 992 2620 ’τιιηι
1007 2595 1042 2621 ad
1059 2603 1136 2621 suam
1154 2595 1252 2621 rediret
1265 2594 1365 2621 sedem.

323 2639 367 2665 10.
384 2639 461 2666 Alius
474 2638 623 2673 εἰρηνικὸς,
633 2638 671 2665 De
689 2647 765 2674 pace,
786 2639 898 2666 habitus
907 2639 981 2666 circa
995 2640 1066 2667 idem
1081 2645 1192 2675 tempus
1206 2639 1274 2667 feria
1289 2643 1386 2674 quarta
1396 2638 1503 2666 Sanctae
1517 2638 1702 2666 hebdomadis
1710 2642 1740 2665 et
1755 2637 1854 2666 eidem
1871 2645 1925 2664 me-

287 2688 411 2713 moratus
438 2685 605 2720 Nicephoro.
625 2686 676 2713 Hic
699 2686 790 2713 adhuc
805 2690 931 2714 servatur
946 2695 997 2714 ms.
1013 2687 1040 2714 in
1053 2687 1120 2716 bibl.
1138 2687 1272 2721 Ctesarea,
1294 2692 1363 2715 teste
1384 2686 1532 2715 Lambecio
1547 2687 1593 2715 VII
1608 2707 1614 2720 ,
1630 2694 1693 2722 pag.
1711 2685 1762 2713 l68
1773 2686 1834 2721 (56)
1854 2695 1863 2713 :
1878 2685 1924 2721 qui

323 2764 380 2798 (ὖὸ)
394 2764 521 2791 Oudinus
534 2772 560 2799 p.
575 2765 633 2801 lt‘il,
649 2764 685 2801 De
695 2764 890 2801 κνῆμαι-[ενδ.
907 2765 1075 2800 suspicatur,
1131 2766 1237 2798 eundo;
1256 2766 1304 2793 sed
1315 2771 1317 2774 ’
1330 2766 1508 2794 Anastasium
1521 2765 1544 2793 II
1555 2765 1740 2801 patriarcham
1754 2763 1847 2791 libros
1859 2763 1925 2790 seri-

287 2799 444 2837 izletnfsse
467 2800 634 2837 opusculum
658 2799 808 2837 Anastasii,
831 2801 908 2837 Aquod
938 2806 1027 2837 exstat
1048 2802 1076 2828 in
1130 2808 1178 2837 pto
1189 2799 1630 2837 consignasse,negatWaIclt.in
1642 2800 1924 2837 Ilist.lutrt:sum,ett_‘.

287 2835 355 2872 bibl.
373 2834 533 2862 Florentino
550 2835 601 2861 sub
617 2834 708 2866 titulo,
723 2834 761 2861 De
773 2835 848 2862 rectis
860 2837 980 2863 veritatis
994 2836 1078 2872 pluci—
1130 2834 1179 2864 'cn.
1197 2834 1350 2867 tomeIIl.
1364 2834 1471 2872 p.7830.
1485 2837 1567 2864 Plura
1582 2835 1639 2863 vid.
1657 2843 1742 2872 supra
1756 2834 1792 2861 ad
1803 2840 1884 2872 sect,
1903 2834 1924 2861 I.

288 2871 363 2906 "-3,,
403 2905 425 2906 ρ
527 2904 575 2906 -..Α
718 2905 722 2906 γ
790 2905 794 2906 γ
994 2870 999 2872 ⁷
1131 2876 1190 2900 not.
1210 2880 1234 2899 δ.
1250 2870 1378 2906 ascripta.
1398 2871 1460 2899 Haec
1474 2879 1528 2898 una
1544 2875 1615 2898 orat.
1631 2871 1665 2897 ad
1680 2870 1866 2898 Auastasium
1883 2878 1925 2895 sc-

323 2905 378 2941 (36)
399 2905 462 2931 Sive
480 2913 507 2940 p.
526 2904 578 2932 556
597 2912 662 2939 seqq
690 2905 735 2932 ed.
749 2905 851 2932 Kollar.
870 2906 896 2934 in
916 2907 976 2934 eod.
989 2907 1034 2935 90.
1049 2915 1091 2934 n.‘
1132 2908 1258 2938 niorem,
1274 2904 1428 2934 Antiochiae
1455 2907 1629 2941 episcopum,
1658 2911 1783 2940 spectare
1815 2906 1926 2932 videtur

292 2940 332 2967 l6.
349 2940 478 2967 Lantbec.
506 2948 565 2967 eam
598 2941 718 2976 assignat
744 2941 890 2970 Anastasio
904 2942 1016 2970 Sinaitae
1036 2951 1079 2970 δε·
1132 2943 1252 2976 Oudino,
1270 2943 1289 2969 I.
1304 2950 1330 2969 c.
1349 2947 1415 2969 tom.
1436 2940 1627 2978 II,’pag.’583.
1641 2941 1724 2969 lianc.
