1980 3188
281 205 350 238 1299
866 218 896 246 S.
916 215 1117 246 ANASTASII
1148 214 1384 247 ANTIOCHENI
1850 216 1916 249 1300

280 264 329 296 cti,
345 264 453 294 oﬂicina
477 267 623 302 prodiisse.
644 268 750 297 Monuit
771 269 856 297 etiam
878 269 1073 299 Hensclienius
1099 275 1167 300 tom.
1181 270 1203 298 ll
1218 271 1320 306 April.,
1336 279 1364 306 p.
1380 270 1443 302 854.
1457 268 1534 298 illius
1557 274 1686 306 tempore
1709 268 1818 298 nullum
1832 269 1918 298 fuisse

280 317 373 346 regem
391 311 536 340 Persarum
550 314 718 348 Arcnatum,
733 316 780 344 scd
799 321 860 351 post
873 315 1026 349 Chosroen,
1040 317 1087 352 qui
1108 317 1188 345 annis
1205 316 1500 352 duodequinquaginta
1513 317 1636 352 praefuit,
1653 316 1834 345 Hormisdan
1850 316 1914 352 reg-

280 364 362 385 nasse
376 359 457 387 annis
472 361 649 397 quindecim!
1135 391 1137 393 ,

314 404 360 433 21.
377 407 524 440 Anastasii.
544 409 706 440 Damasceni
721 413 751 438 et
766 411 885 439 aliorum
907 412 1060 447 ἐρωτήσεις
1077 419 1090 437 ιι

1127 410 1142 438 ιὶ
1161 411 1294 443 πίστεως.
1309 410 1373 438 Mss.
1389 410 1521 439 Lambec.
1537 409 1605 444 Vlll,
1620 418 1649 446 p.
1664 409 1728 438 356.
1745 409 1851 445 Incipit
1864 417 1872 436 :
1888 409 1918 436 ’Π

279 452 430 485 πιστεύεις,
448 455 606 489 Χριστιανὲ,
625 456 673 483 καὶ
690 456 759 488 πῶς.
775 455 867 492 [Conf.
880 461 939 484 not.
956 457 990 484 ad
1008 461 1077 484 sect.

1138 464 1167 484 ιι.
1185 455 1226 492 ιη.

314 499 360 526 22.
376 500 520 535 Κεφάλαια
534 501 592 529 sive
608 502 696 536 capita
720 506 833 530 centum
856 503 891 530 ad
907 502 1033 539 Sergium
1045 502 1249 531 Scholasticum
1265 503 1388 530 citantur
1402 502 1429 530 in
1442 502 1558 532 Joannis
1571 501 1740 530 Antiocheni
1752 501 1860 537 eclogis
1878 508 1918 528 as-

280 546 378 574 ceticis
395 555 460 575 mss.
477 549 549 583 apud
563 549 741 578 Lambecium
755 551 788 583 V,
804 559 831 586 p.
851 551 910 579 105.
930 550 971 587 [P.
983 551 1036 578 223
1049 551 1094 578 cd.
1120 551 1252 587 Eallan].
1808 539 1819 546 .

313 594 358 622 25.
375 595 721 632 Βεῐίηίιὶοῐιθε,Κεφάλαιει
732 599 903 634 ὲμφιλότοφα
917 598 971 634 ρνβ¹
982 597 1065 635 (162),
1080 598 1160 625 ἅτινα
1171 601 1200 626 ἐν
1212 600 1268 630 τοῖς¹
1282 599 1365 631 θείοις
1377 598 1495 634 δόγματι
1509 598 1657 630 διαπαντὸς
1669 597 1837 633 ἐμφέρεται.
1852 595 1914 623 Mss.
1944 588 1952 599 ’

278 641 305 668 in
320 642 388 669 bibl.
401 642 535 671 Caesarea.
554 644 654 680 Incipit
667 655 674 673 :
693 646 862 682 Ἐπειδήπερ
881 647 966 682 χωρὶς
979 647 1090 682 ’ὁρθοδόξ

1131 667 1138 673 .
1155 647 1224 674 Vide
1242 647 1407 680 Nesselium,
1420 651 1498 681 parte
1508 654 1544 678 IV,
1563 654 1589 681 p.
1606 646 1651 677 45,
1665 653 1693 672 n.
1708 644 1750 671 M.
1769 644 1852 670 FABR.
1866 642 1916 669 De-

279 691 420 719 ﬁnitiones
440 700 474 720 ex
498 693 644 721 Anastasio
669 694 796 730 aliisque.
825 695 862 722 De
879 695 960 722 codd.
977 694 1136 722 Vindohon.
1162 695 1279 730 aliisque
1310 694 1367 721 vid.
1384 694 1419 722 ad
1437 694 1450 730 ς
1465 694 1483 721 2
1506 694 1552 721 ﬁn.
1570 693 1665 720 adnot.
1690 707 1725 712 ——
1748 692 1871 726 Mosqure
1891 690 1915 717 in

278 737 340 764 cod.
356 737 400 769 46,
413 738 562 772 Anastasii,
575 739 740 774 patriarcha:
752 741 881 768 Antioch.
895 740 1090 775 Deﬁnitiones;

1127 741 1223 775 ncipit.
1239 741 1352 772 Ίστέον,
1364 741 1411 767 καὶ
1426 740 1463 776 μὴ
1475 739 1636 774 ἀγνοητέον.
1654 738 1683 765 V.
1699 737 1820 765 Mattlnei
1836 737 1914 764 nolit.

278 784 355 811 citat.
386 792 414 819 p.
443 785 504 817 524,
534 793 562 811 ιι.
580 785 658 812 8.-
674 785 797 813 Venetiis
819 786 848 813 in
874 785 936 813 cod.
966 785 1106 813 Marciano
1135 785 1199 813 257.
1231 785 1260 812 V.
1289 786 1326 814 cl.
1353 785 1460 813 Morelli
1487 784 1558 812 Bibl.
1572 792 1635 811 mss.
1655 783 1702 811 Gr.
1718 787 1747 810 et
1760 782 1836 814 Lat.,
1851 786 1914 808 tom.

279 830 301 861 1.
316 837 342 865 p.
362 830 413 858 ιιι
428 836 485 866 seq.
501 831 584 859 Han.

283 930 1299 944 μὴ,

1301 931 1915 946 ————a—-¢—I——-__

571 1013 882 1062 ANASTASII
924 1014 1304 1062 ANTIOCHENI
1343 1013 1618 1061 EPISCOPI

1001 1134 1199 1203 VITA

687 1255 763 1293 (Acta
775 1259 939 1290 sanctorum,
953 1255 1041 1291 April.
1063 1259 1084 1283 t.
1101 1255 1136 1289 ll,
1148 1264 1176 1292 p.
1195 1255 1244 1284 851
1258 1264 1265 1289 ;
1281 1255 1334 1284 Iul.
1353 1259 1372 1283 t.
1385 1255 1431 1290 IV,
1442 1255 1501 1291 97.)

784 1415 811 1438 S.
833 1414 995 1438 ANASTASH
1016 1415 1075 1437 RES
1090 1415 1196 1438 GESTtE
1214 1416 1253 1438 ET
1267 1415 1397 1439 CULTUS.

877 1487 919 1523 (Α.
939 1487 988 1516 ss.
1007 1492 1026 1515 ι.
1045 1488 1068 1516 ιι
1081 1488 1182 1524 April.,
1199 1496 1227 1524 p.
1244 1488 1320 1524 851.)

316 1567 422 1596 Saecula
449 1572 527 1596 sexto
554 1571 583 1596 et
609 1567 689 1596 initio
710 1566 850 1603 sequenti,
872 1566 988 1594 fuerunt
1014 1567 1071 1594 duo
1088 1571 1107 1598 Α
1123 1571 1151 1593 et
1165 1567 1306 1602 ponderis,
1325 1571 1354 1594 et
1379 1575 1441 1603 quae
1465 1567 1556 1602 ipSum
1577 1567 1668 1596 Deum.
1689 1567 1856 1596 viderentur
1875 1572 1912 1596 at-

280 1615 446 1643 Antiocheni
460 1623 509 1644 seu
529 1614 724 1650 Theopolitani
738 1614 914 1650 patriarchae,
934 1613 1073 1641 Anastasii
1127 1614 1242 1649 tingere.
1260 1613 1332 1647 Quin
1344 1614 1428 1641 etiam
1443 1614 1480 1642 ita
1492 1623 1573 1642 suum
1587 1613 1752 1650 temperavit
1765 1614 1910 1651 ingenium.

281 1659 420 1694 appellati.
439 1659 543 1687 Horum
562 1660 668 1695 primus
688 1659 723 1687 ab
739 1659 891 1694 aliquibus,
911 1659 959 1687 sed
978 1666 1074 1693 perpe-

280 1710 350 1735 ram,
364 1703 468 1731 Sinaita
477 1703 579 1735 dictus,
589 1704 683 1732 sedem
695 1704 769 1732 illam
778 1704 813 1731 ab
820 1712 866 1731 an.
878 1703 926 1731 56!
939 1704 1072 1735 obtinuit,

281 1749 333 1778 sub
350 1755 476 1778 extrema
499 1751 648 1779 Iustiniani
669 1751 844 1786 imperatoris
864 1755 1009 1786 tempora;
1026 1751 1074 1778 sed

281 1804 296 1823 a
313 1797 424 1824 Justino
436 1797 551 1826 Juniore
567 1805 582 1825 a
601 1798 668 1826 sede
680 1798 846 1826 deturbatus
860 1801 902 1825 est
921 1805 994 1824 anno
1011 1797 1073 1829 5'22.

282 1843 433 1871 substituto
447 1844 578 1879 Georgio,
594 1845 673 1880 cujus
691 1849 754 1880 post
775 1849 905 1878 mortem,
919 1845 1075 1880 imperante

281 1890 407 1918 Mauritio
418 1911 425 1922 ,
434 1890 578 1926 pristinam
591 1891 754 1926 dignitatem
764 1892 951 1927 recuperavit,
965 1896 994 1919 et
1006 1891 1033 1918 in
1043 1899 1075 1919 ea

281 1937 350 1964 vixit
369 1944 456 1972 usque
476 1937 510 1964 ad
540 1945 605 1966 ann.
624 1937 686 1970 598,
704 1942 753 1966 aut
768 1943 946 1974 sequentem;
964 1938 1075 1973 quando

282 1982 321 2010 illi
336 1987 446 2011 mortuo
459 1983 593 2012 successit
606 1983 676 2012 alter
688 1984 863 2017 Anastasius,
880 1986 984 2020 Martyr
1003 1993 1076 2012 nun-

282 2035 410 2064 cupatus,
425 2030 497 2065 quod
508 2038 523 2057 a
535 2030 640 2058 Judreis
651 2031 866 2060 excarniﬁcatus
875 2031 991 2059 sitcirca
1006 2039 1073 2058 ann.

282 2076 344 2107 608,
361 2080 409 2103 aut
421 2080 595 2111 sequentem,
613 2077 811 2113 Martyrologio
834 2078 961 2105 Romano
975 2076 1076 2104 inscri-

283 2126 348 2157 ptus
361 2122 395 2149 ad
408 2122 482 2150 diem
494 2123 529 2150 25
546 2123 720 2157 Decembris,
737 2124 779 2151 uti
797 2124 874 2159 prior
888 2124 923 2151 ad
946 2123 1020 2151 hunc
1041 2123 1073 2150 2i

282 2169 387 2204 Aprilis
408 2169 453 2198 his
473 2169 568 2198 verbis
589 2179 595 2197 :
616 2179 625 2196 ι
643 2170 800 2197 Antiochia:
824 2170 913 2198 sancti
937 2169 1076 2197 Anastasii

284 2215 398 2244 Sinaita:
413 2217 548 2252 episcopi,
565 2226 574 2243 ι
592 2221 620 2244 et
634 2216 661 2244 in
678 2217 753 2244 notis
775 2216 914 2244 indicatur
929 2217 963 2244 de
977 2216 1075 2244 eodem

284 2270 365 2298 agere
377 2262 489 2291 Graecos
500 2263 553 2291 hac
570 2262 615 2290 die
633 2263 660 2290 in
677 2263 833 2299 Menologio
845 2264 908 2300 :qui
921 2272 987 2291 sane
1002 2263 1076 2290 Ana-

285 2309 361 2336 stasii
383 2309 497 2337 Sinaita:
512 2309 709 2342 meminerunt,
735 2310 783 2337 sed
808 2310 883 2337 nulla
910 2310 981 2337 facta
998 2317 1077 2337 men—

285 2355 360 2382 tione
371 2354 526 2383 Antiochiae
534 2360 582 2383 aut
591 2355 778 2391 episcopatus.
791 2356 865 2383 Idem
880 2355 954 2384 inter
965 2360 1077 2384 sanctos

283 2401 380 2428 Patres
397 2405 559 2428 recensetur
576 2400 605 2428 in
621 2401 726 2437 synodo
741 2401 850 2429 Nicaeus
867 2409 904 2434 ιι,
924 2406 953 2429 et
976 2402 1078 2437 passim

284 2445 312 2474 ia
337 2446 426 2474 titulis
449 2445 570 2482 praeﬁxis
590 2451 655 2474 ante
672 2447 733 2482 ejus
750 2454 834 2481 opera
850 2447 921 2474 intra
947 2447 1076 2475 indicata.

286 2492 374 2528 Hujus
387 2493 521 2528 temporis
532 2493 652 2529 scriptor
665 2493 717 2520 fuit
729 2493 864 2529 Evagrius
877 2493 1076 2527 Scholasticus,

285 2538 334 2573 qui
361 2538 379 2566 1.
405 2546 431 2566 ιν
446 2538 572 2567 Historia:
597 2539 801 2572 Ecclesiauicaz,
817 2548 877 2574 cap.
897 2540 942 2572 58,
965 2540 1076 2573 asserit,

285 2591 349 2623 post
365 2587 532 2615 Domninum
547 2587 708 2623 episcopum
725 2587 964 2622 Theopolitarum,
981 2588 1008 2615 id
1034 2592 1077 2615 est

285 2633 534 2666 Antioehcnorum,
556 2638 682 2661 creatum
707 2633 894 2666 Anastasium,
921 2638 949 2661 et
967 2641 1027 2669 cap.
1044 2633 1078 2661 39

285 2677 347 2712 ejus
360 2677 452 2705 studia
470 2682 499 2705 et
520 2685 565 2705 res
589 2682 680 2714 gestas
699 2679 814 2713 exponit
831 2678 874 2706 his
889 2679 993 2707 verbis.

325 2732 336 2750 ‹
352 2723 515 2754 Anastasius
537 2724 580 2751 vir
594 2729 654 2752 erat
669 2731 731 2752 cum
749 2724 776 2752 in
799 2733 941 2752 sacrarum
957 2725 1078 2754 Littera-

285 2777 348 2797 rum
368 2770 527 2806 cognitione
539 2770 663 2806 apprime
680 2770 812 2803 disertus,
834 2775 892 2798 tum
910 2771 938 2799 in
953 2772 1079 2799 moribus

263 2808 318 2845 ~ac
335 2821 393 2844 tota
417 2817 480 2845 vita:
512 2817 618 2844 ratione
645 2817 716 2845 adeo
741 2817 907 2853 exquisitos.
934 2821 964 2845 ut
993 2818 1076 2846 etiam

287 2872 379 2892 rerum
394 2864 579 2892 lcrieularum
595 2871 723 2899 magnam
737 2871 830 2891 curam
844 2863 972 2896 haberet,
987 2871 1078 2899 neque

1126 1666 1157 1689 ut
1177 1669 1267 1697 neque
1289 1665 1406 1697 propter
1421 1662 1563 1690 lenitatem
1586 1662 1673 1690 animi
1692 1666 1777 1698 atque
1805 1663 1912 1690 comita-

1125 1712 1192 1740 tem,
1220 1707 1304 1735 nimis
1329 1708 1412 1736 facile
1439 1708 1485 1736 his
1513 1709 1598 1736 rebus
1616 1716 1678 1743 qute
1698 1708 1795 1736 minus
1821 1708 1911 1736 rationi

1125 1755 1334 1783 consentientes
1348 1759 1439 1787 erant,
1455 1754 1583 1788 cederet;
1602 1762 1693 1790 neque
1711 1759 1830 1790 propter
1844 1762 1912 1782 seve-

1126 1801 1236 1827 ritatem
1250 1805 1278 1827 et.
1291 1799 1509 1832 inclementiam,
1525 1807 1597 1834 agre
1612 1799 1655 1826 his
1674 1806 1736 1834 quae
1750 1803 1829 1826 recta
1850 1797 1911 1826 ratio

1125 1845 1284 1880 postulabat
1314 1845 1508 1873 assentiretur.
1540 1844 1633 1872 Rebus
1661 1843 1745 1871 seriis
1773 1843 1912 1871 audiendis

1125 1891 1186 1926 ejus
1206 1891 1337 1925 patebant
1354 1898 1446 1924 aures,
1462 1895 1491 1918 et
1512 1895 1544 1918 ut
1569 1897 1698 1918 sermone
1713 1889 1865 1925 proﬂuens,
1879 1889 1911 1916 ita

1127 1937 1155 1964 in
1176 1937 1380 1973 quaestionibus
1402 1937 1588 1965 dissolvendis
1609 1942 1708 1967 acutus
1734 1940 1762 1964 et
1774 1936 1911 1972 perspicax

1127 1983 1189 2016 fuit,
1218 1984 1302 2012 rebus
1330 1988 1423 2012 autem
1457 1983 1560 2018 ineptis
1587 1987 1617 2011 et
1645 1982 1751 2011 nullius
1787 1982 1911 2010 momenti

1127 2029 1244 2065 occlusit
1273 2037 1356 2057 aures
1385 2038 1391 2056 :
1424 2029 1545 2065 linguam
1569 2037 1638 2057 vero
1664 2029 1706 2056 sic
1734 2030 1817 2064 quasi
1842 2028 1912 2056 freno

1127 2064 1255 2102 cohibuit
1291 2079 1322 2102 ut
1348 2080 1377 2102 et
1404 2064 1561 2102 sermonem
1582 2074 1689 2102 ratione
1715 2074 1910 2103 moderaretur.

1126 2125 1156 2148 et
1179 2121 1322 2149 silentium
1344 2121 1454 2156 loquela
1472 2120 1661 2156 prastabilius
1675 2120 1811 2148 ciliceret.
1835 2120 1911 2147 Istum

1127 2170 1259 2202 tanquam
1286 2171 1392 2194 turrem
1418 2167 1636 2195 munitissimam
1660 2175 1824 2203 oppugnare
1845 2166 1911 2195 omni

1128 2214 1321 2243 machinarum
1354 2221 1455 2249 genere
1480 2221 1628 2249 aggressus
1658 2218 1702 2242 est
1735 2214 1911 2245 Justinianus,

1129 2259 1197 2287 illud
1214 2260 1320 2287 scilicet
1330 2260 1518 2294 complectens
1537 2260 1640 2293 animo,
1657 2267 1686 2288 se
1706 2260 1728 2288 si
1745 2260 1830 2288 istum
1843 2267 1912 2288 crer-

1129 2311 1211 2340 teret,
1235 2306 1312 2334 nullo
1333 2306 1428 2334 labore
1443 2306 1583 2334 civitatem
1605 2310 1691 2334 totam
1707 2310 1909 2342 occupaturum,

1128 2359 1206 2381 recta
1229 2353 1293 2381 ﬁdei
1315 2353 1445 2388 dogmata
1469 2353 1646 2380 redacturum
1663 2358 1796 2388 tanquam
1816 2353 1843 2380 in
1859 2359 1910 2380 ser-

1127 2400 1267 2431 vitutemo
1283 2403 1312 2426 et
1328 2407 1394 2427 oves
1408 2398 1511 2426 Christi
1537 2398 1660 2434 denique
1675 2398 1802 2434 captivas
1824 2398 1856 2426 ab
1868 2397 1911 2425 Ec-

1129 2445 1212 2473 clesia
1230 2445 1427 2473 abducturum.
1449 2445 1552 2472 Verum
1576 2445 1740 2473 Anastasius
1767 2445 1808 2473 sic
1828 2444 1909 2472 divina

1128 2491 1248 2527 quadam
1265 2491 1351 2519 animi
1376 2490 1543 2518 celsitudine
1565 2490 1656 2518 elatus
1670 2490 1724 2518 fuit
1739 2491 1813 2528 (nam
1837 2495 1910 2523 supra

1129 2538 1237 2565 ﬁrmam
1256 2537 1321 2564 fidei
1349 2541 1456 2572 petram
1475 2536 1613 2572 constitit)
1637 2541 1668 2564 ut
1687 2536 1851 2571 )ustiniano
1868 2541 1910 2569 per

1128 2585 1236 2612 litteras
1262 2592 1328 2612 suas
1357 2584 1446 2612 libere
1470 2588 1498 2611 et
1517 2588 1612 2619 aperte
1631 2582 1846 2613 contradiceret,
1860 2585 1909 2608 tum

1128 2631 1275 2667 perspicue
1283 2630 1444 2664 admodum,
1455 2634 1515 2658 tum
1527 2630 1630 2658 diserte
1638 2629 1800 2662 ostendens,
1811 2628 1910 2656 divinos

1128 2676 1270 2712 apostolos
1294 2680 1323 2703 et
1339 2680 1452 2703 sanctos
1468 2675 1566 2703 Patres
1588 2674 1732 2702 confessos
1759 2681 1820 2702 esse
1836 2677 1909 2708 atque

1129 2723 1199 2751 adeo
1223 2722 1382 2755 tradidisse,
1407 2729 1510 2757 corpus
1535 2721 1644 2748 Domini
1670 2720 1851 2749 internecioni
1865 2719 1908 2746 ob-

1129 2769 1243 2797 noxium
1259 2768 1356 2801 fuisse,
1371 2772 1400 2796 et
1412 2768 1591 2796 aﬁ'ectionum
1615 2774 1678 2803 quae
1696 2771 1762 2795 sunt
1775 2771 1870 2794 natura
1884 2764 1907 2791 in

1129 2815 1230 2844 animis
1252 2816 1403 2850 impressae,
1431 2821 1549 2850 quaeque
1569 2813 1786 2850 reprehensione
1811 2814 1907 2841 carent.

1129 2863 1277 2898 particeps.
1301 2861 1406 2889 Eodem
1429 2859 1512 2888 modo
1534 2859 1620 2888 etiam
1638 2859 1781 2887 monachis
1807 2855 1907 2893 Majoris

288 2910 316 2937 in
340 2910 393 2937 illis
410 2918 425 2938 a
451 2910 590 2938 constanti
610 2914 639 2938 et
654 2910 747 2938 stabili
772 2910 856 2938 animi
871 2910 915 2938 sui
935 2911 1078 2946 proposito
1092 2919 1114 2950 ρ
1130 2913 1158 2937 et
1183 2908 1298 2936 Minoris
1326 2907 1421 2943 Syriae.
1445 2909 1506 2944 ejus
1529 2908 1563 2936 de
1581 2908 1633 2936 hac
1660 2913 1690 2934 re
1714 2903 1906 2934 sciscitantibus

288 2957 421 2986 decedere
436 2957 529 2991 vellet,
544 2957 647 2986 nedum
667 2957 696 2985 in
711 2957 795 2986 rebus
813 2957 925 2987 maximi
941 2957 1072 2986 momenti

1127 2955 1308 2990 sententiam,
1320 2955 1503 2991 respondens,
1515 2955 1641 2984 omnium
1657 2951 1828 2982 conﬁrmavit
1841 2956 1909 2978 men-
