1976 3253
88 232 161 265 1301

87 297 143 324 tes,
166 296 252 326 atque
280 291 315 319 ad
338 296 481 320 certamen
516 290 669 319 ineundum
700 289 890 325 praeparavit:

89 336 119 365 in
140 337 268 365 Ecclesia
291 337 412 372 denique
429 336 566 365 lectitavit
579 335 706 371 quotidie
722 335 797 363 illam
815 335 892 362 Pauli

87 382 166 410 vasis
186 382 335 410 electionis
361 383 528 410 sententiam
550 391 556 409 ε
576 381 604 408 Si
621 382 679 417 quis
695 381 765 408 vobis
782 388 894 417 evange-

89 428 215 456 Iizaaerit
234 433 332 464 pra‘ter
353 428 381 458 id
397 428 467 464 quod
484 428 632 463 accepistis,
656 426 762 453 etiamsi
783 425 894 460 angelus

88 475 122 501 de
135 474 201 502 caelo
224 475 269 506 sit,
286 475 431 502 anathema
458 478 512 501 esto
530 473 632 504 (Gulat.
660 481 679 504 t,
708 471 764 506 l9).
787 470 894 504 Quibus

88 529 200 553 omnes,
226 520 322 556 paucis
351 521 487 555 exceptis,
516 519 635 552 assensi,
656 519 747 546 simile
770 518 893 546 studium

90 574 156 601 erga
176 565 241 593 fidei
258 565 448 593 defensionem
467 564 654 592 declararunt.

131 621 141 638 ι
154 612 231 639 Idem
242 619 327 647 porro
338 611 500 639 Anastasius
510 619 573 638 cum
583 609 748 646 accepisset,
759 609 893 638 Iustinia-

89 666 158 687 num
176 658 246 685 velle
260 658 350 690 ipsum
361 657 387 684 in
397 658 527 685 exsilium
541 657 662 690 mittere,
675 657 784 692 scripsil
796 656 829 684 ad
840 658 895 684 An-

91 703 242 730 tiochenos
250 703 418 733 orationem,
433 710 487 737 qua
497 710 595 730 eorum
604 702 711 730 animos
721 702 749 729 itt
763 702 816 730 ﬁde
828 710 894 730 con-

90 747 243 776 ﬁrmaret:
260 756 322 783 qua:
343 751 400 775 tum
414 748 457 775 ‘ob
477 747 616 776 sermonis
636 747 813 784 elegantiam,
834 752 892 776 tum

89 793 127 822 ob
138 792 320 821 crebritatem
330 792 542 825 sententiarum,
555 796 611 819 tum
621 792 656 819 ob
665 792 890 820 testimoniorum

89 845 106 865 c
116 838 205 866 sacris
217 837 330 866 Litteris
339 838 487 874 petitorum
496 838 692 873 frequentiam,
707 842 764 865 tum
774 837 894 873 denique

90 884 127 912 ob
140 884 298 916 historiam,
310 892 371 919 quae
387 888 442 911 tam
458 883 604 912 commode
619 883 646 911 in
662 891 694 911 ea
713 888 824 911 narrata
839 887 894 915 est,

91 930 271 965 optimojure
287 937 352 957 sane
368 929 644 965 permagnifacienda
656 929 819 957 est.Verum
830 929 893 957 Jus-

92 975 194 1003 tiniani
209 975 331 1002 edictum
346 974 440 1002 divina
451 975 639 1008 Providentia,
651 983 704 1010 qua
725 975 824 1003 melius
839 983 890 1002 no-

93 1021 137 1049 bis
149 1025 328 1056 prospectum
343 1020 406 1054 fuit,
433 1020 546 1048 miniate
558 1021 728 1056 divulgatum
744 1025 795 1048 est.
821 1019 890 1048 Nam

91 1066 280 1099 Justinianus,
308 1066 355 1102 qui
378 1066 525 1094 Anastasio
551 1072 579 1094 et
608 1067 668 1094 suis
699 1066 891 1095 sacerdotibus

91 1114 223 1141 exsilium
250 1112 398 1145 indixerat,
421 1121 454 1141 ex
480 1113 632 1148 improviso
655 1114 810 1148 perculsus,
827 1121 891 1140 cum

93 1159 209 1195 triginta
237 1163 300 1187 octo
324 1167 413 1187 annos
436 1159 560 1195 integros
575 1164 603 1187 et
627 1167 736 1187 menses
760 1164 823 1187 octo
845 1167 890 1187 re-

93 1209 217 1242 gnasset,
238 1213 272 1233 ex
294 1205 356 1234 luce
385 1205 524 1241 migravit.
538 1215 547 1231 ι
571 1206 635 1233 [hec
654 1205 703 1233 ibi.
729 1206 891 1234 Eustathius

93 1255 192 1278 auctor
207 1258 328 1284 coaevus,
345 1251 374 1278 ia
388 1249 448 1278 Vita
464 1251 551 1278 sancti
573 1250 697 1286 Eutycltii
725 1251 891 1286 patriarchae

93 1295 406 1331 Coastantinopolitaai,
431 1296 528 1324 eadem
546 1296 581 1324 de
603 1304 686 1324 causa
702 1305 717 1324 a
733 1297 891 1324 Justiaiano

94 1341 122 1369 in
147 1342 279 1369 exsilium
296 1341 361 1369 acti.
378 1341 431 1368 ista
445 1341 597 1376 interponit
622 1348 700 1368 num.
717 1340 749 1368 3i
771 1342 805 1368 ad
817 1341 890 1368 diem

94 1396 120 1416 ν]
151 1388 266 1424 Aprilis.
296 1398 305 1414 ε
331 1387 400 1416 Nam
431 1396 529 1416 omnes
557 1388 720 1423 patriarcha:
755 1388 891 1423 multique

95 1434 221 1470 episcopi
234 1434 429 1470 praecipueque
454 1434 606 1462 orientales
621 1427 786 1462 recusarunt
802 1433 889 1468 itnpe'

96 1481 207 1508 ratariae
226 1480 349 1515 opinioni
374 1479 564 1511 subscribere,
592 1480 674 1514 eique
702 1483 760 1506 tum
786 1479 891 1515 synodo

97 1528 157 1552 tum
178 1524 292 1559 scriptis
319 1524 496 1556 restiterunt,
521 1528 585 1551 ante
606 1532 703 1552 omnes
723 1528 815 1552 autem
832 1532 892 1552 san-

96 1571 240 1599 ctissimus
266 1570 416 1606 Tbeopolis
452 1570 608 1606 patriarcha
635 1570 807 1602 Anastasius,
842 1571 890 1606 qui

863 233 962 264 VlTA.

1661 229 1730 263 1332

908 292 929 319 A
943 289 1076 326 Gregorio
1095 290 1281 323 Antiocheno,
1304 288 1403 317 Joanni
1430 289 1690 324 Hierosolymitano.
1707 293 1737 317 et

945 336 1091 364 Anastasio
1116 336 1282 372 patriarchas
1307 335 1491 367 Antiocheno,
1507 344 1517 360 ›
1538 335 1629 362 adhuc
1642 343 1657 363 a
1670 335 1735 363 sede

944 382 1060 417 depulso
1073 383 1134 410 :cui
1146 382 1262 410 seorsitn
1275 386 1437 417 sequentem
1448 381 1592 416 epistolam
1604 381 1639 408 25
1650 381 1735 414 misit,

944 432 972 455 et
986 428 1013 455 in
1028 428 1073 455 his
1087 429 1145 463 agit
1166 428 1203 457 de
1222 435 1307 455 onere
1324 427 1454 463 pastorali
1468 427 1520 454 sibi
1547 427 1693 462 imposito;
1708 431 1736 454 et

944 480 1006 508 cap.
1035 473 1070 500 27
1091 473 1190 501 scribit
1223 472 1385 501 Sebastiano
1412 472 1544 507 episcopo
1574 471 1736 502 Risiniensi,

946 519 1074 547 indicans
1099 519 1302 554 suggestionem
1320 526 1349 546 se
1365 518 1438 554 apud
1456 518 1594 553 piissitnos
1608 517 1737 545 dominos

945 564 1060 592 summis
1072 565 1202 599 precibus
1226 565 1335 599 plenam
1352 564 1461 596 fecisse,
1484 568 1515 590 ut
1531 563 1622 590 virum
1636 562 1738 590 beatis-

944 610 1057 643 simum,
1080 611 1223 638 domiattm
1243 610 1419 638 Aaastasium
1445 609 1643 644 patriarcltam.
1666 616 1736 636 con-

944 664 1024 683 cesso
1049 664 1101 683 usu
1124 656 1211 691 pallii,
1227 656 1260 683 ad
1277 656 1350 683 beati
1366 655 1442 683 Petri
1455 655 1646 690 apostolorum
1660 654 1724 688 prin

944 702 1014 737 cipis
1031 702 1125 730 limina
1147 710 1240 730 secum
1256 702 1462 730 celebraturum
1489 701 1623 728 solemnia
1639 700 1736 728 Missa-
1775 736 1777 738 η

945 756 1018 779 rum.
1045 747 1233 776 transmittere
1260 748 1433 779 debuissent,
1453 751 1590 782 quatenus
1607 746 1629 774 si
1650 745 1676 773 ei
1702 745 1736 773 ad

945 794 1039 822 sedem
1062 802 1141 821 suam
1154 794 1269 822 ntinimc
1291 794 1392 822 reverti
1407 793 1513 826 liceret,
1530 793 1625 820 saltem
1641 799 1735 820 secum

945 839 972 867 in
997 839 1104 867 honore
1130 847 1180 866 suo
1202 840 1317 867 viveret.
1334 839 1464 875 Ejusdem
1478 838 1583 866 domini
1598 837 1735 865 Anastasii

946 884 1069 911 animum
1095 884 1223 920 cognosci
1250 889 1279 911 et
1303 884 1439 919 quidquid
1457 884 1482 911 ei
1501 883 1536 911 de
1556 883 1608 911 hac
1625 891 1654 911 re
1677 883 1737 918 pla-

948 930 1046 962 cuerit,
1071 930 1125 958 sibi
1150 930 1266 957 indicari
1289 930 1375 965 cupit.
1392 940 1401 956 ι
1430 931 1464 957 At
1477 930 1548 957 libro
1570 938 1597 956 tv
1620 929 1736 964 epistula

909 963 988 1008 Β57,
1019 976 1081 1004 data
1107 975 1258 1003 indictione
1279 963 1408 1009 l5,-anno
1434 975 1498 1007 59l,
1524 963 1736 1009 congratlulatur

942 1022 1044 1054 eidem,
1065 1022 1139 1057 qttod
1162 1022 1219 1050 sedi
1237 1030 1294 1050 sum
1320 1021 1500 1049 Antiocheam
1519 1021 1555 1048 sit
1577 1020 1734 1051 restitutus,

943 1068 970 1096 in
993 1077 1047 1103 qua
1069 1069 1120 1096 sub
1150 1069 1233 1096 finem
1256 1068 1308 1096 ista
1333 1067 1418 1095 habet
1445 1075 1452 1094 :
1482 1076 1490 1092 ι
1508 1066 1733 1094 Benedictionem

941 1120 1060 1143 vestram
1078 1123 1132 1150 qua
1155 1115 1314 1151 debuimus,
1340 1118 1432 1142 mente
1462 1113 1646 1147 suscepimus,
1664 1112 1738 1140 bene

943 1161 1125 1194 redolentem,
1148 1161 1219 1189 bene
1237 1161 1391 1196 sapientem
1408 1169 1415 1187 :
1434 1164 1462 1188 et
1478 1158 1662 1194 omnipotenti
1677 1158 1735 1186 Deo

941 1207 1046 1243 gratias
1067 1207 1184 1243 agimus,
1199 1207 1265 1242 quia
1281 1212 1309 1235 et
1320 1207 1408 1235 odora
1425 1210 1491 1234 sunt
1505 1210 1532 1234 et
1549 1213 1657 1240 sapore,
1673 1212 1737 1240 quae

941 1253 1033 1288 agitis,
1049 1261 1110 1288 qua:
1128 1253 1232 1284 dicitis,
1247 1261 1308 1288 quae
1319 1252 1401 1280 datis.
1417 1252 1455 1280 De
1470 1251 1526 1278 vita
1543 1251 1630 1286 igitur
1643 1254 1738 1277 vestra

942 1299 1068 1326 dicamus
1079 1299 1192 1334 pariter,
1205 1299 1331 1325 dicamus
1342 1306 1439 1326 omnes
1453 1306 1461 1325 τ
1477 1297 1569 1326 Gloria
1582 1297 1610 1324 in
1625 1295 1734 1323 excelsi;

944 1344 1006 1377 Deo,
1023 1349 1047 1371 et
1062 1345 1088 1372 in
1107 1349 1179 1372 terra
1200 1353 1253 1380 pati:
1277 1345 1426 1372 hominibus
1443 1343 1518 1371 bona!
1542 1343 1696 1370 voluntatis.
1721 1351 1732 1368 ι

941 1390 1038 1418 Eidem
1058 1390 1123 1418 dein
1148 1390 1234 1417 variis
1252 1390 1449 1418 occasionibus
1488 1389 1601 1424 scripsit
1623 1393 1737 1416 sanctus

941 1434 1103 1470 Gregorius,
1127 1443 1160 1462 ex
1183 1435 1285 1470 quibus
1309 1435 1432 1470 epistola
1448 1435 1483 1462 Ἡ
1509 1439 1537 1462 et
1553 1435 1585 1462 51
1615 1434 1681 1462 libri
1708 1442 1735 1461 vt

941 1480 1012 1508 data:
1032 1485 1098 1507 sunt
1120 1488 1193 1508 anno
1215 1481 1278 1513 59⁵1,
1292 1480 1388 1508 indict.
1405 1480 1448 1512 15,
1458 1485 1486 1508 et
1507 1480 1525 1507 5
1541 1480 1605 1507 libri
1621 1488 1655 1507 \‘ll
1671 1479 1734 1506 data

941 1533 1014 1554 anno
1030 1527 1093 1560 598,
1110 1527 1208 1554 indict.
1220 1528 1246 1559 l,
1266 1535 1320 1562 qua
1337 1527 1497 1555 consolatur
1513 1534 1577 1553 eum
1596 1526 1668 1554 inter
1685 1525 1734 1552 ad-

942 1573 1090 1606 versitates
1105 1573 1189 1608 hujus
1200 1573 1308 1600 mundi.
1322 1582 1331 1598 t
1343 1573 1424 1604 Ecce,
1437 1572 1538 1607 inquit,
1551 1571 1579 1598 in
1590 1575 1738 1598 senectute

96 1617 209 1644 easdem
225 1624 294 1652 quas
305 1625 421 1652 magnus
434 1617 597 1652 Eutychius,
612 1625 785 1645 :crutnnasne
800 1617 889 1644 dicam
906 1628 928 1657 ο
946 1624 1041 1648 sancta
1075 1624 1167 1648 vestra
1207 1619 1351 1647 beatitudo
1379 1619 1477 1646 multis
1507 1616 1735 1645 tribulationibus

96 1669 132 1689 an
147 1663 287 1690 coronas?
314 1662 438 1698 pertulit.
455 1672 464 1688 ι
493 1663 556 1690 llaec
574 1663 745 1690 Eustathius.
766 1663 890 1691 Mortuus

96 1711 140 1735 est
150 1706 324 1735 Justinianus
341 1707 374 1735 Η
385 1707 500 1734 Novem.
512 1716 578 1735 ann.
593 1708 655 1739 576,
672 1716 734 1736 cum
751 1712 891 1743 regnasset

95 1755 187 1782 annos
207 1754 252 1787 39,
270 1763 381 1782 menses
400 1755 428 1786 7,
447 1754 507 1782 dies
530 1755 575 1782 25.
601 1754 742 1783 Successit
765 1755 891 1783 Justinus

95 1800 207 1833 Iunior,
225 1801 301 1828 illius
325 1809 359 1828 ex
387 1809 484 1830 sorore
511 1801 657 1837 Vigilantia
673 1809 769 1836 nepos.
799 1801 836 1828 De
857 1809 891 1828 eo

95 1852 127 1876 et
150 1847 298 1875 Anastasio
325 1847 397 1875 idem
426 1848 562 1883 Evagrius
589 1848 638 1875 lib.
661 1857 688 1881 v,
712 1855 773 1883 cap.
789 1848 816 1880 5,
839 1848 891 1876 ista

95 1891 184 1920 tradit
206 1901 213 1920 :
233 1901 242 1918 ι
255 1892 383 1920 Justinus
400 1900 484 1928 porro
507 1893 693 1922 Anastasium.
712 1893 756 1921 his
779 1893 818 1920 illi
843 1894 893 1921 ob—

94 1937 179 1974 jectis
205 1937 380 1969 criminibus,
399 1937 519 1973 pritnttm
546 1938 620 1972 quod
648 1946 757 1965 sacrant
779 1938 891 1966 thesau-

96 1991 159 2012 rum
181 1987 259 2012 extra
272 1983 385 2010 ntodum
402 1988 430 2011 et
445 1984 472 2011 in
487 1984 592 2011 nullum
609 1992 688 2011 usum
703 1984 890 2011 necessarium

97 2029 272 2065 profuderat,
286 2030 387 2058 deittde
401 2030 474 2065 quod
488 2031 614 2058 convicia
634 2030 662 2057 in
679 2030 770 2066 ipsum
784 2031 891 2067 jeccrat

99 2075 286 2112 (Anastasium
301 2076 386 2105 enim.
403 2083 466 2103 cum
485 2081 628 2111 rogaretur
639 2076 705 2111 quid
719 2084 807 2103 causa:
819 2081 892 2104 esset

99 2129 150 2150 cur
168 2122 331 2149 thesaurum
358 2130 468 2149 sacrum
493 2126 548 2150 tam
570 2122 657 2150 effuse
682 2122 890 2157 absumpsisset,

97 2175 220 2204 mgenue
239 2168 417 2203 respondisse
434 2168 526 2196 ferunt
547 2177 554 2195 :
575 2169 615 2196 Ne
630 2176 645 2196 a
670 2168 790 2201 Justino,
815 2177 890 2196 com-

98 2214 178 2242 muni
195 2214 281 2241 totius
304 2214 381 2242 orbis
396 2215 526 2250 pernicie,
543 2214 736 2250 diriperetur),
755 2215 819 2242 sede
836 2215 893 2243 An-

99 2261 230 2289 tiochena
246 2262 414 2290 exturbavit.
440 2261 511 2295 Quin
529 2263 613 2290 etiam
637 2262 740 2290 dicitur
753 2262 892 2290 Justinum

944 1666 1061 1693 laborat.
1083 1675 1091 1691 I
1123 1666 1158 1693 Et
1175 1669 1270 1700 postea
1297 1673 1305 1692 :
1326 1675 1335 1691 ε
1349 1664 1456 1692 lndicat
1480 1664 1547 1691 mihi
1571 1663 1735 1691 suavissima

944 1712 1077 1740 sanctitas
1100 1717 1204 1744 vestra,
1230 1711 1305 1747 quod
1331 1718 1452 1743 mecum,
1467 1710 1490 1738 si
1509 1710 1647 1746 potuisset
1663 1709 1733 1740 fieri,

944 1759 1005 1787 sine
1031 1759 1129 1786 charta
1152 1762 1180 1786 et
1203 1758 1310 1785 calamo
1336 1757 1410 1794 l0qui
1431 1757 1578 1787 voluisset,
1603 1761 1633 1783 et
1660 1755 1736 1783 dolet

944 1805 1018 1840 quod
1041 1805 1124 1832 nobis
1149 1804 1273 1832 Orientis
1295 1811 1366 1839 pene
1385 1808 1413 1831 et
1432 1803 1594 1831 Occidentis
1616 1802 1734 1836 spatium

945 1851 1101 1886 interjacet.
1125 1850 1179 1878 Sed
1204 1851 1257 1878 hoc
1284 1849 1358 1885 quod
1376 1849 1467 1877 sentio
1492 1856 1588 1876 verum
1605 1848 1667 1875 dico
1684 1857 1691 1875 :
1708 1851 1736 1875 et

945 1897 974 1924 ln
999 1897 1094 1924 charta
1111 1897 1179 1924 tnihi
1195 1903 1275 1924 mens
1292 1899 1383 1923 vestra
1396 1895 1456 1922 sine
1473 1894 1567 1922 charta
1588 1894 1710 1928 loquitur
1726 1902 1734 1920 :

944 1941 1010 1978 quia
1024 1942 1051 1969 in
1064 1942 1146 1969 verba
1160 1945 1258 1969 vestrae
1269 1941 1424 1968 sanctitatis
1435 1940 1494 1967 sola
1507 1939 1627 1967 charitas
1638 1943 1733 1971 sonat;

945 1992 974 2016 et
997 1987 1079 2015 divisi
1097 1988 1166 2015 locis
1188 1995 1243 2014 non
1261 1995 1369 2019 sumus,
1386 1986 1433 2021 qui
1461 1994 1495 2014 ex
1516 1985 1591 2012 dono
1605 1985 1734 2020 omnipo—

945 2034 1031 2062 tentis
1045 2033 1156 2061 Domini
1172 2033 1332 2061 dilectionis
1345 2032 1457 2060 vinculo
1473 2031 1543 2059 uniti
1560 2039 1666 2059 sumus.
1678 2031 1736 2058 Cur

946 2082 1030 2117 igitur
1044 2081 1172 2116 accipere
1190 2087 1294 2115 pennas
1307 2079 1443 2107 columbae
1458 2078 1642 2113 dcargcntatse
1659 2085 1735 2113 quae-

945 2125 1017 2157 ritis,
1034 2132 1104 2160 quas
1121 2125 1177 2160 jam
1196 2124 1322 2151 habetis?
1338 2124 1438 2151 Pennas
1461 2123 1564 2158 quippe
1588 2123 1648 2158 ejus
1671 2128 1736 2151 sunt

946 2172 1068 2199 charitas
1090 2170 1141 2198 Dei
1164 2175 1192 2198 et
1214 2169 1344 2205 proximi.
1364 2169 1416 2196 Per
1441 2169 1515 2204 ipsas
1538 2169 1612 2196 enim
1641 2175 1736 2196 sancta

946 2217 1070 2245 Ecclesia
1087 2216 1189 2249 evolat,
1205 2223 1254 2251 per
1268 2215 1342 2250 ipsas
1357 2220 1467 2244 terrena
1484 2216 1576 2243 omnia
1594 2221 1736 2244 transcen-

947 2264 1007 2292 dit:
1024 2272 1094 2298 quas
1114 2263 1136 2291 si
1153 2267 1244 2291 vestra
1268 2263 1403 2290 sanctitas
1422 2269 1478 2289 non
1498 2262 1623 2293 haberet,
1642 2262 1675 2288 ad
1691 2269 1736 2288 me

98 2306 248 2334 Anastasio
270 2308 474 2339 succcnsuisse,
499 2308 573 2342 quod
599 2309 748 2343 postulanti
768 2309 792 2335 ei
809 2316 892 2342 pecu-
910 2306 930 2333 Β
946 2318 1009 2338 cum
1039 2315 1113 2338 tanta
1144 2309 1278 2337 charitate
1305 2317 1356 2344 per
1387 2308 1495 2336 litteras
1521 2315 1577 2335 non
1601 2308 1733 2335 venisset.

98 2353 186 2384 niam,
202 2361 266 2380 cum
280 2353 429 2388 episcopus
448 2357 522 2381 esset
539 2353 712 2389 designatus,
731 2354 894 2382 Anastasius

99 2397 167 2426 dare
189 2398 321 2426 noluerit.
340 2398 400 2426 Alia
429 2403 561 2434 praetereo
586 2399 714 2432 crimina,
742 2399 850 2435 objecta
878 2407 894 2427 a

99 2443 281 2479 quibusdam,
301 2445 349 2479 qui
373 2444 550 2479 imperatoris
572 2445 713 2476 instituto.
736 2445 831 2476 credo,
850 2445 893 2473 ia-

99 2490 207 2517 servire
222 2491 383 2518 studebant.
400 2490 464 2518 Post
481 2490 558 2518 illum
575 2491 725 2526 Gregorius
738 2492 770 2518 ad
785 2499 894 2519 sacrum

99 2535 278 2571 episcopatus
292 2535 409 2571 gradum
421 2535 510 2562 elatus
523 2539 574 2562 est.
588 2535 648 2568 Quo
663 2541 783 2568 mortuo,
805 2536 894 2570 inquit

101 2582 175 2610 idem
194 2582 330 2617 Evagrins
347 2589 408 2617 cap.
438 2581 484 2612 25,
509 2589 543 2609 eo
570 2587 696 2616 tempore
723 2590 778 2616 quo
789 2581 895 2617 Grego-

101 2628 163 2655 rius
186 2627 300 2662 Magnus
321 2627 513 2662 episcopatum
537 2627 659 2661 antiqua;
689 2627 783 2654 Romae
798 2626 893 2662 gessit,

100 2673 266 2702 Anastasius
280 2677 343 2707 post
365 2673 462 2708 viginti
479 2678 536 2700 tres
558 2679 646 2700 annos
669 2673 726 2700 sedi
767 2680 824 2700 suae
838 2672 894 2700 An-

102 2719 242 2747 tiocheam
263 2719 411 2748 restitutus
433 2723 486 2747 est.
505 2729 513 2745 I
535 2719 573 2747 Ac
598 2723 656 2746 tum
687 2719 820 2755 Evagrius
836 2719 895 2747 linit

101 2773 181 2793 suam
210 2765 359 2792 llistoriam
386 2772 459 2792 anno
486 2764 519 2792 l2
539 2765 616 2800 regni
643 2763 761 2792 Mauritii
778 2765 896 2800 impera-

102 2811 183 2843 toris,
209 2811 257 2845 qtti
280 2811 383 2845 incepit
400 2811 433 2837 l5
459 2810 585 2846 Augusti,
612 2819 685 2839 anno
709 2811 771 2839 595.

138 2856 260 2883 Sanctus
280 2855 428 2891 Gregorius
446 2855 558 2891 Magnus
572 2856 645 2882 inter
668 2856 800 2891 epistolas
820 2863 894 2888 suas,

102 2903 216 2937 Scripsit
238 2902 371 2938 aliquam,
392 2903 506 2930 relatam
535 2903 584 2930 lib.
604 2911 611 2929 t
635 2902 749 2938 Registri
763 2911 823 2937 cap.
849 2903 894 2935 Ἢ,

106 2958 115 2974 ε
143 2947 245 2976 Joanni
279 2946 410 2983 episcopo
442 2947 513 2982 CP.,
543 2947 658 2981 Ealogio
691 2948 894 2979 Alexandrino,

945 2356 1022 2390 Rogo
1039 2359 1143 2386 autem.
1159 2359 1187 2382 ut
1209 2362 1260 2389 pro
1274 2354 1329 2381 tnei
1348 2354 1614 2382 cordisinlirmitate
1625 2354 1736 2382 enixius

945 2402 1059 2437 rogetis,
1077 2405 1216 2435 quatenus
1229 2400 1404 2435 omnipotens
1420 2400 1493 2427 Deus
1507 2405 1627 2428 mentem
1645 2408 1734 2429 meam

945 2455 996 2482 pro
1015 2451 1105 2474 vestra
1131 2446 1331 2474 intercessione
1352 2449 1477 2479 tueatur,
1492 2450 1520 2473 et
1535 2446 1619 2474 citius
1640 2453 1683 2473 me
1700 2445 1735 2474 de

946 2497 987 2519 tot
1005 2491 1137 2527 procellis
1164 2490 1247 2526 hujus
1273 2490 1447 2525 tempestatis
1464 2490 1575 2526 eripiat,
1597 2495 1681 2526 atque
1705 2490 1734 2517 in

945 2541 1047 2564 :eteraa
1062 2536 1166 2571 quietis
1177 2536 1272 2563 littora
1285 2535 1430 2571 perducat.
1446 2535 1658 2563 Benedictioncs
1668 2542 1735 2562 vero

946 2582 1180 2617 locupletissimas
1210 2589 1308 2609 omnes
1322 2588 1384 2616 quae
1403 2580 1516 2608 directae
1532 2586 1597 2608 sunt
1613 2580 1733 2615 suscepi.

946 2637 1007 2664 qua:
1031 2628 1098 2656 mihi
1124 2628 1167 2655 vir
1190 2627 1238 2655 Dei
1257 2634 1364 2662 pauper
1380 2627 1480 2662 spiritu
1497 2626 1686 2659 transmisisli,
1699 2626 1735 2653 de

946 2673 1047 2708 quibus
1063 2672 1156 2700 dicitis
1167 2682 1174 2699 2
1186 2672 1259 2705 Quid
1274 2672 1349 2699 enim
1362 2671 1411 2700 det
1428 2679 1544 2707 pauper,
1559 2672 1610 2699 nisi
1629 2679 1660 2699 ea
1674 2679 1736 2706 qua:

946 2719 1078 2755 pauperis
1091 2718 1178 2745 sunt?
1193 2718 1246 2746 Sed
1266 2718 1320 2745 nisi
1343 2725 1392 2745 vos
1407 2726 1457 2753 pcr
1472 2716 1637 2745 humilitatis
1650 2715 1734 2750 spiri-

947 2769 1005 2792 tum
1031 2773 1169 2800 pauperes
1192 2764 1303 2797 essetis,
1317 2764 1528 2792 benedictiones
1542 2767 1640 2790 vestra:
1656 2762 1734 2788 locu-

946 2811 1034 2846 pletes
1057 2819 1112 2838 non
1137 2811 1267 2838 fuissent.
1284 2810 1464 2845 Omnipotens
1486 2810 1558 2839 Deus
1575 2815 1623 2834 sua
1647 2814 1695 2834 vos
1719 2814 1734 2833 a

948 2856 1028 2882 malis
1048 2856 1180 2883 omnibus
1205 2856 1378 2890 proiectione
1394 2854 1544 2882 defendat:
1560 2857 1588 2880 et
1602 2852 1734 2887 quoniam

947 2902 1003 2928 vita
1026 2907 1116 2929 vestra
1144 2902 1224 2928 bonis
1250 2901 1380 2928 omnibus
1403 2900 1481 2927 valde
1506 2903 1548 2926 est
1564 2899 1733 2927 necessaria.

948 2953 1010 2981 post
1035 2948 1115 2980 longa
1132 2947 1223 2975 adhuc
1242 2951 1365 2979 trtnpora
1384 2953 1432 2973 vos
1449 2944 1481 2972 al
1501 2943 1622 2972 cmlcstis
1640 2945 1735 2977 patria;
