1976 3244
239 240 307 273 1303

812 240 843 270 S.
866 239 1066 270 ANASTASII
1091 237 1328 270 ANTIOCHENI

1803 228 1872 261 130$

237 297 336 332 gaudia
354 296 498 332 perducat.
516 305 525 322 ι
542 295 606 324 Haec
622 295 661 323 ibi
673 295 707 323 ad
722 294 898 323 Anastasium
913 295 1024 330 episco-
1038 298 1060 327 Α
1075 294 1233 331 patriarcha
1251 293 1353 326 occiso,
1367 276 1459 319 virilia
1472 290 1500 318 in
1517 288 1576 325 ejus
1591 296 1622 316 os
1636 287 1827 318 inseruerunt,
1843 289 1875 313 et.

237 351 303 378 pum
315 342 596 378 scripta-,qutevideri
612 341 788 378 possuntlib.
801 350 820 374 ι,
833 349 862 368 n.
877 341 927 374 L9;
939 340 1026 372 lib.u,

236 397 267 416 n.
296 390 328 416 l3
351 392 379 416 et
402 388 454 422 49;
477 393 505 416 et
523 388 575 415 lib.
601 396 638 421 tv,
665 397 694 416 n.
718 389 731 415 1
752 394 780 416 et
805 388 850 416 25.

240 442 243 454 λ
273 435 331 463 Nec
348 435 396 463 diu
413 432 668 470 viaitpostmodum
683 434 846 462 Anastasius
860 434 1027 470 patriarcha,

237 483 286 517 qui
303 482 356 509 hoc
369 481 463 509 forsan
475 482 566 510 adhuc
578 489 651 509 anno
665 481 717 509 598
731 485 779 508 aut
791 481 872 509 initio
888 481 1030 516 sequentis

238 530 294 557 vita
321 529 443 561 functus,
468 537 549 556 suum
580 528 799 563 patriarchatum
833 527 916 554 cessit
949 527 1029 554 alteri
1055 533 1058 542 λ

239 577 395 609 Anastasio,
415 584 430 603 a
456 584 512 611 quo
529 583 591 604 cum
607 580 721 603 sanctus
738 574 886 610 Gregorius
911 582 981 609 papa
996 581 1030 602 ex

239 630 317 650 more
342 622 542 658 professionem
573 622 637 649 fidei
661 621 825 656 accepisset,
851 620 964 655 scripsit
990 620 1029 647 illi

240 669 386 703 epistolam
411 668 564 695 indictione
582 668 609 700 2,
624 676 697 694 anno
709 668 772 699 599.
786 675 846 702 quae
868 670 911 694 est
927 667 975 693 lib.
995 674 1032 694 vn

240 715 355 750 Regiatri
376 723 437 750 cap.
464 716 510 742 47.
534 715 684 750 Utriusque
712 715 851 742 Anastasii
869 715 973 742 mentio
989 717 1032 741 est

241 761 269 788 in
295 761 397 788 tabulis
413 761 525 788 insertis
549 761 778 796 chronographire
802 760 990 795 Theophanis,
1005 765 1033 787 et

241 807 364 842 catalogo
376 807 570 842 episcoporum
578 807 814 833 Antiochenorum
827 806 898 841 apud
908 811 1032 835 sanctum

241 853 431 887 Nicephorum
464 853 551 887 patria
557 853 649 879 rcham
679 852 1031 886 Constantinopolitanum,

241 901 325 932 atque
346 897 375 924 in
394 897 511 924 Historia
534 897 711 924 ecclesiastica
736 897 885 932 Nicephori
913 897 1032 928 Callisti,

242 941 291 977 qui
316 949 350 969 ex
375 942 502 976 Evagrio,
526 949 588 976 qua:
613 949 697 976 supra
728 941 874 973 dedimus,
902 941 1034 969 describit

241 986 261 1014 l.
279 994 346 1018 xvn,
363 994 425 1021 cap.
436 986 470 1013 29
486 986 537 1013 sub
551 986 644 1018 linem,
663 994 723 1021 cap.
736 986 771 1014 59
787 987 906 1021 integro,
924 987 957 1014 de
974 988 1034 1023 ejus

244 1032 417 1068 depositione
444 1039 505 1067 cap.
534 1032 578 1065 36,
601 1037 628 1059 et
652 1033 685 1059 de
700 1033 873 1061 restitutione
893 1034 943 1061 lib.
960 1042 1034 1066 XVIII,

244 1086 306 1114 cap.
329 1079 374 1107 26.
390 1079 493 1106 Verum
517 1079 669 1106 destitutus
703 1079 779 1106 dicto
803 1080 874 1107 duce
905 1080 1033 1115 Evagrio,

245 1124 326 1160 plane
341 1123 461 1154 aberrat.
479 1123 544 1151 dum
559 1131 618 1159 cap.
635 1124 668 1151 Η
685 1123 752 1151 dicti
769 1124 832 1151 libri
847 1132 912 1152 xvm
927 1124 1034 1156 scribit,

245 1168 423 1196 Anastasium
439 1167 540 1195 vixisse
557 1167 591 1194 ad
617 1171 742 1202 tempora
757 1175 845 1202 usque
871 1167 969 1195 Phocae
984 1167 1036 1193 im-

246 1213 399 1250 peratoris;
411 1221 531 1248 eumque
545 1213 720 1240 interfectum
736 1220 750 1239 a
763 1212 866 1240 Judmis
880 1221 886 1239 :
900 1213 952 1240 hoc
964 1213 1037 1239 enim

249 1260 310 1295 ejus
335 1259 501 1291 successori,
527 1259 611 1286 etiam
632 1258 779 1285 Anastasio
804 1258 890 1291 dicto,
923 1259 1039 1294 contigit

249 1313 296 1334 an.
321 1306 337 1333 7
355 1305 465 1340 imperii
488 1305 597 1336 Phocze,
627 1305 660 1331 ad
688 1312 771 1339 quem
796 1305 978 1339 Theophanes
1003 1305 1040 1333 ita

250 1351 350 1379 scribit
362 1360 369 1377 :
383 1360 392 1377 ί
403 1351 461 1378 Hoc
471 1357 555 1383 anno,
566 1349 704 1377 seditione
718 1354 801 1382 mota,
818 1349 925 1377 llebrmi
942 1350 1040 1377 Antio-

251 1398 332 1425 cheni
341 1397 501 1425 tumultuati
510 1401 583 1429 sunt,
592 1401 619 1424 et
629 1396 774 1424 Anastasio
785 1396 881 1431 Magno
890 1396 1042 1424 Antiochia:

1079 349 1129 377 per
1155 341 1261 369 medias
1277 339 1355 367 urbis
1382 338 1442 366 vias
1470 340 1610 372 raptatum
1634 327 1870 362 interfecerunt.»

1079 388 1225 416 Secundus
1256 387 1308 414 iste
1336 384 1500 413 Anastasius
1518 383 1545 410 in
1563 381 1667 409 tabulis
1691 378 1875 414 Theophanis

1080 435 1261 463 substituitur
1277 433 1365 468 priori
1393 432 1427 459 ad
1445 439 1512 458 ann.
1545 429 1578 457 l9
1603 427 1712 463 imperii
1730 425 1850 454 Mauritii
1865 433 1874 452 :

1080 481 1216 509 Caeterum
1232 480 1277 507 hic
1292 487 1381 510 error,
1403 485 1459 512 quo
1478 476 1549 504 duos
1563 473 1725 502 Anastasios
1742 473 1771 500 in
1787 479 1876 499 unum

1081 527 1212 556 conﬂavit
1235 525 1420 560 Nicephorus,
1438 522 1529 558 potuit
1552 530 1567 548 a
1584 519 1680 547 multis
1692 519 1804 546 facilius
1823 525 1876 544 no-

1083 574 1146 606 tari,
1172 581 1254 609 quam
1272 572 1342 599 alius
1361 571 1395 598 ab
1419 569 1516 597 eodem
1544 567 1710 595 commissus
1730 566 1757 592 in
1782 565 1878 599 priore

1083 619 1239 651 Anastasio,
1267 617 1379 653 quando
1401 623 1464 643 cum
1488 619 1517 641 et
1544 617 1672 641 sanctum
1698 609 1877 638 Anastasium

1084 665 1251 693 monachum
1279 662 1414 691 Sinaitam
1439 668 1524 688 unum
1548 658 1734 692 eumdemque
1753 655 1830 683 fecit.
1847 654 1878 681 Id

1083 717 1175 740 autem
1193 711 1267 743 fecit,
1295 714 1326 736 ut
1349 709 1404 744 jam
1426 706 1597 738 monuimus,
1614 705 1680 731 dum
1697 701 1832 730 describit
1844 708 1878 728 ex

1085 757 1194 792 Evagrii
1219 756 1337 783 Historia
1367 757 1450 788 caput
1473 752 1507 780 59
1536 750 1600 778 libri
1624 758 1650 776 tv
1665 770 1672 781 ,
1703 746 1880 775 immutando

1085 791 1211 834 titulum;
1235 805 1262 828 ct
1279 808 1342 827 cum
1369 791 1505 833 Evagrius
1521 796 1596 823 hunc
1610 798 1797 830 praeponeret,
1811 792 1879 826 Περὶ

1090 848 1269 876 Ἀναστασιου
1289 844 1508 881 ἀρχιεπισκόπου
1533 841 1711 876 Ἀντιοχείας,
1722 839 1781 874 ipse
1796 839 1880 865 istum

1085 894 1134 922 lib.
1160 902 1214 920 xvn
1235 901 1297 928 cap.
1322 891 1357 919 29
1375 891 1492 918 collocat
1514 898 1522 917 :
1540 888 1609 923 Περὶ
1632 885 1814 912 Ἀναστασίου
1833 883 1880 910 τοῖν

1085 940 1263 970 Θεουπόλεως
1278 937 1325 964 τοῦ
1338 937 1473 963 Σιναῖτου.
1499 934 1602 962 Eodem
1621 931 1704 959 modo
1716 929 1790 956 libro
1805 935 1880 958 mu.

1086 993 1148 1020 cap.
1173 985 1206 1012 l5
1222 985 1297 1010 hunc
1320 982 1433 1009 titulum
1457 980 1542 1007 habet
1557 988 1564 1006 :
1582 977 1718 1010 Quomodo
1733 978 1792 1010 post
1816 973 1882 1001 Cre-

1086 1031 1192 1066 gorium
1207 1029 1366 1057 Anastasius
1387 1027 1502 1054 Sinaites
1524 1024 1611 1051 sedem
1639 1030 1717 1049 suam
1744 1019 1882 1054 receperit.

1087 1065 1142 1104 Sed
1151 1075 1194 1102 vel
1209 1074 1326 1102 maxime
1337 1073 1389 1100 hoc
1401 1071 1467 1100 fecit
1479 1078 1539 1104 cap.
1551 1069 1585 1096 Μ
1606 1067 1732 1103 ejusdem
1742 1065 1792 1092 lib.
1806 1071 1882 1095 xvm,

1087 1122 1135 1150 tibi
1164 1126 1315 1155 utrumque
1340 1125 1465 1146 errorem
1497 1123 1577 1143 suum
1607 1111 1796 1141 combinando
1825 1110 1882 1136 ait:

1091 1178 1100 1194 ‹
1115 1168 1186 1195 Huic
1206 1165 1361 1196 Anastasio,
1379 1169 1526 1200 prOptcrca
1547 1160 1621 1196 quod
1637 1160 1664 1186 in
1681 1158 1774 1186 Sinazo
1788 1159 1885 1183 monte

1090 1213 1301 1249 philosophatus
1319 1212 1365 1243 sit,
1383 1215 1412 1238 et
1428 1217 1541 1237 sensum
1560 1208 1598 1235 ibi
1622 1206 1715 1234 carnis
1731 1203 1883 1233 domuerit,

1091 1248 1204 1286 Sinaita:
1225 1265 1379 1293 cognomen
1407 1255 1525 1283 inditum
1538 1258 1590 1281 est.
1607 1253 1698 1287 Atque
1713 1251 1759 1278 ille
1772 1248 1886 1285 quidem

1092 1305 1120 1332 in
1147 1305 1241 1340 populi
1266 1304 1389 1331 tumultu
1410 1305 1574 1337 peremptus
1589 1300 1676 1326 vitam
1695 1297 1777 1324 finiit.
1792 1306 1802 1321 ι
1820 1295 1887 1328 Qua:

1093 1351 1190 1378 ultima
1209 1355 1273 1378 sunt
1288 1348 1441 1377 successori
1457 1348 1517 1382 ejus
1530 1345 1678 1374 Anastasio
1693 1340 1887 1370 attribuenda,

1094 1403 1123 1424 et
1137 1397 1229 1432 priora
1245 1401 1341 1424 sancto
1357 1394 1504 1423 Anastasio
1520 1391 1656 1420 monacho
1677 1388 1781 1417 montis
1796 1387 1874 1414 Sina.

852 1465 929 1501 (Acta
946 1464 994 1493 SS.
1012 1465 1067 1493 Jul.
1084 1470 1104 1493 t.
1123 1467 1167 1499 IV,
1184 1475 1213 1502 p.
1229 1466 1286 1500 97.)

287 1537 406 1566 Sanctus
419 1536 592 1567 Anastasius,
605 1543 687 1571 quem
708 1533 844 1565 Baronius
861 1533 964 1568 aliique
979 1533 1042 1568 plu-

251 1583 316 1611 rimi
332 1590 395 1610 cum
411 1586 507 1609 sancto
522 1581 668 1609 Anastasio
680 1580 786 1608 Sinaita
810 1587 865 1607 non
891 1583 965 1606 recte
976 1587 1044 1606 con—

253 1629 384 1660 fundunt,
405 1628 578 1664 professione
589 1627 743 1655 monachus
756 1626 820 1657 fuit,
837 1633 937 1661 genere
953 1625 1042 1652 Palae-

255 1676 355 1708 stinus,
373 1679 441 1703 teste
463 1679 560 1702 sancto
586 1674 721 1710 Symeone
738 1673 848 1709 juniore
872 1671 980 1707 Stylita,
997 1670 1044 1706 qui

255 1721 333 1749 illum
352 1721 490 1748 Domniuo
513 1728 709 1748 successurum
735 1719 902 1754 praadixerat
916 1718 944 1744 in
970 1716 1047 1744 Actis

256 1772 417 1796 sanctorum
438 1767 483 1794 die
497 1767 532 1794 25
544 1766 616 1798 Maii,
631 1774 691 1800 pag.
708 1765 771 1797 379,
786 1772 864 1791 num.
887 1763 949 1790 192.
962 1763 1047 1798 Egre-

257 1814 317 1850 gias
336 1813 397 1849 ejus
412 1813 543 1845 virtutes,
556 1811 723 1843 doctrinam,
736 1811 850 1846 scripta,
868 1817 966 1845 resque
980 1817 1049 1844 prae-

257 1860 334 1889 clare
368 1863 460 1895 gestas
484 1863 512 1886 ct
541 1858 646 1886 cultum
672 1865 754 1892 supra
779 1856 908 1884 dedimus
922 1856 949 1883 in
975 1855 1050 1882 Actis

259 1909 420 1933 sanctorum
431 1904 476 1931 die
490 1903 526 1931 ‘26
538 1903 652 1938 Aprilis.
669 1902 735 1938 Legi
764 1902 848 1929 etiam
862 1905 980 1936 possunt
993 1900 1051 1935 epi-

260 1948 338 1980 stola:
351 1951 440 1979 sancti
453 1949 579 1985 Gregorii
603 1949 692 1984 Magni
713 1948 775 1976 istic
790 1949 881 1975 citatzc
896 1955 928 1974 ex
949 1947 1051 1982 quibus

261 1998 344 2026 datur
357 1996 486 2032 intelligi,
505 1999 533 2023 et
562 1998 667 2030 quanto
679 1994 826 2029 pmsulem
854 1993 929 2021 hunc
957 1999 1052 2020 amore

260 2043 385 2080 pontifex
400 2043 446 2070 ille
457 2042 642 2077 undequaque
654 2041 790 2068 maximus
807 2044 972 2075 prosecutus
987 2039 1052 2066 olim

263 2089 357 2122 fuerit,
371 2092 401 2116 et
415 2095 498 2123 quam
513 2087 662 2115 sublimem
674 2087 708 2114 de
725 2086 825 2114 eximia
837 2086 897 2121 eius
915 2093 978 2113 cum
1003 2085 1055 2112 do-

264 2136 353 2164 ctrina
380 2140 439 2162 tum
457 2135 605 2162 sanctitate
631 2138 794 2169 conceptam
813 2134 907 2161 animo
939 2134 1056 2169 gesserit

265 2179 436 2218 opinionem.
456 2181 549 2209 Solam
562 2181 608 2208 hic
623 2188 689 2215 ergo
709 2179 918 2215 chronologiam
941 2180 1002 2214 ejus
1014 2183 1057 2206 at-

265 2230 381 2265 tingam.
397 2228 551 2256 Eeclesiam
564 2227 658 2261 itaque
671 2226 890 2254 Autiochenscm
901 2226 1058 2261 gubernan-

267 2276 330 2303 dam
357 2275 493 2310 suscepit,
519 2281 593 2301 anno
621 2273 724 2302 Christi
743 2273 805 2305 559,
825 2280 920 2300 mense
946 2271 1059 2300 circiter

1097 1536 1203 1572 phanes
1220 1535 1255 1563 ad
1270 1542 1375 1562 annum
1389 1533 1491 1561 divina:
1510 1528 1718 1560 lncarnationis
1733 1525 1892 1555 secundum

1096 1571 1299 1611 Alexandrinos
1312 1580 1374 1611 ὅδὲ,
1393 1579 1440 1615 qui
1457 1586 1546 1613 usque
1565 1578 1600 1605 ad
1618 1573 1817 1610 Septembrem
1833 1571 1893 1598 fere

1058 1641 1081 1672 ε
1096 1637 1159 1658 cum
1175 1637 1249 1656 anno
1265 1627 1368 1656 Christi
1385 1626 1435 1654 570
1450 1624 1584 1653 decurrit.

1131 1675 1205 1703 Idem
1219 1678 1318 1704 narrat,
1333 1672 1469 1708 Euagrius
1484 1671 1535 1698 lib.
1557 1678 1585 1701 v,
1607 1677 1668 1704 cap.
1681 1668 1718 1695 5:
1740 1671 1768 1694 et
1785 1665 1822 1693 ab
1842 1664 1895 1691 hac

1097 1722 1261 1758 depulsione
1273 1728 1361 1756 usque
1372 1720 1404 1747 ad
1422 1720 1483 1755 ejus
1496 1716 1701 1752 revocationem
1715 1717 1792 1741 recte
1806 1719 1896 1739 annos

1098 1769 1278 1796 numerat‘2'5.
1289 1767 1445 1803 Eutychius
1454 1771 1521 1793 tom.
1535 1764 1569 1797 11,
1580 1772 1642 1799 pag.
1659 1761 1706 1789 185
1714 1761 1753 1788 ait
1767 1759 1894 1794 quidem,

1099 1823 1163 1842 eum
1188 1818 1252 1841 ante
1272 1814 1401 1841 exsilium
1424 1820 1472 1839 sex
1496 1815 1603 1838 tantum
1630 1808 1710 1836 annis
1729 1806 1896 1841 episcopum

1101 1861 1186 1889 fuisse
1199 1870 1206 1893 ς
1219 1860 1268 1888 sed
1285 1867 1410 1888 errorem
1425 1859 1501 1886 hunc
1519 1859 1650 1892 arguerit,
1664 1861 1726 1889 quze
1740 1859 1821 1879 num.
1837 1858 1897 1884 seq.

1102 1907 1136 1934 de
1148 1906 1286 1934 Anastasii
1309 1905 1487 1933 restitutione
1502 1902 1622 1930 dicenda
1645 1905 1722 1930 sunt,
1739 1906 1774 1925 ex
1796 1897 1899 1932 quibus

1102 1953 1185 1980 etiam
1201 1951 1382 1980 ehronotaxis
1394 1949 1550 1977 Baroniana
1566 1944 1775 1975 emendabitur,
1791 1950 1825 1970 ac
1840 1946 1898 1969 sta-

1100 1999 1218 2039 bilietur
1236 2002 1341 2026 nostra.
1353 1996 1495 2024 Credibile
1511 2001 1579 2022 vero
1600 2000 1654 2020 non
1670 1995 1724 2022 est,
1740 1989 1817 2025 quod
1837 1988 1900 2015 loco

1105 2038 1190 2074 citato
1202 2048 1298 2072 narrat
1307 2042 1470 2078 Eutychins,
1483 2042 1696 2068 exauctoratum
1709 2033 1900 2063 Anastasium.

1110 2103 1118 2118 ‹
1134 2090 1311 2118 dissimulato
1332 2088 1442 2119 habitu,
1457 2085 1646 2120 Hierosolyma
1657 2081 1814 2118 profectum
1827 2085 1900 2109 esse,

1109 2138 1156 2165 ubi
1173 2138 1201 2165 in
1232 2136 1336 2169 templo
1364 2132 1590 2161 Resurrectionis
1616 2128 1779 2162 candelapta
1798 2125 1901 2155 factus,

1108 2183 1237 2210 lucernas
1252 2179 1422 2212 accenderit,
1437 2184 1527 2212 eoque
1540 2182 1656 2203 munere
1675 2173 1709 2201 il
1725 2171 1808 2199 annis
1838 2169 1903 2197 fun-

1109 2232 1171 2256 ctus
1183 2227 1254 2255 sit...
1267 2226 1377 2254 nemine
1394 2223 1505 2251 interim
1521 2221 1611 2256 ipsum
1633 2217 1823 2254 patriarchatu
1839 2215 1904 2242 fun-

1111 2278 1185 2300 ctum
1200 2279 1261 2299 esse
1273 2271 1454 2306 dignoscente
1471 2277 1478 2294 ε
1497 2277 1505 2294 ι
1524 2267 1585 2293 haec
1595 2265 1669 2292 enim
1684 2271 1739 2290 non
1759 2258 1906 2289 cohaerent

267 2321 392 2358 Augusto
403 2306 615 2355 autSeptembri
628 2319 922 2354 :obtinuitque,juxta
932 2321 1058 2344 sanctum
1076 2313 1097 2341 D
1113 2325 1175 2346 cum
1191 2316 1318 2351 epistolis
1338 2314 1426 2342 sancti
1441 2311 1570 2348 Gregorii
1594 2308 1683 2345 Magni
1697 2312 1756 2335 tum
1774 2306 1812 2332 de
1831 2306 1905 2340 ipso.

268 2369 456 2403 Nicephorum
471 2375 503 2394 ac
516 2367 727 2401 Theophanem,
743 2373 793 2400 per
805 2373 893 2392 annos
909 2364 1059 2396 undecim;

269 2419 353 2449 atque
370 2413 440 2441 adeo
461 2420 550 2447 usque
567 2413 601 2440 ad
621 2420 723 2439 annum
738 2411 842 2439 Christi
872 2410 934 2443 570,
950 2411 1062 2445 quando
1083 2420 1085 2422 ί

275 2469 284 2486 ε
304 2467 421 2494 magnus
438 2459 485 2486 ille
499 2457 664 2486 Anastasius
678 2457 834 2484 Antiochia:
850 2457 1060 2492 cpiscopus.....

272 2505 374 2534 Justini
391 2505 521 2533 mandato
539 2504 604 2532 sede
622 2504 757 2539 depulsus
769 2507 821 2535 est,
833 2512 841 2528 ι
862 2503 954 2538 inquit
970 2502 1062 2530 Theo-

1112 2370 1170 2392 tum
1184 2362 1217 2390 ad
1247 2362 1338 2396 ipsum
1363 2359 1488 2387 nondum
1506 2361 1667 2384 revocatum
1695 2353 1819 2388 scriptis,
1845 2359 1907 2386 quae

1111 2416 1176 2437 sane
1194 2411 1249 2434 tam
1259 2395 1388 2442 ignotum
1405 2403 1471 2439 fingi
1488 2411 1537 2438 per
1561 2402 1588 2429 id
1606 2405 1716 2435 tempus
1728 2395 1907 2425 Anastasium

1112 2454 1277 2488 neutiquam
1290 2451 1448 2488 patiuntur.

893 2569 970 2597 (Acta
989 2569 1038 2596 ss.
1055 2569 1107 2596 loc.
1122 2567 1169 2594 cit.
1185 2574 1213 2596 ι).
1230 2547 1290 2597 se.)

309 2647 463 2675 Reversum
476 2644 509 2672 ad
521 2642 666 2679 pristinam
679 2641 842 2677 dignitatem
854 2643 980 2667 sanetum
990 2639 1064 2666 Ana-

275 2693 392 2723 stasium
409 2699 470 2720 esse
485 2698 559 2718 anno
575 2688 678 2718 Christi
692 2688 754 2720 593,
775 2694 871 2714 mense
888 2686 996 2716 Martio,
1009 2685 1066 2719 jam

276 2740 461 2769 ostendimus.
479 2737 583 2772 Quare,
598 2744 661 2764 cum
675 2735 752 2762 illum
764 2733 866 2761 deinde
876 2731 1068 2760 EcclesimAn-

277 2786 416 2815 tiochenze
437 2782 603 2820 przesedlsse
626 2790 673 2809 sex
694 2780 775 2808 annis
801 2782 929 2806 asserant
956 2780 1070 2803 sanctus

277 2832 453 2866 Nicephorus
469 2830 496 2857 in
512 2829 610 2857 chron.
626 2832 654 2855 et
678 2827 707 2853 in
730 2825 848 2852 lamellis
871 2822 1068 2857 Theophanes,

280 2878 314 2905 ad
337 2885 441 2905 annum
456 2875 559 2904 Christi
573 2874 624 2902 599
644 2871 756 2900 circiter
787 2869 933 2906 pertigisse
955 2874 1070 2895 necesse

282 2927 334 2950 est.
344 2922 463 2950 Vivebat
475 2925 551 2949 certe
562 2919 663 2950 adhuc,
675 2917 742 2944 dum
755 2923 818 2943 eum
834 2923 883 2950 per
894 2913 1042 2949 epistolam
1054 2912 1071 2938 '5

282 2969 348 2996 libri
376 2976 430 3002 vn,
454 2970 568 2994 sanctus
598 2963 752 2999 Gregorius
777 2961 902 2998 pontifex
934 2959 1071 2987 maximus

1117 2639 1235 2663 exeunte
1248 2640 1321 2660 anno
1340 2630 1444 2659 Christi
1457 2630 1508 2657 597
1530 2627 1691 2656 consolatus
1709 2629 1771 2652 est:
1788 2633 1844 2652 nec
1865 2625 1911 2652 diu

1118 2681 1268 2709 admodum
1284 2678 1388 2707 obiisse
1400 2679 1520 2713 poterat,
1536 2682 1599 2702 cum
1612 2673 1759 2700 Anastasio
1774 2672 1911 2702 secundo.

1119 2727 1167 2762 qui
1184 2724 1330 2753 Anastasio
1348 2724 1439 2758 primo
1452 2727 1551 2749 recens
1560 2721 1745 2749 successerat,
1761 2718 1913 2752 statimque

1121 2771 1323 2808 professionem
1340 2769 1403 2796 fidei
1416 2767 1469 2795 sub
1497 2766 1654 2801 ingressum
1680 2764 1866 2807 episcopatns
1882 2762 1912 2789 ad

1120 2822 1246 2846 sanctum
1271 2815 1437 2851 Gregorium
1466 2813 1664 2843 destinaverat,
1692 2817 1743 2844 per
1763 2803 1914 2844 epistolam

1122 2866 1166 2898 47,
1187 2865 1257 2892 alias
1284 2863 1329 2894 48,
1343 2863 1394 2890 lib.
1423 2869 1470 2893 vn,
1489 2858 1654 2895 respondit;
1681 2864 1766 2892 quam
1788 2854 1914 2889 Gregorii

1122 2910 1267 2946 epistolam
1283 2909 1384 2944 Pagius
1400 2908 1427 2935 in
1443 2907 1513 2934 Crit.
1534 2905 1636 2933 Baron.
1651 2903 1685 2931 ad
1697 2909 1804 2930 annum
1814 2899 1915 2929 Christi

1123 2956 1186 2989 599,
1204 2963 1282 2983 num.
1299 2955 1326 2987 2,
1341 2954 1432 2981 datam
1449 2952 1489 2980 ait
1508 2961 1517 2978 t
1539 2949 1694 2979 lndictione
1710 2956 1740 2982 ιι,
1755 2955 1856 2976 mense
1877 2946 1917 2974 Ja-
