1980 3188
176 163 246 198 1305

174 221 293 254 ιιιιιτίος
332 221 454 258 indeque
486 229 584 254 contra
615 226 767 255 Baronium
804 229 965 263 concludit,

138 263 153 274 “
174 267 313 296 Anastasii
337 269 420 304 primi
447 270 557 298 obitum
573 273 607 300 ad
625 281 728 301 annutn
759 275 965 310 praecedentem

174 314 325 348 pertinuere.

209 359 294 386 Recte
316 359 344 386 id
371 361 495 395 quidem,
520 362 543 389 si
569 364 689 399 epistola
716 365 762 392 illa
793 366 897 400 scripta
928 367 966 395 sit

173 412 270 432 mense
283 406 431 440 Januario;
466 417 563 436 verum
595 411 668 438 unde
686 411 712 438 id
741 413 869 439 constat?
893 412 964 440 Sane

172 451 312 480 editiones
338 461 390 488 ego
416 462 530 489 operum
555 457 645 484 sancti
678 457 806 493 Gregorii
834 459 962 486 consului

173 503 304 532 quatuor,
323 507 441 533 quarum
457 500 519 528 dua-
533 502 666 536 epistolas
679 511 787 535 omnes,
814 512 875 537 qua:
891 504 963 531 reci-

174 547 268 570 tantur
283 552 298 571 a
317 553 412 573 mense
421 546 554 574 Januario
571 555 659 583 usque
678 549 712 576 ad
731 549 815 576 tinent
833 549 963 577 indictio-

171 590 217 616 nis
231 598 259 621 ιι,
272 591 348 618 nullo
358 592 477 626 amplius
490 593 654 628 interposito
663 601 758 622 mense
770 594 959 629 distinguunt;

170 636 233 663 alite
249 636 321 668 duae,
339 645 438 672 nempe
454 638 581 666 Duacena
597 640 664 666 anni
678 640 756 672 1615,
772 646 800 668 ct
814 641 960 668 Labbcana

171 685 238 708 tom.
257 681 279 708 V
291 682 409 715 Concil.,
425 692 440 710 a
454 684 585 712 Januario
601 693 688 720 usque
715 686 748 713 ad
774 694 897 714 mensem
909 687 960 714 Ju-

170 726 247 759 lium,
264 729 371 756 nullum
392 730 518 764 epistolis
533 739 656 759 mensem
673 732 855 767 interjiciunt.
886 733 959 760 Inter

167 773 301 807 epistolas
312 782 381 802 vero
397 776 458 803 illas
470 777 592 804 medium
607 776 666 815 fere
684 778 776 805 locum
791 779 898 806 obtinet
913 786 956 810 ea,

167 817 202 846 de
214 826 268 853 qua
279 819 362 848 nobis
374 820 421 848 hic
429 829 520 848 sermo
534 827 587 849 est.
603 821 660 850 Cur
684 823 768 858 igitur
782 824 898 858 propius
923 824 956 851 ad

935 177 1034 208 VITA.

1729 178 1796 210 i306

1016 231 1177 258 Januarium
1206 231 1352 267 redigitur,
1367 239 1450 266 quam
1478 233 1512 260 ad
1536 234 1807 263 mensemJunium?

1020 276 1153 311 Equidem
1170 277 1223 305 hoc
1235 286 1320 305 unum
1339 278 1463 306 arbitror
1485 278 1584 306 conﬁci
1601 287 1634 306 ex
1664 280 1716 307 hoc
1734 281 1805 312 loro,

1019 330 1111 357 posse,
1126 323 1270 357 epistolam
1282 324 1356 350 illam
1386 332 1476 359 neque
1499 329 1562 352 ante
1583 326 1745 352 Januariqu
1761 327 1802 353 in-

1017 368 1147 396 dictionis
1176 378 1192 396 Il
1209 370 1320 397 missam
1336 378 1408 402 esse,
1431 378 1520 405 neque
1549 376 1610 406 post
1625 371 1748 398 Junium.
1770 372 1805 400 At

1017 414 1080 441 inde
1095 422 1267 449 consequens
1280 416 1357 442 nullo
1371 416 1453 443 modo
1466 421 1509 443 est
1537 421 1568 444 ιιι
1591 425 1646 444 ιιοιι
1667 419 1732 444 totis
1745 418 1803 445 fere

1019 468 1064 487 sex
1081 461 1160 486 annis
1175 461 1336 488 Anastasius
1355 462 1474 496 primum
1488 463 1623 492 redditam
1640 463 1735 490 sedem
1754 471 1802 490 oc-

1015 505 1138 540 cuparit;
1156 507 1311 541 vixeritqnc
1329 507 1456 541 proinde,
1485 512 1514 534 ul.
1533 508 1641 542 putarit
1655 509 1801 540 Duronius,

1014 559 1101 586 usque
1117 552 1151 578 ad
1166 560 1269 579 annum
1285 553 1388 580 Christi
1401 554 1463 585 599,
1495 562 1674 589 menscmque
1689 556 1802 583 circiter

1013 598 1150 624 Martium.
1169 598 1257 625 Porro
1270 606 1302 625 ex
1321 599 1365 625 his
1379 599 1467 633 liquet
1494 598 1623 635 Eutychii
1648 601 1799 635 prolapsio,

1011 642 1057 677 qui
1088 647 1183 670 sancto
1195 643 1340 670 Anastasio
1361 645 1416 679 jam
1430 646 1558 672 restituto
1583 653 1672 673 annos
1700 653 1799 673 novem

1011 688 1131 722 assignat
1152 693 1220 715 tom.
1234 688 1266 718 ll.
1286 697 1347 724 pag.
1370 690 1430 717 192.
1445 690 1565 724 Turpius
1579 691 1690 718 aberrat
1716 691 1799 718 Nice-

1011 733 1116 767 phorus
1128 733 1269 765 Callistus,
1289 734 1348 768 qui,
1365 734 1458 761 omnia
1470 735 1654 769 permiscens,
1681 736 1798 763 Anasta-

1009 778 1082 805 sium
1101 779 1221 813 primutn
1242 787 1328 814 usque
1353 780 1387 807 ad
1403 780 1501 808 Phocaa
1515 785 1639 815 tempora
1666 782 1799 817 relinquit

1010 833 1037 852 In
1054 833 1135 852 VIVIS.

738 893 814 928 (Acta
832 892 880 920 ss.
899 893 986 928 April.
1005 899 1023 921 t.
1043 893 1075 926 ιι,
1092 902 1119 929 p.
1138 894 1212 930 εδδ.)

202 959 263 987 Non
291 960 389 987 minori
419 961 544 989 doctrina
557 962 592 990 ob
607 963 693 990 libros
711 963 830 998 scriptos
854 965 951 992 claruit

1005 965 1151 1000 praeposito
1172 964 1253 991 titulo
1269 964 1340 991 εΤοῦ
1354 965 1382 991 ἐν
1399 965 1485 998 ἁγίοις
1500 966 1606 1000 Πατρὸς
1619 965 1697 1001 ἡμῶν
1718 966 1796 993 Ἀνα-

165 1010 278 1033 sanctus
290 1007 452 1034 Anastasius
475 1009 632 1042 patriarcha
654 1009 856 1042 Autiochcnus,
874 1012 955 1046 cujus

146 1053 273 1080 ‘utiuam
299 1053 431 1087 epistolas
445 1053 478 1080 ad
501 1059 627 1081 sanctum
644 1055 806 1090 Gregorium
828 1056 952 1091 Magnum

163 1101 193 1124 et
218 1097 288 1124 alios
315 1097 389 1125 viros
423 1098 546 1126 illustres
573 1100 746 1134 conscriptas
775 1101 951 1128 haberemus.

163 1143 300 1171 Nonnulla
324 1151 357 1171 ex
372 1145 460 1172 sancti
477 1145 604 1180 Gregorii
624 1147 764 1181 responsis
776 1152 804 1174 et
828 1147 954 1182 epistolis

163 1189 198 1216 ad
220 1189 300 1216 illum
328 1198 412 1225 supra
431 1191 604 1226 collegimus.
628 1192 699 1224 Quin
726 1193 752 1219 in
775 1193 890 1228 cpistola
906 1193 952 1224 22,

164 1235 228 1262 libri
244 1244 260 1262 ι
271 1257 278 1269 ,
294 1235 329 1263 ad
342 1236 476 1264 Joannem
490 1237 692 1265 subdiaconum
710 1239 864 1266 Romanum
875 1260 882 1271 ,
901 1241 952 1267 ista

163 1281 248 1310 habet
271 1281 422 1318 Gregorius
442 1292 449 1310 :
476 1293 485 1308 ι
499 1283 690 1312 Dilectissimae
714 1285 855 1312 memoria
881 1286 953 1313 Ana-

163 1329 248 1356 tolius
279 1329 435 1361 diaconus,
461 1332 595 1366 quaerenti
631 1340 663 1359 ac
686 1333 795 1368 jubcnli
828 1333 952 1361 Romano

163 1374 324 1409 imperatori
340 1375 441 1403 librum
457 1377 568 1412 Regulae
582 1378 738 1412 pastoralis,
759 1378 851 1411 dedit;
870 1387 951 1414 quem

162 1421 356 1453 sanctissimus
379 1421 463 1450 frater
489 1427 518 1450 et
541 1424 725 1459 coepiscopus
739 1432 818 1452 meus
833 1424 950 1452 Anasta-

161 1467 221 1494 sius
240 1468 430 1497 Antiochenus
446 1469 473 1496 in
499 1469 623 1497 Graecum
648 1471 799 1503 transtulit,
815 1481 823 1497 ι
845 1471 951 1499 scilicet

162 1512 263 1549 lingua:
285 1515 369 1542 etiam
391 1515 496 1543 Latina:
520 1524 632 1550 gnarus.
659 1517 846 1544 Memincrunt
869 1518 951 1552 hujus

164 1559 356 1587 translationis
374 1560 494 1588 Joannes
509 1562 651 1589 Diaconns
665 1562 714 1589 lib.
742 1571 768 1589 ιν
791 1562 855 1589 Viue
864 1563 950 1589 sancti

161 1604 291 1640 Gregorii,
314 1605 474 1641 Sigebertus
486 1611 513 1634 et
533 1608 634 1642 passim
654 1608 831 1636 recentiores.
860 1609 888 1636 In
901 1609 948 1636 Ni-

161 1659 236 1679 cena
250 1660 266 1678 Il
279 1653 384 1687 synodo
398 1654 581 1685 cecumenica,
595 1662 668 1681 anno
681 1654 733 1682 787
757 1655 860 1686 habita.
877 1657 949 1682 inter

159 1698 231 1725 alios
248 1702 358 1726 sanctos
381 1699 477 1727 Patres
494 1707 545 1734 pro
563 1701 641 1728 cultu
662 1705 690 1728 et
712 1701 889 1728 veneratione
906 1709 949 1728 sa-

159 1749 270 1770 crarum
297 1743 446 1778 imaginum
470 1745 605 1779 prolatos,
632 1745 751 1773 Joannes
766 1746 908 1782 presbyter
921 1751 949 1774 et

159 1788 282 1815 vicarius
303 1789 447 1823 apostolici
475 1790 566 1817 throni
577 1791 699 1819 Orientis
713 1791 815 1819 obtulit
836 1792 947 1824 librum,

160 1833 188 1860 in
209 1841 264 1868 quo
282 1833 379 1862 beatus
400 1836 562 1864 Anastasius
582 1836 663 1864 docet
679 1837 713 1865 de
727 1838 834 1865 diversa
849 1838 948 1865 adora-

159 1878 247 1910 tionc,
262 1886 295 1906 ex
310 1880 452 1914 quojussu
468 1886 569 1909 sancta:
577 1883 673 1917 synodi
684 1883 840 1917 Stephanus
855 1891 948 1910 mona-

159 1924 228 1951 chus
237 1924 286 1951 isla
300 1925 398 1961 legisse
407 1925 510 1953 ibidem
520 1926 638 1954 traditur
648 1936 655 1954 :
665 1927 718 1954 Τοῦ
725 1927 803 1962 ᾀιγίου
818 1928 947 1954 ’Λναστα-

159 1969 217 1996 σίου
242 1970 391 1997 ἐπισκόπου
409 1971 583 2003 Θεουπόλεως
619 1972 760 2008 ἐπιστολή,
776 1977 829 2000 etc.
857 1972 947 2000 Sancti

159 2017 296 2045 Anastasii
310 2018 422 2053 episcopi
450 2017 608 2053 Theopoleos
625 2018 736 2054 epistola
752 2019 787 2045 ad
806 2019 946 2054 quemdam

156 2064 354 2092 scholasticam.
381 2064 582 2092 Constantinus
607 2064 703 2098 etiam,
717 2064 865 2099 episcopus
876 2064 947 2092 Cun-

158 2110 269 2138 stantia
290 2109 385 2145 Cypri,
419 2110 521 2137 librum
552 2109 668 2137 tradidit
692 2109 781 2137 sancti
808 2110 944 2137 Anastasii

157 2154 281 2191 episcopi
307 2155 491 2190 Theopoleos,
519 2163 553 2182 ex
567 2162 622 2190 quo
644 2154 800 2189 Stephanus
814 2154 946 2182 diaconus

158 2207 187 2230 et
204 2202 330 2229 notarius
352 2201 403 2228 ista
415 2201 482 2236 legit
499 2209 505 2228 :
527 2210 535 2226 ι
551 2200 645 2228 Sancti
663 2200 751 2227 Patris
768 2200 854 2227 nostri
872 2201 945 2227 Ana-

159 2247 234 2275 stasii
261 2247 295 2274 ad
322 2247 480 2274 Simeonem
496 2245 658 2281 episcopum
674 2245 777 2272 Bostrze
802 2253 894 2272 sermo
911 2245 945 2272 de

1006 1011 1115 1037 στασίου
1138 1011 1352 1044 ἀρχιεπισκόπου
1380 1011 1543 1046 Ἀντιοχείας
1566 1013 1606 1043 εἰς
1622 1012 1666 1037 τὸν
1681 1012 1795 1045 εὐαγγε-

1004 1055 1099 1089 λισμὸν
1110 1055 1159 1090 τῆς
1168 1055 1356 1090 παναχρὰντου
1366 1056 1548 1087 καὶθεοτόχου
1558 1056 1666 1089 Μαρίας
1675 1057 1750 1090 λόγοι
1760 1057 1793 1092 β’.

1004 1101 1154 1135 Utramque
1169 1109 1183 1127 a
1200 1101 1274 1128 dicto
1287 1100 1407 1128 Meursio
1423 1101 1537 1133 editam,
1560 1101 1658 1129 Latine
1675 1102 1794 1130 reddidit

1004 1147 1170 1174 Franciscus
1188 1146 1340 1178 Combelis,
1357 1147 1530 1181 inseruitque
1545 1147 1672 1173 Auctario
1687 1147 1792 1179 Greco-

1004 1193 1101 1221 Latino
1119 1193 1279 1220 bibliotheca:
1293 1192 1404 1219 Patrum
1416 1197 1444 1219 et
1467 1197 1542 1219 tomo
1561 1192 1594 1219 Vl
1624 1192 1792 1219 Bibliotheca

1002 1239 1116 1267 Patrum
1130 1239 1334 1266 concionatoria:
1358 1237 1392 1265 ad
1409 1238 1445 1265 25
1461 1238 1561 1269 Martii,
1578 1237 1741 1272 addiditque
1758 1246 1791 1265 ex

1002 1285 1099 1312 codice
1125 1285 1211 1320 Regio
1227 1284 1308 1311 aliam
1323 1284 1375 1311 sub
1391 1284 1443 1311 hoc
1465 1284 1545 1310 titulo
1564 1292 1573 1310 :
1591 1283 1683 1310 Sancti
1700 1283 1791 1312 Patria

1003 1332 1088 1359 nostri
1112 1331 1258 1360 Anastasii.
1277 1331 1464 1366 archiepiscopi
1481 1330 1646 1362 Antiocheni,
1662 1339 1748 1357 sermo
1764 1331 1790 1356 in

1003 1377 1276 1413 Transﬁgurationem
1289 1376 1394 1405 Domini
1404 1379 1489 1404 nostri
1500 1377 1562 1404 Iesu
1576 1377 1673 1404 Christi
1687 1385 1694 1404 :
1709 1384 1790 1412 quam

1001 1424 1083 1451 etiam
1099 1423 1226 1454 eamdem
1242 1423 1329 1450 edidit
1347 1423 1444 1450 Latine
1461 1428 1536 1450 tomo
1559 1423 1602 1450 VII
1622 1423 1791 1450 Bibliotheca

1002 1471 1114 1498 Patrum
1129 1470 1334 1497 concinnatoriw
1359 1469 1391 1496 ad
1415 1469 1488 1496 diem
1511 1469 1527 1496 6
1546 1469 1671 1504 Augusti.
1687 1469 1791 1503 Estque

1001 1524 1032 1543 ea
1052 1516 1132 1551 plane
1147 1515 1257 1542 diversa
1285 1515 1319 1542 ab
1339 1523 1370 1542 ca
1391 1523 1473 1550 quam
1490 1523 1505 1542 a
1527 1518 1623 1541 sancto
1645 1515 1790 1541 Anastasio

1001 1562 1106 1589 Sinaita
1137 1562 1323 1596 conscriptam
1347 1561 1432 1588 fuisse
1461 1568 1542 1594 supra
1571 1559 1700 1586 diximus.
1723 1559 1790 1587 Aliae

1002 1613 1057 1635 tres
1073 1608 1214 1635 orationes
1229 1608 1287 1641 v-jus
1301 1610 1410 1633 exstant
1426 1614 1440 1633 a
1461 1605 1606 1633 Francisco
1619 1605 1755 1632 Turriano
1774 1612 1789 1632 e

1000 1655 1095 1682 Graeco
1115 1654 1254 1680 translata:
1275 1652 1447 1687 lngolstadii,
1476 1657 1505 1678 et
1521 1660 1535 1677 a
1557 1651 1638 1677 Petro
1652 1651 1790 1678 Sterartio

1000 1705 1074 1727 tomo
1098 1698 1231 1733 singulari
1261 1698 1409 1732 insignium
1438 1703 1583 1723 auctorum
1611 1697 1730 1727 insertae,
1758 1703 1802 1722 ac

999 1749 1093 1779 postea
1112 1751 1216 1772 recussc
1226 1743 1347 1770 Coloniae
1358 1747 1432 1769 tomo
1446 1742 1479 1769 Vl
1493 1741 1659 1768 Bibliotheca!
1670 1745 1789 1768 veterum

999 1790 1122 1821 Patrum,
1147 1797 1208 1824 qua:
1237 1792 1301 1816 ante
1325 1796 1358 1815 ex
1386 1787 1619 1822 interpretatione
1646 1786 1788 1814 Godei‘ridi

999 1833 1137 1861 Tiltnanni
1163 1833 1309 1860 exstabant
1325 1833 1352 1859 in
1370 1832 1531 1859 Bibliotheca
1551 1831 1662 1858 Patrum
1675 1831 1789 1858 Parisiis

998 1887 1098 1907 excusa
1109 1888 1115 1905 :
1126 1879 1249 1906 omnium
1264 1883 1355 1905 autem
1367 1878 1464 1904 titulus
1477 1876 1613 1912 generalis
1629 1880 1682 1909 est,
1697 1875 1789 1903 Sancti

998 1925 1133 1953 Anastasii
1156 1925 1315 1959 patriarcha:
1332 1923 1496 1954 Antiochem‘,
1521 1922 1552 1950 de
1568 1921 1645 1948 recti:
1658 1921 1788 1956 dogmati-

997 1971 1044 1998 bus
1061 1971 1202 1998 verissima:
1219 1969 1280 2004 ﬁdei
1298 1974 1415 2001 nostrw;
1436 1973 1464 1996 et
1481 1969 1559 2000 dein,
1573 1967 1668 1994 Oratio
1688 1967 1787 2001 prima,

997 2016 1037 2043 De
1056 2020 1150 2043 sancta
1173 2015 1323 2047 Trinitate;
1350 2014 1484 2045 secunda,
1501 2014 1539 2040 De
1559 2013 1787 2045 incircumscripta

1000 2062 1045 2088 Dei
1063 2061 1192 2093 essentia;
1215 2060 1304 2093 tertia,
1333 2060 1371 2086 De
1397 2059 1487 2086 divina
1511 2058 1665 2090 oeconomia,
1688 2056 1716 2084 id
1734 2061 1799 2088 cst,—

999 2107 1198 2136 incarnatione.
1222 2107 1291 2134 Ante
1310 2111 1480 2134 memoratus
1497 2105 1553 2133 Leo
1572 2104 1690 2132 Allatius
1704 2103 1805 2131 aliam»-

997 2154 1134 2182 Anastasii
1155 2153 1358 2188 archiepiscopi
1373 2152 1565 2187 Theopolitani
1580 2151 1732 2178 orationem
1746 2149 1802 2176 in»

997 2200 1080 2232 dicat,
1101 2207 1162 2235 pag.
1181 2199 1241 2231 104,
1258 2199 1294 2225 De
1311 2198 1471 2233 Hypapante
1483 2197 1540 2224 sive
1552 2196 1667 2223 Occursu
1681 2195 1789 2222 homini

997 2247 1050 2274 hoc
1073 2246 1208 2274 exordio:
1226 2245 1313 2272 Πάλαι
1329 2244 1442 2278 Συμεὼν
1455 2244 1484 2270 ὲν
1503 2242 1638 2276 ἀγκάλαις
1655 2240 1787 2276 βαστάζει

159 2293 291 2325 Sabbato,
309 2297 362 2320 etc.
379 2302 388 2318 ι
410 2292 476 2325 Qum
491 2292 598 2322 eadem,
621 2291 704 2318 citato
725 2290 869 2318 Anastasio
887 2290 946 2324 epi~
963 2301 984 2328 ι)
997 2294 1041 2318 τὸν
1054 2291 1204 2327 Δεσπότην.
1220 2290 1395 2325 Nicephorus
1416 2289 1548 2316 Callistus
1567 2288 1651 2316 citato
1676 2295 1738 2321 cap.
1752 2287 1787 2314 Η

158 2346 243 2374 scopo
267 2337 422 2365 Antiochiae
434 2337 469 2364 ad
491 2337 649 2364 Simeonem
668 2336 828 2362 Bostrorum
839 2335 947 2370 episco-

158 2392 235 2420 pum.
245 2385 376 2419 leguntur
383 2383 455 2418 apud
467 2386 593 2410 sanctum
604 2382 735 2410 Joannem
747 2381 945 2409 Damascenutn

159 2431 187 2459 in
198 2431 322 2458 oratione
335 2430 414 2457 tertia
430 2429 467 2456 De
484 2429 660 2464 imaginibus,
677 2428 828 2456 clarissime
847 2427 948 2455 distin-

158 2481 245 2512 guunt
268 2485 282 2504 a
307 2477 475 2503 Damasceno
495 2475 657 2502 Anastasios
679 2475 759 2502 duos.

194 2523 250 2550 Leo
270 2523 396 2552 Allatius,
429 2522 455 2548 in
484 2529 567 2556 supra
594 2525 743 2548 memorata
771 2520 890 2548 Diatriba
915 2520 947 2547 de

157 2567 310 2595 Simeonum
327 2567 441 2602 scriptis,
455 2566 524 2593 duas
534 2565 680 2593 Orationes
693 2565 776 2592 habet
789 2566 818 2592 in
830 2566 947 2593 Annun-

159 2614 303 2641 tiationem
329 2613 453 2648 Deiparze
465 2611 586 2647 Virginis
605 2621 611 2639 ι
629 2612 730 2647 pri0ris
749 2612 859 2639 initium
877 2612 947 2640 indi-

158 2664 238 2688 catur
250 2667 311 2694 pag.
326 2659 386 2691 109,
399 2658 443 2686 his
453 2659 546 2686 verbis
558 2667 565 2685 :
578 2659 702 2694 Σήμερον
716 2658 792 2693 ὑμῖν,
804 2655 827 2685 ὧ
841 2659 946 2693 ἄριστοι

158 2706 264 2738 παῖδες,
280 2705 359 2739 λόγον
382 2705 446 2739 ἐρῶ.
458 2705 578 2732 Alterius
588 2705 641 2732 hoc
666 2705 795 2737 traditur,
809 2712 871 2740 pag.
884 2705 945 2738 Hl,

159 2751 303 2779 exordium
321 2758 329 2776 :
350 2749 381 2776 Ti
397 2750 477 2777 πάλιν
492 2751 539 2776 ἐπὶ
557 2750 607 2785 γῆς
618 2751 632 2776 ὸ
651 2750 737 2786 μέγας
751 2750 875 2785 βούλεται
892 2750 946 2777 Γα-

160 2797 240 2833 ϐριὴλ
252 2798 329 2832 ἡμῖν.
344 2797 494 2831 Utramque
512 2796 663 2824 orationem
679 2798 751 2832 typis
767 2796 947 2824 Ellevirianis

159 2841 245 2869 edidit
257 2841 351 2869 Graece
361 2841 486 2877 Lugduni
502 2841 667 2869 Batavorum
681 2842 800 2869 Joannes
811 2842 947 2869 Meursius

160 2888 188 2916 in
205 2889 278 2916 libro
297 2888 434 2915 i’ariornm
459 2889 618 2920 divinorum,
644 2895 707 2916 cum
733 2888 785 2915 hoc
810 2896 824 2915 a
845 2887 947 2914 Graecis

996 2338 1059 2365 libri
1084 2345 1160 2369 xvnt,
1184 2336 1283 2364 asserit
1311 2346 1320 2361 ι
1340 2343 1369 2363 se
1384 2335 1537 2363 orationem
1553 2333 1698 2369 quamdam
1712 2333 1787 2360 Ana-

997 2385 1073 2412 stasii
1091 2384 1190 2419 legisse
1209 2383 1243 2410 ad
1268 2383 1456 2410 Antiochenos
1475 2382 1504 2408 in
1521 2381 1638 2408 introitu
1652 2388 1704 2407 suo
1719 2379 1788 2407 scri-'

996 2435 1082 2465 ptam,
1091 2434 1119 2457 et
1130 2429 1344 2465 paciﬁcatoriam
1362 2422 1454 2458 aliam:
1465 2437 1546 2461 quam
1558 2429 1691 2456 vicesimo
1704 2427 1797 2456 tertios

997 2484 1069 2504 anno
1083 2476 1110 2502 in
1132 2475 1261 2502 thronum
1279 2482 1359 2501 suum
1375 2474 1546 2509 postliminio
1567 2482 1696 2502 reversus
1710 2481 1786 2501 com-

998 2522 1100 2556 posuit,
1121 2521 1250 2548 Mauritio
1272 2520 1418 2555 imperium
1434 2520 1589 2553 obtinente,
1606 2529 1687 2556 quem
1703 2521 1790 2548 etiam

1000 2568 1028 2595 in
1040 2576 1073 2595 eo
1090 2567 1203 2602 scripto,
1217 2566 1292 2602 quod
1307 2567 1342 2593 ab
1354 2566 1452 2594 exsilio
1466 2571 1614 2594 revocatus
1635 2567 1681 2598 sit.
1697 2566 1788 2606 laudi-

999 2614 1052 2641 bus
1060 2613 1150 2641 cﬂ‘ert.
1160 2623 1168 2639 ι
1182 2613 1247 2646 Quae
1255 2613 1314 2639 sine
1325 2612 1421 2643 dubio,
1431 2612 1452 2639 si
1463 2612 1618 2639 exstiterint
1629 2604 1787 2646 aliquando,
1814 2604 1816 2607 ’

1000 2659 1113 2687 fuerunt
1133 2659 1220 2686 sancti
1248 2658 1384 2685 Anastasii
1409 2658 1575 2685 Antiocheni
1595 2665 1700 2692 :quem
1725 2665 1787 2684 cum

1001 2704 1105 2740 synodo
1132 2712 1149 2731 ιι
1179 2703 1351 2730 (ecumcnica
1377 2703 1487 2730 Nicaena
1519 2707 1546 2730 et
1575 2702 1637 2729 aliis
1665 2701 1790 2735 antiquis

1000 2750 1183 2785 scriptoribus
1194 2754 1316 2776 sanctum
1330 2749 1537 2784 compellamus.
1557 2748 1690 2783 Eragrius
1706 2755 1789 2782 supra

1000 2797 1093 2823 laudat
1103 2796 1256 2823 orationem
1273 2796 1333 2830 ejus
1346 2795 1489 2830 scriptam,
1501 2803 1563 2822 eum
1574 2793 1790 2821 subJustiniano

1000 2842 1166 2876 imperatore
1183 2846 1242 2868 erat
1260 2841 1286 2868 ei
1301 2841 1429 2868 exsilium
1451 2841 1657 2868 demandatum.

1034 2888 1108 2915 inter
1123 2887 1191 2914 alias
1211 2887 1294 2922 hujus
1314 2886 1449 2914 Anastasii
1473 2886 1681 2914 lucubrationes
1694 2889 1797 2913 censeo
