1980 3188
184 172 253 207 1307

752 166 783 196 S.
803 163 1006 194 ANASTASU
1028 161 1263 191 ANTIOCHEN'I

1749 157 1819 190 1308

183 233 239 261 Leo
262 229 402 261 Allatius.
427 235 491 263 pag.
519 225 569 258 8‘5,
593 222 755 252 relationem
779 221 815 247 de
841 219 928 246 rebus
946 217 972 244 in
988 217 1011 244 Δ
1026 217 1103 263 stasii
1120 221 1236 263 mortem
1258 225 1264 242 :
1287 214 1389 263 citatur
1405 215 1489 243 etiam
1513 218 1627 242 sanctus
1646 213 1822 249 Nioepltorus

182 277 296 306 Perside
319 275 403 311 gestis
434 280 497 302 cum
523 272 577 299 hoc
607 268 722 297 exordio
745 276 752 294 :
778 265 975 311 Βατιλεύοινῖος

189 310 340 359 ’Δρηνάτολδ
350 321 400 354 τῆς
414 318 552 352 Περαικῆς
568 316 669 351 χώρις,
697 313 791 347 γέγονε
811 310 975 359 enimeritis.

183 357 291 399 Asserit
315 368 465 396 Gretserus
496 365 524 392 in
551 361 715 390 Praefatione
738 359 772 386 ad
799 357 977 385 Anastasius]

185 414 320 442 Sinaitam
337 411 372 439 de
396 411 450 438 Vica
468 410 542 439 duce,
558 415 587 434 se
607 414 670 433 eam
694 404 745 431 sub
759 404 898 431 Anastasii
917 403 978 437 epi-

185 460 263 494 scopi
288 455 484 493 Theopolitani
518 453 632 481 nomine
661 451 796 485 reperisse
824 450 851 476 in
883 450 979 477 codice

187 514 240 534 ms.
258 506 431 540 Augustano,
460 502 487 528 in
516 507 603 534 eaque
625 498 667 533 agi
697 497 752 524 «de
777 496 980 531 disceptatione

186 551 410 581 Christianorum
430 547 579 583 praesulum
597 553 659 573 cum
676 543 810 573 Ethnicis,
835 542 941 569 Graecis
954 546 982 567 et

186 597 302 628 Judzis,
324 595 418 631 judice
443 592 648 628 Aphrodisiano
675 589 747 624 regis
764 589 912 616 Persarum
937 596 982 615 ar-

189 641 352 676 chimagiro,
364 639 408 667 cui
421 639 505 666 etiam
519 645 548 664 se
559 636 720 663 Anastasius
730 634 893 661 interfuisse
903 633 982 664 dicit,

189 692 219 715 et
233 686 346 722 quidem
361 685 450 713 solum
464 692 498 711 ex
514 681 629 710 Romani
643 681 752 716 imperii
762 680 912 714 episcopis.
929 678 983 706 Sed

190 733 282 761 oratio
295 732 340 759 illa
363 731 415 767 (uti
437 729 537 765 addit),
551 729 609 756 olet
623 727 716 755 nescio
732 726 798 760 quid
815 726 983 757 fabularum,

191 784 223 806 ut
238 777 350 806 difficile
378 776 487 804 creditu
515 775 551 803 sit
577 781 611 801 ex
626 772 763 802 Anastasii
788 771 897 799 oﬂlcina
919 779 985 806 pro-

191 824 289 851 diisse.
307 832 316 849 ι
333 822 462 857 Cmperat
489 821 546 855 ipse
570 827 631 847 cam
657 818 685 845 in
713 818 838 851 linguam
860 817 984 844 Latinam

193 872 305 895 vertere
326 875 334 894 :
359 866 408 893 sed
435 875 444 891 ι
461 863 639 892 multitudine
656 862 822 890 mendorum
837 867 866 889 et
881 862 986 889 fabula-

195 921 256 940 rum
273 911 370 947 pedem
394 910 531 938 retraxit:
548 916 638 944 neque
661 908 708 935 ulli
744 913 825 942 putat
848 909 919 936 hanc
944 908 985 935 δι-

196 959 296 992 ήγησιν
309 957 367 984 fore
378 955 512 991 perviam,
524 954 577 981 nisi
593 953 814 981 emendatiorem
829 958 877 981 aut
892 953 986 988 plures

195 1001 401 1036 manuscriptos
419 999 531 1027 codices
546 999 681 1034 acquirat.
698 1008 706 1023 ι
720 998 807 1032 Quale
820 1004 916 1025 nactus
928 999 987 1026 fue-

196 1047 234 1074 rit
252 1046 443 1082 apographum
470 1044 588 1072 Allatius
611 1043 762 1071 nescimus.
786 1043 888 1071 Saltem
923 1044 987 1071 vivo

198 1092 342 1120 Anastasio
362 1090 539 1118 Antiocheno
564 1089 657 1117 nullus
683 1089 737 1116 fuit
763 1098 811 1117 rex
841 1090 986 1117 Persarum

197 1144 281 1172 supra
309 1136 449 1164 indicatus
475 1135 622 1166 Arenatus,
639 1134 689 1162 sed
709 1135 790 1162 annis
816 1143 894 1162 vam
916 1135 987 1163 Cho-

196 1189 286 1214 sroes,
300 1185 330 1209 et
346 1181 412 1209 dein
427 1180 589 1209 llormisdas
605 1180 686 1208 annis
699 1188 744 1214 xv,
758 1181 798 1208 uti
811 1188 861 1209 eos
874 1181 989 1210 exhibet

196 1225 395 1261 Theophanes.

233 1272 329 1300 Exstat
346 1272 489 1307 Responsio
504 1272 640 1300 Anastasii
656 1272 767 1307 episcopi
785 1271 820 1299 ad
834 1273 991 1300 orthodoxa-

199 1326 259 1345 rum
289 1318 441 1354 aliquorum
469 1317 685 1345 Christianorum
715 1319 934 1354 interrogationes
958 1320 990 1346 de

200 1364 309 1391 diuersis
344 1363 472 1398 capitibus
496 1363 697 1396 ecclesiasticis;
730 1372 812 1399 quam
839 1363 991 1392 Gentianus

201 1409 338 1436 llorvclus
350 1409 474 1436 Latinam
483 1409 558 1441 fecit,
571 1408 725 1443 tribuitque
738 1409 847 1436 cuidam
861 1408 990 1444 episcopo

200 1455 311 1483 Nicatno
328 1454 473 1482 Anastasio
491 1454 575 1486 dicto,
598 1454 627 1481 in
643 1453 802 1482 Bibliotheca
820 1454 933 1481 Patrum
946 1462 991 1482 se-

201 1499 293 1527 cundo
310 1499 442 1528 editionis
467 1499 633 1527 Parisiensis
650 1503 725 1527 torno
746 1500 836 1534 primo
850 1508 989 1528 excusam.

198 1546 303 1574 Contra
319 1546 395 1574 hunc
411 1550 572 1577 tractatum,
595 1546 712 1581 ejusque
732 1550 835 1573 textum
860 1545 992 1580 plurimas

203 1592 347 1619 cautiones
362 1592 533 1627 praescripsit
555 1591 675 1619 Joannes
690 1591 772 1618 Maria
790 1591 992 1619 Brasicliellen-

204 1638 253 1670 sis,
272 1638 342 1665 sacri
362 1638 457 1672 palatii
482 1636 628 1672 apostolici
654 1637 784 1672 magister
813 1641 887 1664 tomo
902 1637 993 1672 primo

206 1683 306 1710 Indicis
330 1683 465 1710 librorum
495 1683 715 1718 prohibitorum;
729 1682 836 1717 aliquas
847 1684 930 1710 etiam
947 1683 995 1710 ad-

204 1728 271 1763 jecit
291 1728 421 1755 Nicolaus
435 1729 616 1760 Alamannus,
631 1728 698 1755 olim
716 1728 892 1755 bibliotheca
918 1728 994 1756 Vati-

206 1781 282 1801 canae
303 1774 466 1808 praefectus:
483 1781 552 1809 quas
568 1781 665 1801 omnes
678 1772 759 1801 simu‘l
773 1773 860 1801 edidit
876 1775 995 1802 Jacobus

207 1818 379 1847 Gretserus:
398 1820 444 1855 qui
466 1819 555 1848 dictas
581 1819 744 1852 Question“
766 1824 790 1847 et
805 1819 995 1855 Responsiones

208 1865 295 1892 multo
315 1865 455 1893 auctiores
469 1865 557 1892 edidit
584 1865 823 1898 Graeco-Latinas;
843 1865 891 1893 sed
908 1865 996 1894 fallaci

210 1909 291 1936 titulo
314 1909 452 1943 sull'ultas,
476 1910 521 1937 bis
547 1909 662 1937 verbis:
681 1919 690 1935 ε
709 1909 794 1937 Liber
816 1909 864 1944 qui
883 1913 998 1937 vocatur

217 1954 348 1989 'Ub‘n-rdc.
369 1955 422 1983 hoc
442 1959 500 1989 est,
522 1955 583 1983 Dux
597 1955 656 1982 υἰαξ.
683 1954 775 1983 Sancti
796 1955 885 1983 Patris
910 1955 998 1982 nostri

208 2001 346 2028 Anastasii
370 2001 493 2034 Sinaitae,
513 2001 635 2036 episcopi
653 2000 831 2034 Antiocheni,
843 2001 999 2036 Interroga-

210 2048 293 2074 tiones
309 2052 333 2074 et
352 2046 541 2082 Responsiones
571 2048 605 2075 de
628 2047 747 2075 diversis
762 2047 901 2082 capitibus
919 2056 935 2075 a
956 2048 1000 2075 di-

208 2093 300 2120 versis
318 2093 475 2128 propositaz.
499 2093 659 2121 Solutiones
684 2101 740 2121 non
765 2102 800 2121 ex
825 2094 928 2129 seipse,
952 2093 1001 2121 sed

209 2138 244 2165 ab
261 2139 432 2174 experientia
454 2143 483 2167 et
501 2147 534 2167 ex
554 2140 641 2167 sacris
670 2140 783 2167 Litteris
805 2140 971 2175 desumpsit.
988 2150 996 2166 ι

210 2184 250 2211 lta
264 2185 364 2220 aliquis
375 2185 497 2218 Graecus,
511 2185 604 2213 forsan
617 2186 791 2220 Nicephorus
801 2185 940 2218 Callistus,
954 2191 1001 2214 aut

208 2229 282 2256 alius
298 2237 362 2257 eum
375 2235 498 2263 secutus,
511 2230 563 2257 nisi
579 2230 725 2258 aberrandi
743 2231 916 2258 occasionem
931 2239 999 2266 prte-

212 2275 306 2303 buerit
317 2276 460 2311 aliquanto
477 2277 580 2308 senior,
591 2276 748 2304 Graecorum
761 2284 870 2304 errores
880 2277 997 2305 infarsit.

210 2321 316 2356 Nempe
334 2322 399 2356 quia
417 2322 580 2350 Anastasius
604 2323 710 2350 Sinaita
734 2323 869 2350 illustrem
899 2328 999 2350 tracta-

213 2370 272 2393 tum
295 2370 501 2400 composuerat,
523 2367 570 2401 qui
597 2367 720 2402 Ὀδηγὸς,
739 2367 792 2393 hoc
807 2372 849 2394 est
871 2367 931 2394 Dux
951 2369 999 2396 via:

210 2416 325 2439 vocatus
347 2411 410 2443 fuit,
431 2412 559 2439 eumdem
575 2412 685 2440 titulum
699 2413 776 2447 operi
794 2413 859 2440 huic
876 2414 999 2442 furfureo

210 2462 308 2484 auctor
328 2457 467 2492 adaptavit
487 2466 493 2484 :
517 2458 565 2493 qui
589 2458 653 2494 quia
677 2459 850 2494 Nicephorus
871 2459 1000 2489 Callistus

209 2503 339 2531 eumdem
363 2503 537 2532 Anastasium
560 2504 693 2532 Sinaitam
718 2513 863 2540 perperam
891 2511 1000 2534 vocarat

210 2549 372 2584 episcopum
392 2549 606 2582 Antioclienum,
623 2558 695 2578 unus
710 2550 838 2586 idemque
853 2556 881 2579 et
896 2552 1000 2579 Sinaita

210 2599 240 2624 et
257 2594 448 2624 A‘ntiochenus
468 2596 557 2624 videri
577 2597 675 2627 voluit.
699 2605 732 2624 ex
750 2596 1000 2626 Constitutionibus

210 2640 412 2676 apostolorum.
430 2650 491 2678 qua:
510 2642 562 2670 sub
580 2643 693 2671 nomine
717 2643 867 2671 Clementis
883 2644 999 2671 Romani

210 2694 226 2713 a
243 2687 363 2721 posteris
385 2691 521 2723 protrusa:
537 2693 612 2721 sunt,
632 2689 719 2716 multa
740 2695 899 2722 excerpens,
916 2696 1001 2723 seque

212 2733 266 2761 hoc
287 2733 347 2769 ipso
367 2734 563 2762 demonstrans
586 2741 647 2762 esse
673 2734 863 2769 impostorem.
889 2734 918 2761 lu
947 2735 1001 2762 illis

211 2781 295 2808 ctiam
311 2780 517 2814 Quaestionihus
534 2781 656 2808 citantur
676 2780 802 2808 Canones
817 2781 915 2816 synodi
931 2781 1000 2814 Qui-

213 2826 327 2853 nisexta:
352 2826 410 2854 sive
423 2826 572 2858 Trullanae,
593 2825 830 2861 Constantinopoli
854 2834 927 2853 anno
949 2827 999 2853 707

212 2871 328 2904 conditi,
343 2870 450 2908 integro
460 2871 567 2899 scilicet
579 2871 679 2900 saeculo
695 2876 757 2907 post
771 2871 914 2907 utriusque
928 2872 1002 2900 Ana--

1026 261 1186 297 patriarcha
1215 259 1551 295 Constantinopolitanae,
1571 267 1654 295 quem
1676 265 1821 287 mortuum
1863 262 1865 264 '

1027 312 1088 335 es'se
1100 315 1174 335 anno
1186 307 1237 334 828
1249 307 1422 335 ostendimus
1435 307 1468 334 ad
1481 307 1541 342 ejus
1554 307 1645 334 Vitam
1662 307 1695 334 15
1711 306 1800 334 Martii
1813 315 1821 334 :

1028 354 1151 381 citantur
1166 353 1286 388 denique
1311 353 1540 389 Olympiodorus,
1557 353 1604 388 qui
1629 353 1663 380 ad
1681 353 1821 380 decimum

1030 401 1161 429 saeculum
1181 405 1305 435 spectat;
1328 405 1440 427 sanctus
1460 399 1593 426 Maximus
1622 400 1775 428 monachus
1793 404 1824 427 et

1030 452 1145 482 martyr,
1162 446 1290 473 Moschus
1306 450 1335 472 et
1356 446 1414 477 alii,
1435 445 1560 480 iuniores
1575 453 1681 472 omnes.
1705 446 1823 473 Domum

1031 494 1063 520 ad
1081 493 1261 527 qnzestionem
1280 492 1330 519 117
1355 491 1538 526 respondetur
1561 491 1613 518 sub
1636 491 1730 522 ﬁnem,
1754 496 1824 519 tunc

1032 539 1308 573 septingentesimum
1345 545 1448 564 annum
1471 537 1527 571 agi,
1550 536 1624 571 quod
1650 537 1745 564 Ariani
1766 537 1823 565 sint

1032 585 1138 619 expulsi
1163 592 1196 611 ex
1222 584 1290 611 locis
1317 583 1430 614 sanctis,
1457 590 1544 617 eaque
1568 591 1583 609 a
1608 582 1735 610 Barbaris
1759 590 1823 611 esse

1033 635 1176 665 occupata,
1191 636 1222 658 ut
1241 631 1343 658 mirum
1364 638 1420 656 non
1435 629 1471 656 sit
1491 630 1514 656 si
1538 634 1578 656 tot
1598 637 1708 656 errores
1730 634 1825 664 poste-

1036 684 1128 704 rorum
1145 676 1302 704 Graacorum
1321 676 1377 703 sint
1392 675 1486 703 infarsi
1510 675 1554 702 his
1577 674 1769 707 Quaslionibus
1798 680 1823 702 et

1034 721 1265 756 Rerponsionibsu,
1285 729 1355 756 quas
1374 720 1558 748 eliminandas
1575 721 1690 747 omnino
1717 720 1826 754 judica—

1035 775 1097 794 mus
1114 775 1129 794 e
1143 767 1266 802 catalogo
1289 767 1479 797 Tractatuum,
1493 771 1546 793 tam
1559 773 1656 793 eorum
1671 773 1744 800 quos
1761 773 1827 793 san—

1035 818 1098 840 ctus
1116 814 1277 840 Anastasius
1307 812 1422 845 Sinaita,
1451 820 1534 847 quam
1562 820 1634 847 quos
1663 812 1827 840 Anastasius

1038 859 1228 887 Antiochcnus
1249 859 1415 893 composuit.

1074 905 1211 933 Anastasii
1225 905 1388 940 patriarchae
1404 904 1598 938 Theopolitani
1614 908 1641 931 et
1655 903 1751 938 Cyrilli
1765 903 1828 930 Ale-

1039 952 1168 980 xandrini
1189 952 1395 987 compendiaria
1412 951 1476 978 ﬁdei
1491 951 1652 978 orthodoxa:
1673 950 1828 985 Explicatio

1039 1003 1129 1026 exstat
1157 1002 1232 1025 tomo
1255 998 1287 1024 ιν
1311 997 1477 1024 Bibliotheca:
1494 996 1607 1023 Patrum
1625 996 1653 1023 in
1677 996 1830 1023 cditionei

1040 1044 1201 1075 Parisiensi,
1225 1051 1286 1078 qua:
1309 1043 1337 1070 in
1361 1043 1484 1070 editione
1507 1041 1666 1069 Coloniensi
1694 1046 1772 1076 parte
1798 1049 1829 1071 ιι.

1041 1090 1108 1118 tomi
1131 1090 1165 1117 Vl
1189 1089 1321 1116 tribuitur
1342 1089 1447 1123 juniori
1485 1087 1636 1115 Anastasio
1666 1087 1831 1122 patriarcha

1042 1135 1228 1166 Antioclicno,
1254 1142 1269 1161 a
1281 1133 1382 1162 Judris
1396 1133 1543 1161 interfecto
1562 1142 1568 1160 :
1586 1131 1661 1168 quod
1679 1132 1752 1160 idem
1766 1132 1832 1159 fecit

1041 1182 1194 1210 Autbertus
1215 1181 1324 1209 Mirans
1357 1179 1397 1207 De
1423 1180 1594 1215 scriptoribus
1629 1178 1832 1210 utlesiastids,

1042 1237 1104 1264 pag.
1127 1228 1189 1256 215.
1206 1227 1258 1255 Sed
1276 1234 1330 1261 qua
1352 1226 1386 1254 de
1401 1233 1484 1254 causa
1506 1226 1544 1253 ita
1565 1225 1735 1257 censuerint,
1753 1233 1834 1260 pror-

1042 1284 1091 1305 sus
1116 1280 1218 1303 tacent.
1246 1275 1362 1302 Videtur
1384 1273 1429 1300 illa
1446 1272 1649 1308 compendiaria
1663 1272 1727 1299 ﬁdei
1743 1271 1834 1306 expli-

1043 1322 1117 1350 catio
1136 1322 1229 1357 potius
1248 1328 1282 1348 ex
1307 1319 1388 1347 libris
1411 1318 1460 1346 SS.
1486 1318 1581 1354 Cyrilli
1597 1321 1626 1346 et
1642 1317 1778 1345 Anastasii
1799 1316 1836 1344 ab

1043 1367 1137 1401 aliquo
1155 1365 1237 1393 tertio
1249 1368 1384 1392 extracta.
1398 1363 1569 1398 Margarinus
1591 1362 1626 1390 de
1642 1362 1667 1389 la
1682 1362 1767 1397 Bigne
1781 1361 1835 1388 ali-

1044 1420 1098 1447 qua
1114 1411 1295 1439 Anastasiana
1312 1418 1397 1446 opera
1410 1409 1515 1437 inedita
1533 1413 1744 1440 commemorat,
1757 1407 1838 1435 vide-

1045 1459 1109 1486 licet
1119 1468 1125 1484 :
1133 1458 1173 1485 Ad
1181 1458 1342 1492 interrogata
1353 1455 1573 1483 monasteriorum
1581 1448 1674 1490 prima
1682 1458 1707 1481 et
1713 1454 1838 1481 secunda.-

1045 1504 1130 1540 Syriae
1149 1502 1355 1537 Responsiones;
1370 1500 1418 1528 sed
1436 1500 1477 1527 ba!
1491 1499 1584 1527 forsan
1597 1503 1663 1527 sunt
1677 1499 1712 1527 de
1733 1499 1839 1534 quibus

1005 1560 1027 1590 ε
1043 1551 1100 1586 jam
1113 1553 1176 1576 ante
1184 1549 1300 1583 egimus.
1314 1547 1354 1574 Ad
1366 1546 1540 1574 Antiochenos
1562 1546 1758 1581 συντακτήριον
1776 1545 1839 1572 sive

1043 1597 1081 1624 De
1099 1596 1295 1622 coordinntione
1315 1598 1362 1620 aut
1389 1592 1630 1628 disciplina.—-De
1646 1592 1842 1619 constructione

1043 1642 1155 1670 hominis
1164 1641 1228 1668 libri
1237 1641 1303 1668 duo.
1313 1656 1348 1660 —
1356 1639 1552 1674 Contemplatio
1563 1639 1672 1674 mystica
1685 1637 1842 1673 passionum

1044 1687 1357 1717 Christi.——Encomium
1391 1685 1510 1721 ngypti.
1525 1684 1681 1717 —Qutestio
1710 1684 1842 1710 adversus

1044 1742 1098 1766 eos,
1122 1733 1167 1769 qui
1184 1733 1274 1760 dicunt
1295 1735 1348 1758 tres
1367 1731 1493 1758 essentias
1511 1731 1538 1757 in
1556 1730 1660 1760 divinis,
1677 1732 1772 1756 contra
1789 1728 1844 1756 Ju-

1046 1779 1130 1810 dmos,
1155 1779 1218 1806 libri
1245 1777 1311 1805 duo.
1330 1777 1363 1805 lli
1379 1776 1469 1804 ultimi
1494 1775 1591 1803 Latine
1607 1774 1708 1802 redditi
1724 1782 1739 1801 a
1752 1773 1842 1801 Fran-

1047 1825 1122 1852 cisco
1134 1823 1282 1855 Turriano,
1293 1822 1361 1850 editi
1373 1825 1440 1849 sunt
1453 1827 1527 1849 torno
1539 1820 1573 1848 lll
1588 1820 1710 1855 Antiqua
1720 1819 1841 1846 lectionis

1047 1870 1159 1898 llenrici
1183 1868 1298 1901 Canisii,
1335 1867 1382 1896 sed
1409 1872 1506 1895 auctor
1536 1866 1648 1898 eitatur,
1675 1865 1842 1893 Anastasius

1048 1916 1134 1944 abbas
1153 1919 1250 1942 contra
1273 1914 1393 1946 Judaaos,
1408 1913 1455 1948 qui
1470 1917 1578 1940 atatem
1601 1919 1679 1939 suam
1696 1911 1840 1945 exprimit,

1049 1961 1114 1988 dum
1129 1961 1179 1992 ait,
1204 1961 1277 1995 «jam
1290 1958 1549 1991 octingentesimum
1564 1965 1667 1984 annum
1683 1962 1710 1984 et
1722 1957 1843 1991 amplius

1049 2007 1103 2040 agi,
1116 2013 1150 2032 ex
1164 2013 1219 2040 quo
1230 2005 1339 2032 Iudaeos
1351 2005 1423 2031 Deus
1445 2003 1588 2038 dispersit,
1602 2007 1631 2030 et
1651 2002 1741 2029 Titum
1757 2007 1842 2037 atque

1053 2049 1249 2084 Vespasianum
1270 2049 1303 2075 ad
1316 2048 1478 2075 vastandam
1494 2048 1592 2076 urbem
1612 2047 1730 2075 vocavit.
1748 2057 1756 2073 ι
1775 2048 1842 2074 Flo-
1873 2059 1877 2064 ›

1051 2097 1107 2123 ruit
1127 2104 1193 2131 ergo
1212 2096 1257 2123 hic
1283 2095 1369 2122 abbas
1391 2095 1554 2122 Anastasius
1568 2094 1621 2121 sub
1643 2093 1724 2121 linem
1745 2094 1841 2121 δέεαιιὶ

1051 2150 1087 2170 lx.
1106 2142 1171 2175 Quae
1187 2142 1269 2169 citata
1288 2145 1330 2169 est
1344 2140 1540 2175 Contemplatio
1558 2140 1668 2175 mystica
1688 2140 1842 2174 passionum

1052 2185 1149 2214 Christi
1164 2185 1275 2212 videtur
1296 2192 1358 2212 esse
1383 2184 1521 2211 Anastasii
1541 2183 1652 2211 Sinailse
1671 2182 1707 2209 Ds
1720 2184 1842 2217 passione

1014 2232 1036 2259 ι)
1052 2221 1076 2259 εὶ
1093 2230 1304 2267 impossibilitate
1318 2229 1434 2263 Christi;
1449 2235 1478 2258 et
1502 2229 1542 2257 sic
1559 2228 1607 2256 alii
1626 2227 1692 2256 libri
1713 2228 1765 2256 sub
1780 2228 1845 2256 aliis

1052 2279 1145 2306 forsan
1172 2277 1260 2305 titulis
1283 2277 1380 2304 latent.

1087 2325 1239 2353 Occasione
1256 2323 1346 2351 oblata
1365 2323 1428 2350 misi
1446 2322 1584 2359 Synopsin
1599 2323 1684 2359 hujus
1693 2322 1843 2351 Commen-
1874 2322 1877 2325 ’

1053 2371 1115 2399 tarii
1132 2371 1245 2398 Romam
1261 2369 1294 2397 ad
1307 2369 1366 2397 Β...
1379 2369 1490 2396 Petrum
1505 2369 1661 2401 Possinum,
1678 2369 1726 2404 qui
1742 2368 1844 2404 postri-

1053 2418 1098 2446 die
1121 2416 1261 2444 Kalendas
1285 2415 1347 2443 Maii
1365 2416 1431 2442 anni
1447 2415 1509 2442 lfi'il
1529 2415 1566 2442 ita
1587 2415 1730 2450 respondit
1750 2423 1757 2441 :
1774 2424 1782 2441 ‹
1802 2413 1842 2442 Ad

1053 2472 1084 2491 ea
1100 2471 1161 2498 qua:
1180 2463 1214 2490 de
1234 2461 1388 2490 Anastasiis
1404 2465 1432 2488 et
1452 2468 1549 2488 eorum
1570 2461 1683 2495 scriptis
1711 2461 1844 2495 disquirit

1052 2512 1221 2543 annotatqne
1248 2507 1359 2534 erudite
1376 2507 1409 2534 ll.
1434 2505 1467 2534 V.
1490 2506 1637 2540 utaliquid
1665 2513 1842 2541 reponerem,

1053 2555 1179 2582 consului
1198 2554 1345 2581 Vaticanos
1361 2552 1470 2580 Indices
1488 2557 1518 2580 et
1538 2552 1618 2587 plura
1644 2552 1735 2588 longe,
1759 2560 1843 2588 quam

1052 2601 1131 2628 vobis
1153 2604 1219 2627 nota
1234 2603 1299 2626 sunt
1323 2599 1350 2625 in
1376 2599 1410 2626 iis
1425 2598 1526 2634 reperi.
1547 2597 1638 2625 Solius
1661 2597 1775 2625 Sinaita:
1789 2597 1843 2625 Ca-

1054 2647 1160 2680 talogus
1184 2644 1247 2672 istic
1272 2648 1447 2672 servatorum
1471 2651 1587 2678 operum
1609 2647 1731 2678 quatuor
1747 2642 1844 2677 implet

1053 2698 1166 2726 magnas
1197 2690 1322 2726 paginas.
1346 2687 1464 2716 Omnino
1496 2692 1590 2723 posset
1617 2687 1842 2715 lucubrationum

1053 2738 1113 2772 ejus
1130 2736 1221 2764 Patris
1236 2735 1277 2763 uti
1305 2739 1334 2763 et
1359 2735 1477 2763 aliorum
1494 2734 1616 2769 plurium
1641 2734 1774 2769 praeclara
1787 2731 1843 2759 uti-

1054 2785 1117 2812 liter
1131 2781 1218 2810 editio
1242 2781 1348 2816 vulgari
1365 2789 1372 2808 :
1388 2780 1436 2807 Sed
1454 2779 1500 2806 ubi
1521 2779 1676 2814 reperietur
1693 2778 1741 2813 qui
1757 2777 1844 2813 possit

1054 2833 1082 2855 et
1100 2827 1166 2855 velit
1184 2835 1246 2855 eam
1265 2834 1378 2862 operam
1405 2825 1554 2860 pnestare?
1572 2824 1619 2852 ubi
1633 2824 1681 2859 qui
1702 2825 1843 2858 sumptum

1056 2873 1082 2901 iu
1105 2873 1258 2901 editionem
1286 2871 1429 2900 conferat?
1445 2881 1454 2898 ι
1482 2871 1545 2898 llaec
1575 2870 1717 2898 Pessinus.
1740 2868 1842 2895 Verum
