1976 3261
139 217 210 251 1309

135 274 205 309 quia
223 281 257 302 es
267 274 360 303 dubiis
372 277 507 313 operibus
520 279 606 306 multa
621 287 677 307 non
691 281 822 315 vidimus,
837 286 866 310 et
877 291 933 311 non

135 317 191 346 fuit
207 319 295 347 otium
311 321 385 349 inter
401 330 463 350 sese
482 323 644 352 confercndi
666 325 731 358 alia,
748 327 770 353 si
788 327 853 355 hinc
870 328 934 357 inde

135 373 154 391 ι
174 372 242 393 vero
256 366 432 400 deﬂeximus,
458 370 619 398 meminerit
639 371 754 400 criticus
779 373 883 408 lector,
904 376 932 404 id

135 410 229 438 solum
256 420 308 439 nos
334 421 417 448 agere
441 415 574 448 voluisse,
598 424 654 452 quo
675 418 933 450 demonstraremus

135 455 337 489 distinguenda
357 466 421 487 esse
445 461 559 489 Sinaita:
581 467 610 489 et
631 463 799 492 Antiochcui
826 474 931 501 opera:

134 502 241 547 quibus
264 505 457 534 examinandis
482 507 710 543 illustrandisque
740 511 812 538 alius
838 513 932 547 quivis

136 546 202 581 plus
224 548 275 575 otii
291 555 391 578 nactus
405 551 515 578 laudem
537 556 632 587 posset
647 555 758 582 mereri.
778 546 933 585 Videbatur

650 226 793 257 ORATIO
812 227 838 259 Ι.
856 241 892 248 —
907 229 956 260 DE
973 231 1026 262 SS.
1047 233 1268 268 TRINITATE.

1707 245 1777 280 1310

948 294 970 322 Α
986 286 1052 337 olim
1077 288 1106 316 in
1128 290 1203 337 burnc
1227 292 1351 321 laborem
1374 294 1465 325 Lucas
1479 297 1640 327 Holstenius
1655 308 1776 337 propeno

984 332 1050 381 dere
1066 344 1072 361 :
1090 335 1138 363 sed
1154 336 1220 364 dum
1238 338 1318 368 libris
1334 342 1465 376 parandis
1489 332 1662 381 edendisque
1682 332 1776 376 moro-

984 380 1042 427 sius
1055 381 1201 417 incumbit,
1211 392 1227 411 e
1235 385 1292 412 vita
1302 387 1427 416 sublatus
1440 394 1483 417 est
1491 397 1565 418 anno
1578 380 1656 424 16111,
1665 395 1778 427 quando
1827 401 1830 407 '

985 425 1076 453 eidem
1093 428 1260 458 moribundo
1282 437 1433 461 extremam
1456 441 1516 462 eam
1533 443 1646 471 operam
1669 425 1777 473 impen-

985 471 1087 505 dimus,
1098 482 1182 508 quam
1200 476 1226 503 in
1238 478 1374 512 ejusmodi
1388 480 1507 509 articulo
1520 487 1638 516 possunt
1647 488 1676 512 et
1685 471 1777 512 solent

984 519 1083 546 amicis
1098 519 1261 556 impendere
1278 524 1400 560 religiosi
1425 527 1597 557 sacerdotes.

145 653 1772 693 Ἥ

476 758 821 840 SANCTI
878 764 1424 876 ANASTASII,

687 907 957 941 PATBIARCHE

977 910 1242 954 ANTIOCHENI,

205 1009 281 1057 DE
333 988 590 1060 NOSTRIS
641 1015 850 1064 RECTIS
900 1018 1288 1070 DOGMATIBUS
1337 1025 1695 1093 VERITATIS,

429 1134 956 1204 ORATIONES

1013 1141 1444 1219 QUINQUE.

717 1267 867 1305 Interprete
881 1269 1023 1301 Francisco
1039 1272 1181 1302 Turriano.

942 1448 971 1480 Ι.

761 1528 817 1559 DE
835 1527 889 1560 SS.
914 1528 1149 1561 TRINITATE.

162 1682 184 1710 1.
208 1681 278 1709 Cum
301 1680 357 1716 jam
372 1678 481 1714 pridem
503 1678 538 1706 de
554 1677 608 1706 ﬁde
626 1682 722 1706 nostra
737 1686 804 1706 sana
815 1699 824 1712 ,
842 1683 871 1707 et
889 1678 923 1707 de
939 1683 960 1710 Β
975 1679 1145 1712 studuimus,
1157 1679 1243 1707 nullis
1260 1679 1380 1707 aliorum
1390 1679 1515 1716 vestigiis
1530 1680 1701 1715 insistentes,
1717 1683 1767 1710 sed

125 1728 205 1756 veris
228 1725 361 1754 Ecclesiae
381 1724 562 1760 dogmatibus
581 1724 743 1759 incorrupte
762 1728 791 1752 et
808 1724 925 1760 probate

127 1772 322 1801 tractavissem
338 1771 425 1798 variis
435 1769 617 1797 Orationibus
627 1770 656 1797 in
672 1769 795 1797 Ecclesia
808 1769 924 1803 habitis,

126 1823 155 1846 et
165 1817 293 1846 recitatis
309 1822 376 1845 tunc
389 1823 453 1844 cum
462 1815 588 1844 scribere
599 1819 628 1843 et
637 1815 758 1844 ﬁdenter
767 1816 844 1851 loqui
856 1816 924 1844 lice-

126 1865 185 1895 bat.
198 1872 262 1892 eum
274 1871 357 1892 nemo
371 1862 551 1899 impudenter
566 1862 691 1890 audebat
708 1862 804 1890 dicere
823 1871 830 1890 :
845 1862 923 1896 Tace,

126 1916 152 1939 et
163 1918 196 1938 ne
208 1909 329 1946 loquaris
341 1911 369 1943 ¹;
384 1908 578 1937 existimabam
594 1916 656 1944 quae
667 1913 734 1936 tunc
744 1909 922 1944 scripseram,

126 1957 196 1985 satis
215 1963 277 1984 esse
296 1960 324 1984 et
346 1955 381 1983 ad
407 1953 618 1990 coarguendum
636 1954 825 1986 mendacium,
845 1958 873 1981 et
888 1954 922 1981 ad

126 2002 350 2040 patefaciendam
363 2001 512 2029 veritatem
525 2009 531 2027 :
544 2007 596 2028 nec
607 1999 765 2028 arbitrabar
780 2007 850 2034 opus
861 2007 922 2027 esse

126 2050 248 2085 amplius
261 2048 403 2080 laborare,
418 2055 474 2075 non
489 2046 579 2074 solum
597 2045 662 2080 quia
678 2045 779 2073 vitium
795 2045 923 2080 loquaci-

127 2096 193 2124 tatis
209 2093 438 2126 metuebam,sed
445 2093 510 2128 quia
519 2091 664 2128 putabam,
682 2095 714 2118 ut
728 2090 796 2123 dixi,
810 2090 922 2118 abunde

126 2141 254 2169 sufﬁcere
272 2140 405 2169 omnibus
420 2139 523 2175 quibus
541 2137 665 2166 studium
675 2136 800 2164 discendi
816 2143 922 2171 propo-

126 2188 212 2215 situm
224 2191 308 2219 esset,
325 2194 387 2222 quae
400 2185 503 2213 litteris
518 2184 695 2212 mandassem
709 2187 738 2210 et
754 2182 919 2210 edidissem:

125 2241 186 2268 quae
208 2233 256 2268 qui
281 2233 389 2261 vellent
406 2232 498 2267 legere
513 2251 521 2264 ,
541 2229 728 2266 cognitionem
759 2229 921 2264 dogmatum

125 2279 277 2314 perfectam
290 2278 394 2306 habere
405 2281 538 2313 possent;
555 2280 584 2304 et
596 2275 644 2311 qui
654 2276 709 2311 jam
719 2283 769 2310 per
775 2282 804 2302 se
817 2282 922 2310 cogno-

126 2329 253 2357 scerent,
269 2324 314 2352 vel
331 2324 489 2355 discerent,
503 2322 548 2350 vel
563 2322 662 2350 saltem
675 2321 787 2349 labores
807 2325 920 2348 nostros

125 2370 258 2405 sulfragio
275 2377 327 2397 suo
340 2368 575 2403 comprobarent,
592 2367 615 2394 si
633 2367 702 2394 tales
713 2373 775 2394 esse
789 2365 920 2393 videren-
934 2356 956 2385 (ἶ

126 2419 188 2450 tur;
212 2416 340 2444 fortassis
367 2414 442 2442 enim
464 2413 511 2441 alii
536 2413 726 2449 improbarent
743 2421 749 2439 :
765 2419 822 2439 non
843 2411 920 2439 enim

126 2464 218 2495 potest
231 2468 291 2488 esse
304 2467 360 2488 una
375 2459 502 2487 omnium
513 2458 666 2490 sententia,
689 2457 755 2492 quia
770 2460 835 2484 sunt
849 2455 920 2484 aﬂe-

126 2506 233 2534 ctiones
245 2511 350 2534 nostra:
365 2504 528 2533 differentes
539 2513 546 2538 ;
559 2508 588 2532 et
598 2511 655 2531 non
666 2510 764 2531 omnes
774 2502 809 2530 de
821 2501 919 2530 eadem

126 2559 155 2579 re
169 2560 224 2580 uno
239 2553 323 2580 modo
333 2551 481 2580 sentimus.

159 2597 194 2624 il.
209 2597 348 2627 Caeterum
366 2601 510 2631 utcunque
523 2595 654 2631 judicent
669 2594 718 2630 qui
732 2595 791 2622 haec
803 2594 917 2629 scripta,

125 2647 155 2670 ut
166 2644 313 2679 probabile
324 2647 385 2675 est,
401 2642 503 2670 lecturi
516 2646 597 2675 sunt,
614 2641 636 2670 si
654 2641 726 2669 forte
743 2641 850 2676 integra
864 2649 915 2673 ea,

125 2693 222 2716 etnon
248 2689 283 2717 ab
309 2688 433 2717 inimicis
447 2687 598 2723 depravata
621 2687 698 2715 nacti
721 2686 829 2714 fuerint
845 2695 851 2713 :
867 2694 919 2722 ego

125 2737 216 2763 tamen
239 2735 286 2763 illa
312 2741 483 2770 magnopere
501 2733 604 2762 conlidi
626 2734 702 2761 nulla
730 2740 764 2761 ex
795 2738 874 2768 parte
903 2741 919 2761 a

125 2779 242 2812 veritate
250 2781 423 2816 discrepare,
442 2779 492 2807 sed
505 2780 598 2814 potius
609 2787 672 2807 cum
685 2779 854 2815 incorruptis
868 2779 918 2807 do-

125 2826 225 2854 ctrinis
248 2827 362 2855 Patrum
385 2826 543 2855 consentire
569 2833 601 2853 ac
620 2833 785 2859 consonare,
813 2833 883 2861 quas
901 2833 917 2853 a

127 2872 256 2906 pueritia,
268 2877 297 2900 et
312 2877 343 2900 ut
357 2872 477 2905 dicitur,
501 2879 516 2899 a
534 2871 640 2899 teneris
655 2871 814 2907 unguiculis
835 2870 912 2906 sequi

429 2954 438 2968 '
453 2953 474 2980 ll
488 2951 551 2980 Cor.
569 2960 616 2986 xu,
633 2953 675 2980 li.
715 2953 724 2969 ³
739 2953 761 2980 ll
777 2952 840 2980 Cor.
854 2961 910 2985 xm,
925 2952 952 2979 ὅ.

838 3002 851 3017 r

162 2952 170 2967 ⁸
184 2951 276 2980 Amos.
290 2961 328 2982 vt.
348 2953 389 2980 ll.

977 1726 1087 1753 illorum
1120 1730 1228 1753 tantum
1247 1726 1293 1761 qui
1317 1733 1332 1753 a
1360 1726 1466 1761 Spiritu
1490 1731 1588 1754 sancto
1614 1727 1769 1756 illuminati

975 1775 1042 1799 sunt
1054 1779 1061 1804 ;
1079 1771 1200 1806 primum
1212 1771 1325 1806 quidem
1341 1772 1471 1807 apostoli,
1484 1772 1598 1800 secundi
1611 1773 1766 1808 prophetw,

976 1816 1052 1844 tertii
1070 1817 1210 1844 doctores.
1237 1817 1403 1853 Quicunque
1429 1818 1515 1854 igitur
1531 1819 1710 1854 incorrupte,
1736 1824 1767 1847 ut

974 1862 1107 1895 diximus,
1120 1863 1231 1898 legerit,
1247 1870 1303 1890 non
1315 1867 1509 1899 estarrogans,
1522 1865 1544 1892 si
1556 1864 1657 1898 dicam,
1671 1873 1765 1900 reper-

974 1913 1068 1936 turum
1081 1908 1200 1935 lucidam
1215 1908 1431 1936 declarationem
1445 1909 1571 1937 veritatis
1593 1914 1621 1937 et
1638 1910 1766 1938 falsitatis

972 1954 1191 1982 confutationem
1210 1963 1216 1980 :
1236 1953 1305 1981 ﬁdes
1319 1954 1394 1982 enim
1406 1959 1468 1987 est,
1492 1962 1554 1989 qu:e
1575 1955 1719 1990 praedicat,
1737 1959 1767 1983 et

971 2008 1037 2028 vera
1052 2004 1140 2032 est,et
1155 2007 1211 2027 non
1224 2005 1266 2027 est
1281 2000 1309 2027 in
1323 2000 1365 2028 eis
1382 2000 1570 2028 mendacium.
1585 2001 1662 2028 Hanc
1671 2005 1764 2029 autem

972 2046 1035 2074 dico
1050 2053 1160 2079 veram,
1176 2053 1233 2073 non
1247 2046 1313 2081 quia
1336 2053 1351 2073 a
1372 2053 1416 2073 me
1428 2046 1535 2081 scripta
1549 2050 1592 2073 est
1610 2055 1616 2073 :
1634 2054 1692 2074 non
1713 2047 1767 2074 hoc

971 2092 1046 2123 dico.
1061 2099 1098 2119 ne
1110 2091 1174 2127 quis
1188 2091 1242 2119 hoc
1259 2095 1348 2127 putet,
1361 2099 1414 2119 nec
1436 2092 1580 2120 existimet
1605 2100 1650 2120 me
1668 2093 1702 2120 de
1722 2101 1766 2121 me

972 2137 1087 2170 sentire,
1123 2142 1305 2172 praeterquam
1328 2138 1431 2166 sentire
1453 2142 1572 2173 oportet.
1599 2138 1662 2165 Scio
1677 2138 1776 2171 enim,-

971 2191 1034 2211 cum
1051 2183 1103 2211 sim
1123 2188 1196 2211 terra
1212 2187 1240 2211 ct
1256 2183 1337 2216 cinis,
1348 2191 1439 2218 neque
1454 2191 1546 2212 sermo
1561 2184 1597 2211 sit
1612 2184 1692 2217 mihi,
1709 2192 1779 2219 quos

972 2229 1055 2265 digna
1070 2233 1114 2257 est
1130 2229 1308 2264 praedicatio;
1328 2229 1377 2257 sed
1391 2229 1457 2264 quia
1471 2229 1600 2257 doctrina
1620 2234 1663 2257 est
1683 2230 1765 2257 theo-

971 2275 1097 2310 logorum
1110 2274 1247 2307 virorum,
1263 2278 1291 2302 et
1303 2274 1415 2302 traditio
1426 2274 1552 2310 perfecta
1562 2294 1569 2307 ,
1583 2282 1644 2310 quae
1662 2275 1695 2303 ad
1713 2283 1768 2303 nos

972 2325 1103 2355 tanquam
1115 2325 1231 2356 paterna
1248 2320 1397 2348 hereditas
1414 2320 1537 2356 legitime
1550 2321 1628 2349 venit
1644 2321 1678 2349 ad
1693 2321 1782 2349 ﬂlios~

973 2366 1112 2402 legitimos
1137 2374 1152 2394 a
1172 2366 1300 2401 patribus
1319 2366 1531 2401 spiritualibus;
1550 2374 1621 2402 quos
1639 2367 1764 2400 secutus,

972 2417 1001 2441 et
1015 2413 1057 2441 eis
1068 2413 1225 2441 assentiens
1243 2413 1276 2440 ad
1294 2413 1352 2441 haec
1366 2413 1545 2441 scribendum
1562 2414 1687 2447 accessi,
1702 2414 1778 2449 jura‘

972 2462 1083 2493 patrum
1112 2465 1238 2486 meorum
1266 2458 1335 2486 mihi
1359 2457 1506 2485 vindicans
1535 2458 1605 2493 (haec
1624 2458 1699 2485 enim
1721 2462 1766 2485 est

971 2505 1016 2532 lex
1025 2504 1130 2540 optime
1140 2504 1316 2540 constituta),
1332 2508 1361 2532 et
1373 2511 1470 2532 eorum
1482 2504 1626 2532 laboribus
1634 2508 1765 2539 tanquam

971 2551 1094 2587 propriis
1105 2551 1187 2579 bonis
1205 2550 1329 2586 glorians
1345 2559 1353 2577 :
1367 2555 1397 2578 et
1412 2550 1438 2577 id
1453 2548 1567 2585 quidem
1588 2557 1644 2577 non
1663 2550 1765 2585 injuria

971 2603 1001 2626 et
1014 2597 1163 2625 immerito.
1184 2597 1272 2624 Nemo
1294 2596 1380 2632 igitur
1393 2596 1599 2624 contumeliose
1617 2595 1686 2622 vitio
1699 2603 1766 2622 ver-

972 2649 1012 2672 tat
1028 2653 1035 2672 :
1050 2643 1180 2672 Parentes
1193 2642 1268 2672 enim
1281 2643 1464 2670 thesaurizant
1479 2642 1543 2677 filiis
1558 2643 1568 2658 ¹
1577 2651 1587 2676 ;
1603 2642 1643 2670 sic
1655 2641 1740 2669 Paulo
1752 2641 1765 2656 ³

969 2691 998 2719 in
1016 2699 1072 2726 quo
1085 2690 1217 2718 Christus
1229 2689 1408 2726 loquebatur,
1418 2689 1510 2717 visum
1519 2693 1572 2716 est.
1585 2689 1619 2716 Et
1634 2688 1763 2716 Salomon
1780 2689 1784 2691 “

969 2737 1009 2764 ait
1021 2745 1028 2763 :
1043 2736 1176 2765 Gloriatio
1195 2735 1314 2770 ﬁliorum
1327 2738 1417 2770 patres
1429 2743 1521 2762 eorum
1535 2734 1556 2760 ⁸.

1005 2783 1050 2810 111.
1067 2782 1204 2816 Quoniam
1227 2782 1312 2817 igitur
1324 2785 1436 2816 oportet
1456 2789 1519 2809 eum
1539 2779 1586 2814 qui
1607 2778 1698 2805 factus
1718 2781 1764 2805 est

968 2828 1110 2862 particeps
1142 2828 1289 2859 sermonis,
1308 2827 1461 2862 praesertim
1482 2826 1517 2854 de
1544 2825 1597 2852 fide
1624 2824 1694 2859 (hsce
1717 2828 1765 2851 est

968 2871 1070 2906 reliqui
1099 2871 1210 2899 aedilicii
1240 2870 1467 2906 ﬁrmamentum),
1486 2868 1624 2904 impartiri
1656 2867 1761 2895 libora-

992 2952 1001 2966 ‘
1016 2951 1097 2979 Prov.
1113 2960 1178 2984 xui,
1191 2952 1218 2979 6.
