1980 3188
196 155 261 187 1311

757 155 786 184 S.
800 151 997 183 ANASTASII
1014 149 1248 180 ANTIOCHENI

1759 145 1835 178 1312

194 210 303 238 literiis
320 210 366 245 qul
380 209 558 245 indigentvel
575 210 658 237 etiam
675 213 784 244 petunt,
800 213 827 235 et
845 207 914 234 nihil
934 214 980 233 oc-
997 209 1017 236 Λ
1034 205 1060 232 in
1078 205 1192 231 humilia
1208 202 1391 230 humanitatis
1410 206 1521 234 nostrai,
1537 206 1565 229 et
1585 206 1699 237 propter
1716 209 1766 229 nos
1784 209 1836 229 as-

194 257 299 284 cultare
314 263 347 283 ex
369 256 403 283 iis
425 264 485 290 quae
499 255 616 287 didicit,
633 259 801 282 metuentem
823 252 980 287 exemplum

194 303 255 338 ejus
265 302 313 336 qui
327 302 459 329 talentum
473 301 596 334 defodit;
610 301 714 328 ideirco
731 307 871 334 nunquam
887 297 982 326 destiti

197 349 272 384 loqui
287 354 313 376 et
325 348 448 375 scribere
464 356 525 375 cum
545 352 654 382 tempus
664 351 735 378 erat,
752 354 813 373 cum
827 344 930 379 alioqui
949 344 983 371 ad

198 395 270 421 nihil
298 394 374 421 aliud
401 393 512 428 penitus
537 393 655 420 idoneus
685 400 793 421 essem.
816 391 918 426 quippe
937 390 984 425 qui

198 448 297 474 expers
313 448 402 467 essem
419 439 588 474 disciplinze,
606 443 633 465 et
653 438 758 465 nullum
774 438 934 472 magistrum
952 444 985 463 ex

199 485 322 512 externis
335 483 506 519 sapientibus
515 483 581 509 mihi
596 482 745 517 professus.
763 482 820 508 lloc
833 486 923 507 autem
938 488 987 506 au-

200 530 253 557 deo
263 530 366 561 dicere,
386 537 428 556 me
444 537 459 556 a
476 529 590 555 veritate
601 535 742 562 nunquam
754 527 909 557 aberrasse,
921 527 988 552 licet

183 578 185 580 ‘
202 574 234 601 ad
248 581 307 600 eam
328 572 568 599 demonstrandam
579 579 669 598 sermo
686 571 811 597 infirmus
824 569 924 601 fuerit;
939 578 988 596 nec

203 619 231 646 in
251 618 426 653 dogmatibus
453 618 536 644 verba
561 617 609 644 Dei
626 617 715 643 libens
733 615 880 646 recusavi,
899 622 989 649 neque

204 667 279 689 retro
294 661 494 688 confessionem
510 661 624 695 reliqui;
641 660 688 687 sed
701 660 792 694 politis
807 664 943 693 quantum
962 658 989 684 in

204 716 247 735 me
267 708 330 739 fuit,
345 708 458 734 semitas
476 707 587 734 Patrum
602 714 725 733 meorum
741 710 903 740 persecutus
917 712 989 735 sum,

204 755 251 789 qui
270 754 392 785 aiebant,
407 761 505 787 meque
519 753 654 780 docebant
669 761 676 778 ;
693 762 700 777 ι
718 752 826 778 Nitatur
838 758 929 777 sermo
941 758 992 777 no-

205 803 262 826 ster
281 800 308 825 in
321 803 412 825 mente
430 803 491 829 tua;
508 806 584 825 serra
600 797 726 824 mandata
741 804 799 822 mea
813 816 819 827 ,
835 803 869 822 ne
890 796 992 822 oblivi-

206 845 302 877 scaris,
322 853 374 871 nec
397 844 520 879 negligas
542 844 598 870 oris
612 843 699 870 nostri
729 843 824 869 verba.
843 852 852 867 ›
869 843 991 877 Vestigia

1034 255 1161 285 sumptre.
1176 250 1211 277 Ut
1230 253 1321 276 autem
1339 248 1367 275 in
1384 248 1428 275 his
1445 248 1655 283 progrediamur
1669 268 1676 279 ,
1690 248 1838 282 supplice-

1035 306 1096 325 mus
1110 298 1188 332 prius
1202 297 1258 323 Deo
1270 316 1277 326 ,
1296 295 1336 322 sic
1357 302 1420 321 eutn
1445 298 1588 328 precantes
1605 302 1611 320 :
1626 293 1721 320 Revela
1739 293 1837 320 oculos

1036 352 1105 372 meos
1120 363 1127 376 ,
1144 348 1167 370 ct
1182 341 1354 369 considerabo
1371 340 1505 367 mirabilia
1523 340 1555 366 de
1572 340 1627 375 lege
1642 344 1688 366 tua
1699 340 1725 372 6;
1745 340 1836 367 intel—

1036 391 1153 423 ligentcs
1168 389 1278 415 nomine
1292 387 1356 421 legis
1382 394 1491 413 omnem
1507 390 1630 412 sanctam
1650 390 1679 413 et
1694 385 1837 412 divinitus

1038 437 1155 462 alllalam
1171 435 1353 468 Scripturam,
1368 441 1400 459 ex
1416 439 1469 466 qua
1491 436 1622 466 tanquam
1642 440 1676 458 ex
1698 432 1837 458 thesauro

1038 480 1158 510 Domini,
1171 478 1330 514 promentes
1340 485 1410 504 nova
1424 482 1451 504 et
1461 482 1565 506 vetera.
1579 476 1753 504 studebimus
1764 484 1838 502 eon-

1040 526 1128 553 servis
1146 524 1334 551 distribuere:
1360 523 1418 549 lucc
1440 527 1531 549 autem
1554 521 1714 548 distributio
1734 521 1838 547 divina

1040 564 1127 605 gratia
1140 573 1167 597 et
1181 569 1327 603 sapientia,
1339 576 1371 595 ac
1385 567 1533 602 prudentia
1546 567 1658 601 indiget.
1670 566 1733 598 Quis
1742 566 1835 596 enim.

1042 617 1141 650 inquit,
1158 616 1307 649 estsapiens
1319 614 1486 648 dispensator
1497 617 1520 639 ct
1532 613 1660 647 prudens,
1677 620 1755 646 quem
1768 621 1839 638 wn-

1041 663 1125 688 sliluit
1141 661 1261 687 dominus
1274 668 1353 694 super
1369 659 1587 693 fmitiliamsunm
1601 663 1630 684 ut
1645 659 1687 684 det
1705 659 1788 684 ribum
1806 657 1839 683 ἱη

1044 712 1160 742 tempore
1177 708 1186 721 "
1197 707 1209 733 ."
1221 706 1316 733 Divina
1331 701 1413 741 igitur
1428 704 1633 732 illuntinatione
1650 711 1720 738 opus
1733 709 1776 730 est
1792 704 1834 730 Ιίι

1044 753 1139 787 quenti
1150 752 1182 779 de
1195 752 1268 778 Deo:
1284 752 1388 785 absque
1407 750 1481 777 euint
1495 758 1527 777 ea
1541 749 1646 784 aliquid
1660 749 1694 776 de
1706 757 1739 776 eo
1755 749 1839 783 loqui

1044 798 1122 825 valde
1137 798 1324 832 periculosum
1339 803 1391 823 est.

1082 844 1114 870 V.
1131 844 1249 877 Purgato
1267 843 1349 877 igitur
1373 841 1447 868 omni
1465 849 1567 872 sensu,
1585 841 1628 867 vel
1649 840 1743 875 potius
1755 839 1839 866 onmi

207 888 306 923 pedum
325 896 420 915 eorum
437 889 463 915 in
479 888 581 914 divinis
598 887 773 921 dogmatibus
792 891 905 914 secutus
921 895 992 919 sum,
1010 887 1030 914 Β
1046 896 1127 916 sensu
1142 888 1249 920 relicto,
1264 893 1291 914 et
1307 895 1388 921 supra
1405 891 1505 914 terram
1523 887 1550 913 in
1567 886 1653 913 altum
1669 886 1784 918 sublati,
1801 893 1841 912 ac

206 941 258 960 nec
275 933 309 960 ad
322 934 445 961 dextram
462 941 513 960 nec
530 933 562 960 ad
582 933 722 959 sinistram
741 941 862 967 unquam
880 933 990 960 deﬂexi.

206 979 403 1012 Quamobrem,
419 979 476 1005 Non
502 979 626 1006 abscondi
652 975 861 1006 miscricordiam
882 979 941 1011 Dei,
968 983 992 1006 et

206 1025 343 1051 veritatem
358 1024 414 1059 ejus
436 1033 450 1051 a
469 1033 603 1059 synagoga
625 1025 769 1052 multorum
782 1026 802 1056 ³,
822 1031 851 1052 ut
864 1026 993 1060 loquerer

208 1069 236 1096 in
251 1070 366 1097 ecclesia
378 1071 541 1105 populorum
558 1071 708 1098 multorum
721 1071 930 1106 iustificationes
941 1072 994 1098 Do-

207 1115 296 1147 mini,
311 1123 379 1150 quas
397 1124 413 1142 a
436 1116 564 1143 Patribus
595 1116 691 1143 didici.
718 1117 813 1150 Itaque
840 1117 993 1151 comperies

207 1165 301 1195 patres
325 1169 374 1195 per
389 1169 432 1188 me
453 1161 580 1189 docuisse
604 1161 667 1196 (nisi
690 1162 802 1189 audacis
817 1166 859 1189 est
879 1162 932 1189 hoc
950 1162 993 1188 di-

209 1206 284 1240 cere)
298 1207 370 1241 quod
388 1207 415 1234 in
427 1207 461 1235 iis
473 1216 534 1242 quae
546 1208 610 1234 olim
628 1215 643 1234 a
666 1216 708 1235 mc
725 1208 827 1242 scripta
842 1213 926 1240 sunt,
949 1208 993 1234 in-

210 1257 340 1287 corrupte
358 1253 445 1288 legis:
462 1262 495 1280 ex
515 1254 626 1288 copioso
639 1254 712 1281 enim
732 1254 809 1281 fonte
824 1254 950 1281 laborum
964 1255 995 1281 il-

209 1297 301 1324 lorum
330 1303 373 1326 est
395 1299 453 1326 haec
479 1300 602 1334 guttula,
627 1304 655 1326 et
678 1307 711 1327 ex
739 1300 856 1334 perenni
881 1300 994 1327 ﬂumine

210 1342 326 1376 exiguus
347 1347 475 1371 torrensz
493 1344 579 1371 instar
599 1352 717 1378 namque
742 1345 912 1379 aspersionis
932 1353 994 1372 cum

211 1395 293 1415 amne
305 1393 461 1422 comparata
476 1394 540 1416 sunt
554 1398 614 1417 mea
627 1397 689 1417 cum
702 1390 756 1417 illis
767 1391 876 1422 collata,
886 1391 995 1418 tametsi

211 1437 327 1467 cognata
346 1433 401 1460 illis
414 1437 494 1465 sunt;
509 1433 612 1468 quibus
630 1434 685 1469 jam
700 1434 784 1461 editis
809 1434 843 1461 iis
864 1435 911 1469 qui
932 1439 996 1462 tunc

212 1485 245 1505 ea
260 1478 418 1510 voluerunt,
437 1487 659 1514 supervacaneus
669 1484 726 1507 erat
741 1480 786 1508 hic
796 1488 875 1508 meus
889 1481 915 1508 in
928 1490 996 1516 prae-

214 1523 285 1550 senti
301 1523 387 1556 labor,
405 1525 428 1551 si
443 1525 488 1551 illa
500 1524 637 1551 adessent.
655 1525 769 1552 Possent
787 1526 859 1553 enim
875 1526 931 1560 ipsa
947 1534 996 1561 pro

1047 943 1145 962 l‘Ul‘SUS
1158 942 1250 962 acrem
1264 935 1354 969 ipsum
1367 941 1478 961 sursum
1493 937 1716 964 transeuntes,et
1729 933 1762 960 ad
1776 940 1838 959 cce—

1046 982 1102 1008 lum
1120 981 1230 1013 clevati,
1245 985 1272 1007 ct
1284 981 1306 1007 si
1333 979 1392 1007 ﬁeri
1417 983 1529 1014 potest,
1549 986 1631 1013 supra
1658 979 1749 1013 ipsum
1771 985 1841 1012 pro-

1048 1027 1132 1058 vecti,
1147 1031 1173 1053 et
1190 1030 1282 1053 tuente
1299 1026 1332 1052 ab
1351 1025 1425 1051 omni
1437 1024 1603 1059 cogitatione
1622 1032 1721 1051 sensus
1734 1032 1840 1058 corpo—

1047 1073 1087 1100 rei
1104 1072 1201 1104 libera,
1212 1072 1284 1098 nuda
1295 1070 1475 1106 intelligentia
1489 1070 1659 1104 incorporeis
1673 1077 1724 1096 nos
1738 1069 1841 1103 adjun-

1047 1125 1154 1152 gamus,
1171 1125 1185 1143 a
1203 1116 1306 1151 quibus
1324 1115 1402 1150 quasi
1419 1123 1500 1141 manu
1512 1115 1588 1141 ducti
1601 1120 1628 1140 et
1643 1114 1733 1141 edocti
1751 1117 1836 1140 natu-

1049 1171 1106 1190 ram
1131 1170 1191 1196 quae
1215 1166 1319 1188 naturae
1344 1161 1496 1193 antecellit,
1523 1165 1550 1187 et
1571 1159 1753 1187 substantiam
1773 1167 1838 1194 quae

1048 1206 1221 1238 substantim,
1249 1206 1481 1240 contemplemur,
1505 1205 1643 1240 cognitam
1665 1205 1776 1239 quidem
1800 1212 1837 1231 ex

1049 1253 1240 1284 afﬁrmatione,
1259 1260 1313 1279 non
1329 1252 1396 1286 quid
1412 1256 1464 1282 est,
1483 1252 1530 1278 sed
1544 1252 1616 1286 quod
1630 1256 1687 1283 est;
1702 1259 1735 1278 ex
1752 1259 1838 1286 nega-

1051 1299 1124 1326 tione
1141 1306 1206 1325 vero
1223 1298 1323 1325 dictam
1341 1298 1407 1332 quid
1421 1305 1477 1324 non
1491 1301 1543 1324 est.
1560 1298 1619 1324 Non
1633 1298 1705 1324 enim
1719 1305 1782 1324 vera
1792 1301 1837 1324 est

1049 1343 1229 1378 positio.qu:e
1237 1343 1270 1370 de
1282 1343 1436 1369 substantia
1445 1351 1505 1376 qua:
1517 1342 1624 1369 ratione
1639 1341 1836 1377 comprehendi

1050 1397 1105 1417 non
1122 1393 1224 1424 potest,
1244 1388 1427 1423 praedicatur;
1442 1388 1546 1415 ablatio
1560 1393 1650 1415 autem
1668 1389 1754 1423 magis
1769 1396 1836 1414 vera

1050 1441 1093 1463 est
1104 1456 1111 1468 ,
1127 1429 1188 1469 qua:
1206 1438 1287 1469 negat
1304 1443 1311 1460 :
1327 1434 1349 1461 si
1366 1434 1476 1468 quando
1498 1428 1564 1461 vero
1580 1442 1644 1461 vera
1660 1434 1713 1460 erit
1734 1434 1837 1469 positio

1050 1489 1111 1516 qua:
1126 1480 1184 1515 ipsa
1200 1480 1315 1511 dicitur,
1333 1487 1388 1506 non
1403 1479 1556 1506 declarabit
1575 1479 1753 1506 audientibus
1768 1478 1836 1513 quid

1051 1531 1103 1558 est,
1119 1534 1172 1554 nec
1188 1526 1294 1560 aperiet.
1307 1532 1435 1553 naturam
1456 1526 1592 1560 ignotam;
1610 1526 1656 1552 sed
1676 1525 1836 1560 patefaciet,

215 1575 244 1595 se
257 1568 436 1602 respondere,
447 1574 475 1596 ct
488 1569 621 1596 studiosis
634 1569 739 1602 nostri,
756 1575 783 1597 et
799 1559 905 1598 sciendi
919 1559 996 1606 cupi-
1012 1559 1033 1586 ε
1049 1573 1188 1608 quomodo
1201 1559 1229 1599 se
1240 1572 1339 1599 habeat
1350 1573 1383 1599 ad
1399 1580 1431 1599 ca
1447 1559 1508 1606 qua:
1520 1579 1553 1598 ex
1568 1572 1626 1606 ipsa
1642 1559 1782 1605 pendent:
1797 1570 1839 1597 id-

214 1611 258 1649 dis
270 1611 393 1639 debitum
408 1613 514 1640 solvere
532 1621 538 1639 :
553 1613 618 1647 quia
633 1620 699 1640 vero
714 1621 790 1641 nunc
812 1614 858 1641 illa
881 1623 936 1641 non
952 1623 999 1642 su-

214 1663 329 1692 persunt
356 1663 470 1693 propter
497 1659 619 1686 divinam
650 1660 837 1688 visitationem
865 1669 918 1695 qua
948 1669 999 1689 nos

215 1708 340 1730 amanter
353 1708 380 1730 et
394 1704 512 1739 benigne
532 1705 654 1737 instruit,
671 1710 698 1732 et
709 1705 741 1732 ad
755 1710 941 1741 contemptum
959 1715 1001 1734 re-

215 1756 278 1776 rum
290 1754 462 1777 terrenarum
479 1759 539 1785 qua:
553 1751 632 1778 fluxa:
650 1756 678 1778 et
693 1752 802 1779 caducae
820 1758 895 1785 sunt,
920 1762 999 1781 exer-

218 1799 272 1826 cet.
285 1799 314 1822 ut
329 1795 375 1822 illa
385 1796 466 1831 digna
477 1805 536 1824 esse
549 1797 721 1831 possessione
730 1798 928 1832 existimemus,
942 1808 1002 1834 qum

218 1841 300 1876 dirigi
312 1850 367 1868 non
377 1847 501 1877 possunt.
518 1843 558 1870 Tu
581 1851 646 1871 vero
670 1844 820 1871 amicormn
837 1846 956 1879 optimc,
975 1850 1003 1873 et

218 1886 340 1914 virorum
357 1887 568 1916 honoratissime
582 1909 589 1922 ,
615 1889 773 1924 frequenter
789 1898 804 1917 a
823 1899 866 1918 me
886 1892 956 1926 petis
975 1896 1003 1919 et

219 1939 310 1966 rogas,
326 1938 352 1960 et
364 1934 489 1969 plerique
504 1935 552 1961 alii
568 1939 659 1962 tecum
673 1956 680 1968 ,
698 1941 728 1963 ut
740 1937 839 1964 scribis
851 1959 858 1971 ,
877 1941 907 1964 ut
921 1946 1003 1973 quam

219 1976 275 2003 vim
295 1977 340 2004 illa
358 1977 502 2011 haberent,
520 1979 569 2006 tibi
583 1987 729 2015 exponam.

255 2023 299 2050 IV.
318 2023 501 2056 Quamobrem
518 2032 647 2061 oportere
660 2028 815 2055 existimavi
826 2049 832 2058 ,
848 2033 878 2055 ut
893 2033 1003 2056 senten-

220 2069 285 2096 tiam
298 2069 409 2097 illOrum
426 2071 453 2098 in
471 2079 557 2106 pauca
572 2073 755 2105 contrahens,
773 2074 883 2101 brevem
904 2076 1003 2110 repeti-

221 2115 324 2142 tionem
337 2117 496 2144 summatim
518 2118 654 2150 facerem,
668 2119 754 2146 multa
770 2120 864 2154 paucis
882 2121 1004 2156 comple-

220 2165 315 2194 cteris;
335 2167 362 2188 et
378 2162 501 2190 fortassis
524 2165 729 2192 accommodate
750 2166 782 2192 ad
801 2170 907 2200 tempus
931 2167 1003 2201 quod

1050 1627 1103 1654 que
1120 1619 1198 1646 valde
1214 1619 1336 1645 tenuiter
1358 1622 1385 1644 et
1407 1618 1532 1650 minute;
1550 1618 1612 1644 utsi
1626 1618 1688 1651 quis
1704 1617 1791 1644 solem
1809 1616 1837 1643 in

1051 1673 1122 1700 aqua
1136 1670 1164 1692 et
1179 1665 1206 1691 in
1227 1664 1340 1698 speculo
1353 1663 1485 1690 ostendit.
1510 1663 1657 1696 Quomodo
1670 1663 1755 1697 igitur
1778 1662 1839 1689 fleri

1051 1715 1152 1745 potest.
1166 1715 1196 1737 ut
1211 1717 1339 1737 sermone
1350 1709 1491 1740 laudetur,
1503 1709 1552 1743 qui
1568 1709 1702 1736 rationem
1714 1713 1743 1736 et
1755 1708 1839 1735 intel—

1052 1756 1194 1791 ligentiam
1208 1755 1339 1790 superat?
1352 1760 1400 1782 aut
1410 1754 1476 1789 quid
1491 1755 1545 1782 dici
1567 1759 1668 1790 potest,
1686 1759 1715 1781 ut
1733 1761 1747 1781 a
1767 1762 1839 1788 quo-

1052 1802 1124 1837 piam
1137 1810 1187 1836 pro
1202 1802 1336 1837 dignitate
1346 1801 1554 1828 demonstretur
1564 1801 1689 1831 notione,
1698 1801 1744 1834 qui
1754 1808 1839 1834 supra

1053 1849 1192 1877 notionem
1222 1848 1285 1875 est?
1314 1848 1363 1874 Hic
1390 1851 1432 1874 est
1456 1848 1579 1874 omnium
1613 1847 1838 1877 firmamentum,

1054 1894 1178 1922 omnium
1191 1894 1288 1926 robur,
1304 1893 1428 1920 omnium
1444 1893 1611 1927 principium
1625 1912 1632 1923 .
1649 1892 1722 1919 unde
1746 1892 1838 1919 omnia

1054 1944 1178 1971 manant,
1190 1944 1281 1974 etquo
1290 1939 1383 1965 omnia
1396 1943 1532 1972 spectant,
1546 1937 1713 1973 principium
1727 1941 1755 1964 et
1765 1937 1836 1967 linis.

1054 1985 1174 2020 etAlpha
1185 1985 1297 2020 (inquit)
1306 1988 1330 2011 et
1341 1984 1450 2018 Omega,
1462 1984 1534 2010 sicut
1542 1983 1613 2010 dixit
1623 1983 1784 2018 theologans
1792 1983 1839 2017 qui

1055 2032 1213 2066 theologum
1226 2030 1360 2062 docuit“;
1378 2030 1426 2064 qui
1446 2029 1522 2061 facit,
1540 2033 1572 2056 ut
1583 2036 1644 2064 quae
1661 2033 1737 2058 sunt.
1753 2029 1838 2060 sint’;

1054 2082 1081 2104 et
1095 2085 1156 2112 qua:
1168 2076 1290 2103 nondum
1306 2079 1390 2106 sunt.
1414 2080 1445 2103 ut
1468 2076 1578 2110 capiant
1591 2079 1684 2102 ortum
1698 2095 1706 2107 ,
1731 2075 1776 2109 qui
1798 2079 1840 2101 est

1054 2125 1123 2151 ordo
1139 2131 1235 2151 eorum
1248 2131 1310 2158 quze
1325 2131 1359 2150 ex
1373 2123 1461 2150 nihilo
1476 2123 1546 2150 facta
1561 2127 1636 2154 sunt,
1648 2126 1678 2150 et
1688 2122 1797 2149 duratio
1808 2129 1839 2148 ac

1057 2170 1241 2198 conservatio.
1254 2174 1353 2196 natura
1370 2169 1488 2197 creatrix
1499 2189 1507 2200 ,
1529 2169 1620 2195 virtus
1642 2168 1763 2196 efficiens
1774 2188 1781 2200 ,
1799 2168 1840 2194 in-

220 2207 300 2234 nobis
313 2209 443 2256 suppetit,
460 2215 488 2236 et
504 2209 539 2256 ad
563 2210 684 2245 inopiam
700 2210 835 2238 librorum
851 2219 905 2246 qua
926 2212 1004 2239 labo-
1022 2229 1044 2256 D
1058 2221 1139 2243 tuens
1154 2219 1182 2242 et
1196 2215 1356 2250 providens,
1368 2215 1424 2241 vita
1435 2214 1541 2246 vivens,
1556 2218 1584 2241 et
1594 2213 1703 2240 vivifica
1713 2213 1839 2240 substan-

221 2260 326 2280 ramus.
343 2253 376 2280 Et
391 2255 456 2288 quia
478 2255 535 2282 seio
552 2257 698 2291 plerosque
713 2257 920 2284 multitudinem
935 2258 1005 2285 scri-

221 2305 333 2334 ptorum
342 2300 468 2328 fastidire
482 2302 568 2328 veluti
579 2308 754 2335 nauseantes,
762 2303 833 2331 sicut
841 2303 888 2338 qui
898 2308 1005 2331 vastum

221 2351 297 2372 mare
317 2347 493 2381 navigarunt,
508 2352 536 2375 et
547 2348 579 2375 ad
593 2348 681 2375 solum
694 2354 834 2382 aspectum
851 2351 941 2385 magni
958 2359 1007 2378 vo-

221 2389 335 2418 luminis
348 2391 538 2426 desperantes;
553 2398 666 2428 propter
683 2395 734 2422 bos
752 2396 852 2423 melius
861 2404 920 2424 esse
931 2397 1007 2424 arbi-

223 2441 312 2464 tratus
325 2445 395 2470 sum,
410 2438 533 2466 breviter
545 2439 668 2468 scribere
677 2461 684 2472 ,
700 2445 728 2468 et
738 2441 891 2469 satietatem
903 2442 1006 2470 oratio-

222 2482 267 2509 nis
282 2483 376 2518 lugere
387 2503 394 2515 ,
409 2489 436 2511 et
449 2492 497 2518 per
516 2489 542 2512 te
562 2485 694 2514 omnibus
709 2495 863 2522 proponere
881 2488 1006 2516 limatum

221 2528 378 2563 dogmatum
391 2531 600 2565 expositionem.
611 2541 672 2567 qua:
685 2533 750 2560 satis
761 2535 796 2561 sit
807 2534 841 2562 ad
850 2534 1006 2562 docendum

221 2582 270 2601 eos
284 2575 331 2608 qui
347 2583 380 2617 ea
396 2579 520 2611 utantur,
536 2585 596 2612 qum
610 2579 713 2606 sentire
729 2579 762 2606 de
778 2580 811 2608 iis
822 2587 886 2614 quae
905 2580 1004 2607 dicun-

224 2624 279 2651 llll‘,
292 2625 320 2647 οι
335 2629 397 2655 qua:
411 2629 508 2650 cavere
521 2628 648 2659 oporteat
660 2633 667 2651 Ζ
684 2625 815 2659 procedet
829 2630 921 2652 autent
943 2633 1006 2652 ora-

223 2665 262 2693 tio
276 2667 346 2694 serie
360 2672 388 2695 et
401 2668 498 2696 ordine
509 2691 517 2703 ,
532 2675 666 2704 quantum
686 2671 817 2706 consequi
840 2675 947 2706 potero,
972 2671 1006 2698 ab

222 2714 369 2742 altioribus
376 2722 405 2743 et
418 2724 479 2751 quae
492 2724 575 2752 supra
586 2725 636 2744 nos
643 2722 708 2745 sunt
717 2725 825 2750 exorsa,
837 2722 865 2745 ct
878 2718 1008 2746 desinens

258 2775 268 2791 ‘
292 2775 365 2804 Psal.
386 2783 474 2809 xxxtx,
502 2777 545 2804 ll.

584 2778 593 2793 ⁸
605 2777 675 2804 Psal.
695 2777 837 2809 cxvm,18.
872 2778 882 2792 ⁷
893 2777 960 2805 Luc.
978 2786 1023 2810 xn,
1034 2778 1077 2805 Η.

1059 2260 1104 2286 tia.
1121 2259 1183 2288 Sola
1199 2264 1298 2286 natura
1315 2259 1477 2294 μεθεκτικὴ,
1499 2258 1526 2285 id
1541 2264 1583 2286 est
1595 2279 1603 2290 ,
1619 2258 1838 2289 communicatis,

1057 2313 1106 2340 per
1121 2305 1215 2332 omnia
1231 2313 1326 2332 means
1341 2325 1348 2337 ,
1371 2304 1474 2331 nullius
1488 2305 1633 2338 complexu
1649 2309 1780 2332 contenta
1794 2313 1800 2330 :
1813 2309 1839 2331 et

1057 2350 1124 2385 quid
1140 2350 1212 2377 ullus
1227 2354 1318 2384 potest
1329 2350 1423 2377 dicere
1437 2349 1471 2377 de
1485 2349 1620 2376 ineflabili
1632 2350 1738 2376 infinita
1749 2349 1837 2377 dicere

1059 2395 1190 2423 molitus?
1206 2395 1285 2428 Quod
1300 2395 1374 2422 enim
1388 2394 1514 2430 expromi
1534 2402 1588 2422 non
1611 2399 1712 2430 potest,
1726 2403 1780 2422 non
1793 2403 1843 2422 cx-

1058 2441 1224 2476 plicabitur;
1240 2445 1269 2468 et
1296 2440 1370 2475 quod
1394 2445 1437 2468 est
1460 2448 1546 2475 supra
1572 2448 1683 2467 omnem
1710 2446 1835 2472 mentem,

1057 2487 1133 2514 nulla
1143 2494 1220 2513 mens
1235 2487 1463 2521 comprehendet,
1478 2486 1605 2520 quamvis
1618 2485 1654 2513 sit
1664 2486 1836 2513 subtilissima

1057 2531 1091 2559 ad
1104 2531 1316 2566 penetrandum,
1331 2536 1359 2559 et
1371 2532 1529 2559 acutissima
1540 2531 1573 2558 ad
1584 2531 1836 2566 contemplandum:

1059 2585 1140 2605 nemo
1157 2578 1241 2612 igitur
1258 2582 1336 2613 putet
1349 2585 1378 2605 se
1394 2577 1662 2612 comprehensurum
1677 2577 1750 2612 quod
1767 2586 1836 2605 com-

1059 2625 1194 2660 prehendi
1214 2633 1268 2652 non
1284 2628 1385 2660 potest,
1402 2632 1454 2652 nec
1472 2628 1649 2659 reperturum
1673 2624 1748 2659 quod
1766 2632 1837 2659 repe-

1060 2672 1109 2699 riri
1127 2680 1183 2699 non
1197 2675 1300 2706 potest.
1330 2671 1443 2698 Frustra
1466 2669 1531 2704 quia
1554 2674 1747 2705 persequetur,
1771 2670 1838 2704 quod

1061 2718 1170 2753 assequi
1185 2726 1240 2745 non
1253 2717 1367 2753 poterit.
1383 2717 1450 2744 Post
1469 2716 1591 2744 infinitas
1600 2724 1665 2752 ergo
1678 2717 1839 2752 excogitatas

1116 2778 1126 2793 ⁸
1140 2777 1224 2811 Apoc.
1235 2784 1253 2809 ι,
1269 2776 1295 2803 8.
1334 2776 1345 2792 ⁵
1359 2775 1438 2803 Rom.
1453 2783 1491 2808 iv,
1509 2774 1552 2801 l7.

875 2835 992 2864 VAle
1009 2835 1208 2863 LECTIONES.

260 2875 274 2888 ι
295 2870 362 2902 Qui"
381 2870 470 2902 Forte,
488 2871 554 2904 quia.
