1980 3188
155 211 222 244 1313

654 214 797 244 ORATIO
817 214 841 243 Ι.
854 226 890 230 -
905 213 954 242 DE
975 212 1027 243 SS.
1048 213 1268 245 TRINITATE.

1721 221 1788 253 1314

152 275 180 298 et
204 270 368 297 adinventas
384 271 528 301 rationes,
554 271 643 298 solum
659 270 820 298 videbimur
835 275 944 299 ventos.
960 271 981 298 Α
997 269 1033 296 Et
1046 273 1106 296 erat
1119 270 1145 297 in
1158 270 1239 298 Patre
1251 275 1279 298 et
1290 270 1362 306 apud
1381 271 1490 300 Patrem
1501 294 1508 305 ,
1520 281 1575 301 non
1588 274 1679 303 ferens
1690 285 1790 306 secun-

154 317 224 344 utin
239 316 392 344 Proverbio
405 317 518 349 dicitur,
531 316 559 343 in
571 317 634 344 sinu
649 317 793 352 colligere,
806 321 834 343 et
845 324 946 351 aquam

154 361 181 388 in
197 360 280 396 pallio
299 368 398 396 cogere
414 365 443 388 et
458 361 634 396 conglobare.
649 361 677 388 Si
694 361 768 388 enim
784 365 907 388 extrema
919 361 947 388 in

152 407 290 434 creaturis
296 408 378 435 nobis
386 407 552 434 mortalibus
563 407 702 442 incognita
713 411 777 434 sunt
789 407 864 442 (quis
871 407 946 434 enim

152 453 329 481 altitudinem
344 453 406 481 coeli
424 461 537 480 mensus
550 453 615 480 est?
633 457 681 480 aut
694 453 758 487 quis
777 452 945 487 profundum

152 499 236 526 maris
247 499 558 534 compreltendit?aeris
573 498 687 532 fluxum,
701 504 847 526 ventorum
859 498 947 533 impc-

153 551 207 577 tus,
225 549 305 572 terra:
318 545 495 580 gravitatem,
512 549 540 571 et
550 544 656 579 reliqua
671 544 834 571 substantiae
847 552 947 579 corpo-

154 593 228 626 reae),
243 592 265 619 si
280 592 348 623 hac,
366 591 492 626 inquam,
509 591 640 626 cognosci
661 598 716 617 non
734 596 862 625 possunt,
877 599 946 625 quo-

153 638 234 666 tnodo
256 639 342 673 ipsam
373 643 501 666 naturam
515 645 576 673 quae
597 637 689 663 omnia
710 636 825 668 creavit,
845 636 946 664 intelli-

152 684 244 719 gentia
260 683 458 718 comprehendi
475 691 556 719 posse
571 681 747 714 existimare,
766 689 820 709 non
837 689 944 709 summa

151 728 291 756 dementia
303 732 344 755 est
355 728 367 754 Τ

187 774 228 802 Vl.
247 774 400 801 Taceamns
415 773 499 808 igitur
514 781 574 805 nos,
589 778 620 801 ut
632 781 747 802 necesse
761 778 822 806 est,
841 772 944 807 quibus

151 825 243 845 sermo
256 826 311 845 non
328 818 460 853 suppetit,
481 822 508 845 et
522 822 601 845 tonet
613 826 711 846 rursus
733 825 854 852 superne
870 817 944 844 illius

153 864 279 896 tonitrui,
295 871 310 891 e
325 863 435 898 superis
450 863 524 890 unde
538 863 666 891 eruditus
685 863 747 895 fuit,
770 863 878 891 caelesti
897 871 942 890 sa-

151 911 255 945 pientia
268 910 387 944 loquens
402 918 408 935 :
424 909 471 936 det
485 909 632 936 exOrdium
648 910 794 944 proposito
808 909 941 941 sermoni,

997 314 1057 347 das,
1073 312 1132 343 sive
1148 318 1293 352 temporis,
1310 318 1369 345 sive
1384 319 1494 352 saeculi;
1513 325 1544 347 ut
1561 329 1617 348 non
1634 322 1728 357 aliquo
1746 326 1791 353 in-

998 362 1131 396 terposito
1143 383 1150 395 ,
1169 370 1184 390 a
1204 363 1342 398 principio
1360 363 1388 391 in
1408 372 1464 399 quo
1481 369 1559 397 erat,
1579 365 1738 401 separetur,
1763 375 1791 397 et

996 411 1046 438 per
1070 405 1217 432 absurdam
1241 407 1396 441 posituram
1416 407 1588 442 principium
1602 409 1693 444 capiat
1715 411 1790 440 istud

997 458 1049 477 non
1066 455 1134 478 erat.
1148 451 1227 485 Quod
1237 452 1272 479 ab
1283 453 1338 480 alio
1352 453 1532 488 anticipatur,
1544 450 1599 481 non
1613 461 1704 490 potest
1716 465 1791 484 sem-

996 497 1107 531 piterne
1125 498 1154 524 in
1183 499 1322 534 principio
1347 500 1440 534 cerni;
1470 509 1562 536 neque
1589 501 1690 537 recipit
1720 503 1789 531 illud

997 547 1064 570 erat.

1031 588 1087 615 Vll.
1107 588 1154 616 Sin
1170 595 1263 617 autem
1276 595 1336 617 erat
1351 591 1378 618 in
1397 591 1537 627 principio
1550 593 1671 620 Verbum
1682 613 1690 625 ,
1715 599 1743 621 et
1763 594 1790 622 si

995 634 1067 668 apud
1078 634 1164 661 Deum
1179 639 1222 662 est
1232 635 1366 668 Verbum,
1383 637 1490 664 scilicet
1501 638 1574 672 apud
1589 639 1698 666 Patrem
1711 648 1718 671 ;
1732 647 1788 667 non

995 687 1144 715 possumus
1161 681 1345 716 contemplari
1362 682 1468 714 Deum,
1485 683 1537 710 nisi
1553 684 1636 711 simul
1661 689 1790 712 contem-

994 726 1104 761 plemur
1118 726 1240 754 Verbum
1255 727 1329 761 apud
1342 736 1406 754 eum
1434 728 1469 755 Et
1493 728 1516 755 si
1532 730 1622 756 omnia
1638 739 1684 765 per
1701 731 1788 766 ipsum

995 772 1066 807 facta
1079 776 1152 804 sunt,
1166 777 1195 800 et
1208 773 1298 807 ipsum
1320 774 1426 808 quando
1449 782 1498 808 per
1521 782 1585 801 eum
1602 775 1704 803 factum
1720 781 1762 804 est
1778 785 1785 810 ;

994 825 1059 852 pars
1083 819 1158 845 enim
1183 819 1317 852 temporis
1341 823 1384 846 est
1405 820 1522 855 quando.
1540 821 1574 848 Et
1587 823 1685 849 saecula
1702 823 1788 858 igitur

994 869 1044 897 per
1069 870 1132 889 eum
1162 862 1232 890 facta
1248 868 1334 891 sunt:
1358 865 1498 898 quomodo
1527 858 1613 901 igit'ur
1637 867 1704 894 illud
1733 868 1786 894 ali-

994 908 1111 942 quando,
1128 908 1271 943 antiquius
1286 913 1399 936 auctore
1415 910 1580 938 szeculorum
1595 919 1657 939 esse
1672 913 1787 947 potest?

151 961 178 984 et
191 957 226 984 sit
243 956 299 983 dux
313 955 395 982 nobis
411 955 438 982 in
453 955 504 983 hac
522 955 565 983 via
579 963 642 982 cum
667 955 771 990 Spiritu
794 955 941 990 principali
959 950 978 976 Β
993 954 1101 981 Vanum
1117 954 1203 989 igitur
1215 958 1257 982 est
1268 954 1362 982 dicere
1373 975 1379 986 ,
1394 955 1544 990 aliquando
1564 964 1619 983 non
1636 965 1695 984 esse
1706 977 1713 988 ,
1736 957 1785 992 qui

151 1010 235 1037 quem
250 1001 441 1036 participavit,
459 1005 487 1028 et
499 1009 513 1027 a
528 1009 584 1035 quo
598 1000 693 1028 didicit
713 1001 740 1028 id
757 1001 790 1028 ad
808 1000 882 1035 quod
900 1000 941 1028 fe-

151 1048 298 1079 stinamus,
317 1051 344 1073 et
361 1046 435 1073 dicat
456 1055 462 1072 :
484 1045 515 1072 In
532 1047 663 1081 principio
682 1051 739 1073 erat
768 1046 878 1073 Verbum
891 1066 898 1078 ,
917 1049 941 1072 et

152 1092 263 1120 Verbum
280 1096 338 1118 erat
353 1091 424 1126 apud
439 1091 545 1125 Deam;
557 1097 581 1118 et
595 1092 664 1119 Deus
679 1096 736 1119 erat
756 1092 942 1118 VerbumJIoc

151 1142 208 1165 erat
222 1139 250 1165 in
269 1138 399 1173 principio
419 1137 490 1172 apud
501 1137 595 1164 Deum.
608 1137 702 1165 Omnia
710 1146 756 1172 per
769 1139 855 1172 ipsum
869 1138 940 1172 facta

149 1188 209 1210 sunt
217 1183 248 1210 ¹⁰.
260 1183 308 1210 llis
319 1183 394 1210 enim
407 1183 502 1217 paucis
512 1183 761 1218 propositionibus,
771 1185 840 1218 quod
849 1188 940 1211 notum

151 1235 188 1257 est
202 1228 436 1262 Dei“.dignisDeo
453 1229 630 1256 manifestum
649 1230 729 1262 fecit;
751 1235 847 1257 notum
873 1238 940 1258 vero

150 1274 224 1305 dico,
238 1274 312 1308 quod
326 1278 354 1301 et
365 1281 399 1301 ex
409 1273 494 1301 Paulo
511 1274 608 1306 didici,
621 1274 668 1309 qui
685 1282 718 1301 ex
731 1279 798 1302 noto
814 1275 873 1307 Dei,
888 1275 940 1303 ali-

150 1320 217 1354 quid
233 1320 357 1355 ignotum
369 1319 415 1346 Dei
431 1326 492 1346 esse
505 1319 682 1354 signiﬁcavit.
701 1319 786 1354 Igitur
800 1320 873 1354 quod
890 1328 940 1348 no-

131 1403 134 1404 ν
151 1371 207 1392 tum
219 1369 260 1393 est
277 1366 347 1401 ejus,
366 1369 397 1392 ut
415 1364 483 1397 dixi,
498 1364 541 1392 his
558 1365 808 1399 propositionibus,
820 1366 941 1394 Joannes

149 1412 239 1447 ampla
255 1412 382 1439 oratione
398 1411 520 1439 declarat
535 1420 541 1438 :
560 1411 722 1439 Illuminans
737 1420 780 1438 eos
800 1412 885 1447 quiin
900 1417 940 1439 te-

149 1457 236 1484 nebris
248 1459 269 1473 ”
282 1456 448 1492 ignorantia:
462 1461 538 1488 sunt,
552 1463 586 1483 eo
597 1456 702 1484 lumine
716 1456 790 1491 quod
803 1456 940 1484 illuminat

150 1511 255 1530 omnem
273 1503 405 1529 hominem
424 1502 571 1528 venientem
587 1502 615 1528 in
635 1502 704 1528 hunc
724 1502 852 1529 mundum
864 1502 898 1535 ”,
911 1507 939 1530 et

149 1550 318 1577 necessitate
339 1556 371 1575 ac
387 1549 414 1575 vi
438 1548 575 1575 orationis
599 1548 751 1576 obstruens
779 1556 861 1577 omne
886 1557 938 1581 os,

149 1596 222 1631 quod
239 1599 336 1623 contra
352 1595 439 1622 Deum
462 1594 586 1629 loquitur
606 1595 769 1630 iniustitiam
792 1598 821 1622 et
837 1595 939 1630 sempi-

993 1006 1054 1033 est;
1069 1005 1129 1027 erat
1141 1001 1215 1028 enim
1230 1008 1340 1035 semper
1351 1001 1398 1035 qui
1412 1006 1454 1028 est
1465 1000 1579 1036 ;qniest
1591 1007 1654 1029 ante
1666 1003 1783 1036 saacula;

992 1046 1041 1080 qui
1059 1046 1117 1072 sine
1133 1046 1236 1078 medio,
1253 1054 1286 1073 ex
1301 1046 1380 1073 Patre
1393 1054 1444 1081 per
1451 1047 1657 1082 generationem
1669 1056 1784 1082 proces-

992 1091 1038 1118 sit.
1053 1090 1127 1117 Nihil
1141 1090 1215 1118 enim
1228 1091 1427 1118 intermedium
1439 1091 1540 1118 divina:
1554 1096 1582 1119 et
1596 1092 1728 1120 ineffabili
1739 1100 1785 1127 ge-

992 1136 1130 1163 nerationi
1145 1137 1268 1169 exstitit;
1288 1144 1378 1178 neque
1392 1137 1504 1172 penitus
1518 1138 1669 1173 quidquam
1684 1139 1784 1166 divina:

992 1187 1098 1210 natura:
1115 1182 1214 1214 adfuit,
1235 1187 1266 1209 ut
1280 1183 1474 1217 interpositum
1491 1189 1582 1216 esset,
1596 1192 1651 1211 non
1667 1186 1782 1212 materia

992 1226 1109 1254 rationis
1134 1231 1163 1254 et
1189 1226 1296 1253 ordinis
1310 1233 1421 1261 expers,
1438 1230 1468 1254 ut
1488 1227 1634 1255 dementes
1651 1229 1739 1260 aiunt,
1754 1233 1783 1256 et.

992 1273 1098 1300 ratione
1115 1279 1231 1307 prorsus
1243 1276 1268 1299 et
1280 1272 1379 1299 ordine
1394 1277 1534 1305 carentes;
1550 1281 1605 1300 non
1620 1274 1704 1301 chaos
1718 1274 1782 1301 inti-

991 1319 1091 1351 nitum,
1110 1322 1138 1346 et
1158 1318 1361 1353 inseparabile;
1375 1326 1430 1345 non
1444 1318 1582 1351 tenebrte;
1598 1327 1651 1346 non
1666 1321 1783 1354 profun-

992 1365 1056 1392 dum
1070 1373 1076 1397 ;
1091 1372 1146 1392 non
1163 1364 1322 1396 silentium;
1344 1371 1399 1391 non
1414 1372 1587 1399 quaecunque
1608 1364 1686 1400 ﬁngit
1704 1373 1783 1393 mens

991 1418 1052 1445 qua:
1063 1414 1205 1437 auctorem
1219 1417 1300 1436 suum
1317 1410 1434 1445 ignorat,
1453 1415 1482 1437 et
1495 1410 1600 1438 iictioni
1618 1419 1675 1438 sua:
1687 1419 1784 1440 errans

991 1455 1091 1487 credit,
1104 1455 1218 1482 minimc
1231 1455 1379 1482 advertens
1395 1456 1548 1483 absurdum
1559 1476 1566 1489 ,
1582 1457 1639 1484 into
1649 1458 1781 1490 absurda,

991 1509 1052 1536 quae
1066 1509 1099 1529 ex
1116 1501 1180 1528 ﬁcta
1193 1505 1222 1528 et
1245 1502 1433 1528 commentitia
1457 1502 1588 1536 opinione
1615 1508 1781 1537 sequuntur.

990 1547 1099 1575 Etenim
1115 1547 1138 1574 si
1155 1547 1222 1582 quid
1234 1547 1377 1582 generanti
1390 1552 1418 1574 et
1431 1548 1526 1582 genito
1542 1548 1718 1583 interjectum
1732 1557 1781 1584 po-

990 1593 1081 1626 nitur,
1100 1593 1147 1628 qui
1162 1593 1214 1620 hoc
1229 1593 1321 1620 facere
1337 1593 1432 1625 audet,
1451 1593 1635 1621 substantiam
1648 1594 1781 1622 indecen-

150 1647 256 1669 ternam
270 1641 409 1675 Unigeniti
423 1640 599 1671 divinitatem
612 1644 705 1676 negat,
719 1649 753 1668 ex
769 1649 826 1676 quo
842 1641 937 1676 cogni-
951 1631 973 1660 (ἒ
989 1641 1033 1664 ter
1049 1637 1166 1680 scindit;
1188 1641 1216 1664 et
1232 1645 1292 1665 eam
1317 1645 1332 1664 a
1359 1645 1389 1665 se
1407 1638 1464 1672 ipsa
1493 1639 1614 1674 sejungit
1629 1659 1636 1670 .
1657 1641 1780 1668 sectione

149 1687 189 1715 tio
213 1687 260 1714 Dei
290 1687 379 1714 Patris
403 1686 437 1713 ad
465 1694 516 1714 nos
542 1687 673 1714 manavit.
703 1687 730 1715 Si
745 1687 820 1715 enim
835 1692 894 1715 erat
909 1687 937 1715 in

149 1733 286 1769 principio
295 1733 366 1768 apud
377 1733 463 1760 Deum
476 1733 549 1760 Deus
558 1733 679 1760 Verbum
690 1742 697 1767 ;
708 1733 839 1761 omnibus
846 1738 938 1762 mente

149 1779 274 1814 praeditis
289 1779 465 1806 manifestum
480 1783 533 1812 est,
551 1779 626 1814 quod
640 1783 700 1806 erat
714 1779 853 1814 quoddam
863 1780 939 1815 prin-

148 1825 253 1860 cipium
266 1824 293 1850 in
300 1831 355 1858 quo
363 1828 422 1851 erat
430 1824 569 1856 Verbum;
583 1824 656 1859 quod
664 1824 830 1859 principium
839 1832 937 1852 neces~

148 1869 222 1896 sario
239 1872 300 1896 erat
318 1868 392 1894 Deus
415 1867 487 1902 apud
511 1875 593 1902 quem
614 1871 675 1894 erat
700 1868 832 1895 Verbum.
860 1868 939 1896 Sicut

148 1915 234 1951 igitur
248 1922 304 1942 non
318 1918 411 1949 potest
428 1914 667 1948 comprehendere
678 1914 846 1949 principium
861 1923 939 1942 mens

149 1969 260 1988 sursum
278 1960 395 1988 tendens
408 1981 416 1993 ,
436 1967 547 1995 semper
564 1960 639 1987 enim
660 1960 784 1995 reperiet
808 1960 893 1988 altius
909 1968 938 1988 se

147 2006 335 2044 principium;
349 2006 390 2033 sic
402 2013 458 2033 non
470 2009 562 2040 potest
580 2007 709 2040 superari
733 2009 761 2032 et
780 2005 936 2032 transcendi

147 2053 216 2081 illud
232 2057 290 2080 erat
305 2061 314 2085 ;
330 2060 440 2087 semper
455 2052 530 2080 enitn
548 2052 670 2079 occurrit
682 2052 767 2079 altius
781 2056 851 2084 erat,
863 2051 937 2079 omni

147 2099 316 2135 cogitatione
332 2104 361 2126 et
374 2106 492 2126 ascensu
501 2103 529 2126 et
540 2098 568 2125 in
586 2098 735 2126 sublimius
747 2099 840 2125 volatu
854 2097 938 2125 altius

148 2145 282 2180 positum.
296 2145 374 2172 Licet
389 2145 463 2172 enim
483 2151 513 2171 se
530 2144 621 2179 ipsum
637 2144 701 2178 quis
718 2147 810 2171 mente
825 2147 853 2170 et
864 2144 939 2179 cogi-

148 2191 253 2218 tatione
277 2198 388 2225 semper
411 2190 525 2218 elevet:
551 2189 670 2217 ulterius
696 2189 878 2224 progrediens
906 2197 938 2216 ac

149 2243 326 2271 promovens,
337 2243 479 2270 nunquam
493 2235 622 2263 transibit
631 2239 698 2262 erat.
708 2234 936 2269 Antieipatlinem

149 2282 328 2318 principium,
347 2281 423 2316 quod
439 2289 495 2309 non
507 2282 614 2316 patitur
628 2281 728 2316 przeire
748 2288 935 2316 quemquam:

147 2328 172 2356 si
184 2328 260 2355 enim
274 2327 444 2362 principium
468 2334 526 2359 est,
551 2335 608 2354 non
630 2326 686 2354 erit
709 2327 757 2354 ulli
771 2326 935 2354 secundum.

148 2374 307 2402 Secundum
325 2373 398 2401 enim
415 2381 470 2400 non
484 2378 526 2400 est
544 2373 729 2408 principium;
752 2377 780 2400 et
801 2373 875 2408 quod
895 2377 938 2401 est

146 2422 175 2448 in
192 2421 333 2456 principio,
348 2427 405 2447 non
423 2424 466 2447 est
481 2423 544 2454 post
561 2420 739 2454 principium.
750 2419 820 2455 Ergo
834 2420 856 2446 si
869 2420 938 2446 Ver-

148 2467 214 2495 bum
235 2472 295 2495 erat
313 2467 340 2494 in
364 2466 503 2501 principio
515 2486 522 2497 ,
542 2466 656 2493 omnino
675 2473 788 2492 necesse
808 2469 851 2493 est
870 2473 938 2493 con-

149 2513 276 2548 templari
292 2512 374 2539 simul
392 2511 510 2540 Verbum
536 2511 609 2546 quod
627 2516 684 2538 erat
700 2512 727 2538 in
744 2511 872 2546 principio
883 2531 890 2542 ,
909 2516 937 2538 et

148 2558 316 2593 principium
331 2558 358 2583 in
375 2564 430 2591 quo
441 2561 501 2584 erat
514 2557 651 2589 Verbum;
663 2561 731 2583 etex
749 2564 804 2591 quo
816 2556 936 2584 dicimus

148 2612 211 2632 esse
228 2603 408 2638 principium,
432 2610 466 2629 ex
489 2609 523 2629 eo
548 2610 600 2629 una
627 2601 752 2629 confiteri
767 2602 887 2629 Verbum
908 2603 934 2629 in

149 2649 298 2685 principio.
319 2649 404 2684 Igitur
418 2656 474 2674 non
491 2647 575 2674 habet
590 2648 680 2674 locum
694 2667 701 2679 ,
716 2655 768 2674 non
782 2652 856 2678 erat,
872 2648 938 2682 quia

150 2703 203 2722 non
217 2699 275 2721 erat
291 2694 463 2721 contrarium
476 2698 519 2720 est
533 2693 573 2720 illi
588 2699 657 2719 erat.
673 2693 707 2720 Et
728 2693 763 2720 si‘
775 2698 834 2720 erat
848 2713 855 2724 ,
870 2701 940 2728 quo-

151 2740 233 2768 modo
249 2748 303 2767 non
317 2739 395 2766 erat?
409 2739 480 2772 Quid
496 2739 580 2774 igitur
597 2738 744 2765 dicendum
758 2739 938 2774 relinquitur,

151 2787 205 2814 nisi
228 2785 302 2821 quod
319 2793 371 2812 non
384 2788 442 2811 erat
464 2789 611 2816 non-erat;
625 2785 771 2823 non‘enim
786 2793 840 2812 non
859 2789 938 2818 erat;

151 2832 199 2859 sed
217 2839 326 2866 semper
341 2835 401 2858 erat
426 2830 582 2858 subsistens
596 2850 603 2861 ,
624 2830 658 2857 de
681 2838 735 2865 quo
749 2830 852 2859 dicitur
869 2836 938 2857 erat.

190 2928 211 2943 ‘°
229 2927 308 2954 Joan.
325 2935 343 2958 ι,
365 2926 428 2952 1-3.
469 2927 488 2942 ¹¹
516 2926 594 2953 Rom.
609 2934 628 2958 ι,
647 2926 688 2953 19.

727 2926 747 2941 ¹¹
768 2926 834 2953 an.
858 2935 876 2960 t,
906 2924 949 2952 19.

990 1688 1118 1719 tanquam
1132 1684 1224 1712 medio
1241 1684 1358 1718 pariete,
1370 1688 1398 1712 et
1414 1685 1463 1712 illo
1476 1685 1605 1720 quopiam
1615 1686 1780 1722 interposito

989 1729 1184 1763 interceptam.
1200 1728 1234 1755 Et
1255 1727 1330 1756 illius
1350 1736 1450 1756 rursus
1473 1729 1555 1764 primi
1574 1730 1678 1765 magis,
1695 1739 1780 1765 quam

989 1774 1038 1802 ﬁlii
1048 1774 1206 1809 reperietur
1217 1781 1300 1801 causa
1315 1782 1376 1802 esse
1387 1775 1479 1802 Pater.
1504 1777 1540 1802 At
1551 1776 1690 1810 quomodo
1702 1777 1779 1804 dice-

989 1826 1036 1849 tur
1046 1821 1167 1855 amplius
1182 1821 1375 1855 primogenita:
1391 1823 1477 1848 omnis
1490 1826 1621 1849 creatam
1634 1823 1666 1855 ’⁸,
1677 1823 1699 1850 si
1708 1823 1779 1851 alius

988 1868 1067 1903 prius
1079 1866 1215 1901 occupet?
1233 1867 1435 1901 primogenitus
1447 1868 1522 1894 enim
1536 1869 1642 1902 primus
1657 1873 1701 1897 est
1717 1877 1778 1896 om-

988 1913 1198 1947 nium-,etipsc
1222 1913 1430 1945 estomm’um",
1458 1913 1530 1941 sicut
1553 1914 1701 1949 Apostolus
1728 1915 1776 1947 ait,

989 1965 1120 1994 tanquam
1135 1961 1291 1985 comternus
1302 1964 1407 1986 :eterno
1422 1959 1496 1986 Patri
1507 1960 1604 1987 aeterni
1624 1960 1685 1987 Filii
1701 1969 1707 1987 :
1722 1968 1777 1988 non

987 2005 1062 2033 enim
1079 2004 1169 2031 solum
1184 2004 1257 2031 Deus
1272 2008 1325 2036 est,
1341 2004 1388 2031 sed
1405 2005 1487 2032 etiam
1503 2004 1600 2038 Pater;
1628 2011 1656 2033 et
1670 2014 1703 2034 ex
1722 2015 1777 2041 quo

988 2050 1072 2082 Deus,
1089 2057 1121 2087 ett
1137 2057 1171 2077 eo
1188 2049 1280 2076 Pater.
1292 2049 1374 2076 Pater
1392 2057 1460 2076 vero
1478 2050 1539 2076 Filii
1555 2050 1646 2082 Pater,
1661 2051 1708 2086 qui
1722 2060 1777 2079 non

988 2100 1080 2131 potest
1097 2096 1180 2123 aliter
1193 2103 1255 2123 esse
1271 2096 1369 2127 Pater,
1384 2095 1438 2122 nisi
1450 2097 1607 2123 necessario
1622 2097 1778 2124 subsisten-

990 2143 1025 2170 tis
1039 2142 1102 2169 Filii
1118 2151 1124 2168 :
1139 2142 1198 2169 sine
1223 2142 1305 2169 Patre
1331 2141 1404 2168 enim
1433 2149 1488 2168 non
1512 2147 1555 2169 est
1583 2143 1679 2170 Filius.
1707 2143 1778 2171 Ante

988 2189 1081 2216 omnia
1095 2189 1180 2224 igitur
1196 2192 1238 2216 est
1251 2188 1337 2216 Filius
1349 2209 1356 2221 ,
1378 2188 1425 2223 qui
1439 2188 1618 2216 ineﬂ‘abiliter
1641 2197 1673 2216 ex
1697 2190 1779 2218 Patre

988 2235 1036 2270 qui
1065 2243 1128 2262 eum
1158 2235 1274 2270 genuit,
1300 2234 1436 2269 processit
1455 2243 1462 2261 :
1479 2242 1530 2262 nec
1547 2235 1621 2262 enim
1638 2243 1670 2262 ex
1690 2236 1779 2262 nihilo

989 2280 1122 2316 produxit
1138 2288 1214 2312 eum,
1240 2284 1270 2307 ut
1288 2284 1433 2308 creaturas
1448 2286 1476 2307 et
1491 2288 1587 2307 earum
1603 2286 1709 2316 partes;
1731 2281 1779 2309 sed

989 2335 1024 2354 ex
1045 2334 1073 2353 se
1096 2326 1206 2353 vivente
1233 2326 1330 2352 vivens
1353 2330 1381 2353 ct
1407 2326 1564 2353 subsistens
1586 2326 1726 2358 Verbum,
1752 2331 1780 2354 et

990 2374 1088 2404 Deum,
1105 2377 1133 2399 et
1147 2372 1260 2399 Filium.
1277 2372 1367 2404 Quare
1392 2372 1440 2406 qui
1464 2372 1533 2399 dicit
1555 2380 1589 2399 ex
1616 2372 1702 2399 nihilo
1718 2380 1780 2400 esse

990 2426 1067 2450 eum,
1085 2418 1133 2452 qui
1153 2425 1186 2444 ex
1202 2425 1236 2444 eo
1251 2417 1298 2451 qui
1315 2421 1378 2449 est,
1396 2417 1538 2452 prodivit;
1555 2418 1641 2453 magis
1657 2418 1683 2445 in
1703 2419 1781 2453 geni-

990 2469 1090 2496 torem,
1108 2471 1190 2498 quam
1215 2463 1243 2489 in
1272 2463 1394 2498 genitum
1424 2463 1623 2498 blasphemiam
1647 2465 1778 2499 profert:

990 2510 1058 2545 quid
1073 2510 1147 2540 enim
1163 2510 1253 2544 magis
1271 2509 1384 2544 impium
1404 2514 1461 2539 est,
1480 2517 1562 2544 quant
1579 2518 1641 2537 eum
1656 2511 1702 2545 qui
1721 2515 1778 2542 est.

991 2556 1085 2584 dicere
1103 2563 1158 2583 non
1174 2556 1252 2582 esse?
1266 2563 1329 2582 nam
1353 2555 1374 2582 si
1397 2563 1429 2582 ex
1445 2555 1525 2583 Patre
1539 2556 1652 2590 quidem
1670 2556 1779 2591 genitus

989 2606 1043 2634 est,
1055 2602 1102 2637 qui
1118 2609 1181 2628 vere
1196 2606 1248 2633 est,
1260 2601 1342 2628 Pater
1355 2606 1408 2628 est.

1025 2647 1094 2675 Vlll.
1112 2646 1241 2673 Nonnulli
1276 2655 1341 2674 vero
1368 2647 1446 2674 aiunt
1474 2655 1534 2674 esse
1549 2655 1612 2675 eum
1632 2655 1665 2674 ex
1690 2648 1780 2676 nihilo

990 2694 1126 2728 genitum.
1142 2692 1230 2725 Quam
1257 2692 1292 2719 sit
1307 2692 1359 2720 hoc
1375 2693 1536 2725 absurdum,
1565 2694 1697 2721 erunibus
1714 2694 1780 2721 licet

991 2739 1151 2774 perspicere
1163 2746 1170 2771 ;
1184 2746 1297 2766 necesse
1312 2747 1431 2773 namque
1448 2743 1501 2771 est,
1520 2743 1549 2766 ul
1562 2739 1636 2773 quod
1653 2746 1708 2765 non
1723 2743 1777 2772 est,

990 2784 1155 2812 honoratius
1168 2783 1204 2811 sit
1224 2792 1258 2811 eo
1274 2784 1347 2819 quod
1362 2793 1394 2812 ex
1409 2785 1472 2820 ipso
1485 2784 1638 2819 processit:
1657 2789 1686 2812 et
1697 2792 1778 2820 repe-

991 2832 1079 2858 rietur
1093 2830 1167 2865 quod
1200 2830 1355 2858 substantia
1374 2835 1462 2863 caret,
1488 2832 1612 2860 nobilius
1631 2838 1692 2858 esse
1712 2831 1779 2858 sub-

1542 2925 1563 2941 "
1581 2925 1690 2953 Coloss.
1706 2932 1725 2958 t,
1736 2923 1779 2951 i7.

996 2926 1110 2954 ’διεξίω
1135 2933 1153 2959 t,
1168 2925 1194 2953 9.
1235 2926 1255 2941 "‘
1276 2925 1382 2953 Coloss.
1405 2933 1431 2959 ι,
1455 2925 1495 2952 lii.
