  <div class='ocr_page' id='page_1' title='image "/cluster/home/n/w/nwhite01/storage/ocr_20150623/89/njp.32101064224908/667.png"; bbox 0 0 1980 3188; ppageno 0'>
   <div class='ocr_carea' id='block_1_1' title="bbox 220 201 289 234">
    <p class='ocr_par' dir='ltr' id='par_1_1' title="bbox 220 201 289 234">
     <span class='ocr_line' id='line_1_1' title="bbox 220 201 289 234; baseline -0.014 0"><span class='ocrx_word' id='word_1_1' title='bbox 220 201 289 234; x_wconf 76' lang='lat'><strong>1315</strong></span> 
     </span>
    </p>
   </div>
   <div class='ocr_carea' id='block_1_2' title="bbox 789 195 1290 228">
    <p class='ocr_par' dir='ltr' id='par_1_2' title="bbox 789 195 1290 228">
     <span class='ocr_line' id='line_1_2' title="bbox 789 195 1290 228; baseline -0.006 0"><span class='ocrx_word' id='word_1_2' title='bbox 789 196 820 228; x_wconf 87' lang='lat' dir='ltr'><strong>S.</strong></span> <span class='ocrx_word' id='word_1_3' title='bbox 832 197 1032 228; x_wconf 74' lang='lat' dir='ltr'><strong>ANASTASH</strong></span> <span class='ocrx_word' id='word_1_4' title='bbox 1054 195 1290 226; x_wconf 71' lang='lat' dir='ltr'><strong>ANTIOCIIENI</strong></span> 
     </span>
    </p>
   </div>
   <div class='ocr_carea' id='block_1_3' title="bbox 1783 188 1857 221">
    <p class='ocr_par' dir='ltr' id='par_1_3' title="bbox 1783 188 1857 221">
     <span class='ocr_line' id='line_1_3' title="bbox 1783 188 1857 221; baseline -0.014 0"><span class='ocrx_word' id='word_1_5' title='bbox 1783 188 1857 221; x_wconf 82' lang='grc'><strong>1316</strong></span> 
     </span>
    </p>
   </div>
   <div class='ocr_carea' id='block_1_4' title="bbox 220 247 1859 291">
    <p class='ocr_par' dir='ltr' id='par_1_4' title="bbox 220 247 1859 291">
     <span class='ocr_line' id='line_1_4' title="bbox 220 247 1859 291; baseline -0.007 -6"><span class='ocrx_word' id='word_1_6' title='bbox 220 257 341 290; x_wconf 85' lang='lat' dir='ltr'><strong>stantia;</strong></span> <span class='ocrx_word' id='word_1_7' title='bbox 368 260 396 284; x_wconf 89' lang='lat' dir='ltr'><strong>et</strong></span> <span class='ocrx_word' id='word_1_8' title='bbox 410 255 528 291; x_wconf 89' lang='lat' dir='ltr'><strong>privatio</strong></span> <span class='ocrx_word' id='word_1_9' title='bbox 547 255 668 283; x_wconf 86' lang='lat' dir='ltr'><strong>nobilior</strong></span> <span class='ocrx_word' id='word_1_10' title='bbox 684 253 799 287; x_wconf 85' lang='lat' dir='ltr'><strong>habitu;</strong></span> <span class='ocrx_word' id='word_1_11' title='bbox 825 258 874 281; x_wconf 85' lang='lat' dir='ltr'><strong>aut</strong></span> <span class='ocrx_word' id='word_1_12' title='bbox 899 253 1010 280; x_wconf 94' lang='lat' dir='ltr'><strong>dicetur</strong></span> <span class='ocrx_word' id='word_1_13' title='bbox 1026 256 1047 283; x_wconf 81' lang='grc' dir='ltr'>Α</span> <span class='ocrx_word' id='word_1_14' title='bbox 1063 260 1172 288; x_wconf 81' lang='lat' dir='ltr'><strong>semper</strong></span> <span class='ocrx_word' id='word_1_15' title='bbox 1186 252 1347 287; x_wconf 77' lang='lat' dir='ltr'><strong>procedere.</strong></span> <span class='ocrx_word' id='word_1_16' title='bbox 1369 250 1415 278; x_wconf 91' lang='lat' dir='ltr'><strong>Sic</strong></span> <span class='ocrx_word' id='word_1_17' title='bbox 1431 248 1505 277; x_wconf 88' lang='lat' dir='ltr'><strong>enim</strong></span> <span class='ocrx_word' id='word_1_18' title='bbox 1529 248 1570 276; x_wconf 87' lang='lat' dir='ltr'><strong>ait</strong></span> <span class='ocrx_word' id='word_1_19' title='bbox 1587 248 1737 276; x_wconf 80' lang='lat' dir='ltr'><strong>Dominus:</strong></span> <span class='ocrx_word' id='word_1_20' title='bbox 1760 247 1795 274; x_wconf 88' lang='lat' dir='ltr'><strong>dc</strong></span> <span class='ocrx_word' id='word_1_21' title='bbox 1825 255 1859 275; x_wconf 87' lang='lat' dir='ltr'><strong>se</strong></span> 
     </span>
    </p>
   </div>
   <div class='ocr_carea' id='block_1_5' title="bbox 220 299 1010 337">
    <p class='ocr_par' dir='ltr' id='par_1_5' title="bbox 220 299 1010 337">
     <span class='ocr_line' id='line_1_5' title="bbox 220 299 1010 337; baseline -0.006 -6"><span class='ocrx_word' id='word_1_22' title='bbox 220 312 276 331; x_wconf 88' lang='lat' dir='ltr'><strong>non</strong></span> <span class='ocrx_word' id='word_1_23' title='bbox 288 311 351 331; x_wconf 82' lang='lat' dir='ltr'><strong>esse</strong></span> <span class='ocrx_word' id='word_1_24' title='bbox 366 303 456 334; x_wconf 86' lang='lat' dir='ltr'><strong>Pater,</strong></span> <span class='ocrx_word' id='word_1_25' title='bbox 474 303 522 337; x_wconf 92' lang='lat' dir='ltr'><strong>qui</strong></span> <span class='ocrx_word' id='word_1_26' title='bbox 539 302 635 337; x_wconf 76' lang='lat' dir='ltr'><strong>genuit</strong></span> <span class='ocrx_word' id='word_1_27' title='bbox 651 300 750 328; x_wconf 81' lang='lat' dir='ltr'><strong>Filium</strong></span> <span class='ocrx_word' id='word_1_28' title='bbox 762 305 790 327; x_wconf 90' lang='lat' dir='ltr'><strong>et</strong></span> <span class='ocrx_word' id='word_1_29' title='bbox 802 308 836 327; x_wconf 75' lang='lat' dir='ltr'><strong>ex</strong></span> <span class='ocrx_word' id='word_1_30' title='bbox 854 307 910 334; x_wconf 89' lang='lat' dir='ltr'><strong>quo</strong></span> <span class='ocrx_word' id='word_1_31' title='bbox 924 299 1010 326; x_wconf 85' lang='lat' dir='ltr'><strong>Filius</strong></span> 
     </span>
    </p>
   </div>
   <div class='ocr_carea' id='block_1_6' title="bbox 222 346 1011 385">
    <p class='ocr_par' dir='ltr' id='par_1_6' title="bbox 222 346 1011 385">
     <span class='ocr_line' id='line_1_6' title="bbox 222 346 1011 385; baseline -0.006 -8"><span class='ocrx_word' id='word_1_32' title='bbox 222 350 332 385; x_wconf 70' lang='lat' dir='ltr'><strong>genitus</strong></span> <span class='ocrx_word' id='word_1_33' title='bbox 345 353 398 380; x_wconf 83' lang='lat' dir='ltr'><strong>est,</strong></span> <span class='ocrx_word' id='word_1_34' title='bbox 413 356 495 382; x_wconf 88' lang='lat' dir='ltr'><strong>quem</strong></span> <span class='ocrx_word' id='word_1_35' title='bbox 512 347 657 379; x_wconf 85' lang='lat' dir='ltr'><strong>aiuntisti,</strong></span> <span class='ocrx_word' id='word_1_36' title='bbox 671 347 731 373; x_wconf 88' lang='lat' dir='ltr'><strong>vice</strong></span> <span class='ocrx_word' id='word_1_37' title='bbox 744 346 846 378; x_wconf 84' lang='lat' dir='ltr'><strong>Patris,</strong></span> <span class='ocrx_word' id='word_1_38' title='bbox 874 354 909 373; x_wconf 81' lang='lat' dir='ltr'><strong>ex</strong></span> <span class='ocrx_word' id='word_1_39' title='bbox 923 346 1011 372; x_wconf 93' lang='lat' dir='ltr'><strong>nihilo</strong></span> 
     </span>
    </p>
   </div>
   <div class='ocr_carea' id='block_1_7' title="bbox 221 391 1011 428">
    <p class='ocr_par' dir='ltr' id='par_1_7' title="bbox 221 391 1011 428">
     <span class='ocr_line' id='line_1_7' title="bbox 221 391 1011 428; baseline -0.005 -6"><span class='ocrx_word' id='word_1_40' title='bbox 221 402 293 422; x_wconf 86' lang='lat' dir='ltr'><strong>esse.</strong></span> <span class='ocrx_word' id='word_1_41' title='bbox 305 393 409 421; x_wconf 84' lang='lat' dir='ltr'><strong>Deinde</strong></span> <span class='ocrx_word' id='word_1_42' title='bbox 420 393 560 428; x_wconf 89' lang='lat' dir='ltr'><strong>quomodo</strong></span> <span class='ocrx_word' id='word_1_43' title='bbox 576 391 633 419; x_wconf 80' lang='lat' dir='ltr'><strong>ﬁeri</strong></span> <span class='ocrx_word' id='word_1_44' title='bbox 652 395 754 427; x_wconf 84' lang='lat' dir='ltr'><strong>potest,</strong></span> <span class='ocrx_word' id='word_1_45' title='bbox 771 395 801 418; x_wconf 90' lang='lat' dir='ltr'><strong>ut</strong></span> <span class='ocrx_word' id='word_1_46' title='bbox 812 399 847 419; x_wconf 78' lang='lat' dir='ltr'><strong>ex</strong></span> <span class='ocrx_word' id='word_1_47' title='bbox 875 399 909 419; x_wconf 90' lang='lat' dir='ltr'><strong>eo</strong></span> <span class='ocrx_word' id='word_1_48' title='bbox 937 391 1011 426; x_wconf 92' lang='lat' dir='ltr'><strong>quod</strong></span> 
     </span>
    </p>
   </div>
   <div class='ocr_carea' id='block_1_8' title="bbox 223 437 1012 472">
    <p class='ocr_par' dir='ltr' id='par_1_8' title="bbox 223 437 1012 472">
     <span class='ocr_line' id='line_1_8' title="bbox 223 437 1012 472; baseline -0.005 -4"><span class='ocrx_word' id='word_1_49' title='bbox 223 440 375 468; x_wconf 90' lang='lat' dir='ltr'><strong>substantia</strong></span> <span class='ocrx_word' id='word_1_50' title='bbox 392 444 476 469; x_wconf 83' lang='lat' dir='ltr'><strong>caret.</strong></span> <span class='ocrx_word' id='word_1_51' title='bbox 486 444 515 467; x_wconf 89' lang='lat' dir='ltr'><strong>et</strong></span> <span class='ocrx_word' id='word_1_52' title='bbox 529 447 584 465; x_wconf 93' lang='lat' dir='ltr'><strong>non</strong></span> <span class='ocrx_word' id='word_1_53' title='bbox 599 442 652 471; x_wconf 88' lang='lat' dir='ltr'><strong>est,</strong></span> <span class='ocrx_word' id='word_1_54' title='bbox 665 446 755 472; x_wconf 90' lang='lat' dir='ltr'><strong>neque</strong></span> <span class='ocrx_word' id='word_1_55' title='bbox 769 437 906 472; x_wconf 89' lang='lat' dir='ltr'><strong>principio</strong></span> <span class='ocrx_word' id='word_1_56' title='bbox 920 445 970 472; x_wconf 90' lang='lat' dir='ltr'><strong>per</strong></span> <span class='ocrx_word' id='word_1_57' title='bbox 983 445 1012 464; x_wconf 88' lang='lat' dir='ltr'><strong>se</strong></span> 
     </span>
    </p>
   </div>
   <div class='ocr_carea' id='block_1_9' title="bbox 219 483 1013 519">
    <p class='ocr_par' dir='ltr' id='par_1_9' title="bbox 219 483 1013 519">
     <span class='ocr_line' id='line_1_9' title="bbox 219 483 1013 519; baseline -0.004 -6"><span class='ocrx_word' id='word_1_58' title='bbox 219 486 339 517; x_wconf 75' lang='lat' dir='ltr'><strong>exstitit,</strong></span> <span class='ocrx_word' id='word_1_59' title='bbox 355 484 417 513; x_wconf 88' lang='lat' dir='ltr'><strong>talis</strong></span> <span class='ocrx_word' id='word_1_60' title='bbox 429 485 519 512; x_wconf 90' lang='lat' dir='ltr'><strong>virtus</strong></span> <span class='ocrx_word' id='word_1_61' title='bbox 530 484 720 511; x_wconf 83' lang='lat' dir='ltr'><strong>substantialis</strong></span> <span class='ocrx_word' id='word_1_62' title='bbox 730 483 887 519; x_wconf 84' lang='lat' dir='ltr'><strong>prodierit?</strong></span> <span class='ocrx_word' id='word_1_63' title='bbox 901 483 928 510; x_wconf 91' lang='lat' dir='ltr'><strong>Si</strong></span> <span class='ocrx_word' id='word_1_64' title='bbox 938 483 1013 511; x_wconf 91' lang='lat' dir='ltr'><strong>enim</strong></span> 
     </span>
    </p>
   </div>
   <div class='ocr_carea' id='block_1_10' title="bbox 223 530 1012 565">
    <p class='ocr_par' dir='ltr' id='par_1_10' title="bbox 223 530 1012 565">
     <span class='ocr_line' id='line_1_10' title="bbox 223 530 1012 565; baseline -0.005 -5"><span class='ocrx_word' id='word_1_65' title='bbox 223 541 279 560; x_wconf 90' lang='lat' dir='ltr'><strong>non</strong></span> <span class='ocrx_word' id='word_1_66' title='bbox 295 535 348 563; x_wconf 87' lang='lat' dir='ltr'><strong>est,</strong></span> <span class='ocrx_word' id='word_1_67' title='bbox 365 539 421 559; x_wconf 92' lang='lat' dir='ltr'><strong>non</strong></span> <span class='ocrx_word' id='word_1_68' title='bbox 439 535 482 558; x_wconf 89' lang='lat' dir='ltr'><strong>est</strong></span> <span class='ocrx_word' id='word_1_69' title='bbox 492 531 663 558; x_wconf 85' lang='lat' dir='ltr'><strong>subsistens:</strong></span> <span class='ocrx_word' id='word_1_70' title='bbox 678 530 818 565; x_wconf 92' lang='lat' dir='ltr'><strong>quomodo</strong></span> <span class='ocrx_word' id='word_1_71' title='bbox 830 538 897 565; x_wconf 80' lang='lat' dir='ltr'><strong>ergo</strong></span> <span class='ocrx_word' id='word_1_72' title='bbox 909 538 944 557; x_wconf 83' lang='lat' dir='ltr'><strong>ex</strong></span> <span class='ocrx_word' id='word_1_73' title='bbox 958 537 1012 556; x_wconf 92' lang='lat' dir='ltr'><strong>non</strong></span> 
     </span>
    </p>
   </div>
   <div class='ocr_carea' id='block_1_11' title="bbox 222 575 1013 610">
    <p class='ocr_par' dir='ltr' id='par_1_11' title="bbox 222 575 1013 610">
     <span class='ocr_line' id='line_1_11' title="bbox 222 575 1013 610; baseline -0.006 -4"><span class='ocrx_word' id='word_1_74' title='bbox 222 578 375 606; x_wconf 81' lang='lat' dir='ltr'><strong>cxsistente</strong></span> <span class='ocrx_word' id='word_1_75' title='bbox 386 577 439 604; x_wconf 87' lang='lat' dir='ltr'><strong>erit</strong></span> <span class='ocrx_word' id='word_1_76' title='bbox 449 576 585 605; x_wconf 74' lang='lat' dir='ltr'><strong>exsistens</strong></span> <span class='ocrx_word' id='word_1_77' title='bbox 595 595 605 608; x_wconf 88' lang='lat'><strong>,</strong></span> <span class='ocrx_word' id='word_1_78' title='bbox 618 580 645 603; x_wconf 90' lang='lat' dir='ltr'><strong>et</strong></span> <span class='ocrx_word' id='word_1_79' title='bbox 656 583 689 602; x_wconf 77' lang='lat' dir='ltr'><strong>ex</strong></span> <span class='ocrx_word' id='word_1_80' title='bbox 708 583 742 603; x_wconf 91' lang='lat' dir='ltr'><strong>eo</strong></span> <span class='ocrx_word' id='word_1_81' title='bbox 753 575 825 610; x_wconf 89' lang='lat' dir='ltr'><strong>quod</strong></span> <span class='ocrx_word' id='word_1_82' title='bbox 839 582 1013 609; x_wconf 80' lang='lat' dir='ltr'><strong>nequaquam</strong></span> 
     </span>
    </p>
   </div>
   <div class='ocr_carea' id='block_1_12' title="bbox 223 621 1013 658">
    <p class='ocr_par' dir='ltr' id='par_1_12' title="bbox 223 621 1013 658">
     <span class='ocr_line' id='line_1_12' title="bbox 223 621 1013 658; baseline -0.008 -6"><span class='ocrx_word' id='word_1_83' title='bbox 223 628 277 654; x_wconf 87' lang='lat' dir='ltr'><strong>est.</strong></span> <span class='ocrx_word' id='word_1_84' title='bbox 292 623 476 651; x_wconf 82' lang='lat' dir='ltr'><strong>substantiam</strong></span> <span class='ocrx_word' id='word_1_85' title='bbox 485 622 576 658; x_wconf 82' lang='lat' dir='ltr'><strong>capiet</strong></span> <span class='ocrx_word' id='word_1_86' title='bbox 589 622 661 656; x_wconf 92' lang='lat' dir='ltr'><strong>quod</strong></span> <span class='ocrx_word' id='word_1_87' title='bbox 676 622 737 649; x_wconf 88' lang='lat' dir='ltr'><strong>est?</strong></span> <span class='ocrx_word' id='word_1_88' title='bbox 749 621 817 648; x_wconf 83' lang='lat' dir='ltr'><strong>Nam</strong></span> <span class='ocrx_word' id='word_1_89' title='bbox 829 621 852 648; x_wconf 92' lang='lat' dir='ltr'><strong>si</strong></span> <span class='ocrx_word' id='word_1_90' title='bbox 864 625 916 653; x_wconf 88' lang='lat' dir='ltr'><strong>est,</strong></span> <span class='ocrx_word' id='word_1_91' title='bbox 928 627 1013 647; x_wconf 89' lang='lat' dir='ltr'><strong>unum</strong></span> 
     </span>
    </p>
   </div>
   <div class='ocr_carea' id='block_1_13' title="bbox 225 666 1014 702">
    <p class='ocr_par' dir='ltr' id='par_1_13' title="bbox 225 666 1014 702">
     <span class='ocr_line' id='line_1_13' title="bbox 225 666 1014 702; baseline -0.005 -5"><span class='ocrx_word' id='word_1_92' title='bbox 225 669 350 697; x_wconf 87' lang='lat' dir='ltr'><strong>omnium</strong></span> <span class='ocrx_word' id='word_1_93' title='bbox 359 674 415 702; x_wconf 84' lang='lat' dir='ltr'><strong>est;</strong></span> <span class='ocrx_word' id='word_1_94' title='bbox 434 673 461 696; x_wconf 90' lang='lat' dir='ltr'><strong>et</strong></span> <span class='ocrx_word' id='word_1_95' title='bbox 480 669 502 696; x_wconf 88' lang='lat' dir='ltr'><strong>si</strong></span> <span class='ocrx_word' id='word_1_96' title='bbox 525 668 650 696; x_wconf 90' lang='lat' dir='ltr'><strong>omnium</strong></span> <span class='ocrx_word' id='word_1_97' title='bbox 663 675 748 694; x_wconf 92' lang='lat' dir='ltr'><strong>unum</strong></span> <span class='ocrx_word' id='word_1_98' title='bbox 765 671 819 697; x_wconf 87' lang='lat' dir='ltr'><strong>est,</strong></span> <span class='ocrx_word' id='word_1_99' title='bbox 845 674 894 702; x_wconf 80' lang='lat' dir='ltr'><strong>per</strong></span> <span class='ocrx_word' id='word_1_100' title='bbox 913 666 1014 694; x_wconf 90' lang='lat' dir='ltr'><strong>Filium</strong></span> 
     </span>
    </p>
   </div>
   <div class='ocr_carea' id='block_1_14' title="bbox 224 713 1014 752">
    <p class='ocr_par' dir='ltr' id='par_1_14' title="bbox 224 713 1014 752">
     <span class='ocr_line' id='line_1_14' title="bbox 224 713 1014 752; baseline -0.005 -9"><span class='ocrx_word' id='word_1_101' title='bbox 224 716 350 752; x_wconf 80' lang='lat' dir='ltr'><strong>profecto</strong></span> <span class='ocrx_word' id='word_1_102' title='bbox 369 715 473 742; x_wconf 83' lang='lat' dir='ltr'><strong>factum</strong></span> <span class='ocrx_word' id='word_1_103' title='bbox 488 717 544 743; x_wconf 85' lang='lat' dir='ltr'><strong>est:</strong></span> <span class='ocrx_word' id='word_1_104' title='bbox 567 714 705 749; x_wconf 88' lang='lat' dir='ltr'><strong>siquidem</strong></span> <span class='ocrx_word' id='word_1_105' title='bbox 738 715 828 740; x_wconf 85' lang='lat' dir='ltr'><strong>omnia</strong></span> <span class='ocrx_word' id='word_1_106' title='bbox 859 721 905 746; x_wconf 88' lang='lat' dir='ltr'><strong>per</strong></span> <span class='ocrx_word' id='word_1_107' title='bbox 928 713 1014 748; x_wconf 73' lang='lat' dir='ltr'><strong>ipsum</strong></span> 
     </span>
    </p>
   </div>
   <div class='ocr_carea' id='block_1_15' title="bbox 225 758 1015 797">
    <p class='ocr_par' dir='ltr' id='par_1_15' title="bbox 225 758 1015 797">
     <span class='ocr_line' id='line_1_15' title="bbox 225 758 1015 797; baseline -0.005 -8"><span class='ocrx_word' id='word_1_108' title='bbox 225 763 297 797; x_wconf 79' lang='lat' dir='ltr'><strong>facta</strong></span> <span class='ocrx_word' id='word_1_109' title='bbox 312 766 384 789; x_wconf 76' lang='lat' dir='ltr'><strong>sunt.</strong></span> <span class='ocrx_word' id='word_1_110' title='bbox 413 761 442 789; x_wconf 91' lang='lat' dir='ltr'><strong>Si</strong></span> <span class='ocrx_word' id='word_1_111' title='bbox 459 766 552 788; x_wconf 87' lang='lat' dir='ltr'><strong>autem</strong></span> <span class='ocrx_word' id='word_1_112' title='bbox 564 760 638 795; x_wconf 87' lang='lat' dir='ltr'><strong>quod</strong></span> <span class='ocrx_word' id='word_1_113' title='bbox 648 768 704 787; x_wconf 94' lang='lat' dir='ltr'><strong>non</strong></span> <span class='ocrx_word' id='word_1_114' title='bbox 721 765 773 791; x_wconf 88' lang='lat' dir='ltr'><strong>est,</strong></span> <span class='ocrx_word' id='word_1_115' title='bbox 792 764 844 791; x_wconf 87' lang='lat' dir='ltr'><strong>est,</strong></span> <span class='ocrx_word' id='word_1_116' title='bbox 867 761 897 786; x_wconf 87' lang='lat' dir='ltr'><strong>ct</strong></span> <span class='ocrx_word' id='word_1_117' title='bbox 918 758 1015 786; x_wconf 84' lang='lat' dir='ltr'><strong>dicunt</strong></span> 
     </span>
    </p>
   </div>
   <div class='ocr_carea' id='block_1_16' title="bbox 224 805 1013 841">
    <p class='ocr_par' dir='ltr' id='par_1_16' title="bbox 224 805 1013 841">
     <span class='ocr_line' id='line_1_16' title="bbox 224 805 1013 841; baseline -0.008 -5"><span class='ocrx_word' id='word_1_118' title='bbox 224 808 326 836; x_wconf 83' lang='lat' dir='ltr'><strong>Filiqu</strong></span> <span class='ocrx_word' id='word_1_119' title='bbox 340 815 402 835; x_wconf 89' lang='lat' dir='ltr'><strong>esse</strong></span> <span class='ocrx_word' id='word_1_120' title='bbox 413 815 446 836; x_wconf 77' lang='lat' dir='ltr'><strong>ex</strong></span> <span class='ocrx_word' id='word_1_121' title='bbox 470 807 575 839; x_wconf 86' lang='lat' dir='ltr'><strong>nihilo;</strong></span> <span class='ocrx_word' id='word_1_122' title='bbox 594 806 675 841; x_wconf 84' lang='lat' dir='ltr'><strong>prius</strong></span> <span class='ocrx_word' id='word_1_123' title='bbox 689 805 779 840; x_wconf 76' lang='lat' dir='ltr'><strong>ipsum</strong></span> <span class='ocrx_word' id='word_1_124' title='bbox 799 805 874 839; x_wconf 90' lang='lat' dir='ltr'><strong>quod</strong></span> <span class='ocrx_word' id='word_1_125' title='bbox 890 812 946 831; x_wconf 91' lang='lat' dir='ltr'><strong>non</strong></span> <span class='ocrx_word' id='word_1_126' title='bbox 959 808 1013 837; x_wconf 88' lang='lat' dir='ltr'><strong>est,</strong></span> 
     </span>
    </p>
   </div>
   <div class='ocr_carea' id='block_1_17' title="bbox 224 850 1015 884">
    <p class='ocr_par' dir='ltr' id='par_1_17' title="bbox 224 850 1015 884">
     <span class='ocr_line' id='line_1_17' title="bbox 224 850 1015 884; baseline -0.005 -3"><span class='ocrx_word' id='word_1_127' title='bbox 224 854 328 881; x_wconf 80' lang='lat' dir='ltr'><strong>faciant</strong></span> <span class='ocrx_word' id='word_1_128' title='bbox 343 853 526 881; x_wconf 81' lang='lat' dir='ltr'><strong>substantiam</strong></span> <span class='ocrx_word' id='word_1_129' title='bbox 544 860 615 884; x_wconf 88' lang='lat' dir='ltr'><strong>esse,</strong></span> <span class='ocrx_word' id='word_1_130' title='bbox 636 856 664 879; x_wconf 91' lang='lat' dir='ltr'><strong>et</strong></span> <span class='ocrx_word' id='word_1_131' title='bbox 689 856 754 878; x_wconf 83' lang='lat' dir='ltr'><strong>tunc</strong></span> <span class='ocrx_word' id='word_1_132' title='bbox 781 850 941 878; x_wconf 88' lang='lat' dir='ltr'><strong>tribuantei</strong></span> <span class='ocrx_word' id='word_1_133' title='bbox 958 851 1015 878; x_wconf 87' lang='lat' dir='ltr'><strong>vim</strong></span> 
     </span>
    </p>
   </div>
   <div class='ocr_carea' id='block_1_18' title="bbox 224 898 626 934">
    <p class='ocr_par' dir='ltr' id='par_1_18' title="bbox 224 898 626 934">
     <span class='ocr_line' id='line_1_18' title="bbox 224 898 626 934; baseline -0.002 -9"><span class='ocrx_word' id='word_1_134' title='bbox 224 898 396 934; x_wconf 86' lang='lat' dir='ltr'><strong>producendi</strong></span> <span class='ocrx_word' id='word_1_135' title='bbox 414 898 478 925; x_wconf 91' lang='lat' dir='ltr'><strong>talia</strong></span> <span class='ocrx_word' id='word_1_136' title='bbox 491 898 626 932; x_wconf 76' lang='lat' dir='ltr'><strong>germina.</strong></span> 
     </span>
    </p>
   </div>
   <div class='ocr_carea' id='block_1_19' title="bbox 261 932 1053 977">
    <p class='ocr_par' dir='ltr' id='par_1_19' title="bbox 261 932 1053 977">
     <span class='ocr_line' id='line_1_19' title="bbox 261 932 1053 977; baseline -0.001 -7"><span class='ocrx_word' id='word_1_137' title='bbox 261 943 308 970; x_wconf 78' lang='lat' dir='ltr'><strong>IX.</strong></span> <span class='ocrx_word' id='word_1_138' title='bbox 333 943 403 970; x_wconf 90' lang='lat' dir='ltr'><strong>lllud</strong></span> <span class='ocrx_word' id='word_1_139' title='bbox 419 947 514 970; x_wconf 84' lang='lat' dir='ltr'><strong>autem</strong></span> <span class='ocrx_word' id='word_1_140' title='bbox 530 950 586 969; x_wconf 89' lang='lat' dir='ltr'><strong>non</strong></span> <span class='ocrx_word' id='word_1_141' title='bbox 616 947 658 970; x_wconf 87' lang='lat' dir='ltr'><strong>est</strong></span> <span class='ocrx_word' id='word_1_142' title='bbox 673 942 918 974; x_wconf 84' lang='lat' dir='ltr'><strong>dissimulandum,</strong></span> <span class='ocrx_word' id='word_1_143' title='bbox 940 941 1016 977; x_wconf 91' lang='lat' dir='ltr'><strong>quod</strong></span> <span class='ocrx_word' id='word_1_144' title='bbox 1032 932 1053 959; x_wconf 73' lang='grc' dir='ltr'><strong><em>Β</em></strong></span> 
     </span>
    </p>
   </div>
   <div class='ocr_carea' id='block_1_20' title="bbox 224 987 1016 1023">
    <p class='ocr_par' dir='ltr' id='par_1_20' title="bbox 224 987 1016 1023">
     <span class='ocr_line' id='line_1_20' title="bbox 224 987 1016 1023; baseline 0 -9"><span class='ocrx_word' id='word_1_145' title='bbox 224 988 258 1015; x_wconf 87' lang='lat' dir='ltr'><strong>ad</strong></span> <span class='ocrx_word' id='word_1_146' title='bbox 271 988 439 1023; x_wconf 83' lang='lat' dir='ltr'><strong>propositam</strong></span> <span class='ocrx_word' id='word_1_147' title='bbox 458 987 652 1015; x_wconf 84' lang='lat' dir='ltr'><strong>tractationem</strong></span> <span class='ocrx_word' id='word_1_148' title='bbox 666 987 746 1015; x_wconf 84' lang='lat' dir='ltr'><strong>valde</strong></span> <span class='ocrx_word' id='word_1_149' title='bbox 760 988 948 1015; x_wconf 88' lang='lat' dir='ltr'><strong>necessarium</strong></span> <span class='ocrx_word' id='word_1_150' title='bbox 963 992 1016 1021; x_wconf 87' lang='lat' dir='ltr'><strong>est,</strong></span> 
     </span>
    </p>
   </div>
   <div class='ocr_carea' id='block_1_21' title="bbox 225 1033 1018 1068">
    <p class='ocr_par' dir='ltr' id='par_1_21' title="bbox 225 1033 1018 1068">
     <span class='ocr_line' id='line_1_21' title="bbox 225 1033 1018 1068; baseline -0.001 -7"><span class='ocrx_word' id='word_1_151' title='bbox 225 1042 307 1061; x_wconf 89' lang='lat' dir='ltr'><strong>omne</strong></span> <span class='ocrx_word' id='word_1_152' title='bbox 336 1033 410 1068; x_wconf 87' lang='lat' dir='ltr'><strong>quod</strong></span> <span class='ocrx_word' id='word_1_153' title='bbox 437 1041 471 1060; x_wconf 79' lang='lat' dir='ltr'><strong>ex</strong></span> <span class='ocrx_word' id='word_1_154' title='bbox 493 1033 583 1060; x_wconf 90' lang='lat' dir='ltr'><strong>nihilo</strong></span> <span class='ocrx_word' id='word_1_155' title='bbox 607 1033 709 1061; x_wconf 79' lang='lat' dir='ltr'><strong>factum</strong></span> <span class='ocrx_word' id='word_1_156' title='bbox 725 1038 778 1065; x_wconf 88' lang='lat' dir='ltr'><strong>est,</strong></span> <span class='ocrx_word' id='word_1_157' title='bbox 795 1033 850 1061; x_wconf 87' lang='lat' dir='ltr'><strong>vim</strong></span> <span class='ocrx_word' id='word_1_158' title='bbox 862 1033 966 1060; x_wconf 84' lang='lat' dir='ltr'><strong>habere</strong></span> <span class='ocrx_word' id='word_1_159' title='bbox 986 1037 1018 1060; x_wconf 87' lang='lat' dir='ltr'><strong>ut</strong></span> 
     </span>
    </p>
   </div>
   <div class='ocr_carea' id='block_1_22' title="bbox 225 1079 1017 1114">
    <p class='ocr_par' dir='ltr' id='par_1_22' title="bbox 225 1079 1017 1114">
     <span class='ocr_line' id='line_1_22' title="bbox 225 1079 1017 1114; baseline -0.003 -6"><span class='ocrx_word' id='word_1_160' title='bbox 225 1080 259 1108; x_wconf 85' lang='lat' dir='ltr'><strong>ad</strong></span> <span class='ocrx_word' id='word_1_161' title='bbox 284 1080 403 1107; x_wconf 89' lang='lat' dir='ltr'><strong>nihilum</strong></span> <span class='ocrx_word' id='word_1_162' title='bbox 434 1087 533 1107; x_wconf 86' lang='lat' dir='ltr'><strong>rursus</strong></span> <span class='ocrx_word' id='word_1_163' title='bbox 548 1079 655 1112; x_wconf 85' lang='lat' dir='ltr'><strong>redeat,</strong></span> <span class='ocrx_word' id='word_1_164' title='bbox 670 1079 797 1114; x_wconf 79' lang='lat' dir='ltr'><strong>quamvis</strong></span> <span class='ocrx_word' id='word_1_165' title='bbox 819 1080 1017 1114; x_wconf 86' lang='lat' dir='ltr'><strong>proprietatem</strong></span> 
     </span>
    </p>
   </div>
   <div class='ocr_carea' id='block_1_23' title="bbox 225 1125 1018 1162">
    <p class='ocr_par' dir='ltr' id='par_1_23' title="bbox 225 1125 1018 1162">
     <span class='ocr_line' id='line_1_23' title="bbox 225 1125 1018 1162; baseline -0.001 -9"><span class='ocrx_word' id='word_1_166' title='bbox 225 1127 287 1162; x_wconf 89' lang='lat' dir='ltr'><strong>ejus</strong></span> <span class='ocrx_word' id='word_1_167' title='bbox 299 1126 456 1153; x_wconf 85' lang='lat' dir='ltr'><strong>naturalem</strong></span> <span class='ocrx_word' id='word_1_168' title='bbox 473 1126 561 1161; x_wconf 82' lang='lat' dir='ltr'><strong>major</strong></span> <span class='ocrx_word' id='word_1_169' title='bbox 577 1129 700 1160; x_wconf 86' lang='lat' dir='ltr'><strong>potestas</strong></span> <span class='ocrx_word' id='word_1_170' title='bbox 728 1126 841 1152; x_wconf 85' lang='lat' dir='ltr'><strong>vincat:</strong></span> <span class='ocrx_word' id='word_1_171' title='bbox 859 1130 886 1152; x_wconf 83' lang='lat' dir='ltr'><strong>at</strong></span> <span class='ocrx_word' id='word_1_172' title='bbox 912 1125 1018 1153; x_wconf 87' lang='lat' dir='ltr'><strong>sentire</strong></span> 
     </span>
    </p>
   </div>
   <div class='ocr_carea' id='block_1_24' title="bbox 226 1171 1018 1204">
    <p class='ocr_par' dir='ltr' id='par_1_24' title="bbox 226 1171 1018 1204">
     <span class='ocr_line' id='line_1_24' title="bbox 226 1171 1018 1204; baseline -0.001 -5"><span class='ocrx_word' id='word_1_173' title='bbox 226 1172 279 1199; x_wconf 80' lang='lat' dir='ltr'><strong>hoc</strong></span> <span class='ocrx_word' id='word_1_174' title='bbox 293 1171 327 1199; x_wconf 89' lang='lat' dir='ltr'><strong>de</strong></span> <span class='ocrx_word' id='word_1_175' title='bbox 344 1171 424 1204; x_wconf 84' lang='lat' dir='ltr'><strong>Filio,</strong></span> <span class='ocrx_word' id='word_1_176' title='bbox 456 1176 599 1199; x_wconf 83' lang='lat' dir='ltr'><strong>extremus</strong></span> <span class='ocrx_word' id='word_1_177' title='bbox 622 1172 721 1198; x_wconf 76' lang='lat' dir='ltr'><strong>anima:</strong></span> <span class='ocrx_word' id='word_1_178' title='bbox 753 1171 885 1198; x_wconf 85' lang='lat' dir='ltr'><strong>interitus</strong></span> <span class='ocrx_word' id='word_1_179' title='bbox 900 1175 953 1198; x_wconf 85' lang='lat' dir='ltr'><strong>est.</strong></span> <span class='ocrx_word' id='word_1_180' title='bbox 978 1171 1018 1198; x_wconf 81' lang='lat' dir='ltr'><strong>Ex</strong></span> 
     </span>
    </p>
   </div>
   <div class='ocr_carea' id='block_1_25' title="bbox 225 1217 1019 1253">
    <p class='ocr_par' dir='ltr' id='par_1_25' title="bbox 225 1217 1019 1253">
     <span class='ocr_line' id='line_1_25' title="bbox 225 1217 1019 1253; baseline -0.004 -7"><span class='ocrx_word' id='word_1_181' title='bbox 225 1218 307 1246; x_wconf 86' lang='lat' dir='ltr'><strong>Patre</strong></span> <span class='ocrx_word' id='word_1_182' title='bbox 322 1217 407 1253; x_wconf 73' lang='lat' dir='ltr'><strong>igitur</strong></span> <span class='ocrx_word' id='word_1_183' title='bbox 421 1222 464 1245; x_wconf 90' lang='lat' dir='ltr'><strong>est</strong></span> <span class='ocrx_word' id='word_1_184' title='bbox 481 1217 636 1244; x_wconf 87' lang='lat' dir='ltr'><strong>secundum</strong></span> <span class='ocrx_word' id='word_1_185' title='bbox 661 1221 801 1248; x_wconf 87' lang='lat' dir='ltr'><strong>naturam,</strong></span> <span class='ocrx_word' id='word_1_186' title='bbox 820 1221 848 1243; x_wconf 90' lang='lat' dir='ltr'><strong>et</strong></span> <span class='ocrx_word' id='word_1_187' title='bbox 861 1224 915 1243; x_wconf 89' lang='lat' dir='ltr'><strong>non</strong></span> <span class='ocrx_word' id='word_1_188' title='bbox 931 1224 965 1243; x_wconf 85' lang='lat' dir='ltr'><strong>cx</strong></span> <span class='ocrx_word' id='word_1_189' title='bbox 978 1217 1019 1243; x_wconf 92' lang='lat' dir='ltr'><strong>ni-</strong></span> 
     </span>
    </p>
   </div>
   <div class='ocr_carea' id='block_1_26' title="bbox 226 1262 1019 1298">
    <p class='ocr_par' dir='ltr' id='par_1_26' title="bbox 226 1262 1019 1298">
     <span class='ocr_line' id='line_1_26' title="bbox 226 1262 1019 1298; baseline -0.004 -7"><span class='ocrx_word' id='word_1_190' title='bbox 226 1264 285 1291; x_wconf 87' lang='lat' dir='ltr'><strong>hilo</strong></span> <span class='ocrx_word' id='word_1_191' title='bbox 296 1263 399 1291; x_wconf 88' lang='lat' dir='ltr'><strong>Filius:</strong></span> <span class='ocrx_word' id='word_1_192' title='bbox 416 1263 489 1298; x_wconf 90' lang='lat' dir='ltr'><strong>quod</strong></span> <span class='ocrx_word' id='word_1_193' title='bbox 500 1263 523 1290; x_wconf 90' lang='lat' dir='ltr'><strong>si</strong></span> <span class='ocrx_word' id='word_1_194' title='bbox 535 1267 579 1291; x_wconf 83' lang='lat' dir='ltr'><strong>est</strong></span> <span class='ocrx_word' id='word_1_195' title='bbox 590 1270 622 1290; x_wconf 85' lang='lat' dir='ltr'><strong>ex</strong></span> <span class='ocrx_word' id='word_1_196' title='bbox 634 1262 714 1289; x_wconf 88' lang='lat' dir='ltr'><strong>Patre</strong></span> <span class='ocrx_word' id='word_1_197' title='bbox 723 1262 876 1290; x_wconf 83' lang='lat' dir='ltr'><strong>secundum</strong></span> <span class='ocrx_word' id='word_1_198' title='bbox 890 1267 1019 1289; x_wconf 86' lang='lat' dir='ltr'><strong>naturam</strong></span> 
     </span>
    </p>
   </div>
   <div class='ocr_carea' id='block_1_27' title="bbox 226 1307 1019 1344">
    <p class='ocr_par' dir='ltr' id='par_1_27' title="bbox 226 1307 1019 1344">
     <span class='ocr_line' id='line_1_27' title="bbox 226 1307 1019 1344; baseline -0.004 -7"><span class='ocrx_word' id='word_1_199' title='bbox 226 1310 326 1342; x_wconf 89' lang='lat' dir='ltr'><strong>Filius,</strong></span> <span class='ocrx_word' id='word_1_200' title='bbox 358 1313 401 1336; x_wconf 85' lang='lat' dir='ltr'><strong>est</strong></span> <span class='ocrx_word' id='word_1_201' title='bbox 419 1309 502 1344; x_wconf 78' lang='lat' dir='ltr'><strong>igitur</strong></span> <span class='ocrx_word' id='word_1_202' title='bbox 519 1307 694 1339; x_wconf 87' lang='lat' dir='ltr'><strong>homousios,</strong></span> <span class='ocrx_word' id='word_1_203' title='bbox 711 1307 738 1334; x_wconf 90' lang='lat' dir='ltr'><strong>id</strong></span> <span class='ocrx_word' id='word_1_204' title='bbox 764 1312 817 1339; x_wconf 82' lang='lat' dir='ltr'><strong>est,</strong></span> <span class='ocrx_word' id='word_1_205' title='bbox 834 1307 1019 1334; x_wconf 89' lang='lat' dir='ltr'><strong>consubstan-</strong></span> 
     </span>
    </p>
   </div>
   <div class='ocr_carea' id='block_1_28' title="bbox 228 1353 1020 1389">
    <p class='ocr_par' dir='ltr' id='par_1_28' title="bbox 228 1353 1020 1389">
     <span class='ocr_line' id='line_1_28' title="bbox 228 1353 1020 1389; baseline -0.003 -7"><span class='ocrx_word' id='word_1_206' title='bbox 228 1355 303 1389; x_wconf 88' lang='lat' dir='ltr'><strong>tialis</strong></span> <span class='ocrx_word' id='word_1_207' title='bbox 322 1354 397 1382; x_wconf 87' lang='lat' dir='ltr'><strong>Patri</strong></span> <span class='ocrx_word' id='word_1_208' title='bbox 417 1354 465 1388; x_wconf 94' lang='lat' dir='ltr'><strong>qui</strong></span> <span class='ocrx_word' id='word_1_209' title='bbox 481 1353 593 1388; x_wconf 73' lang='lat' dir='ltr'><strong>genuit:</strong></span> <span class='ocrx_word' id='word_1_210' title='bbox 612 1361 694 1381; x_wconf 90' lang='lat' dir='ltr'><strong>omne</strong></span> <span class='ocrx_word' id='word_1_211' title='bbox 707 1353 782 1380; x_wconf 90' lang='lat' dir='ltr'><strong>enim</strong></span> <span class='ocrx_word' id='word_1_212' title='bbox 799 1353 924 1388; x_wconf 72' lang='lat' dir='ltr'><strong>genitum</strong></span> <span class='ocrx_word' id='word_1_213' title='bbox 953 1361 1020 1380; x_wconf 91' lang='lat' dir='ltr'><strong>con-</strong></span> 
     </span>
    </p>
   </div>
   <div class='ocr_carea' id='block_1_29' title="bbox 226 1400 1019 1436">
    <p class='ocr_par' dir='ltr' id='par_1_29' title="bbox 226 1400 1019 1436">
     <span class='ocr_line' id='line_1_29' title="bbox 226 1400 1019 1436; baseline -0.004 -7"><span class='ocrx_word' id='word_1_214' title='bbox 226 1401 411 1430; x_wconf 86' lang='lat' dir='ltr'><strong>substantiale</strong></span> <span class='ocrx_word' id='word_1_215' title='bbox 424 1406 467 1428; x_wconf 86' lang='lat' dir='ltr'><strong>est</strong></span> <span class='ocrx_word' id='word_1_216' title='bbox 486 1401 557 1436; x_wconf 81' lang='lat' dir='ltr'><strong>patri</strong></span> <span class='ocrx_word' id='word_1_217' title='bbox 586 1400 745 1435; x_wconf 75' lang='lat' dir='ltr'><strong>generanti;</strong></span> <span class='ocrx_word' id='word_1_218' title='bbox 769 1404 797 1427; x_wconf 89' lang='lat' dir='ltr'><strong>et</strong></span> <span class='ocrx_word' id='word_1_219' title='bbox 820 1400 895 1434; x_wconf 81' lang='lat' dir='ltr'><strong>quod</strong></span> <span class='ocrx_word' id='word_1_220' title='bbox 924 1404 1019 1434; x_wconf 90' lang='lat' dir='ltr'><strong>aptum</strong></span> 
     </span>
    </p>
   </div>
   <div class='ocr_carea' id='block_1_30' title="bbox 227 1445 1021 1482">
    <p class='ocr_par' dir='ltr' id='par_1_30' title="bbox 227 1445 1021 1482">
     <span class='ocr_line' id='line_1_30' title="bbox 227 1445 1021 1482; baseline -0.003 -7"><span class='ocrx_word' id='word_1_221' title='bbox 227 1452 323 1476; x_wconf 86' lang='lat' dir='ltr'><strong>natum</strong></span> <span class='ocrx_word' id='word_1_222' title='bbox 339 1452 382 1475; x_wconf 89' lang='lat' dir='ltr'><strong>est</strong></span> <span class='ocrx_word' id='word_1_223' title='bbox 396 1447 430 1474; x_wconf 89' lang='lat' dir='ltr'><strong>ad</strong></span> <span class='ocrx_word' id='word_1_224' title='bbox 447 1445 646 1482; x_wconf 76' lang='lat' dir='ltr'><strong>generandum,</strong></span> <span class='ocrx_word' id='word_1_225' title='bbox 664 1445 790 1480; x_wconf 86' lang='lat' dir='ltr'><strong>ejusdem</strong></span> <span class='ocrx_word' id='word_1_226' title='bbox 807 1445 1021 1473; x_wconf 63' lang='lat' dir='ltr'><strong>substantimest</strong></span> 
     </span>
    </p>
   </div>
   <div class='ocr_carea' id='block_1_31' title="bbox 227 1490 1021 1526">
    <p class='ocr_par' dir='ltr' id='par_1_31' title="bbox 227 1490 1021 1526">
     <span class='ocr_line' id='line_1_31' title="bbox 227 1490 1021 1526; baseline -0.005 -4"><span class='ocrx_word' id='word_1_227' title='bbox 227 1501 291 1522; x_wconf 89' lang='lat' dir='ltr'><strong>cum</strong></span> <span class='ocrx_word' id='word_1_228' title='bbox 305 1501 338 1521; x_wconf 91' lang='lat' dir='ltr'><strong>eo</strong></span> <span class='ocrx_word' id='word_1_229' title='bbox 362 1493 407 1520; x_wconf 87' lang='lat' dir='ltr'><strong>cui</strong></span> <span class='ocrx_word' id='word_1_230' title='bbox 431 1497 530 1520; x_wconf 89' lang='lat' dir='ltr'><strong>natura</strong></span> <span class='ocrx_word' id='word_1_231' title='bbox 552 1492 667 1519; x_wconf 90' lang='lat' dir='ltr'><strong>insitum</strong></span> <span class='ocrx_word' id='word_1_232' title='bbox 685 1496 730 1519; x_wconf 88' lang='lat' dir='ltr'><strong>est</strong></span> <span class='ocrx_word' id='word_1_233' title='bbox 745 1498 888 1526; x_wconf 73' lang='lat' dir='ltr'><strong>generare.</strong></span> <span class='ocrx_word' id='word_1_234' title='bbox 905 1490 961 1518; x_wconf 83' lang='lat' dir='ltr'><strong>Hac</strong></span> <span class='ocrx_word' id='word_1_235' title='bbox 977 1498 1021 1518; x_wconf 91' lang='lat' dir='ltr'><strong>ra-</strong></span> 
     </span>
    </p>
   </div>
   <div class='ocr_carea' id='block_1_32' title="bbox 228 1537 1020 1570">
    <p class='ocr_par' dir='ltr' id='par_1_32' title="bbox 228 1537 1020 1570">
     <span class='ocr_line' id='line_1_32' title="bbox 228 1537 1020 1570; baseline -0.006 -2"><span class='ocrx_word' id='word_1_236' title='bbox 228 1541 304 1568; x_wconf 90' lang='lat' dir='ltr'><strong>tione</strong></span> <span class='ocrx_word' id='word_1_237' title='bbox 322 1539 419 1567; x_wconf 89' lang='lat' dir='ltr'><strong>dicunt</strong></span> <span class='ocrx_word' id='word_1_238' title='bbox 450 1539 546 1566; x_wconf 81' lang='lat' dir='ltr'><strong>Patres</strong></span> <span class='ocrx_word' id='word_1_239' title='bbox 571 1537 599 1564; x_wconf 93' lang='lat' dir='ltr'><strong>in</strong></span> <span class='ocrx_word' id='word_1_240' title='bbox 613 1537 724 1565; x_wconf 81' lang='lat' dir='ltr'><strong>Nicamo</strong></span> <span class='ocrx_word' id='word_1_241' title='bbox 738 1537 867 1570; x_wconf 85' lang='lat' dir='ltr'><strong>concilio,</strong></span> <span class='ocrx_word' id='word_1_242' title='bbox 890 1537 975 1564; x_wconf 86' lang='lat' dir='ltr'><strong>Deum</strong></span> <span class='ocrx_word' id='word_1_243' title='bbox 989 1544 1020 1563; x_wconf 75' lang='lat' dir='ltr'><strong>ex</strong></span> 
     </span>
    </p>
   </div>
   <div class='ocr_carea' id='block_1_33' title="bbox 229 1583 1021 1620">
    <p class='ocr_par' dir='ltr' id='par_1_33' title="bbox 229 1583 1021 1620">
     <span class='ocr_line' id='line_1_33' title="bbox 229 1583 1021 1620; baseline -0.006 -6"><span class='ocrx_word' id='word_1_244' title='bbox 229 1587 282 1614; x_wconf 85' lang='lat' dir='ltr'><strong>Deo</strong></span> <span class='ocrx_word' id='word_1_245' title='bbox 292 1595 301 1620; x_wconf 84' lang='lat'><strong><em>;</em></strong></span> <span class='ocrx_word' id='word_1_246' title='bbox 312 1590 341 1613; x_wconf 87' lang='lat' dir='ltr'><strong>et</strong></span> <span class='ocrx_word' id='word_1_247' title='bbox 354 1592 452 1613; x_wconf 87' lang='lat' dir='ltr'><strong>rursus</strong></span> <span class='ocrx_word' id='word_1_248' title='bbox 473 1584 562 1611; x_wconf 79' lang='lat' dir='ltr'><strong>lumen</strong></span> <span class='ocrx_word' id='word_1_249' title='bbox 577 1592 608 1611; x_wconf 74' lang='lat' dir='ltr'><strong>ea;</strong></span> <span class='ocrx_word' id='word_1_250' title='bbox 619 1583 734 1611; x_wconf 82' lang='lat' dir='ltr'><strong>lumine:</strong></span> <span class='ocrx_word' id='word_1_251' title='bbox 749 1583 924 1618; x_wconf 73' lang='lat' dir='ltr'><strong>qualisenim</strong></span> <span class='ocrx_word' id='word_1_252' title='bbox 939 1583 1021 1610; x_wconf 87' lang='lat' dir='ltr'><strong>Pater</strong></span> 
     </span>
    </p>
   </div>
   <div class='ocr_carea' id='block_1_34' title="bbox 227 1623 1023 1666">
    <p class='ocr_par' dir='ltr' id='par_1_34' title="bbox 227 1623 1023 1666">
     <span class='ocr_line' id='line_1_34' title="bbox 227 1623 1023 1666; baseline -0.006 -6"><span class='ocrx_word' id='word_1_253' title='bbox 227 1637 280 1666; x_wconf 88' lang='lat' dir='ltr'><strong>est,</strong></span> <span class='ocrx_word' id='word_1_254' title='bbox 299 1633 363 1660; x_wconf 80' lang='lat' dir='ltr'><strong>talis</strong></span> <span class='ocrx_word' id='word_1_255' title='bbox 386 1631 473 1659; x_wconf 83' lang='lat' dir='ltr'><strong>Filius</strong></span> <span class='ocrx_word' id='word_1_256' title='bbox 498 1630 653 1659; x_wconf 87' lang='lat' dir='ltr'><strong>secundum</strong></span> <span class='ocrx_word' id='word_1_257' title='bbox 677 1623 873 1657; x_wconf 79' lang='lat' dir='ltr'><strong>substantiam.</strong></span> <span class='ocrx_word' id='word_1_258' title='bbox 897 1629 1023 1656; x_wconf 79' lang='lat' dir='ltr'><strong>Declarat</strong></span> 
     </span>
    </p>
   </div>
   <div class='ocr_carea' id='block_1_35' title="bbox 229 1675 1023 1714">
    <p class='ocr_par' dir='ltr' id='par_1_35' title="bbox 229 1675 1023 1714">
     <span class='ocr_line' id='line_1_35' title="bbox 229 1675 1023 1714; baseline -0.006 -8"><span class='ocrx_word' id='word_1_259' title='bbox 229 1680 282 1707; x_wconf 92' lang='lat' dir='ltr'><strong>hoc</strong></span> <span class='ocrx_word' id='word_1_260' title='bbox 291 1679 372 1714; x_wconf 88' lang='lat' dir='ltr'><strong>plane</strong></span> <span class='ocrx_word' id='word_1_261' title='bbox 386 1677 510 1713; x_wconf 79' lang='lat' dir='ltr'><strong>energia,</strong></span> <span class='ocrx_word' id='word_1_262' title='bbox 528 1677 554 1704; x_wconf 88' lang='lat' dir='ltr'><strong>id</strong></span> <span class='ocrx_word' id='word_1_263' title='bbox 572 1681 616 1704; x_wconf 82' lang='lat' dir='ltr'><strong>est</strong></span> <span class='ocrx_word' id='word_1_264' title='bbox 630 1677 774 1711; x_wconf 87' lang='lat' dir='ltr'><strong>operatio:</strong></span> <span class='ocrx_word' id='word_1_265' title='bbox 793 1675 931 1710; x_wconf 84' lang='lat' dir='ltr'><strong>siquidem</strong></span> <span class='ocrx_word' id='word_1_266' title='bbox 953 1682 1023 1709; x_wconf 75' lang='lat' dir='ltr'><strong>qno~</strong></span> 
     </span>
    </p>
   </div>
   <div class='ocr_carea' id='block_1_36' title="bbox 228 1721 1022 1759">
    <p class='ocr_par' dir='ltr' id='par_1_36' title="bbox 228 1721 1022 1759">
     <span class='ocr_line' id='line_1_36' title="bbox 228 1721 1022 1759; baseline -0.005 -7"><span class='ocrx_word' id='word_1_267' title='bbox 228 1734 290 1753; x_wconf 84' lang='lat' dir='ltr'><strong>rum</strong></span> <span class='ocrx_word' id='word_1_268' title='bbox 304 1729 348 1752; x_wconf 86' lang='lat' dir='ltr'><strong>est</strong></span> <span class='ocrx_word' id='word_1_269' title='bbox 363 1731 419 1752; x_wconf 91' lang='lat' dir='ltr'><strong>una</strong></span> <span class='ocrx_word' id='word_1_270' title='bbox 438 1724 564 1759; x_wconf 82' lang='lat' dir='ltr'><strong>encrgia,</strong></span> <span class='ocrx_word' id='word_1_271' title='bbox 581 1730 639 1750; x_wconf 78' lang='lat' dir='ltr'><strong>una</strong></span> <span class='ocrx_word' id='word_1_272' title='bbox 650 1727 693 1750; x_wconf 87' lang='lat' dir='ltr'><strong>est</strong></span> <span class='ocrx_word' id='word_1_273' title='bbox 714 1722 870 1750; x_wconf 80' lang='lat' dir='ltr'><strong>substantia</strong></span> <span class='ocrx_word' id='word_1_274' title='bbox 883 1730 890 1755; x_wconf 89' lang='lat'><strong>;</strong></span> <span class='ocrx_word' id='word_1_275' title='bbox 919 1726 948 1749; x_wconf 88' lang='lat' dir='ltr'><strong>et</strong></span> <span class='ocrx_word' id='word_1_276' title='bbox 963 1721 1022 1749; x_wconf 84' lang='lat' dir='ltr'><strong>vice</strong></span> 
     </span>
    </p>
   </div>
   <div class='ocr_carea' id='block_1_37' title="bbox 228 1770 1023 1808">
    <p class='ocr_par' dir='ltr' id='par_1_37' title="bbox 228 1770 1023 1808">
     <span class='ocr_line' id='line_1_37' title="bbox 228 1770 1023 1808; baseline -0.008 -7"><span class='ocrx_word' id='word_1_277' title='bbox 228 1781 319 1805; x_wconf 86' lang='lat' dir='ltr'><strong>versa,</strong></span> <span class='ocrx_word' id='word_1_278' title='bbox 330 1780 449 1808; x_wconf 82' lang='lat' dir='ltr'><strong>quorum</strong></span> <span class='ocrx_word' id='word_1_279' title='bbox 465 1775 508 1800; x_wconf 77' lang='lat' dir='ltr'><strong>est</strong></span> <span class='ocrx_word' id='word_1_280' title='bbox 522 1771 676 1799; x_wconf 86' lang='lat' dir='ltr'><strong>substantia</strong></span> <span class='ocrx_word' id='word_1_281' title='bbox 694 1777 760 1802; x_wconf 87' lang='lat' dir='ltr'><strong>una,</strong></span> <span class='ocrx_word' id='word_1_282' title='bbox 779 1777 834 1797; x_wconf 82' lang='lat' dir='ltr'><strong>una</strong></span> <span class='ocrx_word' id='word_1_283' title='bbox 846 1770 927 1804; x_wconf 82' lang='lat' dir='ltr'><strong>plane</strong></span> <span class='ocrx_word' id='word_1_284' title='bbox 943 1774 1023 1796; x_wconf 81' lang='lat' dir='ltr'><strong>ener-</strong></span> 
     </span>
    </p>
   </div>
   <div class='ocr_carea' id='block_1_38' title="bbox 228 1815 1021 1856">
    <p class='ocr_par' dir='ltr' id='par_1_38' title="bbox 228 1815 1021 1856">
     <span class='ocr_line' id='line_1_38' title="bbox 228 1815 1021 1856; baseline -0.008 -9"><span class='ocrx_word' id='word_1_285' title='bbox 228 1820 273 1856; x_wconf 69' lang='lat' dir='ltr'><strong>gia</strong></span> <span class='ocrx_word' id='word_1_286' title='bbox 289 1819 347 1847; x_wconf 80' lang='lat' dir='ltr'><strong>sive</strong></span> <span class='ocrx_word' id='word_1_287' title='bbox 359 1817 486 1854; x_wconf 86' lang='lat' dir='ltr'><strong>operatio</strong></span> <span class='ocrx_word' id='word_1_288' title='bbox 496 1818 590 1845; x_wconf 82' lang='lat' dir='ltr'><strong>est.Et</strong></span> <span class='ocrx_word' id='word_1_289' title='bbox 601 1817 737 1844; x_wconf 80' lang='lat' dir='ltr'><strong>Dominus</strong></span> <span class='ocrx_word' id='word_1_290' title='bbox 750 1815 783 1843; x_wconf 84' lang='lat' dir='ltr'><strong>ad</strong></span> <span class='ocrx_word' id='word_1_291' title='bbox 796 1815 1021 1850; x_wconf 80' lang='lat' dir='ltr'><strong>redarguendum</strong></span> 
     </span>
    </p>
   </div>
   <div class='ocr_carea' id='block_1_39' title="bbox 192 1861 1022 1898">
    <p class='ocr_par' dir='ltr' id='par_1_39' title="bbox 192 1861 1022 1898">
     <span class='ocr_line' id='line_1_39' title="bbox 192 1861 1022 1898; baseline -0.007 -4"><span class='ocrx_word' id='word_1_292' title='bbox 192 1876 200 1883; x_wconf 91' lang='grc'><strong>·</strong></span> <span class='ocrx_word' id='word_1_293' title='bbox 229 1865 351 1898; x_wconf 60' lang='lat' dir='ltr'><strong>Iudaeos,</strong></span> <span class='ocrx_word' id='word_1_294' title='bbox 363 1873 427 1892; x_wconf 89' lang='lat' dir='ltr'><strong>cum</strong></span> <span class='ocrx_word' id='word_1_295' title='bbox 442 1864 635 1892; x_wconf 79' lang='lat' dir='ltr'><strong>obtrectabant</strong></span> <span class='ocrx_word' id='word_1_296' title='bbox 647 1863 685 1895; x_wconf 88' lang='lat' dir='ltr'><strong>ei,</strong></span> <span class='ocrx_word' id='word_1_297' title='bbox 702 1862 775 1897; x_wconf 90' lang='lat' dir='ltr'><strong>quod</strong></span> <span class='ocrx_word' id='word_1_298' title='bbox 793 1862 923 1889; x_wconf 73' lang='lat' dir='ltr'><strong>dixisset:</strong></span> <span class='ocrx_word' id='word_1_299' title='bbox 940 1861 1022 1888; x_wconf 70' lang='lat' dir='ltr'><strong>Filius</strong></span> 
     </span>
    </p>
   </div>
   <div class='ocr_carea' id='block_1_40' title="bbox 230 1906 1022 1943">
    <p class='ocr_par' dir='ltr' id='par_1_40' title="bbox 230 1906 1022 1943">
     <span class='ocr_line' id='line_1_40' title="bbox 230 1906 1022 1943; baseline -0.008 -5"><span class='ocrx_word' id='word_1_300' title='bbox 230 1912 279 1938; x_wconf 83' lang='lat' dir='ltr'><strong>Dei</strong></span> <span class='ocrx_word' id='word_1_301' title='bbox 295 1915 354 1938; x_wconf 78' lang='lat' dir='ltr'><strong>sum</strong></span> <span class='ocrx_word' id='word_1_302' title='bbox 370 1910 401 1942; x_wconf 81' lang='lat'><strong>“,</strong></span> <span class='ocrx_word' id='word_1_303' title='bbox 414 1909 509 1937; x_wconf 84' lang='lat' dir='ltr'><strong>docuit</strong></span> <span class='ocrx_word' id='word_1_304' title='bbox 524 1910 715 1943; x_wconf 86' lang='lat' dir='ltr'><strong>operationem</strong></span> <span class='ocrx_word' id='word_1_305' title='bbox 726 1915 787 1935; x_wconf 85' lang='lat' dir='ltr'><strong>esse</strong></span> <span class='ocrx_word' id='word_1_306' title='bbox 801 1907 889 1934; x_wconf 87' lang='lat' dir='ltr'><strong>instar</strong></span> <span class='ocrx_word' id='word_1_307' title='bbox 899 1906 1022 1933; x_wconf 80' lang='lat' dir='ltr'><strong>omnium</strong></span> 
     </span>
    </p>
   </div>
   <div class='ocr_carea' id='block_1_41' title="bbox 228 1950 1023 1985">
    <p class='ocr_par' dir='ltr' id='par_1_41' title="bbox 228 1950 1023 1985">
     <span class='ocr_line' id='line_1_41' title="bbox 228 1950 1023 1985; baseline -0.008 -1"><span class='ocrx_word' id='word_1_308' title='bbox 228 1957 348 1985; x_wconf 79' lang='lat' dir='ltr'><strong>aliorum</strong></span> <span class='ocrx_word' id='word_1_309' title='bbox 362 1955 396 1982; x_wconf 88' lang='lat' dir='ltr'><strong>ad</strong></span> <span class='ocrx_word' id='word_1_310' title='bbox 410 1955 594 1982; x_wconf 84' lang='lat' dir='ltr'><strong>attestandam</strong></span> <span class='ocrx_word' id='word_1_311' title='bbox 615 1953 778 1984; x_wconf 82' lang='lat' dir='ltr'><strong>veritatem,</strong></span> <span class='ocrx_word' id='word_1_312' title='bbox 799 1960 862 1979; x_wconf 87' lang='lat' dir='ltr'><strong>cum</strong></span> <span class='ocrx_word' id='word_1_313' title='bbox 881 1951 971 1979; x_wconf 88' lang='lat' dir='ltr'><strong>dixit:</strong></span> <span class='ocrx_word' id='word_1_314' title='bbox 994 1950 1023 1978; x_wconf 85' lang='lat' dir='ltr'><strong>Si</strong></span> 
     </span>
    </p>
   </div>
   <div class='ocr_carea' id='block_1_42' title="bbox 230 1998 1022 2038">
    <p class='ocr_par' dir='ltr' id='par_1_42' title="bbox 230 1998 1022 2038">
     <span class='ocr_line' id='line_1_42' title="bbox 230 1998 1022 2038; baseline -0.009 -7"><span class='ocrx_word' id='word_1_315' title='bbox 230 2012 285 2032; x_wconf 79' lang='lat' dir='ltr'><strong>non</strong></span> <span class='ocrx_word' id='word_1_316' title='bbox 300 2003 369 2038; x_wconf 73' lang='lat' dir='ltr'><strong>facio</strong></span> <span class='ocrx_word' id='word_1_317' title='bbox 385 2010 466 2038; x_wconf 82' lang='lat' dir='ltr'><strong>opera</strong></span> <span class='ocrx_word' id='word_1_318' title='bbox 487 2001 575 2028; x_wconf 75' lang='lat' dir='ltr'><strong>Patris</strong></span> <span class='ocrx_word' id='word_1_319' title='bbox 594 2001 656 2031; x_wconf 87' lang='lat' dir='ltr'><strong>mei,</strong></span> <span class='ocrx_word' id='word_1_320' title='bbox 687 2007 720 2026; x_wconf 82' lang='lat' dir='ltr'><strong>tte</strong></span> <span class='ocrx_word' id='word_1_321' title='bbox 750 1998 848 2025; x_wconf 76' lang='lat' dir='ltr'><strong>credite</strong></span> <span class='ocrx_word' id='word_1_322' title='bbox 876 1998 960 2025; x_wconf 83' lang='lat' dir='ltr'><strong>mihi:</strong></span> <span class='ocrx_word' id='word_1_323' title='bbox 981 1998 1022 2025; x_wconf 82' lang='lat' dir='ltr'><strong>sin</strong></span> 
     </span>
    </p>
   </div>
   <div class='ocr_carea' id='block_1_43' title="bbox 231 2043 1023 2083">
    <p class='ocr_par' dir='ltr' id='par_1_43' title="bbox 231 2043 1023 2083">
     <span class='ocr_line' id='line_1_43' title="bbox 231 2043 1023 2083; baseline -0.008 -7"><span class='ocrx_word' id='word_1_324' title='bbox 231 2053 323 2077; x_wconf 82' lang='lat' dir='ltr'><strong>autem</strong></span> <span class='ocrx_word' id='word_1_325' title='bbox 346 2048 413 2083; x_wconf 78' lang='lat' dir='ltr'><strong>facio</strong></span> <span class='ocrx_word' id='word_1_326' title='bbox 426 2067 433 2080; x_wconf 93' lang='lat'><strong>,</strong></span> <span class='ocrx_word' id='word_1_327' title='bbox 456 2048 505 2074; x_wconf 72' lang='lat' dir='ltr'><strong>etsi</strong></span> <span class='ocrx_word' id='word_1_328' title='bbox 528 2046 592 2073; x_wconf 88' lang='lat' dir='ltr'><strong>mihi</strong></span> <span class='ocrx_word' id='word_1_329' title='bbox 609 2053 662 2071; x_wconf 81' lang='lat' dir='ltr'><strong>non</strong></span> <span class='ocrx_word' id='word_1_330' title='bbox 690 2044 807 2077; x_wconf 74' lang='lat' dir='ltr'><strong>creditis,</strong></span> <span class='ocrx_word' id='word_1_331' title='bbox 825 2043 944 2080; x_wconf 74' lang='lat' dir='ltr'><strong>operibus</strong></span> <span class='ocrx_word' id='word_1_332' title='bbox 959 2044 1023 2070; x_wconf 71' lang='lat' dir='ltr'><strong>meis</strong></span> 
     </span>
    </p>
   </div>
   <div class='ocr_carea' id='block_1_44' title="bbox 229 2090 1021 2128">
    <p class='ocr_par' dir='ltr' id='par_1_44' title="bbox 229 2090 1021 2128">
     <span class='ocr_line' id='line_1_44' title="bbox 229 2090 1021 2128; baseline -0.009 -5"><span class='ocrx_word' id='word_1_333' title='bbox 229 2096 339 2128; x_wconf 65' lang='lat' dir='ltr'><strong>(redite,</strong></span> <span class='ocrx_word' id='word_1_334' title='bbox 349 2098 379 2121; x_wconf 68' lang='lat' dir='ltr'><strong>ut</strong></span> <span class='ocrx_word' id='word_1_335' title='bbox 389 2094 480 2121; x_wconf 71' lang='lat' dir='ltr'><strong>sciatis</strong></span> <span class='ocrx_word' id='word_1_336' title='bbox 493 2098 519 2120; x_wconf 77' lang='lat' dir='ltr'><strong>et</strong></span> <span class='ocrx_word' id='word_1_337' title='bbox 547 2091 720 2127; x_wconf 74' lang='lat' dir='ltr'><strong>cognoscatis,</strong></span> <span class='ocrx_word' id='word_1_338' title='bbox 736 2090 806 2126; x_wconf 82' lang='lat' dir='ltr'><strong>quod</strong></span> <span class='ocrx_word' id='word_1_339' title='bbox 818 2099 865 2126; x_wconf 81' lang='lat' dir='ltr'><strong>ego</strong></span> <span class='ocrx_word' id='word_1_340' title='bbox 873 2091 901 2117; x_wconf 81' lang='lat' dir='ltr'><strong>in</strong></span> <span class='ocrx_word' id='word_1_341' title='bbox 931 2090 1021 2123; x_wconf 86' lang='lat' dir='ltr'><strong>Patre,</strong></span> 
     </span>
    </p>
   </div>
   <div class='ocr_carea' id='block_1_45' title="bbox 231 2137 1022 2173">
    <p class='ocr_par' dir='ltr' id='par_1_45' title="bbox 231 2137 1022 2173">
     <span class='ocr_line' id='line_1_45' title="bbox 231 2137 1022 2173; baseline -0.01 -1"><span class='ocrx_word' id='word_1_342' title='bbox 231 2149 256 2171; x_wconf 78' lang='lat' dir='ltr'><strong>et</strong></span> <span class='ocrx_word' id='word_1_343' title='bbox 268 2143 352 2171; x_wconf 85' lang='lat' dir='ltr'><strong>Pater</strong></span> <span class='ocrx_word' id='word_1_344' title='bbox 362 2143 390 2170; x_wconf 79' lang='lat' dir='ltr'><strong>in</strong></span> <span class='ocrx_word' id='word_1_345' title='bbox 407 2146 449 2169; x_wconf 82' lang='lat' dir='ltr'><strong>me</strong></span> <span class='ocrx_word' id='word_1_346' title='bbox 461 2145 500 2168; x_wconf 78' lang='lat' dir='ltr'><strong>est</strong></span> <span class='ocrx_word' id='word_1_347' title='bbox 521 2140 552 2166; x_wconf 89' lang='lat'><strong>&quot;&#39;.</strong></span> <span class='ocrx_word' id='word_1_348' title='bbox 566 2140 658 2173; x_wconf 81' lang='lat' dir='ltr'><strong>Quare</strong></span> <span class='ocrx_word' id='word_1_349' title='bbox 673 2138 800 2166; x_wconf 76' lang='lat' dir='ltr'><strong>absoluta</strong></span> <span class='ocrx_word' id='word_1_350' title='bbox 821 2137 1022 2165; x_wconf 81' lang='lat' dir='ltr'><strong>demonstratio</strong></span> 
     </span>
    </p>
   </div>
   <div class='ocr_carea' id='block_1_46' title="bbox 231 2183 1023 2224">
    <p class='ocr_par' dir='ltr' id='par_1_46' title="bbox 231 2183 1023 2224">
     <span class='ocr_line' id='line_1_46' title="bbox 231 2183 1023 2224; baseline -0.01 -6"><span class='ocrx_word' id='word_1_351' title='bbox 231 2195 285 2224; x_wconf 80' lang='lat' dir='ltr'><strong>est,</strong></span> <span class='ocrx_word' id='word_1_352' title='bbox 298 2194 327 2218; x_wconf 88' lang='lat' dir='ltr'><strong>et</strong></span> <span class='ocrx_word' id='word_1_353' title='bbox 343 2197 404 2224; x_wconf 72' lang='lat' dir='ltr'><strong>quae</strong></span> <span class='ocrx_word' id='word_1_354' title='bbox 421 2187 524 2216; x_wconf 75' lang='lat' dir='ltr'><strong>sulticit</strong></span> <span class='ocrx_word' id='word_1_355' title='bbox 537 2191 566 2214; x_wconf 89' lang='lat' dir='ltr'><strong>et</strong></span> <span class='ocrx_word' id='word_1_356' title='bbox 587 2185 676 2213; x_wconf 73' lang='lat' dir='ltr'><strong>refelli</strong></span> <span class='ocrx_word' id='word_1_357' title='bbox 692 2192 749 2212; x_wconf 90' lang='lat' dir='ltr'><strong>non</strong></span> <span class='ocrx_word' id='word_1_358' title='bbox 774 2188 877 2220; x_wconf 83' lang='lat' dir='ltr'><strong>potest,</strong></span> <span class='ocrx_word' id='word_1_359' title='bbox 903 2183 1023 2211; x_wconf 67' lang='lat' dir='ltr'><strong>Consul)-</strong></span> 
     </span>
    </p>
   </div>
   <div class='ocr_carea' id='block_1_47' title="bbox 231 2230 1022 2265">
    <p class='ocr_par' dir='ltr' id='par_1_47' title="bbox 231 2230 1022 2265">
     <span class='ocr_line' id='line_1_47' title="bbox 231 2230 1022 2265; baseline -0.01 -1"><span class='ocrx_word' id='word_1_360' title='bbox 231 2234 422 2264; x_wconf 87' lang='lat' dir='ltr'><strong>stantialitatis</strong></span> <span class='ocrx_word' id='word_1_361' title='bbox 444 2233 540 2262; x_wconf 83' lang='lat' dir='ltr'><strong>eadem</strong></span> <span class='ocrx_word' id='word_1_362' title='bbox 569 2232 660 2260; x_wconf 78' lang='lat' dir='ltr'><strong>Patris</strong></span> <span class='ocrx_word' id='word_1_363' title='bbox 683 2236 712 2259; x_wconf 88' lang='lat' dir='ltr'><strong>et</strong></span> <span class='ocrx_word' id='word_1_364' title='bbox 728 2230 793 2259; x_wconf 82' lang='lat' dir='ltr'><strong>Filii</strong></span> <span class='ocrx_word' id='word_1_365' title='bbox 804 2230 1022 2265; x_wconf 75' lang='lat' dir='ltr'><strong>operatiozqtm</strong></span> 
     </span>
    </p>
   </div>
   <div class='ocr_carea' id='block_1_48' title="bbox 1062 293 1858 332">
    <p class='ocr_par' dir='ltr' id='par_1_48' title="bbox 1062 293 1858 332">
     <span class='ocr_line' id='line_1_48' title="bbox 1062 293 1858 332; baseline -0.006 -7"><span class='ocrx_word' id='word_1_366' title='bbox 1062 297 1191 332; x_wconf 81' lang='lat' dir='ltr'><strong>quidem;</strong></span> <span class='ocrx_word' id='word_1_367' title='bbox 1204 299 1272 324; x_wconf 84' lang='lat' dir='ltr'><strong>Ante</strong></span> <span class='ocrx_word' id='word_1_368' title='bbox 1285 305 1375 324; x_wconf 82' lang='lat' dir='ltr'><strong>omnes</strong></span> <span class='ocrx_word' id='word_1_369' title='bbox 1385 295 1463 323; x_wconf 72' lang='lat' dir='ltr'><strong>colles</strong></span> <span class='ocrx_word' id='word_1_370' title='bbox 1478 298 1587 330; x_wconf 80' lang='lat' dir='ltr'><strong>generat</strong></span> <span class='ocrx_word' id='word_1_371' title='bbox 1600 302 1639 320; x_wconf 75' lang='lat' dir='ltr'><strong>me</strong></span> <span class='ocrx_word' id='word_1_372' title='bbox 1652 294 1685 326; x_wconf 83' lang='lat'><strong>“,</strong></span> <span class='ocrx_word' id='word_1_373' title='bbox 1701 293 1735 321; x_wconf 89' lang='lat' dir='ltr'><strong>de</strong></span> <span class='ocrx_word' id='word_1_374' title='bbox 1747 293 1858 328; x_wconf 84' lang='lat' dir='ltr'><strong>Spiritu</strong></span> 
     </span>
    </p>
   </div>
   <div class='ocr_carea' id='block_1_49' title="bbox 1063 340 1858 378">
    <p class='ocr_par' dir='ltr' id='par_1_49' title="bbox 1063 340 1858 378">
     <span class='ocr_line' id='line_1_49' title="bbox 1063 340 1858 378; baseline -0.008 -6"><span class='ocrx_word' id='word_1_375' title='bbox 1063 350 1154 372; x_wconf 86' lang='lat' dir='ltr'><strong>autem</strong></span> <span class='ocrx_word' id='word_1_376' title='bbox 1169 348 1276 375; x_wconf 82' lang='lat' dir='ltr'><strong>sancto,</strong></span> <span class='ocrx_word' id='word_1_377' title='bbox 1299 343 1350 376; x_wconf 83' lang='lat' dir='ltr'><strong>Qui</strong></span> <span class='ocrx_word' id='word_1_378' title='bbox 1370 351 1403 370; x_wconf 73' lang='lat' dir='ltr'><strong>ea;</strong></span> <span class='ocrx_word' id='word_1_379' title='bbox 1418 342 1499 370; x_wconf 82' lang='lat' dir='ltr'><strong>Patre</strong></span> <span class='ocrx_word' id='word_1_380' title='bbox 1513 341 1626 378; x_wconf 72' lang='lat' dir='ltr'><strong>procedit</strong></span> <span class='ocrx_word' id='word_1_381' title='bbox 1649 341 1681 367; x_wconf 71' lang='grc'><strong>’³.</strong></span> <span class='ocrx_word' id='word_1_382' title='bbox 1705 340 1858 367; x_wconf 73' lang='lat' dir='ltr'><strong>Diversilas</strong></span> 
     </span>
    </p>
   </div>
   <div class='ocr_carea' id='block_1_50' title="bbox 1063 386 1860 427">
    <p class='ocr_par' dir='ltr' id='par_1_50' title="bbox 1063 386 1860 427">
     <span class='ocr_line' id='line_1_50' title="bbox 1063 386 1860 427; baseline -0.009 -8"><span class='ocrx_word' id='word_1_383' title='bbox 1063 396 1157 419; x_wconf 85' lang='lat' dir='ltr'><strong>autem</strong></span> <span class='ocrx_word' id='word_1_384' title='bbox 1169 390 1358 427; x_wconf 79' lang='lat' dir='ltr'><strong>generationis</strong></span> <span class='ocrx_word' id='word_1_385' title='bbox 1369 394 1398 417; x_wconf 90' lang='lat' dir='ltr'><strong>et</strong></span> <span class='ocrx_word' id='word_1_386' title='bbox 1409 388 1596 424; x_wconf 88' lang='lat' dir='ltr'><strong>proccssionis</strong></span> <span class='ocrx_word' id='word_1_387' title='bbox 1606 395 1661 414; x_wconf 90' lang='lat' dir='ltr'><strong>non</strong></span> <span class='ocrx_word' id='word_1_388' title='bbox 1684 386 1860 414; x_wconf 79' lang='lat' dir='ltr'><strong>demonstrat</strong></span> 
     </span>
    </p>
   </div>
   <div class='ocr_carea' id='block_1_51' title="bbox 1063 431 1861 466">
    <p class='ocr_par' dir='ltr' id='par_1_51' title="bbox 1063 431 1861 466">
     <span class='ocr_line' id='line_1_51' title="bbox 1063 431 1861 466; baseline -0.01 0"><span class='ocrx_word' id='word_1_389' title='bbox 1063 438 1226 466; x_wconf 69' lang='lat' dir='ltr'><strong>substantia:</strong></span> <span class='ocrx_word' id='word_1_390' title='bbox 1245 437 1450 464; x_wconf 74' lang='lat' dir='ltr'><strong>differentiam:</strong></span> <span class='ocrx_word' id='word_1_391' title='bbox 1467 443 1523 462; x_wconf 91' lang='lat' dir='ltr'><strong>non</strong></span> <span class='ocrx_word' id='word_1_392' title='bbox 1535 434 1609 461; x_wconf 90' lang='lat' dir='ltr'><strong>enim</strong></span> <span class='ocrx_word' id='word_1_393' title='bbox 1618 432 1775 461; x_wconf 78' lang='lat' dir='ltr'><strong>diﬂ&#39;erentia</strong></span> <span class='ocrx_word' id='word_1_394' title='bbox 1784 431 1861 459; x_wconf 59' lang='lat' dir='ltr'><strong>exsi«</strong></span> 
     </span>
    </p>
   </div>
   <div class='ocr_carea' id='block_1_52' title="bbox 1065 478 1859 519">
    <p class='ocr_par' dir='ltr' id='par_1_52' title="bbox 1065 478 1859 519">
     <span class='ocr_line' id='line_1_52' title="bbox 1065 478 1859 519; baseline -0.009 -8"><span class='ocrx_word' id='word_1_395' title='bbox 1065 484 1174 512; x_wconf 74' lang='lat' dir='ltr'><strong>steutize</strong></span> <span class='ocrx_word' id='word_1_396' title='bbox 1188 483 1327 519; x_wconf 74' lang='lat' dir='ltr'><strong>signiﬁcat</strong></span> <span class='ocrx_word' id='word_1_397' title='bbox 1338 490 1410 514; x_wconf 80' lang='lat' dir='ltr'><strong>esse,</strong></span> <span class='ocrx_word' id='word_1_398' title='bbox 1427 481 1476 509; x_wconf 88' lang='lat' dir='ltr'><strong>sed</strong></span> <span class='ocrx_word' id='word_1_399' title='bbox 1491 479 1631 516; x_wconf 87' lang='lat' dir='ltr'><strong>quomodo</strong></span> <span class='ocrx_word' id='word_1_400' title='bbox 1648 487 1711 507; x_wconf 88' lang='lat' dir='ltr'><strong>esse</strong></span> <span class='ocrx_word' id='word_1_401' title='bbox 1721 478 1859 509; x_wconf 84' lang='lat' dir='ltr'><strong>declarat,</strong></span> 
     </span>
    </p>
   </div>
   <div class='ocr_carea' id='block_1_53' title="bbox 1064 527 1860 563">
    <p class='ocr_par' dir='ltr' id='par_1_53' title="bbox 1064 527 1860 563">
     <span class='ocr_line' id='line_1_53' title="bbox 1064 527 1860 563; baseline -0.009 -6"><span class='ocrx_word' id='word_1_402' title='bbox 1064 534 1195 557; x_wconf 88' lang='lat' dir='ltr'><strong>manente</strong></span> <span class='ocrx_word' id='word_1_403' title='bbox 1208 529 1306 558; x_wconf 87' lang='lat' dir='ltr'><strong>eadem</strong></span> <span class='ocrx_word' id='word_1_404' title='bbox 1322 528 1478 556; x_wconf 85' lang='lat' dir='ltr'><strong>substantia</strong></span> <span class='ocrx_word' id='word_1_405' title='bbox 1495 527 1556 563; x_wconf 85' lang='lat' dir='ltr'><strong>ejus</strong></span> <span class='ocrx_word' id='word_1_406' title='bbox 1575 534 1609 554; x_wconf 76' lang='lat' dir='ltr'><strong>ex</strong></span> <span class='ocrx_word' id='word_1_407' title='bbox 1624 533 1692 561; x_wconf 89' lang='lat' dir='ltr'><strong>quo,</strong></span> <span class='ocrx_word' id='word_1_408' title='bbox 1713 529 1741 552; x_wconf 91' lang='lat' dir='ltr'><strong>et</strong></span> <span class='ocrx_word' id='word_1_409' title='bbox 1759 531 1860 552; x_wconf 90' lang='lat' dir='ltr'><strong>eorum</strong></span> 
     </span>
    </p>
   </div>
   <div class='ocr_carea' id='block_1_54' title="bbox 1064 570 1859 612">
    <p class='ocr_par' dir='ltr' id='par_1_54' title="bbox 1064 570 1859 612">
     <span class='ocr_line' id='line_1_54' title="bbox 1064 570 1859 612; baseline -0.011 -7"><span class='ocrx_word' id='word_1_410' title='bbox 1064 577 1112 612; x_wconf 91' lang='lat' dir='ltr'><strong>qui</strong></span> <span class='ocrx_word' id='word_1_411' title='bbox 1127 584 1161 604; x_wconf 76' lang='lat' dir='ltr'><strong>ex</strong></span> <span class='ocrx_word' id='word_1_412' title='bbox 1175 577 1236 612; x_wconf 88' lang='lat' dir='ltr'><strong>ipso</strong></span> <span class='ocrx_word' id='word_1_413' title='bbox 1249 581 1324 607; x_wconf 88' lang='lat' dir='ltr'><strong>sunt,</strong></span> <span class='ocrx_word' id='word_1_414' title='bbox 1337 574 1493 603; x_wconf 88' lang='lat' dir='ltr'><strong>secundum</strong></span> <span class='ocrx_word' id='word_1_415' title='bbox 1505 573 1683 601; x_wconf 70' lang='lat' dir='ltr'><strong>ditierentem</strong></span> <span class='ocrx_word' id='word_1_416' title='bbox 1708 570 1815 598; x_wconf 85' lang='lat' dir='ltr'><strong>modum</strong></span> <span class='ocrx_word' id='word_1_417' title='bbox 1831 570 1859 602; x_wconf 65' lang='grc' dir='ltr'><strong>δ,</strong></span> 
     </span>
    </p>
   </div>
   <div class='ocr_carea' id='block_1_55' title="bbox 1065 615 1851 655">
    <p class='ocr_par' dir='ltr' id='par_1_55' title="bbox 1065 615 1851 655">
     <span class='ocr_line' id='line_1_55' title="bbox 1065 615 1851 655; baseline -0.01 -5"><span class='ocrx_word' id='word_1_418' title='bbox 1065 622 1092 649; x_wconf 88' lang='lat' dir='ltr'><strong>id</strong></span> <span class='ocrx_word' id='word_1_419' title='bbox 1110 627 1163 655; x_wconf 82' lang='lat' dir='ltr'><strong>est,</strong></span> <span class='ocrx_word' id='word_1_420' title='bbox 1175 622 1348 649; x_wconf 84' lang='lat' dir='ltr'><strong>intellectum.</strong></span> <span class='ocrx_word' id='word_1_421' title='bbox 1361 621 1457 649; x_wconf 88' lang='lat' dir='ltr'><strong>Modus</strong></span> <span class='ocrx_word' id='word_1_422' title='bbox 1470 627 1547 655; x_wconf 78' lang='lat' dir='ltr'><strong>ergo,</strong></span> <span class='ocrx_word' id='word_1_423' title='bbox 1561 623 1592 646; x_wconf 89' lang='lat' dir='ltr'><strong>ut</strong></span> <span class='ocrx_word' id='word_1_424' title='bbox 1603 618 1709 646; x_wconf 92' lang='lat' dir='ltr'><strong>dictum</strong></span> <span class='ocrx_word' id='word_1_425' title='bbox 1723 615 1851 649; x_wconf 80' lang='lat' dir='ltr'><strong>est,exsi-</strong></span> 
     </span>
    </p>
   </div>
   <div class='ocr_carea' id='block_1_56' title="bbox 1065 663 1857 700">
    <p class='ocr_par' dir='ltr' id='par_1_56' title="bbox 1065 663 1857 700">
     <span class='ocr_line' id='line_1_56' title="bbox 1065 663 1857 700; baseline -0.008 -4"><span class='ocrx_word' id='word_1_426' title='bbox 1065 669 1174 696; x_wconf 81' lang='lat' dir='ltr'><strong>stentiae</strong></span> <span class='ocrx_word' id='word_1_427' title='bbox 1188 669 1321 696; x_wconf 85' lang='lat' dir='ltr'><strong>ditl‘erens</strong></span> <span class='ocrx_word' id='word_1_428' title='bbox 1333 672 1389 700; x_wconf 84' lang='lat' dir='ltr'><strong>est;</strong></span> <span class='ocrx_word' id='word_1_429' title='bbox 1407 668 1477 695; x_wconf 89' lang='lat' dir='ltr'><strong>ratio</strong></span> <span class='ocrx_word' id='word_1_430' title='bbox 1488 674 1556 694; x_wconf 87' lang='lat' dir='ltr'><strong>vero</strong></span> <span class='ocrx_word' id='word_1_431' title='bbox 1571 664 1734 693; x_wconf 72' lang='lat' dir='ltr'><strong>substantia:</strong></span> <span class='ocrx_word' id='word_1_432' title='bbox 1744 663 1857 696; x_wconf 86' lang='lat' dir='ltr'><strong>eadem;</strong></span> 
     </span>
    </p>
   </div>
   <div class='ocr_carea' id='block_1_57' title="bbox 1065 713 1609 747">
    <p class='ocr_par' dir='ltr' id='par_1_57' title="bbox 1065 713 1609 747">
     <span class='ocr_line' id='line_1_57' title="bbox 1065 713 1609 747; baseline -0.006 -5"><span class='ocrx_word' id='word_1_433' title='bbox 1065 722 1099 742; x_wconf 82' lang='lat' dir='ltr'><strong>ex</strong></span> <span class='ocrx_word' id='word_1_434' title='bbox 1113 715 1209 742; x_wconf 87' lang='lat' dir='ltr'><strong>eodem</strong></span> <span class='ocrx_word' id='word_1_435' title='bbox 1227 715 1313 747; x_wconf 90' lang='lat' dir='ltr'><strong>enim,</strong></span> <span class='ocrx_word' id='word_1_436' title='bbox 1326 715 1392 742; x_wconf 88' lang='lat' dir='ltr'><strong>licet</strong></span> <span class='ocrx_word' id='word_1_437' title='bbox 1402 722 1456 741; x_wconf 89' lang='lat' dir='ltr'><strong>non</strong></span> <span class='ocrx_word' id='word_1_438' title='bbox 1470 713 1609 741; x_wconf 84' lang='lat' dir='ltr'><strong>similiter.</strong></span> 
     </span>
    </p>
   </div>
   <div class='ocr_carea' id='block_1_58' title="bbox 1101 755 1860 796">
    <p class='ocr_par' dir='ltr' id='par_1_58' title="bbox 1101 755 1860 796">
     <span class='ocr_line' id='line_1_58' title="bbox 1101 755 1860 796; baseline -0.008 -7"><span class='ocrx_word' id='word_1_439' title='bbox 1101 761 1147 788; x_wconf 81' lang='lat' dir='ltr'><strong>XI.</strong></span> <span class='ocrx_word' id='word_1_440' title='bbox 1163 761 1202 789; x_wconf 88' lang='lat' dir='ltr'><strong>Nc</strong></span> <span class='ocrx_word' id='word_1_441' title='bbox 1216 761 1351 788; x_wconf 87' lang='lat' dir='ltr'><strong>miremur</strong></span> <span class='ocrx_word' id='word_1_442' title='bbox 1375 761 1459 796; x_wconf 75' lang='lat' dir='ltr'><strong>igitur</strong></span> <span class='ocrx_word' id='word_1_443' title='bbox 1486 760 1644 790; x_wconf 86' lang='lat' dir='ltr'><strong>Dominum,</strong></span> <span class='ocrx_word' id='word_1_444' title='bbox 1660 765 1724 786; x_wconf 91' lang='lat' dir='ltr'><strong>cum</strong></span> <span class='ocrx_word' id='word_1_445' title='bbox 1753 755 1860 784; x_wconf 87' lang='lat' dir='ltr'><strong>utrius-</strong></span> 
     </span>
    </p>
   </div>
   <div class='ocr_carea' id='block_1_59' title="bbox 1066 803 1862 843">
    <p class='ocr_par' dir='ltr' id='par_1_59' title="bbox 1066 803 1862 843">
     <span class='ocr_line' id='line_1_59' title="bbox 1066 803 1862 843; baseline -0.006 -9"><span class='ocrx_word' id='word_1_446' title='bbox 1066 816 1120 843; x_wconf 88' lang='lat' dir='ltr'><strong>que</strong></span> <span class='ocrx_word' id='word_1_447' title='bbox 1133 809 1249 840; x_wconf 82' lang='lat' dir='ltr'><strong>exitum,</strong></span> <span class='ocrx_word' id='word_1_448' title='bbox 1265 808 1370 835; x_wconf 78' lang='lat' dir='ltr'><strong>exitum</strong></span> <span class='ocrx_word' id='word_1_449' title='bbox 1382 815 1416 835; x_wconf 74' lang='lat' dir='ltr'><strong>ex</strong></span> <span class='ocrx_word' id='word_1_450' title='bbox 1431 807 1512 834; x_wconf 83' lang='lat' dir='ltr'><strong>Patre</strong></span> <span class='ocrx_word' id='word_1_451' title='bbox 1530 809 1627 837; x_wconf 83' lang='lat' dir='ltr'><strong>vocat;</strong></span> <span class='ocrx_word' id='word_1_452' title='bbox 1644 805 1700 839; x_wconf 78' lang='lat' dir='ltr'><strong>Ego</strong></span> <span class='ocrx_word' id='word_1_453' title='bbox 1723 804 1804 834; x_wconf 85' lang='lat' dir='ltr'><strong>enim,</strong></span> <span class='ocrx_word' id='word_1_454' title='bbox 1821 803 1862 830; x_wconf 91' lang='lat' dir='ltr'><strong>in-</strong></span> 
     </span>
    </p>
   </div>
   <div class='ocr_carea' id='block_1_60' title="bbox 1066 847 1861 888">
    <p class='ocr_par' dir='ltr' id='par_1_60' title="bbox 1066 847 1861 888">
     <span class='ocr_line' id='line_1_60' title="bbox 1066 847 1861 888; baseline -0.009 -8"><span class='ocrx_word' id='word_1_455' title='bbox 1066 854 1137 888; x_wconf 89' lang='lat' dir='ltr'><strong>quit,</strong></span> <span class='ocrx_word' id='word_1_456' title='bbox 1153 861 1184 880; x_wconf 76' lang='lat' dir='ltr'><strong>ea:</strong></span> <span class='ocrx_word' id='word_1_457' title='bbox 1201 853 1283 880; x_wconf 84' lang='lat' dir='ltr'><strong>Patre</strong></span> <span class='ocrx_word' id='word_1_458' title='bbox 1304 853 1382 885; x_wconf 73' lang='lat' dir='ltr'><strong>exivi,</strong></span> <span class='ocrx_word' id='word_1_459' title='bbox 1408 856 1432 878; x_wconf 83' lang='lat' dir='ltr'><strong>et</strong></span> <span class='ocrx_word' id='word_1_460' title='bbox 1446 851 1521 878; x_wconf 83' lang='lat' dir='ltr'><strong>venio</strong></span> <span class='ocrx_word' id='word_1_461' title='bbox 1536 851 1570 877; x_wconf 83' lang='lat'><strong>’°.</strong></span> <span class='ocrx_word' id='word_1_462' title='bbox 1582 850 1617 877; x_wconf 83' lang='lat' dir='ltr'><strong>Et</strong></span> <span class='ocrx_word' id='word_1_463' title='bbox 1638 856 1754 876; x_wconf 87' lang='lat' dir='ltr'><strong>rursus:</strong></span> <span class='ocrx_word' id='word_1_464' title='bbox 1771 847 1861 883; x_wconf 47' lang='lat' dir='ltr'><strong>Spiri&#39;</strong></span> 
     </span>
    </p>
   </div>
   <div class='ocr_carea' id='block_1_61' title="bbox 1067 894 1861 935">
    <p class='ocr_par' dir='ltr' id='par_1_61' title="bbox 1067 894 1861 935">
     <span class='ocr_line' id='line_1_61' title="bbox 1067 894 1861 935; baseline -0.008 -8"><span class='ocrx_word' id='word_1_465' title='bbox 1067 904 1119 932; x_wconf 67' lang='lat' dir='ltr'><strong>tua,</strong></span> <span class='ocrx_word' id='word_1_466' title='bbox 1140 901 1213 935; x_wconf 87' lang='lat' dir='ltr'><strong>quia</strong></span> <span class='ocrx_word' id='word_1_467' title='bbox 1241 899 1324 926; x_wconf 86' lang='lat' dir='ltr'><strong>Patre</strong></span> <span class='ocrx_word' id='word_1_468' title='bbox 1336 899 1453 934; x_wconf 83' lang='lat' dir='ltr'><strong>procedit</strong></span> <span class='ocrx_word' id='word_1_469' title='bbox 1477 898 1511 924; x_wconf 81' lang='grc'><strong>²¹.</strong></span> <span class='ocrx_word' id='word_1_470' title='bbox 1537 897 1595 924; x_wconf 82' lang='lat' dir='ltr'><strong>Etsi</strong></span> <span class='ocrx_word' id='word_1_471' title='bbox 1622 895 1698 924; x_wconf 88' lang='lat' dir='ltr'><strong>enim</strong></span> <span class='ocrx_word' id='word_1_472' title='bbox 1720 894 1808 926; x_wconf 82' lang='lat' dir='ltr'><strong>exire,</strong></span> <span class='ocrx_word' id='word_1_473' title='bbox 1832 898 1861 921; x_wconf 89' lang='lat' dir='ltr'><strong>et</strong></span> 
     </span>
    </p>
   </div>
   <div class='ocr_carea' id='block_1_62' title="bbox 1068 941 1860 982">
    <p class='ocr_par' dir='ltr' id='par_1_62' title="bbox 1068 941 1860 982">
     <span class='ocr_line' id='line_1_62' title="bbox 1068 941 1860 982; baseline -0.008 -9"><span class='ocrx_word' id='word_1_474' title='bbox 1068 946 1221 982; x_wconf 89' lang='lat' dir='ltr'><strong>procedere</strong></span> <span class='ocrx_word' id='word_1_475' title='bbox 1239 945 1312 972; x_wconf 87' lang='lat' dir='ltr'><strong>idem</strong></span> <span class='ocrx_word' id='word_1_476' title='bbox 1340 944 1387 972; x_wconf 91' lang='lat' dir='ltr'><strong>hic</strong></span> <span class='ocrx_word' id='word_1_477' title='bbox 1411 943 1580 979; x_wconf 71' lang='lat' dir='ltr'><strong>signiﬁcant,</strong></span> <span class='ocrx_word' id='word_1_478' title='bbox 1604 941 1744 977; x_wconf 65' lang='lat' dir='ltr'><strong>praecipue</strong></span> <span class='ocrx_word' id='word_1_479' title='bbox 1766 945 1860 968; x_wconf 88' lang='lat' dir='ltr'><strong>tamen</strong></span> 
     </span>
    </p>
   </div>
   <div class='ocr_carea' id='block_1_63' title="bbox 1068 986 1862 1027">
    <p class='ocr_par' dir='ltr' id='par_1_63' title="bbox 1068 986 1862 1027">
     <span class='ocr_line' id='line_1_63' title="bbox 1068 986 1862 1027; baseline -0.009 -8"><span class='ocrx_word' id='word_1_480' title='bbox 1068 991 1274 1027; x_wconf 86' lang='lat' dir='ltr'><strong>processionem</strong></span> <span class='ocrx_word' id='word_1_481' title='bbox 1293 989 1411 1025; x_wconf 88' lang='lat' dir='ltr'><strong>Spiritui</strong></span> <span class='ocrx_word' id='word_1_482' title='bbox 1424 993 1520 1016; x_wconf 87' lang='lat' dir='ltr'><strong>sancto</strong></span> <span class='ocrx_word' id='word_1_483' title='bbox 1533 986 1763 1018; x_wconf 87' lang='lat' dir='ltr'><strong>accommodavit,</strong></span> <span class='ocrx_word' id='word_1_484' title='bbox 1788 986 1862 1013; x_wconf 85' lang='lat' dir='ltr'><strong>sicut</strong></span> 
     </span>
    </p>
   </div>
   <div class='ocr_carea' id='block_1_64' title="bbox 1068 1031 1863 1072">
    <p class='ocr_par' dir='ltr' id='par_1_64' title="bbox 1068 1031 1863 1072">
     <span class='ocr_line' id='line_1_64' title="bbox 1068 1031 1863 1072; baseline -0.008 -8"><span class='ocrx_word' id='word_1_485' title='bbox 1068 1037 1120 1065; x_wconf 87' lang='lat' dir='ltr'><strong>sibi</strong></span> <span class='ocrx_word' id='word_1_486' title='bbox 1136 1037 1355 1072; x_wconf 74' lang='lat' dir='ltr'><strong>generationem.</strong></span> <span class='ocrx_word' id='word_1_487' title='bbox 1373 1035 1453 1064; x_wconf 85' lang='lat' dir='ltr'><strong>Sicut</strong></span> <span class='ocrx_word' id='word_1_488' title='bbox 1463 1035 1537 1062; x_wconf 89' lang='lat' dir='ltr'><strong>enim</strong></span> <span class='ocrx_word' id='word_1_489' title='bbox 1550 1034 1632 1061; x_wconf 87' lang='lat' dir='ltr'><strong>Pater</strong></span> <span class='ocrx_word' id='word_1_490' title='bbox 1644 1036 1761 1060; x_wconf 84' lang='lat' dir='ltr'><strong>vocatur</strong></span> <span class='ocrx_word' id='word_1_491' title='bbox 1773 1031 1863 1066; x_wconf 89' lang='lat' dir='ltr'><strong>Spiri-</strong></span> 
     </span>
    </p>
   </div>
   <div class='ocr_carea' id='block_1_65' title="bbox 1069 1077 1863 1117">
    <p class='ocr_par' dir='ltr' id='par_1_65' title="bbox 1069 1077 1863 1117">
     <span class='ocr_line' id='line_1_65' title="bbox 1069 1077 1863 1117; baseline -0.008 -7"><span class='ocrx_word' id='word_1_492' title='bbox 1069 1088 1124 1115; x_wconf 86' lang='lat' dir='ltr'><strong>tus,</strong></span> <span class='ocrx_word' id='word_1_493' title='bbox 1138 1087 1166 1110; x_wconf 90' lang='lat' dir='ltr'><strong>et</strong></span> <span class='ocrx_word' id='word_1_494' title='bbox 1177 1083 1263 1110; x_wconf 84' lang='lat' dir='ltr'><strong>Filius</strong></span> <span class='ocrx_word' id='word_1_495' title='bbox 1280 1083 1345 1109; x_wconf 88' lang='lat' dir='ltr'><strong>item</strong></span> <span class='ocrx_word' id='word_1_496' title='bbox 1361 1081 1493 1117; x_wconf 86' lang='lat' dir='ltr'><strong>Spiritus,</strong></span> <span class='ocrx_word' id='word_1_497' title='bbox 1506 1080 1658 1108; x_wconf 89' lang='lat' dir='ltr'><strong>secundum</strong></span> <span class='ocrx_word' id='word_1_498' title='bbox 1688 1079 1757 1106; x_wconf 88' lang='lat' dir='ltr'><strong>illud</strong></span> <span class='ocrx_word' id='word_1_499' title='bbox 1774 1088 1782 1105; x_wconf 84' lang='lat'><strong>:</strong></span> <span class='ocrx_word' id='word_1_500' title='bbox 1798 1077 1863 1113; x_wconf 81' lang='lat' dir='ltr'><strong>Spi-</strong></span> 
     </span>
    </p>
   </div>
   <div class='ocr_carea' id='block_1_66' title="bbox 1069 1124 1864 1163">
    <p class='ocr_par' dir='ltr' id='par_1_66' title="bbox 1069 1124 1864 1163">
     <span class='ocr_line' id='line_1_66' title="bbox 1069 1124 1864 1163; baseline -0.008 -7"><span class='ocrx_word' id='word_1_501' title='bbox 1069 1130 1135 1156; x_wconf 81' lang='lat' dir='ltr'><strong>ritus</strong></span> <span class='ocrx_word' id='word_1_502' title='bbox 1152 1133 1190 1156; x_wconf 77' lang='lat' dir='ltr'><strong>est</strong></span> <span class='ocrx_word' id='word_1_503' title='bbox 1206 1129 1247 1159; x_wconf 84' lang='grc'><strong>”;</strong></span> <span class='ocrx_word' id='word_1_504' title='bbox 1265 1134 1293 1156; x_wconf 89' lang='lat' dir='ltr'><strong>et</strong></span> <span class='ocrx_word' id='word_1_505' title='bbox 1308 1128 1388 1160; x_wconf 81' lang='lat' dir='ltr'><strong>illud,</strong></span> <span class='ocrx_word' id='word_1_506' title='bbox 1406 1127 1522 1163; x_wconf 80' lang='lat' dir='ltr'><strong>Spiritus</strong></span> <span class='ocrx_word' id='word_1_507' title='bbox 1536 1127 1611 1162; x_wconf 80' lang='lat' dir='ltr'><strong>faciei</strong></span> <span class='ocrx_word' id='word_1_508' title='bbox 1633 1129 1730 1152; x_wconf 64' lang='lat' dir='ltr'><strong>nostra</strong></span> <span class='ocrx_word' id='word_1_509' title='bbox 1742 1124 1864 1152; x_wconf 74' lang='lat' dir='ltr'><strong>Christus</strong></span> 
     </span>
    </p>
   </div>
   <div class='ocr_carea' id='block_1_67' title="bbox 1070 1170 1863 1210">
    <p class='ocr_par' dir='ltr' id='par_1_67' title="bbox 1070 1170 1863 1210">
     <span class='ocr_line' id='line_1_67' title="bbox 1070 1170 1863 1210; baseline -0.008 -8"><span class='ocrx_word' id='word_1_510' title='bbox 1070 1170 1196 1202; x_wconf 75' lang='lat' dir='ltr'><strong>Domiims</strong></span> <span class='ocrx_word' id='word_1_511' title='bbox 1214 1175 1252 1202; x_wconf 78' lang='lat' dir='ltr'><strong>&quot;z</strong></span> <span class='ocrx_word' id='word_1_512' title='bbox 1269 1174 1380 1210; x_wconf 84' lang='lat' dir='ltr'><strong>proprie</strong></span> <span class='ocrx_word' id='word_1_513' title='bbox 1392 1178 1483 1201; x_wconf 87' lang='lat' dir='ltr'><strong>tamen</strong></span> <span class='ocrx_word' id='word_1_514' title='bbox 1490 1173 1536 1200; x_wconf 88' lang='lat' dir='ltr'><strong>hic</strong></span> <span class='ocrx_word' id='word_1_515' title='bbox 1545 1176 1589 1200; x_wconf 92' lang='lat' dir='ltr'><strong>est</strong></span> <span class='ocrx_word' id='word_1_516' title='bbox 1603 1171 1723 1207; x_wconf 88' lang='lat' dir='ltr'><strong>Spiritus</strong></span> <span class='ocrx_word' id='word_1_517' title='bbox 1737 1174 1863 1202; x_wconf 86' lang='lat' dir='ltr'><strong>sanctus,</strong></span> 
     </span>
    </p>
   </div>
   <div class='ocr_carea' id='block_1_68' title="bbox 1069 1216 1865 1257">
    <p class='ocr_par' dir='ltr' id='par_1_68' title="bbox 1069 1216 1865 1257">
     <span class='ocr_line' id='line_1_68' title="bbox 1069 1216 1865 1257; baseline -0.006 -8"><span class='ocrx_word' id='word_1_518' title='bbox 1069 1222 1116 1257; x_wconf 91' lang='lat' dir='ltr'><strong>qui</strong></span> <span class='ocrx_word' id='word_1_519' title='bbox 1140 1226 1263 1249; x_wconf 87' lang='lat' dir='ltr'><strong>sanctam</strong></span> <span class='ocrx_word' id='word_1_520' title='bbox 1280 1221 1445 1248; x_wconf 79' lang='lat' dir='ltr'><strong>Trinitatem</strong></span> <span class='ocrx_word' id='word_1_521' title='bbox 1471 1219 1604 1254; x_wconf 86' lang='lat' dir='ltr'><strong>complet.</strong></span> <span class='ocrx_word' id='word_1_522' title='bbox 1630 1218 1686 1250; x_wconf 91' lang='lat' dir='ltr'><strong>Sic,</strong></span> <span class='ocrx_word' id='word_1_523' title='bbox 1703 1217 1757 1244; x_wconf 85' lang='lat' dir='ltr'><strong>etsi</strong></span> <span class='ocrx_word' id='word_1_524' title='bbox 1776 1216 1865 1244; x_wconf 82' lang='lat' dir='ltr'><strong>Filius</strong></span> 
     </span>
    </p>
   </div>
   <div class='ocr_carea' id='block_1_69' title="bbox 1069 1264 1865 1302">
    <p class='ocr_par' dir='ltr' id='par_1_69' title="bbox 1069 1264 1865 1302">
     <span class='ocr_line' id='line_1_69' title="bbox 1069 1264 1865 1302; baseline -0.008 -7"><span class='ocrx_word' id='word_1_525' title='bbox 1069 1272 1098 1295; x_wconf 89' lang='lat' dir='ltr'><strong>et</strong></span> <span class='ocrx_word' id='word_1_526' title='bbox 1113 1268 1235 1302; x_wconf 85' lang='lat' dir='ltr'><strong>Spiritus</strong></span> <span class='ocrx_word' id='word_1_527' title='bbox 1249 1271 1363 1295; x_wconf 86' lang='lat' dir='ltr'><strong>sanctus</strong></span> <span class='ocrx_word' id='word_1_528' title='bbox 1387 1266 1520 1294; x_wconf 79' lang='lat' dir='ltr'><strong>dicuntur</strong></span> <span class='ocrx_word' id='word_1_529' title='bbox 1537 1265 1615 1292; x_wconf 84' lang='lat' dir='ltr'><strong>exire</strong></span> <span class='ocrx_word' id='word_1_530' title='bbox 1630 1272 1664 1291; x_wconf 77' lang='lat' dir='ltr'><strong>ex</strong></span> <span class='ocrx_word' id='word_1_531' title='bbox 1681 1264 1762 1291; x_wconf 86' lang='lat' dir='ltr'><strong>Patre</strong></span> <span class='ocrx_word' id='word_1_532' title='bbox 1774 1283 1781 1295; x_wconf 90' lang='lat'><strong>,</strong></span> <span class='ocrx_word' id='word_1_533' title='bbox 1799 1271 1865 1298; x_wconf 88' lang='lat' dir='ltr'><strong>pro—</strong></span> 
     </span>
    </p>
   </div>
   <div class='ocr_carea' id='block_1_70' title="bbox 1070 1309 1865 1347">
    <p class='ocr_par' dir='ltr' id='par_1_70' title="bbox 1070 1309 1865 1347">
     <span class='ocr_line' id='line_1_70' title="bbox 1070 1309 1865 1347; baseline -0.008 -6"><span class='ocrx_word' id='word_1_534' title='bbox 1070 1314 1159 1341; x_wconf 81' lang='lat' dir='ltr'><strong>cessio</strong></span> <span class='ocrx_word' id='word_1_535' title='bbox 1176 1318 1267 1340; x_wconf 88' lang='lat' dir='ltr'><strong>tamen</strong></span> <span class='ocrx_word' id='word_1_536' title='bbox 1290 1312 1428 1347; x_wconf 68' lang='lat' dir='ltr'><strong>prmcipne</strong></span> <span class='ocrx_word' id='word_1_537' title='bbox 1459 1311 1579 1346; x_wconf 85' lang='lat' dir='ltr'><strong>Spiritus</strong></span> <span class='ocrx_word' id='word_1_538' title='bbox 1596 1309 1685 1337; x_wconf 86' lang='lat' dir='ltr'><strong>sancti</strong></span> <span class='ocrx_word' id='word_1_539' title='bbox 1713 1313 1766 1340; x_wconf 86' lang='lat' dir='ltr'><strong>est,</strong></span> <span class='ocrx_word' id='word_1_540' title='bbox 1790 1309 1865 1336; x_wconf 80' lang='lat' dir='ltr'><strong>sicut</strong></span> 
     </span>
    </p>
   </div>
   <div class='ocr_carea' id='block_1_71' title="bbox 1069 1355 1863 1396">
    <p class='ocr_par' dir='ltr' id='par_1_71' title="bbox 1069 1355 1863 1396">
     <span class='ocr_line' id='line_1_71' title="bbox 1069 1355 1863 1396; baseline -0.008 -9"><span class='ocrx_word' id='word_1_541' title='bbox 1069 1360 1212 1396; x_wconf 67' lang='lat' dir='ltr'><strong>generatio</strong></span> <span class='ocrx_word' id='word_1_542' title='bbox 1229 1363 1272 1386; x_wconf 87' lang='lat' dir='ltr'><strong>est</strong></span> <span class='ocrx_word' id='word_1_543' title='bbox 1286 1358 1359 1386; x_wconf 85' lang='lat' dir='ltr'><strong>Filii.</strong></span> <span class='ocrx_word' id='word_1_544' title='bbox 1372 1357 1461 1391; x_wconf 85' lang='lat' dir='ltr'><strong>uare</strong></span> <span class='ocrx_word' id='word_1_545' title='bbox 1475 1362 1485 1377; x_wconf 75' lang='grc' dir='ltr'><em>ε</em></span> <span class='ocrx_word' id='word_1_546' title='bbox 1503 1356 1657 1391; x_wconf 74' lang='lat' dir='ltr'><strong>ingenitum</strong></span> <span class='ocrx_word' id='word_1_547' title='bbox 1681 1359 1710 1383; x_wconf 89' lang='lat' dir='ltr'><strong>et</strong></span> <span class='ocrx_word' id='word_1_548' title='bbox 1737 1355 1863 1390; x_wconf 78' lang='lat' dir='ltr'><strong>genitum</strong></span> 
     </span>
    </p>
   </div>
   <div class='ocr_carea' id='block_1_72' title="bbox 1070 1401 1863 1441">
    <p class='ocr_par' dir='ltr' id='par_1_72' title="bbox 1070 1401 1863 1441">
     <span class='ocr_line' id='line_1_72' title="bbox 1070 1401 1863 1441; baseline -0.008 -8"><span class='ocrx_word' id='word_1_549' title='bbox 1070 1410 1098 1434; x_wconf 92' lang='lat' dir='ltr'><strong>et</strong></span> <span class='ocrx_word' id='word_1_550' title='bbox 1125 1405 1290 1441; x_wconf 88' lang='lat' dir='ltr'><strong>procedens,</strong></span> <span class='ocrx_word' id='word_1_551' title='bbox 1313 1412 1375 1440; x_wconf 68' lang='lat' dir='ltr'><strong>qua:</strong></span> <span class='ocrx_word' id='word_1_552' title='bbox 1401 1403 1514 1439; x_wconf 83' lang='lat' dir='ltr'><strong>quidem</strong></span> <span class='ocrx_word' id='word_1_553' title='bbox 1541 1406 1665 1430; x_wconf 85' lang='lat' dir='ltr'><strong>sanctam</strong></span> <span class='ocrx_word' id='word_1_554' title='bbox 1694 1401 1863 1429; x_wconf 84' lang='lat' dir='ltr'><strong>Trinitatem</strong></span> 
     </span>
    </p>
   </div>
   <div class='ocr_carea' id='block_1_73' title="bbox 1071 1446 1863 1484">
    <p class='ocr_par' dir='ltr' id='par_1_73' title="bbox 1071 1446 1863 1484">
     <span class='ocr_line' id='line_1_73' title="bbox 1071 1446 1863 1484; baseline -0.006 -6"><span class='ocrx_word' id='word_1_555' title='bbox 1071 1450 1257 1480; x_wconf 88' lang='lat' dir='ltr'><strong>constituunt,</strong></span> <span class='ocrx_word' id='word_1_556' title='bbox 1268 1449 1351 1476; x_wconf 85' lang='lat' dir='ltr'><strong>unius</strong></span> <span class='ocrx_word' id='word_1_557' title='bbox 1364 1453 1394 1476; x_wconf 86' lang='lat' dir='ltr'><strong>et</strong></span> <span class='ocrx_word' id='word_1_558' title='bbox 1410 1448 1535 1484; x_wconf 81' lang='lat' dir='ltr'><strong>ejusdem</strong></span> <span class='ocrx_word' id='word_1_559' title='bbox 1556 1451 1663 1474; x_wconf 82' lang='lat' dir='ltr'><strong>naturae</strong></span> <span class='ocrx_word' id='word_1_560' title='bbox 1681 1451 1766 1474; x_wconf 89' lang='lat' dir='ltr'><strong>sunt:</strong></span> <span class='ocrx_word' id='word_1_561' title='bbox 1783 1446 1863 1482; x_wconf 76' lang='lat' dir='ltr'><strong>inge-</strong></span> 
     </span>
    </p>
   </div>
   <div class='ocr_carea' id='block_1_74' title="bbox 1070 1491 1863 1528">
    <p class='ocr_par' dir='ltr' id='par_1_74' title="bbox 1070 1491 1863 1528">
     <span class='ocr_line' id='line_1_74' title="bbox 1070 1491 1863 1528; baseline -0.005 -5"><span class='ocrx_word' id='word_1_562' title='bbox 1070 1496 1160 1524; x_wconf 90' lang='lat' dir='ltr'><strong>nitum</strong></span> <span class='ocrx_word' id='word_1_563' title='bbox 1175 1501 1267 1523; x_wconf 88' lang='lat' dir='ltr'><strong>autem</strong></span> <span class='ocrx_word' id='word_1_564' title='bbox 1279 1502 1352 1526; x_wconf 86' lang='lat' dir='ltr'><strong>esse,</strong></span> <span class='ocrx_word' id='word_1_565' title='bbox 1374 1498 1403 1521; x_wconf 88' lang='lat' dir='ltr'><strong>et</strong></span> <span class='ocrx_word' id='word_1_566' title='bbox 1424 1493 1547 1528; x_wconf 72' lang='lat' dir='ltr'><strong>genitum</strong></span> <span class='ocrx_word' id='word_1_567' title='bbox 1562 1499 1633 1524; x_wconf 83' lang='lat' dir='ltr'><strong>esse,</strong></span> <span class='ocrx_word' id='word_1_568' title='bbox 1656 1497 1684 1520; x_wconf 88' lang='lat' dir='ltr'><strong>et</strong></span> <span class='ocrx_word' id='word_1_569' title='bbox 1708 1491 1863 1527; x_wconf 79' lang='lat' dir='ltr'><strong>procedere</strong></span> 
     </span>
    </p>
   </div>
   <div class='ocr_carea' id='block_1_75' title="bbox 1071 1538 1864 1573">
    <p class='ocr_par' dir='ltr' id='par_1_75' title="bbox 1071 1538 1864 1573">
     <span class='ocr_line' id='line_1_75' title="bbox 1071 1538 1864 1573; baseline -0.005 -4"><span class='ocrx_word' id='word_1_570' title='bbox 1071 1550 1126 1569; x_wconf 91' lang='lat' dir='ltr'><strong>non</strong></span> <span class='ocrx_word' id='word_1_571' title='bbox 1142 1546 1206 1569; x_wconf 90' lang='lat' dir='ltr'><strong>sunt</strong></span> <span class='ocrx_word' id='word_1_572' title='bbox 1217 1541 1289 1568; x_wconf 88' lang='lat' dir='ltr'><strong>inter</strong></span> <span class='ocrx_word' id='word_1_573' title='bbox 1304 1548 1333 1568; x_wconf 88' lang='lat' dir='ltr'><strong>se</strong></span> <span class='ocrx_word' id='word_1_574' title='bbox 1348 1539 1467 1568; x_wconf 84' lang='lat' dir='ltr'><strong>similia:</strong></span> <span class='ocrx_word' id='word_1_575' title='bbox 1480 1538 1574 1566; x_wconf 78' lang='lat' dir='ltr'><strong>ditIert</strong></span> <span class='ocrx_word' id='word_1_576' title='bbox 1586 1538 1660 1566; x_wconf 84' lang='lat' dir='ltr'><strong>enim</strong></span> <span class='ocrx_word' id='word_1_577' title='bbox 1676 1538 1820 1573; x_wconf 76' lang='lat' dir='ltr'><strong>generatio</strong></span> <span class='ocrx_word' id='word_1_578' title='bbox 1830 1538 1864 1565; x_wconf 82' lang='lat' dir='ltr'><strong>ab</strong></span> 
     </span>
    </p>
   </div>
   <div class='ocr_carea' id='block_1_76' title="bbox 1035 1584 1864 1634">
    <p class='ocr_par' dir='ltr' id='par_1_76' title="bbox 1035 1584 1864 1634">
     <span class='ocr_line' id='line_1_76' title="bbox 1035 1584 1864 1634; baseline -0.004 -20"><span class='ocrx_word' id='word_1_579' title='bbox 1035 1606 1056 1634; x_wconf 65' lang='grc' dir='ltr'><strong>ο</strong></span> <span class='ocrx_word' id='word_1_580' title='bbox 1074 1587 1295 1623; x_wconf 79' lang='lat' dir='ltr'><strong>iugeneratione,</strong></span> <span class='ocrx_word' id='word_1_581' title='bbox 1311 1590 1339 1614; x_wconf 87' lang='lat' dir='ltr'><strong>et</strong></span> <span class='ocrx_word' id='word_1_582' title='bbox 1356 1585 1501 1621; x_wconf 82' lang='lat' dir='ltr'><strong>processio</strong></span> <span class='ocrx_word' id='word_1_583' title='bbox 1518 1593 1533 1612; x_wconf 86' lang='lat' dir='ltr'><strong>a</strong></span> <span class='ocrx_word' id='word_1_584' title='bbox 1547 1584 1725 1620; x_wconf 74' lang='lat' dir='ltr'><strong>generatiOne</strong></span> <span class='ocrx_word' id='word_1_585' title='bbox 1745 1589 1774 1611; x_wconf 89' lang='lat' dir='ltr'><strong>et</strong></span> <span class='ocrx_word' id='word_1_586' title='bbox 1786 1585 1864 1619; x_wconf 74' lang='lat' dir='ltr'><strong>inge-</strong></span> 
     </span>
    </p>
   </div>
   <div class='ocr_carea' id='block_1_77' title="bbox 1074 1631 1863 1667">
    <p class='ocr_par' dir='ltr' id='par_1_77' title="bbox 1074 1631 1863 1667">
     <span class='ocr_line' id='line_1_77' title="bbox 1074 1631 1863 1667; baseline -0.005 -5"><span class='ocrx_word' id='word_1_587' title='bbox 1074 1634 1235 1667; x_wconf 70' lang='lat' dir='ltr'><strong>neratione;</strong></span> <span class='ocrx_word' id='word_1_588' title='bbox 1259 1633 1288 1660; x_wconf 85' lang='lat' dir='ltr'><strong>in</strong></span> <span class='ocrx_word' id='word_1_589' title='bbox 1317 1633 1418 1667; x_wconf 82' lang='lat' dir='ltr'><strong>quibus</strong></span> <span class='ocrx_word' id='word_1_590' title='bbox 1436 1636 1529 1659; x_wconf 82' lang='lat' dir='ltr'><strong>autem</strong></span> <span class='ocrx_word' id='word_1_591' title='bbox 1551 1631 1609 1659; x_wconf 56' lang='lat' dir='ltr'><strong>haec</strong></span> <span class='ocrx_word' id='word_1_592' title='bbox 1637 1635 1712 1662; x_wconf 89' lang='lat' dir='ltr'><strong>sunt,</strong></span> <span class='ocrx_word' id='word_1_593' title='bbox 1738 1631 1863 1666; x_wconf 82' lang='lat' dir='ltr'><strong>ejusdem</strong></span> 
     </span>
    </p>
   </div>
   <div class='ocr_carea' id='block_1_78' title="bbox 1073 1677 1866 1713">
    <p class='ocr_par' dir='ltr' id='par_1_78' title="bbox 1073 1677 1866 1713">
     <span class='ocr_line' id='line_1_78' title="bbox 1073 1677 1866 1713; baseline -0.005 -5"><span class='ocrx_word' id='word_1_594' title='bbox 1073 1681 1235 1709; x_wconf 69' lang='lat' dir='ltr'><strong>substantia:</strong></span> <span class='ocrx_word' id='word_1_595' title='bbox 1244 1684 1271 1707; x_wconf 87' lang='lat' dir='ltr'><strong>et</strong></span> <span class='ocrx_word' id='word_1_596' title='bbox 1284 1684 1390 1707; x_wconf 75' lang='lat' dir='ltr'><strong>naturze</strong></span> <span class='ocrx_word' id='word_1_597' title='bbox 1403 1683 1478 1707; x_wconf 83' lang='lat' dir='ltr'><strong>sunt.</strong></span> <span class='ocrx_word' id='word_1_598' title='bbox 1495 1678 1625 1706; x_wconf 87' lang='lat' dir='ltr'><strong>Eamdem</strong></span> <span class='ocrx_word' id='word_1_599' title='bbox 1642 1678 1728 1713; x_wconf 73' lang='lat' dir='ltr'><strong>igitur</strong></span> <span class='ocrx_word' id='word_1_600' title='bbox 1736 1677 1866 1705; x_wconf 83' lang='lat' dir='ltr'><strong>substan-</strong></span> 
     </span>
    </p>
   </div>
   <div class='ocr_carea' id='block_1_79' title="bbox 1073 1721 1864 1756">
    <p class='ocr_par' dir='ltr' id='par_1_79' title="bbox 1073 1721 1864 1756">
     <span class='ocr_line' id='line_1_79' title="bbox 1073 1721 1864 1756; baseline -0.005 -3"><span class='ocrx_word' id='word_1_601' title='bbox 1073 1726 1138 1754; x_wconf 86' lang='lat' dir='ltr'><strong>tiam</strong></span> <span class='ocrx_word' id='word_1_602' title='bbox 1160 1725 1279 1753; x_wconf 84' lang='lat' dir='ltr'><strong>dicimus</strong></span> <span class='ocrx_word' id='word_1_603' title='bbox 1306 1728 1407 1752; x_wconf 66' lang='lat' dir='ltr'><strong>sauctte</strong></span> <span class='ocrx_word' id='word_1_604' title='bbox 1420 1723 1585 1756; x_wconf 84' lang='lat' dir='ltr'><strong>Trinitatis;</strong></span> <span class='ocrx_word' id='word_1_605' title='bbox 1612 1722 1777 1750; x_wconf 85' lang='lat' dir='ltr'><strong>Trinitatem</strong></span> <span class='ocrx_word' id='word_1_606' title='bbox 1792 1721 1864 1749; x_wconf 85' lang='lat' dir='ltr'><strong>diei-</strong></span> 
     </span>
    </p>
   </div>
   <div class='ocr_carea' id='block_1_80' title="bbox 1073 1771 1864 1806">
    <p class='ocr_par' dir='ltr' id='par_1_80' title="bbox 1073 1771 1864 1806">
     <span class='ocr_line' id='line_1_80' title="bbox 1073 1771 1864 1806; baseline -0.005 -5"><span class='ocrx_word' id='word_1_607' title='bbox 1073 1781 1135 1801; x_wconf 85' lang='lat' dir='ltr'><strong>mus</strong></span> <span class='ocrx_word' id='word_1_608' title='bbox 1147 1781 1204 1801; x_wconf 91' lang='lat' dir='ltr'><strong>non</strong></span> <span class='ocrx_word' id='word_1_609' title='bbox 1226 1772 1459 1804; x_wconf 83' lang='lat' dir='ltr'><strong>substantiarum,</strong></span> <span class='ocrx_word' id='word_1_610' title='bbox 1488 1771 1536 1799; x_wconf 87' lang='lat' dir='ltr'><strong>sed</strong></span> <span class='ocrx_word' id='word_1_611' title='bbox 1562 1777 1757 1806; x_wconf 88' lang='lat' dir='ltr'><strong>personarum:</strong></span> <span class='ocrx_word' id='word_1_612' title='bbox 1777 1778 1864 1798; x_wconf 80' lang='lat' dir='ltr'><strong>unum</strong></span> 
     </span>
    </p>
   </div>
   <div class='ocr_carea' id='block_1_81' title="bbox 1073 1818 1864 1854">
    <p class='ocr_par' dir='ltr' id='par_1_81' title="bbox 1073 1818 1864 1854">
     <span class='ocr_line' id='line_1_81' title="bbox 1073 1818 1864 1854; baseline -0.001 -7"><span class='ocrx_word' id='word_1_613' title='bbox 1073 1821 1147 1848; x_wconf 85' lang='lat' dir='ltr'><strong>enim</strong></span> <span class='ocrx_word' id='word_1_614' title='bbox 1160 1821 1246 1847; x_wconf 82' lang='lat' dir='ltr'><strong>Deum</strong></span> <span class='ocrx_word' id='word_1_615' title='bbox 1258 1819 1422 1854; x_wconf 71' lang='lat' dir='ltr'><strong>profitentur</strong></span> <span class='ocrx_word' id='word_1_616' title='bbox 1441 1826 1498 1846; x_wconf 91' lang='lat' dir='ltr'><strong>non</strong></span> <span class='ocrx_word' id='word_1_617' title='bbox 1513 1822 1641 1850; x_wconf 89' lang='lat' dir='ltr'><strong>numero,</strong></span> <span class='ocrx_word' id='word_1_618' title='bbox 1670 1818 1719 1846; x_wconf 87' lang='lat' dir='ltr'><strong>sed</strong></span> <span class='ocrx_word' id='word_1_619' title='bbox 1741 1822 1841 1846; x_wconf 87' lang='lat' dir='ltr'><strong>natura</strong></span> <span class='ocrx_word' id='word_1_620' title='bbox 1857 1828 1864 1846; x_wconf 92' lang='lat'><strong>:</strong></span> 
     </span>
    </p>
   </div>
   <div class='ocr_carea' id='block_1_82' title="bbox 1073 1858 1866 1900">
    <p class='ocr_par' dir='ltr' id='par_1_82' title="bbox 1073 1858 1866 1900">
     <span class='ocr_line' id='line_1_82' title="bbox 1073 1858 1866 1900; baseline -0.003 -7"><span class='ocrx_word' id='word_1_621' title='bbox 1073 1872 1128 1893; x_wconf 91' lang='lat' dir='ltr'><strong>non</strong></span> <span class='ocrx_word' id='word_1_622' title='bbox 1140 1866 1213 1893; x_wconf 90' lang='lat' dir='ltr'><strong>enim</strong></span> <span class='ocrx_word' id='word_1_623' title='bbox 1229 1865 1305 1900; x_wconf 88' lang='lat' dir='ltr'><strong>quod</strong></span> <span class='ocrx_word' id='word_1_624' title='bbox 1313 1870 1357 1893; x_wconf 91' lang='lat' dir='ltr'><strong>est</strong></span> <span class='ocrx_word' id='word_1_625' title='bbox 1370 1865 1485 1892; x_wconf 90' lang='lat' dir='ltr'><strong>omnino</strong></span> <span class='ocrx_word' id='word_1_626' title='bbox 1501 1872 1586 1892; x_wconf 91' lang='lat' dir='ltr'><strong>unum</strong></span> <span class='ocrx_word' id='word_1_627' title='bbox 1598 1858 1726 1896; x_wconf 86' lang='lat' dir='ltr'><strong>numero,</strong></span> <span class='ocrx_word' id='word_1_628' title='bbox 1752 1865 1866 1892; x_wconf 85' lang='lat' dir='ltr'><strong>omnino</strong></span> 
     </span>
    </p>
   </div>
   <div class='ocr_carea' id='block_1_83' title="bbox 1072 1910 1866 1944">
    <p class='ocr_par' dir='ltr' id='par_1_83' title="bbox 1072 1910 1866 1944">
     <span class='ocr_line' id='line_1_83' title="bbox 1072 1910 1866 1944; baseline -0.001 -5"><span class='ocrx_word' id='word_1_629' title='bbox 1072 1913 1156 1939; x_wconf 87' lang='lat' dir='ltr'><strong>etiam</strong></span> <span class='ocrx_word' id='word_1_630' title='bbox 1167 1916 1211 1939; x_wconf 87' lang='lat' dir='ltr'><strong>est</strong></span> <span class='ocrx_word' id='word_1_631' title='bbox 1223 1919 1308 1939; x_wconf 92' lang='lat' dir='ltr'><strong>unum</strong></span> <span class='ocrx_word' id='word_1_632' title='bbox 1332 1915 1441 1938; x_wconf 84' lang='lat' dir='ltr'><strong>natura.</strong></span> <span class='ocrx_word' id='word_1_633' title='bbox 1460 1911 1495 1938; x_wconf 87' lang='lat' dir='ltr'><strong>Et</strong></span> <span class='ocrx_word' id='word_1_634' title='bbox 1524 1917 1611 1938; x_wconf 87' lang='lat' dir='ltr'><strong>unum</strong></span> <span class='ocrx_word' id='word_1_635' title='bbox 1627 1910 1796 1944; x_wconf 80' lang='lat' dir='ltr'><strong>substantia,</strong></span> <span class='ocrx_word' id='word_1_636' title='bbox 1810 1919 1866 1938; x_wconf 89' lang='lat' dir='ltr'><strong>non</strong></span> 
     </span>
    </p>
   </div>
   <div class='ocr_carea' id='block_1_84' title="bbox 1073 1956 1866 1991">
    <p class='ocr_par' dir='ltr' id='par_1_84' title="bbox 1073 1956 1866 1991">
     <span class='ocr_line' id='line_1_84' title="bbox 1073 1956 1866 1991; baseline 0 -6"><span class='ocrx_word' id='word_1_637' title='bbox 1073 1962 1115 1986; x_wconf 90' lang='lat' dir='ltr'><strong>est</strong></span> <span class='ocrx_word' id='word_1_638' title='bbox 1129 1959 1243 1985; x_wconf 87' lang='lat' dir='ltr'><strong>omnino</strong></span> <span class='ocrx_word' id='word_1_639' title='bbox 1262 1965 1347 1985; x_wconf 92' lang='lat' dir='ltr'><strong>unum</strong></span> <span class='ocrx_word' id='word_1_640' title='bbox 1361 1964 1490 1985; x_wconf 84' lang='lat' dir='ltr'><strong>numero.</strong></span> <span class='ocrx_word' id='word_1_641' title='bbox 1514 1956 1639 1991; x_wconf 76' lang='lat' dir='ltr'><strong>Exempli</strong></span> <span class='ocrx_word' id='word_1_642' title='bbox 1665 1963 1748 1985; x_wconf 82' lang='lat' dir='ltr'><strong>causa</strong></span> <span class='ocrx_word' id='word_1_643' title='bbox 1780 1965 1866 1985; x_wconf 89' lang='lat' dir='ltr'><strong>mun-</strong></span> 
     </span>
    </p>
   </div>
   <div class='ocr_carea' id='block_1_85' title="bbox 1073 2002 1866 2037">
    <p class='ocr_par' dir='ltr' id='par_1_85' title="bbox 1073 2002 1866 2037">
     <span class='ocr_line' id='line_1_85' title="bbox 1073 2002 1866 2037; baseline 0.001 -7"><span class='ocrx_word' id='word_1_644' title='bbox 1073 2003 1138 2030; x_wconf 91' lang='lat' dir='ltr'><strong>dum</strong></span> <span class='ocrx_word' id='word_1_645' title='bbox 1148 2009 1306 2031; x_wconf 83' lang='lat' dir='ltr'><strong>sumemus:</strong></span> <span class='ocrx_word' id='word_1_646' title='bbox 1324 2002 1370 2030; x_wconf 88' lang='lat' dir='ltr'><strong>hic</strong></span> <span class='ocrx_word' id='word_1_647' title='bbox 1384 2006 1426 2029; x_wconf 85' lang='lat' dir='ltr'><strong>est</strong></span> <span class='ocrx_word' id='word_1_648' title='bbox 1436 2008 1555 2030; x_wconf 85' lang='lat' dir='ltr'><strong>numero</strong></span> <span class='ocrx_word' id='word_1_649' title='bbox 1570 2002 1683 2037; x_wconf 85' lang='lat' dir='ltr'><strong>quidem</strong></span> <span class='ocrx_word' id='word_1_650' title='bbox 1702 2011 1791 2036; x_wconf 85' lang='lat' dir='ltr'><strong>unus;</strong></span> <span class='ocrx_word' id='word_1_651' title='bbox 1806 2012 1866 2031; x_wconf 73' lang='lat' dir='ltr'><strong>non</strong></span> 
     </span>
    </p>
   </div>
   <div class='ocr_carea' id='block_1_86' title="bbox 1073 2048 1869 2084">
    <p class='ocr_par' dir='ltr' id='par_1_86' title="bbox 1073 2048 1869 2084">
     <span class='ocr_line' id='line_1_86' title="bbox 1073 2048 1869 2084; baseline -0.003 -7"><span class='ocrx_word' id='word_1_652' title='bbox 1073 2053 1166 2077; x_wconf 85' lang='lat' dir='ltr'><strong>autem</strong></span> <span class='ocrx_word' id='word_1_653' title='bbox 1184 2053 1227 2077; x_wconf 83' lang='lat' dir='ltr'><strong>est</strong></span> <span class='ocrx_word' id='word_1_654' title='bbox 1244 2056 1318 2076; x_wconf 88' lang='lat' dir='ltr'><strong>unus</strong></span> <span class='ocrx_word' id='word_1_655' title='bbox 1331 2048 1597 2081; x_wconf 83' lang='lat' dir='ltr'><strong>natura,sedmulta</strong></span> <span class='ocrx_word' id='word_1_656' title='bbox 1616 2056 1650 2076; x_wconf 81' lang='lat' dir='ltr'><strong>ex</strong></span> <span class='ocrx_word' id='word_1_657' title='bbox 1669 2049 1772 2084; x_wconf 81' lang='lat' dir='ltr'><strong>quibus</strong></span> <span class='ocrx_word' id='word_1_658' title='bbox 1785 2057 1869 2078; x_wconf 68' lang='lat' dir='ltr'><strong>com.</strong></span> 
     </span>
    </p>
   </div>
   <div class='ocr_carea' id='block_1_87' title="bbox 1073 2095 1869 2131">
    <p class='ocr_par' dir='ltr' id='par_1_87' title="bbox 1073 2095 1869 2131">
     <span class='ocr_line' id='line_1_87' title="bbox 1073 2095 1869 2131; baseline 0 -8"><span class='ocrx_word' id='word_1_659' title='bbox 1073 2095 1184 2131; x_wconf 85' lang='lat' dir='ltr'><strong>positus</strong></span> <span class='ocrx_word' id='word_1_660' title='bbox 1197 2100 1256 2123; x_wconf 86' lang='lat' dir='ltr'><strong>est:</strong></span> <span class='ocrx_word' id='word_1_661' title='bbox 1276 2102 1309 2122; x_wconf 89' lang='lat' dir='ltr'><strong>ac</strong></span> <span class='ocrx_word' id='word_1_662' title='bbox 1325 2103 1423 2122; x_wconf 83' lang='lat' dir='ltr'><strong>rursus</strong></span> <span class='ocrx_word' id='word_1_663' title='bbox 1442 2095 1539 2127; x_wconf 88' lang='lat' dir='ltr'><strong>homo,</strong></span> <span class='ocrx_word' id='word_1_664' title='bbox 1552 2103 1626 2122; x_wconf 80' lang='lat' dir='ltr'><strong>umis</strong></span> <span class='ocrx_word' id='word_1_665' title='bbox 1637 2095 1751 2130; x_wconf 76' lang='lat' dir='ltr'><strong>quidem</strong></span> <span class='ocrx_word' id='word_1_666' title='bbox 1767 2098 1811 2123; x_wconf 78' lang='lat' dir='ltr'><strong>est</strong></span> <span class='ocrx_word' id='word_1_667' title='bbox 1819 2104 1869 2124; x_wconf 52' lang='lat' dir='ltr'><strong>nat</strong></span> 
     </span>
    </p>
   </div>
   <div class='ocr_carea' id='block_1_88' title="bbox 1075 2141 1869 2177">
    <p class='ocr_par' dir='ltr' id='par_1_88' title="bbox 1075 2141 1869 2177">
     <span class='ocr_line' id='line_1_88' title="bbox 1075 2141 1869 2177; baseline 0.003 -9"><span class='ocrx_word' id='word_1_668' title='bbox 1075 2145 1154 2174; x_wconf 80' lang='lat' dir='ltr'><strong>tura;</strong></span> <span class='ocrx_word' id='word_1_669' title='bbox 1183 2141 1311 2168; x_wconf 80' lang='lat' dir='ltr'><strong>inﬁnitus</strong></span> <span class='ocrx_word' id='word_1_670' title='bbox 1330 2144 1424 2168; x_wconf 88' lang='lat' dir='ltr'><strong>autem</strong></span> <span class='ocrx_word' id='word_1_671' title='bbox 1446 2148 1574 2168; x_wconf 81' lang='lat' dir='ltr'><strong>numero.</strong></span> <span class='ocrx_word' id='word_1_672' title='bbox 1602 2141 1638 2169; x_wconf 83' lang='lat' dir='ltr'><strong>Et</strong></span> <span class='ocrx_word' id='word_1_673' title='bbox 1657 2142 1752 2168; x_wconf 77' lang='lat' dir='ltr'><strong>sancta</strong></span> <span class='ocrx_word' id='word_1_674' title='bbox 1781 2142 1869 2177; x_wconf 74' lang='lat' dir='ltr'><strong>igitur</strong></span> 
     </span>
    </p>
   </div>
   <div class='ocr_carea' id='block_1_89' title="bbox 1073 2187 1868 2220">
    <p class='ocr_par' dir='ltr' id='par_1_89' title="bbox 1073 2187 1868 2220">
     <span class='ocr_line' id='line_1_89' title="bbox 1073 2187 1868 2220; baseline 0.003 -6"><span class='ocrx_word' id='word_1_675' title='bbox 1073 2187 1197 2215; x_wconf 88' lang='lat' dir='ltr'><strong>Trinitas</strong></span> <span class='ocrx_word' id='word_1_676' title='bbox 1214 2195 1285 2215; x_wconf 88' lang='lat' dir='ltr'><strong>unus</strong></span> <span class='ocrx_word' id='word_1_677' title='bbox 1296 2187 1371 2214; x_wconf 83' lang='lat' dir='ltr'><strong>Deus</strong></span> <span class='ocrx_word' id='word_1_678' title='bbox 1384 2191 1428 2214; x_wconf 89' lang='lat' dir='ltr'><strong>est</strong></span> <span class='ocrx_word' id='word_1_679' title='bbox 1449 2187 1617 2220; x_wconf 82' lang='lat' dir='ltr'><strong>substantia,</strong></span> <span class='ocrx_word' id='word_1_680' title='bbox 1640 2194 1760 2214; x_wconf 81' lang='lat' dir='ltr'><strong>numero</strong></span> <span class='ocrx_word' id='word_1_681' title='bbox 1773 2190 1868 2216; x_wconf 71' lang='lat' dir='ltr'><strong>autem</strong></span> 
     </span>
    </p>
   </div>
   <div class='ocr_carea' id='block_1_90' title="bbox 1072 2233 1869 2268">
    <p class='ocr_par' dir='ltr' id='par_1_90' title="bbox 1072 2233 1869 2268">
     <span class='ocr_line' id='line_1_90' title="bbox 1072 2233 1869 2268; baseline 0.001 -7"><span class='ocrx_word' id='word_1_682' title='bbox 1072 2234 1195 2262; x_wconf 85' lang='lat' dir='ltr'><strong>Trinitas</strong></span> <span class='ocrx_word' id='word_1_683' title='bbox 1209 2233 1237 2260; x_wconf 90' lang='lat' dir='ltr'><strong>in</strong></span> <span class='ocrx_word' id='word_1_684' title='bbox 1250 2234 1341 2267; x_wconf 85' lang='lat' dir='ltr'><strong>Patre,</strong></span> <span class='ocrx_word' id='word_1_685' title='bbox 1357 2237 1386 2261; x_wconf 92' lang='lat' dir='ltr'><strong>et</strong></span> <span class='ocrx_word' id='word_1_686' title='bbox 1403 2233 1482 2266; x_wconf 76' lang='lat' dir='ltr'><strong>Filio,</strong></span> <span class='ocrx_word' id='word_1_687' title='bbox 1504 2238 1533 2260; x_wconf 88' lang='lat' dir='ltr'><strong>et</strong></span> <span class='ocrx_word' id='word_1_688' title='bbox 1545 2233 1650 2268; x_wconf 83' lang='lat' dir='ltr'><strong>Spiritu</strong></span> <span class='ocrx_word' id='word_1_689' title='bbox 1661 2238 1759 2262; x_wconf 82' lang='lat' dir='ltr'><strong>sancto</strong></span> <span class='ocrx_word' id='word_1_690' title='bbox 1767 2234 1869 2262; x_wconf 81' lang='lat' dir='ltr'><strong>adora-</strong></span> 
     </span>
    </p>
   </div>
   <div class='ocr_carea' id='block_1_91' title="bbox 228 2277 1867 2315">
    <p class='ocr_par' dir='ltr' id='par_1_91' title="bbox 228 2277 1867 2315">
     <span class='ocr_line' id='line_1_91' title="bbox 228 2277 1867 2315; baseline -0.007 -6"><span class='ocrx_word' id='word_1_691' title='bbox 228 2282 306 2310; x_wconf 86' lang='lat' dir='ltr'><strong>cuim</strong></span> <span class='ocrx_word' id='word_1_692' title='bbox 333 2281 410 2308; x_wconf 87' lang='lat' dir='ltr'><strong>videt</strong></span> <span class='ocrx_word' id='word_1_693' title='bbox 434 2280 543 2308; x_wconf 89' lang='lat' dir='ltr'><strong>Patrem</strong></span> <span class='ocrx_word' id='word_1_694' title='bbox 569 2278 730 2310; x_wconf 80' lang='lat' dir='ltr'><strong>facientem,</strong></span> <span class='ocrx_word' id='word_1_695' title='bbox 752 2277 819 2304; x_wconf 83' lang='lat' dir='ltr'><strong>facit</strong></span> <span class='ocrx_word' id='word_1_696' title='bbox 843 2277 945 2310; x_wconf 83' lang='lat' dir='ltr'><strong>Filius;</strong></span> <span class='ocrx_word' id='word_1_697' title='bbox 966 2284 1022 2304; x_wconf 79' lang='lat' dir='ltr'><strong>non</strong></span> <span class='ocrx_word' id='word_1_698' title='bbox 1039 2281 1061 2308; x_wconf 84' lang='lat' dir='ltr'><strong>D</strong></span> <span class='ocrx_word' id='word_1_699' title='bbox 1075 2285 1112 2313; x_wconf 59' lang='lat' dir='ltr'><strong>ta,</strong></span> <span class='ocrx_word' id='word_1_700' title='bbox 1125 2284 1153 2308; x_wconf 71' lang='grc' dir='ltr'><strong>ει</strong></span> <span class='ocrx_word' id='word_1_701' title='bbox 1173 2279 1339 2315; x_wconf 68' lang='grc' dir='ltr'><strong>ὁριζομένης</strong></span> <span class='ocrx_word' id='word_1_702' title='bbox 1356 2286 1501 2314; x_wconf 72' lang='lat' dir='ltr'><strong>nunquam</strong></span> <span class='ocrx_word' id='word_1_703' title='bbox 1514 2284 1611 2307; x_wconf 50' lang='lat' dir='ltr'><strong>autem</strong></span> <span class='ocrx_word' id='word_1_704' title='bbox 1624 2284 1767 2307; x_wconf 63' lang='lat' dir='ltr'><strong>conn-ma</strong></span> <span class='ocrx_word' id='word_1_705' title='bbox 1792 2280 1867 2308; x_wconf 70' lang='grc' dir='ltr'><strong>ίηιη</strong></span> 
     </span>
    </p>
   </div>
   <div class='ocr_carea' id='block_1_92' title="bbox 225 2323 646 2363">
    <p class='ocr_par' dir='ltr' id='par_1_92' title="bbox 225 2323 646 2363">
     <span class='ocr_line' id='line_1_92' title="bbox 225 2323 646 2363; baseline -0.012 -8"><span class='ocrx_word' id='word_1_706' title='bbox 225 2327 322 2363; x_wconf 73' lang='lat' dir='ltr'><strong>qualia</strong></span> <span class='ocrx_word' id='word_1_707' title='bbox 334 2326 410 2357; x_wconf 77' lang='lat' dir='ltr'><strong>facit,</strong></span> <span class='ocrx_word' id='word_1_708' title='bbox 423 2324 472 2352; x_wconf 90' lang='lat' dir='ltr'><strong>sed</strong></span> <span class='ocrx_word' id='word_1_709' title='bbox 493 2330 555 2359; x_wconf 62' lang='lat' dir='ltr'><strong>qua:</strong></span> <span class='ocrx_word' id='word_1_710' title='bbox 571 2323 646 2351; x_wconf 83' lang='lat' dir='ltr'><strong>facit.</strong></span> 
     </span>
    </p>
   </div>
   <div class='ocr_carea' id='block_1_93' title="bbox 265 2369 1021 2405">
    <p class='ocr_par' dir='ltr' id='par_1_93' title="bbox 265 2369 1021 2405">
     <span class='ocr_line' id='line_1_93' title="bbox 265 2369 1021 2405; baseline -0.005 -5"><span class='ocrx_word' id='word_1_711' title='bbox 265 2373 300 2401; x_wconf 82' lang='grc' dir='ltr'><strong>Χ.</strong></span> <span class='ocrx_word' id='word_1_712' title='bbox 319 2372 395 2400; x_wconf 87' lang='lat' dir='ltr'><strong>Idem</strong></span> <span class='ocrx_word' id='word_1_713' title='bbox 410 2372 444 2398; x_wconf 86' lang='lat' dir='ltr'><strong>de</strong></span> <span class='ocrx_word' id='word_1_714' title='bbox 458 2371 564 2405; x_wconf 88' lang='lat' dir='ltr'><strong>Spiritu</strong></span> <span class='ocrx_word' id='word_1_715' title='bbox 582 2375 679 2397; x_wconf 84' lang='lat' dir='ltr'><strong>saneto</strong></span> <span class='ocrx_word' id='word_1_716' title='bbox 692 2373 720 2397; x_wconf 92' lang='lat' dir='ltr'><strong>et</strong></span> <span class='ocrx_word' id='word_1_717' title='bbox 739 2370 880 2397; x_wconf 85' lang='lat' dir='ltr'><strong>credimus</strong></span> <span class='ocrx_word' id='word_1_718' title='bbox 890 2373 919 2397; x_wconf 88' lang='lat' dir='ltr'><strong>et</strong></span> <span class='ocrx_word' id='word_1_719' title='bbox 933 2369 1021 2396; x_wconf 84' lang='lat' dir='ltr'><strong>conﬂ-</strong></span> 
     </span>
    </p>
   </div>
   <div class='ocr_carea' id='block_1_94' title="bbox 228 2416 1021 2450">
    <p class='ocr_par' dir='ltr' id='par_1_94' title="bbox 228 2416 1021 2450">
     <span class='ocr_line' id='line_1_94' title="bbox 228 2416 1021 2450; baseline -0.005 -3"><span class='ocrx_word' id='word_1_720' title='bbox 228 2425 332 2450; x_wconf 76' lang='lat' dir='ltr'><strong>tcmur,</strong></span> <span class='ocrx_word' id='word_1_721' title='bbox 347 2425 408 2445; x_wconf 86' lang='lat' dir='ltr'><strong>esse</strong></span> <span class='ocrx_word' id='word_1_722' title='bbox 424 2417 531 2444; x_wconf 85' lang='lat' dir='ltr'><strong>scilicet</strong></span> <span class='ocrx_word' id='word_1_723' title='bbox 542 2416 809 2444; x_wconf 81' lang='lat' dir='ltr'><strong>consubstantialem</strong></span> <span class='ocrx_word' id='word_1_724' title='bbox 823 2416 896 2444; x_wconf 83' lang='lat' dir='ltr'><strong>Patri</strong></span> <span class='ocrx_word' id='word_1_725' title='bbox 908 2420 936 2443; x_wconf 89' lang='lat' dir='ltr'><strong>et</strong></span> <span class='ocrx_word' id='word_1_726' title='bbox 951 2416 1021 2443; x_wconf 86' lang='lat' dir='ltr'><strong>Filio</strong></span> 
     </span>
    </p>
   </div>
   <div class='ocr_carea' id='block_1_95' title="bbox 227 2462 1020 2498">
    <p class='ocr_par' dir='ltr' id='par_1_95' title="bbox 227 2462 1020 2498">
     <span class='ocr_line' id='line_1_95' title="bbox 227 2462 1020 2498; baseline -0.004 -6"><span class='ocrx_word' id='word_1_727' title='bbox 227 2468 448 2496; x_wconf 74' lang='lat' dir='ltr'><strong>ctcoaetcrnum,</strong></span> <span class='ocrx_word' id='word_1_728' title='bbox 465 2467 561 2498; x_wconf 87' lang='lat' dir='ltr'><strong>utpote</strong></span> <span class='ocrx_word' id='word_1_729' title='bbox 575 2469 685 2498; x_wconf 88' lang='lat' dir='ltr'><strong>semper</strong></span> <span class='ocrx_word' id='word_1_730' title='bbox 702 2463 913 2490; x_wconf 73' lang='lat' dir='ltr'><strong>eoexsistentem</strong></span> <span class='ocrx_word' id='word_1_731' title='bbox 925 2471 932 2489; x_wconf 91' lang='lat'><strong>:</strong></span> <span class='ocrx_word' id='word_1_732' title='bbox 945 2462 1020 2497; x_wconf 86' lang='lat' dir='ltr'><strong>quod</strong></span> 
     </span>
    </p>
   </div>
   <div class='ocr_carea' id='block_1_96' title="bbox 227 2508 1018 2543">
    <p class='ocr_par' dir='ltr' id='par_1_96' title="bbox 227 2508 1018 2543">
     <span class='ocr_line' id='line_1_96' title="bbox 227 2508 1018 2543; baseline -0.006 -4"><span class='ocrx_word' id='word_1_733' title='bbox 227 2512 305 2539; x_wconf 85' lang='lat' dir='ltr'><strong>enim</strong></span> <span class='ocrx_word' id='word_1_734' title='bbox 317 2515 364 2538; x_wconf 84' lang='lat' dir='ltr'><strong>est</strong></span> <span class='ocrx_word' id='word_1_735' title='bbox 384 2509 537 2537; x_wconf 90' lang='lat' dir='ltr'><strong>secundum</strong></span> <span class='ocrx_word' id='word_1_736' title='bbox 551 2509 737 2537; x_wconf 89' lang='lat' dir='ltr'><strong>substantiam</strong></span> <span class='ocrx_word' id='word_1_737' title='bbox 752 2509 832 2536; x_wconf 89' lang='lat' dir='ltr'><strong>Pater</strong></span> <span class='ocrx_word' id='word_1_738' title='bbox 847 2508 895 2543; x_wconf 93' lang='lat' dir='ltr'><strong>qui</strong></span> <span class='ocrx_word' id='word_1_739' title='bbox 912 2508 1018 2543; x_wconf 75' lang='lat' dir='ltr'><strong>genuit,</strong></span> 
     </span>
    </p>
   </div>
   <div class='ocr_carea' id='block_1_97' title="bbox 228 2553 1021 2590">
    <p class='ocr_par' dir='ltr' id='par_1_97' title="bbox 228 2553 1021 2590">
     <span class='ocr_line' id='line_1_97' title="bbox 228 2553 1021 2590; baseline -0.004 -6"><span class='ocrx_word' id='word_1_740' title='bbox 228 2557 358 2584; x_wconf 80' lang='lat' dir='ltr'><strong>etFilius</strong></span> <span class='ocrx_word' id='word_1_741' title='bbox 372 2555 420 2590; x_wconf 92' lang='lat' dir='ltr'><strong>qui</strong></span> <span class='ocrx_word' id='word_1_742' title='bbox 444 2555 556 2590; x_wconf 75' lang='lat' dir='ltr'><strong>genitus</strong></span> <span class='ocrx_word' id='word_1_743' title='bbox 570 2558 624 2587; x_wconf 90' lang='lat' dir='ltr'><strong>est,</strong></span> <span class='ocrx_word' id='word_1_744' title='bbox 648 2553 702 2581; x_wconf 85' lang='lat' dir='ltr'><strong>hoc</strong></span> <span class='ocrx_word' id='word_1_745' title='bbox 719 2554 809 2589; x_wconf 89' lang='lat' dir='ltr'><strong>ipsum</strong></span> <span class='ocrx_word' id='word_1_746' title='bbox 834 2557 877 2580; x_wconf 85' lang='lat' dir='ltr'><strong>est</strong></span> <span class='ocrx_word' id='word_1_747' title='bbox 900 2553 1021 2588; x_wconf 82' lang='lat' dir='ltr'><strong>Spiritus</strong></span> 
     </span>
    </p>
   </div>
   <div class='ocr_carea' id='block_1_98' title="bbox 230 2598 1022 2635">
    <p class='ocr_par' dir='ltr' id='par_1_98' title="bbox 230 2598 1022 2635">
     <span class='ocr_line' id='line_1_98' title="bbox 230 2598 1022 2635; baseline -0.005 -5"><span class='ocrx_word' id='word_1_748' title='bbox 230 2607 362 2635; x_wconf 78' lang='lat' dir='ltr'><strong>sanctus;</strong></span> <span class='ocrx_word' id='word_1_749' title='bbox 377 2606 406 2629; x_wconf 88' lang='lat' dir='ltr'><strong>et</strong></span> <span class='ocrx_word' id='word_1_750' title='bbox 417 2602 490 2629; x_wconf 87' lang='lat' dir='ltr'><strong>sicut</strong></span> <span class='ocrx_word' id='word_1_751' title='bbox 517 2601 606 2628; x_wconf 86' lang='lat' dir='ltr'><strong>Filius</strong></span> <span class='ocrx_word' id='word_1_752' title='bbox 617 2608 651 2628; x_wconf 80' lang='lat' dir='ltr'><strong>ex</strong></span> <span class='ocrx_word' id='word_1_753' title='bbox 674 2600 766 2631; x_wconf 86' lang='lat' dir='ltr'><strong>Patre,</strong></span> <span class='ocrx_word' id='word_1_754' title='bbox 784 2598 825 2626; x_wconf 88' lang='lat' dir='ltr'><strong>sic</strong></span> <span class='ocrx_word' id='word_1_755' title='bbox 845 2603 874 2625; x_wconf 89' lang='lat' dir='ltr'><strong>et</strong></span> <span class='ocrx_word' id='word_1_756' title='bbox 900 2598 1022 2633; x_wconf 87' lang='lat' dir='ltr'><strong>Spiritus</strong></span> 
     </span>
    </p>
   </div>
   <div class='ocr_carea' id='block_1_99' title="bbox 229 2645 1020 2682">
    <p class='ocr_par' dir='ltr' id='par_1_99' title="bbox 229 2645 1020 2682">
     <span class='ocr_line' id='line_1_99' title="bbox 229 2645 1020 2682; baseline -0.009 -4"><span class='ocrx_word' id='word_1_757' title='bbox 229 2654 346 2678; x_wconf 76' lang='lat' dir='ltr'><strong>sanctus</strong></span> <span class='ocrx_word' id='word_1_758' title='bbox 355 2656 390 2676; x_wconf 84' lang='lat' dir='ltr'><strong>ex</strong></span> <span class='ocrx_word' id='word_1_759' title='bbox 403 2648 477 2676; x_wconf 88' lang='lat' dir='ltr'><strong>Deo:</strong></span> <span class='ocrx_word' id='word_1_760' title='bbox 489 2647 535 2675; x_wconf 84' lang='lat' dir='ltr'><strong>ille</strong></span> <span class='ocrx_word' id='word_1_761' title='bbox 543 2646 655 2682; x_wconf 84' lang='lat' dir='ltr'><strong>quidem</strong></span> <span class='ocrx_word' id='word_1_762' title='bbox 664 2645 787 2681; x_wconf 78' lang='lat' dir='ltr'><strong>genitus,</strong></span> <span class='ocrx_word' id='word_1_763' title='bbox 803 2650 829 2672; x_wconf 86' lang='lat' dir='ltr'><strong>et</strong></span> <span class='ocrx_word' id='word_1_764' title='bbox 844 2645 907 2672; x_wconf 91' lang='lat' dir='ltr'><strong>ideo</strong></span> <span class='ocrx_word' id='word_1_765' title='bbox 920 2645 1020 2678; x_wconf 80' lang='lat' dir='ltr'><strong>Filius;</strong></span> 
     </span>
    </p>
   </div>
   <div class='ocr_carea' id='block_1_100' title="bbox 231 2690 1022 2730">
    <p class='ocr_par' dir='ltr' id='par_1_100' title="bbox 231 2690 1022 2730">
     <span class='ocr_line' id='line_1_100' title="bbox 231 2690 1022 2730; baseline -0.004 -8"><span class='ocrx_word' id='word_1_766' title='bbox 231 2695 278 2723; x_wconf 90' lang='lat' dir='ltr'><strong>hic</strong></span> <span class='ocrx_word' id='word_1_767' title='bbox 289 2698 381 2722; x_wconf 85' lang='lat' dir='ltr'><strong>autem</strong></span> <span class='ocrx_word' id='word_1_768' title='bbox 409 2693 572 2730; x_wconf 77' lang='lat' dir='ltr'><strong>procedens,</strong></span> <span class='ocrx_word' id='word_1_769' title='bbox 597 2697 625 2719; x_wconf 86' lang='lat' dir='ltr'><strong>et</strong></span> <span class='ocrx_word' id='word_1_770' title='bbox 639 2695 682 2719; x_wconf 85' lang='lat' dir='ltr'><strong>est</strong></span> <span class='ocrx_word' id='word_1_771' title='bbox 704 2690 839 2726; x_wconf 90' lang='lat' dir='ltr'><strong>Spiritus:</strong></span> <span class='ocrx_word' id='word_1_772' title='bbox 859 2691 901 2718; x_wconf 87' lang='lat' dir='ltr'><strong>vel</strong></span> <span class='ocrx_word' id='word_1_773' title='bbox 929 2692 1022 2726; x_wconf 89' lang='lat' dir='ltr'><strong>potius</strong></span> 
     </span>
    </p>
   </div>
   <div class='ocr_carea' id='block_1_101' title="bbox 230 2736 1021 2772">
    <p class='ocr_par' dir='ltr' id='par_1_101' title="bbox 230 2736 1021 2772">
     <span class='ocr_line' id='line_1_101' title="bbox 230 2736 1021 2772; baseline -0.006 -4"><span class='ocrx_word' id='word_1_774' title='bbox 230 2739 380 2768; x_wconf 80' lang='lat' dir='ltr'><strong>dicendum</strong></span> <span class='ocrx_word' id='word_1_775' title='bbox 393 2742 447 2771; x_wconf 86' lang='lat' dir='ltr'><strong>est,</strong></span> <span class='ocrx_word' id='word_1_776' title='bbox 464 2738 542 2766; x_wconf 88' lang='lat' dir='ltr'><strong>illum</strong></span> <span class='ocrx_word' id='word_1_777' title='bbox 552 2736 664 2772; x_wconf 85' lang='lat' dir='ltr'><strong>quidem</strong></span> <span class='ocrx_word' id='word_1_778' title='bbox 679 2736 823 2772; x_wconf 79' lang='lat' dir='ltr'><strong>generari,</strong></span> <span class='ocrx_word' id='word_1_779' title='bbox 836 2736 1021 2764; x_wconf 70' lang='lat' dir='ltr'><strong>hunc‘autcm</strong></span> 
     </span>
    </p>
   </div>
   <div class='ocr_carea' id='block_1_102' title="bbox 269 2793 1029 2829">
    <p class='ocr_par' dir='ltr' id='par_1_102' title="bbox 269 2793 1029 2829">
     <span class='ocr_line' id='line_1_102' title="bbox 269 2793 1029 2829; baseline -0.004 -4"><span class='ocrx_word' id='word_1_780' title='bbox 269 2797 290 2814; x_wconf 84' lang='lat'>&quot;</span> <span class='ocrx_word' id='word_1_781' title='bbox 300 2797 380 2825; x_wconf 87' lang='lat' dir='ltr'><strong>Joan.</strong></span> <span class='ocrx_word' id='word_1_782' title='bbox 392 2806 421 2829; x_wconf 73' lang='grc' dir='ltr'><strong>ι,</strong></span> <span class='ocrx_word' id='word_1_783' title='bbox 436 2796 481 2825; x_wconf 77' lang='lat'><strong>36.</strong></span> <span class='ocrx_word' id='word_1_784' title='bbox 521 2796 543 2812; x_wconf 83' lang='grc'><strong>¹⁷</strong></span> <span class='ocrx_word' id='word_1_785' title='bbox 552 2795 621 2823; x_wconf 88' lang='lat' dir='ltr'><strong>ibid.</strong></span> <span class='ocrx_word' id='word_1_786' title='bbox 638 2793 731 2822; x_wconf 80' lang='lat'><strong>57-58.</strong></span> <span class='ocrx_word' id='word_1_787' title='bbox 788 2795 809 2811; x_wconf 86' lang='grc'><strong>¹¹¹</strong></span> <span class='ocrx_word' id='word_1_788' title='bbox 821 2795 903 2822; x_wconf 88' lang='lat' dir='ltr'><strong>Prov.</strong></span> <span class='ocrx_word' id='word_1_789' title='bbox 915 2803 971 2829; x_wconf 82' lang='lat' dir='ltr'><strong>vui,</strong></span> <span class='ocrx_word' id='word_1_790' title='bbox 984 2795 1029 2822; x_wconf 74' lang='lat'><strong>25.</strong></span> 
     </span>
    </p>
   </div>
   <div class='ocr_carea' id='block_1_103' title="bbox 232 2830 862 2865">
    <p class='ocr_par' dir='ltr' id='par_1_103' title="bbox 232 2830 862 2865">
     <span class='ocr_line' id='line_1_103' title="bbox 232 2830 862 2865; baseline -0.006 -4"><span class='ocrx_word' id='word_1_791' title='bbox 232 2833 277 2862; x_wconf 75' lang='grc'><strong>26.</strong></span> <span class='ocrx_word' id='word_1_792' title='bbox 317 2834 338 2849; x_wconf 81' lang='grc'><strong>¹¹</strong></span> <span class='ocrx_word' id='word_1_793' title='bbox 350 2833 430 2861; x_wconf 69' lang='lat' dir='ltr'><strong>toan.</strong></span> <span class='ocrx_word' id='word_1_794' title='bbox 456 2840 494 2865; x_wconf 87' lang='lat' dir='ltr'><strong>tv,</strong></span> <span class='ocrx_word' id='word_1_795' title='bbox 517 2831 564 2858; x_wconf 73' lang='grc'><strong>24.</strong></span> <span class='ocrx_word' id='word_1_796' title='bbox 602 2831 625 2847; x_wconf 77' lang='grc'><strong><em>⁸³</em></strong></span> <span class='ocrx_word' id='word_1_797' title='bbox 640 2830 795 2863; x_wconf 78' lang='lat' dir='ltr'><strong>Thren.tv,</strong></span> <span class='ocrx_word' id='word_1_798' title='bbox 818 2830 862 2858; x_wconf 73' lang='lat'><strong>20.</strong></span> 
     </span>
    </p>
   </div>
   <div class='ocr_carea' id='block_1_104' title="bbox 1075 2325 1868 2358">
    <p class='ocr_par' dir='ltr' id='par_1_104' title="bbox 1075 2325 1868 2358">
     <span class='ocr_line' id='line_1_104' title="bbox 1075 2325 1868 2358; baseline 0.001 -4"><span class='ocrx_word' id='word_1_799' title='bbox 1075 2327 1257 2358; x_wconf 66' lang='lat' dir='ltr'><strong>Trinitatem,</strong></span> <span class='ocrx_word' id='word_1_800' title='bbox 1278 2330 1331 2354; x_wconf 74' lang='lat' dir='ltr'><strong>nec</strong></span> <span class='ocrx_word' id='word_1_801' title='bbox 1354 2326 1416 2354; x_wconf 74' lang='lat' dir='ltr'><strong>fusa</strong></span> <span class='ocrx_word' id='word_1_802' title='bbox 1434 2329 1511 2353; x_wconf 81' lang='lat' dir='ltr'><strong>extra</strong></span> <span class='ocrx_word' id='word_1_803' title='bbox 1540 2325 1611 2353; x_wconf 79' lang='lat' dir='ltr'><strong>hanc</strong></span> <span class='ocrx_word' id='word_1_804' title='bbox 1621 2325 1656 2353; x_wconf 80' lang='lat' dir='ltr'><strong>ad</strong></span> <span class='ocrx_word' id='word_1_805' title='bbox 1669 2325 1755 2353; x_wconf 72' lang='lat' dir='ltr'><strong>stium</strong></span> <span class='ocrx_word' id='word_1_806' title='bbox 1769 2332 1868 2355; x_wconf 72' lang='lat' dir='ltr'><strong>nume-</strong></span> 
     </span>
    </p>
   </div>
   <div class='ocr_carea' id='block_1_105' title="bbox 1073 2370 1866 2407">
    <p class='ocr_par' dir='ltr' id='par_1_105' title="bbox 1073 2370 1866 2407">
     <span class='ocr_line' id='line_1_105' title="bbox 1073 2370 1866 2407; baseline 0 -7"><span class='ocrx_word' id='word_1_807' title='bbox 1073 2379 1154 2405; x_wconf 89' lang='lat' dir='ltr'><strong>rum;</strong></span> <span class='ocrx_word' id='word_1_808' title='bbox 1172 2379 1228 2399; x_wconf 92' lang='lat' dir='ltr'><strong>non</strong></span> <span class='ocrx_word' id='word_1_809' title='bbox 1247 2371 1322 2399; x_wconf 88' lang='lat' dir='ltr'><strong>enim</strong></span> <span class='ocrx_word' id='word_1_810' title='bbox 1335 2371 1376 2399; x_wconf 85' lang='lat' dir='ltr'><strong>l&#39;as</strong></span> <span class='ocrx_word' id='word_1_811' title='bbox 1392 2371 1434 2398; x_wconf 85' lang='lat' dir='ltr'><strong>est</strong></span> <span class='ocrx_word' id='word_1_812' title='bbox 1454 2374 1502 2398; x_wconf 82' lang='lat' dir='ltr'><strong>aut</strong></span> <span class='ocrx_word' id='word_1_813' title='bbox 1516 2370 1681 2398; x_wconf 83' lang='lat' dir='ltr'><strong>dualitatem</strong></span> <span class='ocrx_word' id='word_1_814' title='bbox 1699 2371 1866 2407; x_wconf 74' lang='lat' dir='ltr'><strong>intelligere,</strong></span> 
     </span>
    </p>
   </div>
   <div class='ocr_carea' id='block_1_106' title="bbox 1073 2413 1866 2452">
    <p class='ocr_par' dir='ltr' id='par_1_106' title="bbox 1073 2413 1866 2452">
     <span class='ocr_line' id='line_1_106' title="bbox 1073 2413 1866 2452; baseline 0 -9"><span class='ocrx_word' id='word_1_815' title='bbox 1073 2420 1121 2443; x_wconf 84' lang='lat' dir='ltr'><strong>aut</strong></span> <span class='ocrx_word' id='word_1_816' title='bbox 1131 2415 1348 2450; x_wconf 72' lang='lat' dir='ltr'><strong>quaternitatem</strong></span> <span class='ocrx_word' id='word_1_817' title='bbox 1374 2413 1564 2447; x_wconf 75' lang='lat' dir='ltr'><strong>introducere,</strong></span> <span class='ocrx_word' id='word_1_818' title='bbox 1592 2418 1642 2441; x_wconf 86' lang='lat' dir='ltr'><strong>aut</strong></span> <span class='ocrx_word' id='word_1_819' title='bbox 1657 2418 1720 2441; x_wconf 83' lang='lat' dir='ltr'><strong>cum</strong></span> <span class='ocrx_word' id='word_1_820' title='bbox 1739 2415 1794 2442; x_wconf 92' lang='lat' dir='ltr'><strong>hoc</strong></span> <span class='ocrx_word' id='word_1_821' title='bbox 1806 2424 1866 2452; x_wconf 47' lang='lat' dir='ltr'><strong>my.</strong></span> 
     </span>
    </p>
   </div>
   <div class='ocr_carea' id='block_1_107' title="bbox 1073 2460 1867 2496">
    <p class='ocr_par' dir='ltr' id='par_1_107' title="bbox 1073 2460 1867 2496">
     <span class='ocr_line' id='line_1_107' title="bbox 1073 2460 1867 2496; baseline 0.001 -7"><span class='ocrx_word' id='word_1_822' title='bbox 1073 2462 1143 2489; x_wconf 82' lang='lat' dir='ltr'><strong>stico</strong></span> <span class='ocrx_word' id='word_1_823' title='bbox 1166 2465 1269 2489; x_wconf 70' lang='lat' dir='ltr'><strong>sanctae</strong></span> <span class='ocrx_word' id='word_1_824' title='bbox 1299 2460 1443 2488; x_wconf 87' lang='lat' dir='ltr'><strong>Trinitatis</strong></span> <span class='ocrx_word' id='word_1_825' title='bbox 1467 2467 1587 2488; x_wconf 79' lang='lat' dir='ltr'><strong>numero</strong></span> <span class='ocrx_word' id='word_1_826' title='bbox 1608 2461 1790 2496; x_wconf 71' lang='lat' dir='ltr'><strong>conjungere,</strong></span> <span class='ocrx_word' id='word_1_827' title='bbox 1819 2465 1867 2490; x_wconf 83' lang='lat' dir='ltr'><strong>aut</strong></span> 
     </span>
    </p>
   </div>
   <div class='ocr_carea' id='block_1_108' title="bbox 1073 2506 1865 2544">
    <p class='ocr_par' dir='ltr' id='par_1_108' title="bbox 1073 2506 1865 2544">
     <span class='ocr_line' id='line_1_108' title="bbox 1073 2506 1865 2544; baseline 0.001 -9"><span class='ocrx_word' id='word_1_828' title='bbox 1073 2507 1178 2542; x_wconf 88' lang='lat' dir='ltr'><strong>aliquid</strong></span> <span class='ocrx_word' id='word_1_829' title='bbox 1202 2515 1235 2535; x_wconf 79' lang='lat' dir='ltr'><strong>ex</strong></span> <span class='ocrx_word' id='word_1_830' title='bbox 1254 2515 1287 2534; x_wconf 88' lang='lat' dir='ltr'><strong>eo</strong></span> <span class='ocrx_word' id='word_1_831' title='bbox 1298 2507 1420 2534; x_wconf 82' lang='lat' dir='ltr'><strong>demere.</strong></span> <span class='ocrx_word' id='word_1_832' title='bbox 1441 2506 1564 2534; x_wconf 82' lang='lat' dir='ltr'><strong>Trinitas</strong></span> <span class='ocrx_word' id='word_1_833' title='bbox 1583 2506 1660 2534; x_wconf 86' lang='lat' dir='ltr'><strong>enim</strong></span> <span class='ocrx_word' id='word_1_834' title='bbox 1673 2511 1716 2534; x_wconf 72' lang='lat' dir='ltr'><strong>est</strong></span> <span class='ocrx_word' id='word_1_835' title='bbox 1745 2514 1865 2544; x_wconf 84' lang='lat' dir='ltr'><strong>semper,</strong></span> 
     </span>
    </p>
   </div>
   <div class='ocr_carea' id='block_1_109' title="bbox 1075 2552 1868 2587">
    <p class='ocr_par' dir='ltr' id='par_1_109' title="bbox 1075 2552 1868 2587">
     <span class='ocr_line' id='line_1_109' title="bbox 1075 2552 1868 2587; baseline 0.005 -7"><span class='ocrx_word' id='word_1_836' title='bbox 1075 2557 1132 2580; x_wconf 88' lang='lat' dir='ltr'><strong>tota</strong></span> <span class='ocrx_word' id='word_1_837' title='bbox 1145 2553 1276 2586; x_wconf 83' lang='lat' dir='ltr'><strong>creatrix,</strong></span> <span class='ocrx_word' id='word_1_838' title='bbox 1304 2556 1363 2580; x_wconf 83' lang='lat' dir='ltr'><strong>tota</strong></span> <span class='ocrx_word' id='word_1_839' title='bbox 1382 2552 1535 2584; x_wconf 85' lang='lat' dir='ltr'><strong>adoranda,</strong></span> <span class='ocrx_word' id='word_1_840' title='bbox 1562 2558 1699 2580; x_wconf 69' lang='lat' dir='ltr'><strong>coaeterna</strong></span> <span class='ocrx_word' id='word_1_841' title='bbox 1722 2554 1788 2587; x_wconf 76' lang='lat' dir='ltr'><strong>sibi,</strong></span> <span class='ocrx_word' id='word_1_842' title='bbox 1809 2555 1868 2584; x_wconf 74' lang='lat' dir='ltr'><strong>sola</strong></span> 
     </span>
    </p>
   </div>
   <div class='ocr_carea' id='block_1_110' title="bbox 1076 2599 1868 2631">
    <p class='ocr_par' dir='ltr' id='par_1_110' title="bbox 1076 2599 1868 2631">
     <span class='ocr_line' id='line_1_110' title="bbox 1076 2599 1868 2631; baseline 0.004 -5"><span class='ocrx_word' id='word_1_843' title='bbox 1076 2599 1216 2626; x_wconf 86' lang='lat' dir='ltr'><strong>increata:</strong></span> <span class='ocrx_word' id='word_1_844' title='bbox 1231 2603 1309 2626; x_wconf 87' lang='lat' dir='ltr'><strong>creat</strong></span> <span class='ocrx_word' id='word_1_845' title='bbox 1331 2599 1416 2631; x_wconf 86' lang='lat' dir='ltr'><strong>enim,</strong></span> <span class='ocrx_word' id='word_1_846' title='bbox 1436 2605 1491 2625; x_wconf 93' lang='lat' dir='ltr'><strong>non</strong></span> <span class='ocrx_word' id='word_1_847' title='bbox 1522 2602 1646 2625; x_wconf 79' lang='lat' dir='ltr'><strong>creatur:</strong></span> <span class='ocrx_word' id='word_1_848' title='bbox 1661 2599 1730 2627; x_wconf 93' lang='lat' dir='ltr'><strong>nihil</strong></span> <span class='ocrx_word' id='word_1_849' title='bbox 1744 2607 1779 2628; x_wconf 83' lang='lat' dir='ltr'><strong>ea</strong></span> <span class='ocrx_word' id='word_1_850' title='bbox 1797 2602 1868 2628; x_wconf 84' lang='lat' dir='ltr'><strong>anti-</strong></span> 
     </span>
    </p>
   </div>
   <div class='ocr_carea' id='block_1_111' title="bbox 1075 2643 1868 2681">
    <p class='ocr_par' dir='ltr' id='par_1_111' title="bbox 1075 2643 1868 2681">
     <span class='ocr_line' id='line_1_111' title="bbox 1075 2643 1868 2681; baseline 0.004 -10"><span class='ocrx_word' id='word_1_851' title='bbox 1075 2645 1169 2679; x_wconf 89' lang='lat' dir='ltr'><strong>quius,</strong></span> <span class='ocrx_word' id='word_1_852' title='bbox 1182 2648 1229 2672; x_wconf 90' lang='lat' dir='ltr'><strong>aut</strong></span> <span class='ocrx_word' id='word_1_853' title='bbox 1244 2644 1382 2679; x_wconf 87' lang='lat' dir='ltr'><strong>posterius</strong></span> <span class='ocrx_word' id='word_1_854' title='bbox 1396 2652 1403 2669; x_wconf 87' lang='lat'><strong>:</strong></span> <span class='ocrx_word' id='word_1_855' title='bbox 1418 2643 1485 2670; x_wconf 93' lang='lat' dir='ltr'><strong>illud</strong></span> <span class='ocrx_word' id='word_1_856' title='bbox 1496 2643 1570 2670; x_wconf 86' lang='lat' dir='ltr'><strong>enim</strong></span> <span class='ocrx_word' id='word_1_857' title='bbox 1583 2648 1646 2671; x_wconf 83' lang='lat' dir='ltr'><strong>ante</strong></span> <span class='ocrx_word' id='word_1_858' title='bbox 1656 2649 1764 2680; x_wconf 77' lang='lat' dir='ltr'><strong>etpost,</strong></span> <span class='ocrx_word' id='word_1_859' title='bbox 1774 2651 1868 2681; x_wconf 80' lang='lat' dir='ltr'><strong>partes</strong></span> 
     </span>
    </p>
   </div>
   <div class='ocr_carea' id='block_1_112' title="bbox 1076 2690 1868 2725">
    <p class='ocr_par' dir='ltr' id='par_1_112' title="bbox 1076 2690 1868 2725">
     <span class='ocr_line' id='line_1_112' title="bbox 1076 2690 1868 2725; baseline 0.003 -7"><span class='ocrx_word' id='word_1_860' title='bbox 1076 2691 1210 2725; x_wconf 84' lang='lat' dir='ltr'><strong>temporis</strong></span> <span class='ocrx_word' id='word_1_861' title='bbox 1220 2695 1302 2723; x_wconf 88' lang='lat' dir='ltr'><strong>sunt;</strong></span> <span class='ocrx_word' id='word_1_862' title='bbox 1315 2690 1389 2717; x_wconf 84' lang='lat' dir='ltr'><strong>Deus</strong></span> <span class='ocrx_word' id='word_1_863' title='bbox 1404 2693 1495 2716; x_wconf 85' lang='lat' dir='ltr'><strong>autem</strong></span> <span class='ocrx_word' id='word_1_864' title='bbox 1509 2693 1665 2724; x_wconf 79' lang='lat' dir='ltr'><strong>temporum</strong></span> <span class='ocrx_word' id='word_1_865' title='bbox 1677 2695 1793 2718; x_wconf 85' lang='lat' dir='ltr'><strong>auctor:</strong></span> <span class='ocrx_word' id='word_1_866' title='bbox 1812 2700 1868 2720; x_wconf 80' lang='lat' dir='ltr'><strong>non</strong></span> 
     </span>
    </p>
   </div>
   <div class='ocr_carea' id='block_1_113' title="bbox 1076 2734 1868 2771">
    <p class='ocr_par' dir='ltr' id='par_1_113' title="bbox 1076 2734 1868 2771">
     <span class='ocr_line' id='line_1_113' title="bbox 1076 2734 1868 2771; baseline 0.003 -8"><span class='ocrx_word' id='word_1_867' title='bbox 1076 2737 1152 2764; x_wconf 90' lang='lat' dir='ltr'><strong>enim</strong></span> <span class='ocrx_word' id='word_1_868' title='bbox 1165 2736 1216 2764; x_wconf 86' lang='lat' dir='ltr'><strong>sub</strong></span> <span class='ocrx_word' id='word_1_869' title='bbox 1232 2740 1357 2771; x_wconf 88' lang='lat' dir='ltr'><strong>tempore</strong></span> <span class='ocrx_word' id='word_1_870' title='bbox 1370 2741 1428 2763; x_wconf 82' lang='lat' dir='ltr'><strong>est:</strong></span> <span class='ocrx_word' id='word_1_871' title='bbox 1454 2734 1625 2770; x_wconf 81' lang='lat' dir='ltr'><strong>impossibile</strong></span> <span class='ocrx_word' id='word_1_872' title='bbox 1647 2740 1796 2764; x_wconf 81' lang='lat' dir='ltr'><strong>autemest</strong></span> <span class='ocrx_word' id='word_1_873' title='bbox 1815 2738 1868 2765; x_wconf 84' lang='lat' dir='ltr'><strong>ali-</strong></span> 
     </span>
    </p>
   </div>
   <div class='ocr_carea' id='block_1_114' title="bbox 1086 2791 1865 2830">
    <p class='ocr_par' dir='ltr' id='par_1_114' title="bbox 1086 2791 1865 2830">
     <span class='ocr_line' id='line_1_114' title="bbox 1086 2791 1865 2830; baseline 0.004 -8"><span class='ocrx_word' id='word_1_874' title='bbox 1086 2794 1108 2811; x_wconf 88' lang='grc'><strong>¹⁹</strong></span> <span class='ocrx_word' id='word_1_875' title='bbox 1125 2794 1205 2822; x_wconf 86' lang='lat' dir='ltr'><strong>Joan.</strong></span> <span class='ocrx_word' id='word_1_876' title='bbox 1219 2802 1265 2827; x_wconf 77' lang='lat' dir='ltr'><strong>xv,</strong></span> <span class='ocrx_word' id='word_1_877' title='bbox 1279 2793 1324 2822; x_wconf 76' lang='lat'><strong>26.</strong></span> <span class='ocrx_word' id='word_1_878' title='bbox 1381 2791 1405 2810; x_wconf 79' lang='grc'><strong>’⁸</strong></span> <span class='ocrx_word' id='word_1_879' title='bbox 1417 2793 1498 2822; x_wconf 85' lang='lat' dir='ltr'><strong>Joan.</strong></span> <span class='ocrx_word' id='word_1_880' title='bbox 1511 2801 1567 2828; x_wconf 78' lang='lat' dir='ltr'><strong>xw,</strong></span> <span class='ocrx_word' id='word_1_881' title='bbox 1585 2794 1630 2822; x_wconf 75' lang='lat'><strong>27.</strong></span> <span class='ocrx_word' id='word_1_882' title='bbox 1685 2794 1706 2812; x_wconf 85' lang='lat'>“</span> <span class='ocrx_word' id='word_1_883' title='bbox 1721 2795 1803 2824; x_wconf 82' lang='lat' dir='ltr'><strong>Juan.</strong></span> <span class='ocrx_word' id='word_1_884' title='bbox 1821 2804 1865 2830; x_wconf 78' lang='lat' dir='ltr'><strong>xv,</strong></span> 
     </span>
    </p>
   </div>
   <div class='ocr_carea' id='block_1_115' title="bbox 872 2887 1216 2916">
    <p class='ocr_par' dir='ltr' id='par_1_115' title="bbox 872 2887 1216 2916">
     <span class='ocr_line' id='line_1_115' title="bbox 872 2887 1216 2916; baseline 0.006 -2"><span class='ocrx_word' id='word_1_885' title='bbox 872 2888 990 2915; x_wconf 75' lang='lat' dir='ltr'><strong>VAtll/E</strong></span> <span class='ocrx_word' id='word_1_886' title='bbox 1011 2887 1216 2916; x_wconf 75' lang='lat' dir='ltr'><strong>LECTIONES.</strong></span> 
     </span>
    </p>
   </div>
   <div class='ocr_carea' id='block_1_116' title="bbox 283 2937 558 2974">
    <p class='ocr_par' dir='ltr' id='par_1_116' title="bbox 283 2937 558 2974">
     <span class='ocr_line' id='line_1_116' title="bbox 283 2937 558 2974; baseline -0.007 -8"><span class='ocrx_word' id='word_1_887' title='bbox 283 2938 297 2959; x_wconf 61' lang='lat'><strong>1&#39;</strong></span> <span class='ocrx_word' id='word_1_888' title='bbox 310 2937 417 2966; x_wconf 71' lang='lat' dir='ltr'><strong>Nodum</strong></span> <span class='ocrx_word' id='word_1_889' title='bbox 432 2937 558 2974; x_wconf 69' lang='grc' dir='ltr'><strong>ἔκληψιν.</strong></span> 
     </span>
    </p>
   </div>
   <div class='ocr_carea' id='block_1_117' title="bbox 609 2933 1526 2972">
    <p class='ocr_par' dir='ltr' id='par_1_117' title="bbox 609 2933 1526 2972">
     <span class='ocr_line' id='line_1_117' title="bbox 609 2933 1526 2972; baseline -0.002 -9"><span class='ocrx_word' id='word_1_890' title='bbox 609 2941 620 2956; x_wconf 72' lang='grc' dir='ltr'><strong>ε</strong></span> <span class='ocrx_word' id='word_1_891' title='bbox 639 2935 732 2972; x_wconf 70' lang='lat' dir='ltr'><strong>Iugeri.</strong></span> <span class='ocrx_word' id='word_1_892' title='bbox 751 2935 831 2971; x_wconf 72' lang='lat' dir='ltr'><strong>genii.</strong></span> <span class='ocrx_word' id='word_1_893' title='bbox 849 2939 873 2962; x_wconf 81' lang='lat' dir='ltr'><strong>et</strong></span> <span class='ocrx_word' id='word_1_894' title='bbox 891 2935 995 2970; x_wconf 68' lang='lat' dir='ltr'><strong>proved.</strong></span> <span class='ocrx_word' id='word_1_895' title='bbox 1015 2935 1172 2971; x_wconf 70' lang='grc' dir='ltr'><strong>ἀγεννησία,</strong></span> <span class='ocrx_word' id='word_1_896' title='bbox 1195 2935 1331 2970; x_wconf 75' lang='grc' dir='ltr'><strong>γέννησις,</strong></span> <span class='ocrx_word' id='word_1_897' title='bbox 1354 2933 1526 2969; x_wconf 73' lang='grc' dir='ltr'><strong>ἐκπύρωσις.</strong></span> 
     </span>
    </p>
   </div>
  </div>
