1980 3188
115 223 180 256 1317

630 222 774 254 onmo
794 222 818 254 1.
836 235 866 241 -
883 221 932 252 DE
952 222 1003 253 ss.
1024 196 1246 253 Tumtum.

1683 220 1749 254 1318

112 282 179 318 quid
195 281 265 309 infra
276 280 442 308 Trinitatem
459 279 634 315 intelligere;
654 278 792 313 siquidem
833 276 906 312 quod
923 279 943 306 Α
959 277 1066 310 uitatis,
1085 285 1140 304 una
1159 277 1234 304 enim
1249 281 1307 310 est;
1334 281 1362 304 at
1375 284 1429 304 non
1448 277 1487 305 sic
1510 281 1552 304 est
1576 283 1702 313 angusta.
1720 284 1751 306 ut

113 328 184 355 infra
197 326 382 354 substantiam
394 325 556 357 collocatur,
571 332 663 352 secum
675 323 760 351 infert
771 331 832 358 qua:
842 328 907 350 sunt

111 374 237 409 ejusdem
275 372 450 400 substantia.
489 371 595 399 Idcirco
624 370 696 398 nihil
734 370 841 397 humile
873 370 907 397 de

111 425 168 445 uno
187 418 352 450 sentiamus,
375 424 410 444 ne
437 415 520 444 simul
547 415 653 443 humile
672 414 822 442 reddamus
846 414 908 441 uni—

111 472 222 493 versum
234 472 241 491 :
253 471 310 491 non
324 463 398 490 enim
417 461 524 498 patitur
543 461 617 489 Deus
635 469 649 489 a
674 461 905 489 consubstantiali

112 510 359 545 scparari;neque
383 509 500 544 gloriam
525 507 604 536 ducit
618 507 742 535 dedecus
765 508 837 542 ejus,
857 507 906 542 qui

111 564 175 583 cum
191 556 266 591 ipso:
283 560 326 583 est
339 559 433 582 autem
453 553 576 582 dedecus
591 554 659 582 illud
677 553 796 589 quando,
811 557 839 581 et
853 562 906 580 non

111 604 179 633 erat,
191 604 219 628 et
236 605 366 633 creatum,
379 604 411 636 ,et
428 607 460 627 ea;
475 607 527 626 non
544 600 747 627 eminentibus:
765 607 827 634 quas
839 604 906 626 sunt

112 647 205 673 omnia
215 654 229 673 a
239 646 326 682 gloria
337 646 386 674 Dei
399 646 502 673 aliena.

148 691 205 719 XII.
220 692 272 725 Qui
298 691 384 727 igitur
407 697 532 720 sanctam
549 692 716 719 Trinitatem
740 691 827 720 Deum
843 699 906 720 esse

112 738 288 774 proﬁtemur,
302 746 476 774 quaecunque
490 737 524 765 de
544 737 601 766 Deo
615 738 700 771 dicta,
713 738 817 766 absona
829 742 904 772 sunt,

113 784 182 811 nihil
210 792 309 812 eorum
323 792 358 812 ne
369 784 525 820 cogitemus
543 784 668 819 quidem,
690 784 792 812 nedum
811 785 906 819 lingua

112 831 272 858 eﬁ‘eramus.
284 830 353 858 Cum
369 836 488 858 testatur
499 831 573 858 Deus
584 831 618 858 de
633 831 703 858 Filio
716 839 731 858 a
745 838 776 858 se
799 831 904 866 genito,

113 875 187 910 quod
202 883 235 902 ea:
247 880 322 902 utero
336 880 398 903 ante
412 875 562 911 Luciferum
572 876 668 911 genuit
678 883 743 902 eum
752 875 786 907 ",
798 880 905 902 uterum

112 921 236 957 intellige
247 921 276 949 in
294 921 405 949 occulto
418 922 589 949 reconditam
608 926 638 949 et
656 921 824 949 ineffabilem
837 922 904 949 sub-

112 953 244 992 stantiam
255 974 262 992 :
275 970 304 993 et
315 974 413 993 rursus
429 974 492 994 cum
503 966 572 993 dicit
597 966 632 994 de
654 966 761 1002 Spiritu
793 971 903 999 sancto,
920 953 941 982 Β

112 1007 228 1044 Spiritus
242 1018 257 1036 α
270 1017 310 1036 me
322 1010 399 1038 exibit
415 1008 451 1043 ";
465 1009 593 1037 Salvator
617 1017 683 1037 vero
705 1015 802 1037 noster
825 1011 906 1038 Jesus

111 1054 148 1082 de
161 1054 389 1083 consubstantiali
405 1063 456 1082 suo
469 1054 613 1083 Paracleto
628 1055 677 1088 ait,
694 1056 768 1090 quod
780 1065 812 1084 ea;
823 1057 906 1084 Patre

110 1100 227 1136 quidem
241 1101 357 1137 procedit
370 1102 412 1136 ";
428 1102 531 1137 accipit.
545 1106 638 1130 autem
658 1110 690 1130 cr
705 1102 787 1134 Filio,
812 1103 905 1131 omnia

109 1154 174 1181 qua
189 1147 280 1175 Patris
299 1151 364 1175 sunt
382 1147 415 1181 "',
434 1148 486 1175 sibi
514 1148 624 1183 propria
654 1148 774 1176 faciente
802 1154 831 1177 et
854 1149 905 1177 hu-

110 1191 195 1219 bente
213 1202 220 1219 :
235 1200 288 1220 una
305 1200 425 1228 namque
438 1192 594 1221 substantia
615 1198 668 1225 est,
685 1198 713 1221 et
740 1194 823 1222 unius
838 1195 905 1223 sub-

110 1237 221 1265 stantiae
236 1237 393 1265 communia
409 1238 519 1270 omnia;
544 1239 699 1266 communis
727 1247 795 1267 vero
821 1241 905 1268 etiam

109 1283 266 1311 substantia
280 1292 286 1311 :
303 1283 438 1311 naturalis
449 1283 522 1311 enim
535 1289 577 1311 est
589 1283 726 1311 habitudo
738 1294 744 1311 :
758 1290 855 1320 etquae
870 1286 904 1313 ad

108 1328 217 1363 aliquid
246 1329 341 1364 aliquo
370 1329 452 1357 modo
467 1337 496 1357 se
512 1330 615 1357 habent
630 1351 638 1363 ,
656 1338 751 1358 secum
779 1331 905 1361 inferunt

108 1375 214 1415 aliaIad
229 1382 290 1410 quas
302 1375 462 1403 naturaliter
477 1376 582 1403 habent
596 1376 804 1405 habitudinem:
820 1378 905 1407 infert

108 1429 179 1457 ergo
205 1429 299 1449 secum
317 1422 399 1450 Pater
422 1422 539 1456 Filium,
566 1427 595 1450 et.
620 1423 707 1451 Filius
725 1424 847 1458 Patrem,
876 1429 904 1453 et

109 1468 184 1495 alter
211 1468 273 1495 sine
289 1468 378 1495 altero
398 1467 517 1504 intelligi
544 1476 599 1496 non
627 1473 734 1504 potest:
760 1469 813 1497 nisi
829 1470 904 1498 enim

63 1516 66 1518 '
109 1514 200 1541 Filius
220 1514 267 1546 sit,
285 1514 397 1549 penitus
411 1513 493 1542 Pater
511 1522 568 1542 non
583 1515 648 1542 erit.
669 1515 737 1549 Quis
759 1516 833 1543 enim
851 1517 905 1545 erit

108 1559 233 1593 Pater,si
248 1568 302 1588 non
315 1560 352 1587 sit
365 1559 470 1588 Filius?
483 1563 510 1587 et
525 1568 624 1588 rursus
639 1561 780 1596 quomodo
806 1562 902 1594 Filius,

107 1607 133 1635 si
151 1615 206 1635 non
221 1606 258 1635 sit
273 1607 384 1654 Pater'ir
394 1607 550 1635 sicutenim
561 1607 623 1640 hoc,
639 1608 679 1635 sic
691 1608 772 1654 illud.
781 1609 902 1637 Verbum
918 1624 940 1654 ο

107 1657 206 1681 autem
230 1662 294 1682 cum
311 1654 347 1682 sit
369 1653 474 1687 Filius,
500 1661 597 1682 secum
623 1654 706 1681 simul
731 1652 905 1683 demonstrat

108 1699 267 1735 Spiritum;
285 1699 405 1728 Verbum
421 1701 495 1730 enim
512 1708 567 1728 non
589 1705 632 1728 est
646 1701 751 1736 absque
780 1701 903 1737 Spiritu;

108 1752 204 1779 neque
218 1753 297 1772 mens
308 1745 413 1779 absque
436 1743 550 1772 Verbo:
580 1749 701 1772 mentem
720 1750 812 1773 autem
833 1746 904 1774 dici-

109 1799 176 1818 mus
188 1791 297 1818 Patrem
308 1791 409 1825 Verbi;
423 1794 546 1818 mentem
562 1789 638 1823 dico,
655 1790 682 1818 in
698 1798 752 1825 qua
768 1791 904 1824 Verbum,

110 1845 178 1866 cum
197 1845 253 1873 quo
266 1837 388 1872 Spiritus
398 1841 521 1870 sanctus,
537 1836 585 1871 qui
596 1837 708 1872 spiritus
721 1838 774 1864 oris
790 1836 840 1864 Dei
854 1845 904 1865 vo-

109 1888 194 1911 catur
210 1884 250 1917 ";
267 1891 300 1911 os
312 1891 430 1918 namque
444 1882 535 1910 Patris
547 1881 633 1910 Filius
655 1887 708 1910 est.
738 1883 828 1916 Quare
853 1891 904 1911 ne—

111 1930 238 1958 cessario
253 1936 388 1956 numerus
413 1927 560 1956 Trinitatis
577 1929 605 1956 in
630 1928 724 1955 divina
744 1933 843 1956 natura
858 1937 905 1956 ac-

112 1977 218 2011 cipitur
231 1975 265 2002 ad
284 1974 553 2007 demonstrationem
566 1981 760 2008 personarum,
779 1975 826 2009 qui
854 1983 906 2002 nu-

113 2028 210 2048 merus
224 2019 417 2047 habitudinem
430 2027 527 2047 earum
549 2019 760 2047 substantialem
789 2025 818 2048 et
837 2020 905 2047 sub.

111 2067 224 2094 stantia;
240 2071 408 2094 coaaternam
425 2065 559 2093 ostendit.
576 2065 740 2093 Trinitatem
758 2074 825 2094 vero
836 2067 906 2095 dici-

112 2121 177 2140 mus
195 2121 249 2140 non
267 2110 419 2140 secundum
431 2111 660 2146 compositionem
678 2112 815 2140 unitatum
831 2121 906 2140 com-

112 2157 509 2194 positam,etprogredientem
518 2157 552 2184 ab
560 2157 666 2185 unitate
678 2157 712 2184 ad
721 2157 885 2186 Trinitatem
896 2167 902 2186 :

112 2203 254 2232 antecedit
286 2203 361 2230 enim
385 2203 546 2237 huiusmodi
566 2203 730 2230 Trinitatem
759 2204 861 2236 unitas,
877 2208 906 2232 et

112 2249 249 2282 dualitas;
259 2253 287 2276 et
295 2256 394 2276 rursus
404 2249 530 2284 sequitur
536 2249 719 2284 quaternitas,
727 2254 756 2277 et
762 2250 902 2285 deinceps.

959 330 1014 350 una
1043 323 1200 359 hypostasis
1215 323 1371 350 divinitatis
1397 323 1663 352 circumscribatur:
1690 333 1752 359 quae

958 375 1013 395 una
1028 369 1141 404 quidem
1159 373 1212 401 est,
1227 374 1257 397 ut
1271 369 1422 402 divinitas;
1438 373 1467 396 ut
1493 374 1586 396 autem
1604 375 1668 397 sunt
1685 378 1751 405 pro-

958 415 1090 449 prietates
1099 415 1333 443 characteristicze
1339 423 1532 450 personarum,
1543 416 1570 442 id
1579 421 1631 449 est,
1642 416 1753 451 signan—

959 466 1001 488 tes
1013 469 1157 496 pcrsuuas,
1171 466 1227 489 tres
1238 466 1319 489 sunt:
1334 465 1378 489 est
1393 462 1467 488 enim
1484 461 1578 494 Pater,
1594 462 1685 493 Pater,
1702 461 1750 497 qui

958 514 1015 534 non
1032 507 1144 541 quidem
1172 508 1260 535 Filius
1274 512 1328 540 est,
1359 508 1434 535 Deus
1449 515 1515 534 vero
1530 513 1588 535 est-2
1616 512 1643 535 et
1665 508 1752 536 Filius

958 553 1089 580 similiter
1107 553 1206 586 Filius,
1222 554 1269 588 qui
1286 561 1343 581 non
1359 553 1472 588 quidem
1491 554 1574 581 Pater
1603 558 1658 585 est,
1677 554 1751 581 Deus

958 602 1050 625 tamen
1063 603 1105 625 est
1122 607 1128 624 :
1144 603 1172 625 et
1188 598 1309 632 Spiritus
1321 603 1433 626 sanctus
1449 607 1539 633 neque
1554 599 1646 631 Pater,
1658 606 1750 634 neque

958 644 1045 672 Filius
1059 648 1112 676 est.
1125 644 1172 671 sed
1186 644 1219 676 is,
1235 644 1282 679 qui
1298 644 1400 671 dicitur
1411 644 1532 679 Spiritus
1545 649 1668 676 sanctus,
1679 645 1750 672 Deus

956 698 1040 717 verus
1054 694 1097 718 est
1110 699 1116 716 :
1131 690 1205 725 quod
1223 690 1298 717 cnim
1315 694 1357 717 est
1378 689 1535 718 substantia
1555 691 1750 726 unusquisque

957 744 1052 764 eorum
1066 737 1113 772 qui
1142 736 1210 764 dicti
1228 741 1304 768 sunt,
1324 737 1376 764 hoc
1403 741 1468 764 sunt
1482 737 1530 772 qui
1547 737 1628 764 simul
1658 737 1751 767 nomi-

957 787 1070 814 nantur,
1084 787 1112 810 et
1125 782 1208 810 simul
1225 787 1303 810 sunt:
1319 783 1395 810 circa
1408 790 1541 817 personas
1553 783 1628 810 enim
1640 787 1684 810 est
1693 782 1747 810 dif-

957 828 1084 860 ferentia,
1095 835 1150 855 non
1168 828 1242 855 circa
1259 829 1454 856 substantiam.

993 874 1064 902 Xlll.
1080 875 1159 907 Quod
1187 882 1254 910 ergo
1277 879 1321 901 est
1339 875 1420 902 Pater
1439 875 1487 909 qui
1503 875 1610 910 genuit,
1629 875 1683 902 hac
1706 879 1750 903 est

958 920 1045 947 Filius
1059 920 1181 955 genitus,
1202 920 1330 954 quamvis
1354 928 1410 947 non
1436 921 1548 955 genuit:
1567 920 1706 955 siquidem
1721 926 1751 948 ct

957 967 1003 995 ille
1011 975 1067 994 non
1080 967 1201 1002 genitus,
1216 967 1264 1002 qui
1278 967 1393 1002 genuit:
1414 967 1488 1002 quod
1503 971 1546 994 est
1562 967 1686 1002 genitus,
1697 968 1754 995 hoe

955 1018 998 1040 est
1011 1013 1068 1048 ipse
1078 1013 1199 1048 genitor,
1214 1012 1369 1040 secundum
1384 1011 1580 1040 substantiam.
1608 1012 1746 1040 Similiter

956 1059 1079 1094 Spiritus
1090 1064 1214 1092 sanctus,
1229 1059 1277 1094 qui
1299 1066 1392 1093 neque
1406 1058 1514 1094 genuit,
1531 1065 1622 1093 neque
1636 1058 1750 1094 genitus

955 1110 1009 1138 est,
1023 1106 1177 1133 secundum
1195 1109 1324 1132 naturam
1351 1105 1404 1132 hoc
1430 1105 1521 1140 ipsum
1540 1109 1594 1138 est,
1610 1104 1683 1139 quod
1700 1105 1748 1139 qul

955 1151 1062 1186 genuit,
1081 1155 1110 1179 et
1126 1151 1173 1186 qni
1190 1151 1301 1186 genitus
1310 1155 1371 1178 est:
1391 1151 1584 1186 unusquisque
1598 1150 1671 1178 enim
1684 1157 1748 1177 cum

955 1196 1092 1232 ejusdem,
1110 1202 1139 1224 et
1151 1196 1244 1226 unius,
1257 1203 1290 1223 ac
1307 1196 1405 1228 solius,
1423 1196 1555 1223 increata:
1575 1200 1681 1222 naturae
1694 1195 1747 1227 sit;

955 1243 1060 1278 proprii
1075 1242 1161 1274 modi,
1174 1247 1204 1269 ut
1217 1242 1254 1269 ita
1268 1241 1375 1278 dicam,
1386 1242 1584 1277 proprietatem
1601 1241 1748 1268 characted

956 1289 1079 1317 risticam
1097 1288 1254 1324 personalis
1272 1288 1432 1324 hypostasis
1448 1288 1566 1315 sortitus
1578 1292 1631 1315 est.
1654 1286 1747 1319 Pater,

955 1333 1232 1370 ingenitum;Filius,
1253 1334 1386 1368 genitum;
1403 1331 1525 1367 Spiritus
1545 1336 1668 1363 sanctus,
1683 1340 1747 1366 pro-

955 1380 1116 1412 cessionem;
1134 1383 1162 1406 et
1178 1386 1234 1406 non
1246 1377 1317 1405 ﬁunt
1335 1378 1394 1404 haec
1408 1377 1577 1407 communia,
1588 1376 1660 1404 sicut
1673 1384 1749 1403 com-

955 1433 1068 1453 munem
1084 1425 1268 1453 substantiam
1277 1425 1410 1453 dicimus:
1436 1432 1491 1451 non
1508 1423 1582 1451 enim
1603 1423 1748 1458 proprium

955 1472 984 1500 in
999 1479 1147 1499 commune
1173 1471 1287 1504 transit;
1317 1470 1422 1506 alioqui
1438 1470 1580 1505 quomodo
1600 1470 1746 1505 proprium

955 1518 1048 1546 esset?
1060 1522 1089 1546 et
1114 1517 1190 1553 quod
1210 1524 1359 1545 commune
1374 1516 1500 1543 omnium
1522 1520 1576 1548 est,
1605 1515 1748 1551 quomodo

956 1564 1102 1600 proprium
1120 1564 1239 1599 alicujus
1253 1570 1376 1598 unquam
1393 1563 1468 1591 erit?
1487 1562 1561 1590 sicut
1581 1563 1657 1590 enim
1684 1563 1749 1590 risi-

957 1611 1018 1642 bile,
1034 1611 1114 1639 verbi
1129 1611 1231 1646 gratia,
1254 1618 1310 1638 non
1341 1614 1383 1637 est
1407 1610 1552 1644 proprium
1579 1608 1748 1644 cuiuspiam,

956 1662 1000 1686 est
1017 1658 1091 1685 enim
1107 1658 1232 1685 omnium
1245 1666 1251 1684 :
1262 1657 1303 1684 sic
1319 1664 1374 1684 non
1383 1661 1426 1684 est
1441 1656 1564 1683 omnium
1583 1656 1750 1688 aimum,aut

957 1703 1102 1735 aduncum,
1117 1703 1165 1730 sed
1183 1702 1267 1729 unius
1277 1705 1343 1729 sunt
1356 1701 1440 1728 talia:
1462 1705 1490 1728 at
1507 1701 1635 1735 exempla
1650 1699 1756 1735 imagi--

956 1748 1001 1775 nis
1017 1747 1128 1783 indigna
1143 1751 1218 1780 sunt,
1244 1746 1350 1779 fateor;
1374 1746 1500 1781 exempla
1520 1750 1610 1773 tamen
1635 1750 1701 1772 sunt
1713 1745 1756 1773 adt

955 1793 1164 1825 declarandum,
1179 1793 1257 1820 nullo
1275 1792 1359 1820 modo
1377 1792 1437 1819 ﬁeri
1457 1799 1550 1827 posse,
1564 1795 1595 1818 ut
1606 1799 1667 1825 quae
1683 1798 1750 1825 pro-

955 1841 1017 1876 prie
1037 1839 1122 1867 alicui
1135 1840 1240 1871 insunt,
1272 1843 1380 1866 naturae
1409 1838 1593 1865 mutationem
1616 1837 1749 1864 cﬁiciant.

954 1885 1025 1913 Cum
1045 1884 1120 1911 enim
1143 1882 1309 1916 communis,
1341 1887 1372 1910 ut
1393 1882 1462 1915 dixi,
1484 1882 1521 1910 sit
1534 1883 1691 1910 substantia
1719 1883 1748 1909 in

955 1935 1050 1958 sancta
1077 1928 1226 1962 Trinitate,
1249 1928 1394 1963 proprium
1419 1928 1492 1963 quod
1521 1928 1593 1956 inest
1610 1928 1752 1962 personis,

956 1977 1121 2012 hypostases
1139 1974 1307 2009 distinguit:
1340 1978 1437 2009 estque
1456 1973 1544 2001 solius
1566 1974 1656 2001 Patris
1682 1981 1749 2008 pro-

957 2023 1061 2058 prium,
1075 2021 1246 2056 ingenitum;
1261 2019 1335 2052 Filii,
1351 2021 1489 2055 genitum;
1507 2020 1628 2055 Spiritus
1659 2020 1752 2048 sancti.

956 2068 1116 2105 procedens:
1135 2075 1187 2094 nec
1204 2070 1318 2102 oportet
1334 2067 1361 2093 in
1390 2066 1501 2101 propria
1524 2067 1577 2094 ista
1595 2067 1749 2099 intuentes,

955 2114 1141 2144 diﬂ'ei-entiam
1157 2120 1269 2147 quoque
1282 2112 1445 2140 substantia
1457 2119 1583 2147 quatrere
1596 2121 1603 2139 :
1631 2112 1747 2146 impium

955 2161 1030 2189 enim
1049 2164 1091 2188 est
1104 2160 1227 2187 simulet
1244 2159 1358 2186 stultum
1372 2158 1431 2186 haec
1441 2158 1576 2193 suspicari
1589 2167 1595 2184 ε
1609 2158 1657 2193 qui
1672 2158 1748 2185 enim

956 2206 1010 2234 hoc
1024 2210 1103 2241 putat
1116 2212 1214 2232 verum
1231 2212 1303 2236 esse,
1324 2208 1352 2231 et
1379 2203 1462 2231 simul
1477 2211 1539 2231 cum
1565 2203 1748 2238 proprietati-

956 2250 1009 2278 bus
1021 2249 1211 2285 singularibus
1223 2254 1234 2268 ε
1243 2249 1426 2276 substantiam
1443 2253 1547 2281 mutat;
1561 2252 1639 2282 putet
1651 2248 1746 2278 etiam,

113 2295 244 2323 Sanctam
271 2303 339 2323 vero
353 2295 516 2322 Trinitatem
533 2303 588 2323 non
612 2295 781 2323 antecedunt
804 2296 905 2328 unitas,
922 2299 945 2327 D
960 2301 991 2323 ut
1007 2302 1182 2330 consequens
1199 2298 1252 2326 est,
1270 2294 1356 2322 Adam
1379 2299 1407 2322 et
1438 2294 1522 2321 Evam
1545 2298 1573 2321 et
1595 2292 1664 2321 Abel
1690 2301 1747 2321 non

111 2340 158 2368 vel
176 2340 306 2372 dualitas,
323 2348 414 2375 neque
433 2340 562 2374 sequitur
579 2340 762 2375 quaternitas.
782 2345 810 2368 et
823 2341 903 2368 dein-

113 2392 196 2420 ceps;
215 2389 313 2412 natura
327 2385 401 2412 enim
410 2389 454 2412 est
464 2385 587 2412 Trinitas
593 2393 703 2420 semper
710 2386 809 2413 eodem
821 2386 904 2414 modo

113 2438 143 2458 se
163 2429 279 2462 habens,
299 2438 390 2466 neque
403 2430 546 2464 deﬁciens,
571 2439 622 2459 nec
641 2431 800 2460 abundans:
818 2433 905 2468 siqui-

112 2476 179 2504 dem
195 2476 222 2503 in
238 2477 344 2504 unitate
365 2476 530 2504 Trinitatem
553 2477 788 2512 contemplamur;
820 2482 850 2505 et
876 2479 904 2506 in

113 2521 253 2549 Trinitate
267 2522 417 2549 unitatem:
443 2529 507 2549 cum
532 2521 606 2548 enim
622 2521 804 2549 substantiam
822 2521 904 2550 intel-

113 2567 239 2603 ligimus,
255 2567 408 2602 simplicem
423 2568 561 2594 unitatem
583 2567 823 2602 contemplamur;
841 2575 904 2595 cum

114 2620 184 2640 vero
211 2612 384 2648 hypostases,
410 2612 574 2640 Trinitatem
604 2613 786 2647 proﬁtemur:
817 2621 905 2648 usque

113 2658 150 2686 ad
169 2659 255 2686 solam
288 2659 362 2686 enim
379 2657 544 2686 Trinitatem
569 2667 750 2694 personarum
774 2659 906 2687 dilatatur

114 2705 210 2733 unitas
222 2703 400 2733 substantiae:
418 2706 472 2733 etsi
493 2705 568 2733 enim
583 2711 627 2734 est
641 2714 695 2733 una
718 2711 815 2734 natura
831 2707 905 2734 divi-

151 2778 176 2795 ⁸⁸
194 2776 264 2807 Psal.
285 2788 338 2814 CIX,
352 2780 379 2808 5.

420 2781 443 2796 "
459 2780 501 2808 lsa
518 2788 581 2813 Lvu,
598 2780 641 2809 16.
679 2781 702 2797 ’⁸
717 2781 796 2810 Joan.
818 2790 863 2814 xv,
874 2781 919 2808 26.
959 2782 981 2797 ¹⁷
992 2782 1071 2810 Joan.
1085 2790 1140 2814 xvr,
1163 2782 1206 2809 Mt

954 2350 1017 2371 esse
1047 2341 1172 2376 ejusdem
1194 2339 1376 2367 substantitc:
1397 2340 1462 2374 quia
1486 2339 1572 2366 Adam
1590 2342 1632 2366 est
1647 2338 1749 2365 forma-

956 2393 1001 2416 tus
1016 2387 1111 2420 t;Eva
1126 2386 1247 2413 abscissa
1258 2394 1265 2418 ;
1276 2385 1344 2412 Abel
1358 2386 1483 2420 genitus:
1496 2389 1525 2411 et
1537 2384 1622 2411 Adam
1635 2383 1747 2418 quidem

955 2439 1045 2470 pater,
1058 2434 1114 2461 Eva
1127 2440 1194 2459 vero
1222 2436 1322 2463 muter,
1347 2431 1414 2458 Abel
1428 2435 1521 2458 autem
1542 2430 1630 2458 Iilius:
1651 2437 1751 2459 omnes-

956 2485 1046 2508 tamen
1057 2479 1186 2506 homines
1204 2477 1358 2505 secundum
1373 2477 1558 2504 substantiam
1582 2476 1652 2503 nihil
1674 2475 1750 2503 inter

955 2533 985 2553 se
1005 2525 1177 2556 ditIerentes,
1190 2522 1299 2550 tametsi
1317 2522 1402 2549 Adam
1417 2529 1471 2549 n0n
1484 2526 1527 2549 est
1541 2521 1704 2548 naturaliter
1713 2529 1747 2548 ex

953 2569 1130 2606 parentibus,
1157 2568 1205 2596 sed
1223 2568 1358 2609 formatus
1382 2571 1425 2594 est
1447 2566 1495 2594 Dei
1528 2566 1674 2598 manibus;
1689 2566 1747 2593 Era

954 2624 1018 2651 pars
1034 2619 1077 2642 est
1093 2614 1216 2646 formati,
1233 2621 1267 2640 ex
1282 2613 1343 2640 viro
1359 2612 1495 2645 abscissa;
1513 2611 1581 2639 Abel
1596 2615 1687 2639 autem
1712 2619 1747 2639 ex

956 2662 1077 2689 formato
1091 2666 1120 2688 et
1147 2659 1269 2688 abscissa
1289 2659 1456 2686 naturaliter
1480 2663 1571 2686 ortum
1600 2658 1684 2693 cepit,
1712 2665 1746 2685 ex

955 2708 1120 2743 parentibus
1135 2707 1262 2742 genitus:
1279 2714 1334 2733 non
1351 2705 1424 2733 enim
1436 2704 1581 2740 multiplex
1601 2703 1745 2739 productio

1241 2780 1264 2796 “
1278 2780 1352 2808 Psal.
1365 2788 1447 2812 xxxu,
1467 2779 1494 2807 6.

766 2858 883 2886 VARI/E
903 2858 1106 2887 LECTIONES.

113 2914 128 2933 ιι
146 2912 298 2953 Signiﬁcat.
312 2922 367 2942 non
379 2913 614 2953 esse_Trinit_iItem
627 2914 655 2941 in
671 2921 770 2953 genere
786 2913 957 2953 substantiae.
971 2913 1018 2940 sed
1036 2920 1119 2953 supra
1133 2912 1327 2953 substantiam,
1343 2921 1404 2947 qua!
1416 2917 1458 2941 est
1473 2911 1500 2940 in
1519 2912 1744 2948 pmdicamento.

116 2953 130 2969 ⁸
147 2949 226 2985 Prop.
243 2950 312 2984 ring.
332 2951 508 2986 μονοτρόποις
527 2950 665 2985 ἰδιώμασι.

711 2950 721 2970 ι
739 2948 827 2975 Fami.
845 2950 914 2977 abst.
934 2958 993 2984 gen.
1013 2949 1137 2983 πλάσμα,
1157 2948 1265 2982 stripe,
1291 2950 1423 2983 γέννημα.
