1980 3188
252 183 319 214 1319

816 183 846 213 S.
867 181 1069 212 ANASTASII
1101 180 1334 212 ANTIOCHENI

1816 183 1891 216 1320

248 244 277 265 et
290 237 405 264 variatio
415 245 468 272 qua
479 238 655 269 exstiterunt,
668 241 796 264 naturam
805 237 1043 270 variavit.Quare,
1061 237 1081 265 Α
1096 236 1179 262 simul
1195 243 1288 262 secum
1311 235 1411 269 infert;
1432 240 1459 263 et
1481 236 1632 270 sublatum,
1660 238 1779 265 alterum
1802 239 1892 266 simul

250 290 280 310 ut
296 291 367 318 saepe
383 283 514 313 diximus,
533 283 690 317 proprietas
700 282 774 309 circa
791 282 974 309 substantiam
989 290 1042 308 non

249 329 331 356 simul
359 333 448 359 mutat
467 328 663 360 substantiam,
693 336 784 362 neque
815 328 932 360 scindit;
950 332 1044 354 manet

249 375 323 401 enim
336 373 444 408 integra
463 374 474 392 Β
488 373 639 400 itrsortitis
652 373 843 400 exsisteutiam
857 372 1043 404 differentem,

249 424 277 446 et
291 424 348 446 tota
366 424 409 447 est
434 419 494 446 sine
513 419 639 446 sectione
657 423 685 446 ct
703 418 841 445 divisione
869 419 897 445 in
915 418 1043 453 singulis,

250 473 306 492 non
327 465 399 492 facta
411 465 521 499 propria
544 464 699 492 secundum
727 464 938 498 proprietatem.
959 463 1046 490 «Om-

251 511 294 538 nis
309 511 383 538 enim
397 511 481 537 homo
514 510 596 537 homo
617 514 670 542 est,
697 514 782 537 totam
808 509 989 536 substantiam
1017 509 1045 535 in

252 565 281 584 se
292 557 352 590 ipso
367 556 477 583 habens
491 556 698 590 impartibilem.
715 566 722 581 ι
743 556 770 583 In
792 556 936 582 divinitate
950 555 1044 590 igitur,

252 602 324 636 quod
342 602 445 628 dicitur
456 609 517 628 esse
530 601 683 628 secundum
697 600 880 628 substantiam
896 600 920 626 is
935 608 969 627 ex
979 607 1045 634 quo,

253 647 280 674 id
296 651 350 677 est.
372 648 445 673 Deus
457 647 556 679 Pater;
577 647 629 674 hoc
646 646 777 673 dicuntur
795 653 855 673 esse
875 646 921 680 qui
948 652 1044 684 exleo,

253 693 280 720 id
294 697 347 725 est,
364 693 451 720 Filius
463 696 490 719 et
504 693 625 727 Spiritus
638 697 767 719 sanctus:
789 692 836 719 ubi
856 692 993 719 enimnon
1004 695 1046 718 est

254 739 383 774 qualitas,
403 739 444 765 vcl
458 739 610 773 quantitas,
628 739 670 765 vel
686 743 804 772 tempus,
827 737 870 764 vel
898 737 986 768 locus,
1002 737 1045 763 vel

254 785 339 817 situs,
353 784 425 811 unde
443 784 496 811 erit
511 784 670 811 differentia
687 783 851 811 substantia:
866 782 1046 817 impartibilis

255 830 407 857 secundum
443 834 589 860 naturam,
621 829 694 855 unde
718 829 852 855 exsistcnt
882 827 1045 854 substantia:

255 876 458 910 particulares?
471 880 499 902 ct
513 875 536 901 si
556 883 620 909 pars
640 874 802 901 substantiae
830 878 882 904 est,
906 872 1045 908 quomodo

1096 288 1190 307 secum
1208 280 1309 307 aufert.
1340 279 1368 307 Si
1397 280 1472 306 enim
1508 280 1676 315 cogitatione
1699 289 1783 316 neges
1805 282 1891 312 Abel,

1095 327 1178 353 simul
1187 327 1291 361 negasti
1302 331 1408 361 patrem
1419 327 1480 361 ejus
1490 334 1549 353 esse
1560 327 1657 354 Adam.
1667 326 1726 354 Hoc
1737 327 1810 354 enim
1822 328 1893 354 sub-

1095 372 1196 399 stantia
1207 373 1267 407 ejus
1282 373 1406 399 nominis
1414 376 1441 399 et
1454 380 1509 400 non
1520 372 1655 400 habitudo
1666 373 1699 400 ad
1714 374 1801 401 aliud.
1811 374 1892 400 Idem

1096 418 1182 454 igitur
1198 421 1357 452 repetentes
1372 417 1498 445 dicemus
1512 426 1596 445 unum
1610 426 1670 446 esse
1692 419 1791 452 Deum,
1804 427 1893 454 quem

1097 465 1125 491 in
1143 464 1232 491 tribus
1242 464 1369 499 personis
1384 464 1606 498 contemplamur
1616 473 1622 491 ε
1634 464 1717 499 idque
1730 473 1792 492 cum
1807 466 1892 499 plane

1095 511 1180 537 sciret
1191 510 1299 545 Moyses
1312 510 1437 536 omnium
1453 510 1652 544 prophetarum
1662 510 1891 545 antiquissimus:

1096 556 1176 587 Audi,
1192 556 1293 591 inquit,
1309 555 1415 583 Israel:
1428 554 1557 582 Dominus
1569 555 1650 589 Deus,
1673 555 1802 583 Dominus
1822 564 1892 583 unus

1097 606 1135 628 est
1156 602 1189 628 ".
1668 609 1670 611 ’

1132 646 1202 674 XVI.
1218 646 1256 673 Ac
1269 654 1324 674 non
1342 647 1433 674 solum
1449 647 1566 683 Moyses,
1587 648 1636 675 sed
1664 655 1761 675 omnes
1788 656 1892 676 conse-

1097 691 1153 719 cuti
1168 691 1299 726 theologi,
1330 691 1445 726 spiritus
1458 692 1606 727 theologici
1637 693 1787 727 participes
1811 693 1889 726 facti,

1096 738 1271 764 divinitatem
1288 737 1370 764 trium
1381 745 1562 772 personarum
1576 738 1697 772 perfecte
1709 739 1890 773 contemplati

1097 789 1173 814 sunt,
1192 783 1404 818 doctrinamque
1421 791 1517 818 puram
1536 788 1564 811 et
1579 784 1715 811 sinceram
1738 785 1821 812 nobis
1837 790 1891 812 tra-

1097 829 1229 856 diderunt
1244 829 1393 863 proﬁtendi
1409 833 1436 856 et
1449 829 1610 857 celebrandi
1626 830 1763 858 unitatem
1790 832 1819 858 in
1830 831 1891 859 Tri-

1097 875 1195 906 nitate,
1212 879 1239 902 et
1257 875 1423 902 Trinitatem
1440 876 1467 902 in
1498 876 1617 908 unitate,
1640 884 1702 904 cum
1733 877 1890 905 admirabili

255 923 342 949 Filius
356 922 383 948 in
409 929 438 948 se
456 921 643 955 ipso'l’atrem
673 920 860 951 demonstrat,
878 919 1044 953 quandoque
1060 916 1083 946 Β
1098 922 1200 948 unione
1215 925 1244 948 et
1257 920 1453 948 distinctione:
1466 929 1518 949 nec
1532 921 1607 948 enim
1620 921 1773 955 distinctio,
1787 923 1891 951 aliena-

255 967 399 1001 iuquiens:
418 966 473 1000 Ego
490 966 517 991 in
527 965 620 997 Patre,
633 970 655 991 et
668 965 748 991 Pater
762 966 789 991 in
801 973 841 991 me
854 970 891 991 est
903 966 925 980 "
939 973 945 996 ;
959 972 1046 999 quan-

256 1012 346 1046 doque
363 1011 396 1038 ad
413 1011 590 1045 Philippum:
611 1009 661 1042 Qui
674 1010 736 1036 vidit
748 1018 798 1041 me,
820 1011 883 1036 vidit
898 1015 921 1036 et
938 1009 1047 1036 Patrem

255 1065 342 1084 meum
356 1057 393 1088 '°;
411 1056 443 1082 Et
456 1046 570 1082 rursus:
589 1055 645 1090 Ego
659 1059 682 1081 et
700 1055 779 1082 Pater
793 1063 873 1081 unum
900 1062 991 1080 sumus
1004 1054 1049 1080 "7

256 1103 304 1130 Est
320 1110 386 1136 ergo
405 1102 490 1130 Filius
504 1109 537 1128 ex
550 1101 641 1132 Patre,
655 1105 682 1127 et
695 1108 749 1127 non
763 1108 826 1135 pars
850 1100 927 1134 ejus;
954 1099 1047 1126 lumen

256 1156 289 1175 ex
302 1148 415 1180 lumine,
427 1151 454 1174 et
468 1154 521 1173 non
535 1146 703 1181 particulare
720 1146 830 1178 lumen;
845 1146 918 1172 Deus
931 1152 964 1171 ex
981 1145 1047 1177 Deo,

256 1199 358 1221 etnon
384 1202 447 1228 pars
464 1193 620 1220 divinitatis
645 1193 687 1219 vel
714 1192 887 1219 substantiae.
915 1190 1049 1218 Similiter

258 1239 376 1274 Spiritus
392 1245 514 1266 sanctus.
533 1239 566 1265 Et
582 1242 624 1265 cst
639 1238 718 1265 Pater
732 1246 812 1265 verus
822 1238 909 1270 Deus;
926 1237 966 1264 sic
974 1237 1048 1264 cnim

257 1290 336 1312 vocat
350 1285 446 1316 Filius,
465 1292 526 1311 cum
541 1285 580 1310 ait
593 1293 598 1310 :
616 1284 648 1311 Ut
664 1288 821 1319 cognoscant
832 1289 856 1310 te
865 1283 949 1310 solum
958 1291 1048 1310 verum

257 1330 342 1357 Deum
357 1331 397 1362 ⁸¹;
411 1338 440 1357 se
455 1335 545 1357 alitem
565 1331 701 1356 veritatem
720 1334 800 1356 vocat
829 1330 958 1364 inquiens
972 1338 978 1355 :
994 1329 1049 1364 Ego

257 1385 317 1403 sum
330 1377 426 1403 veritus
441 1377 480 1408 ";
500 1380 528 1402 et
544 1376 667 1410 Spiritus
682 1381 805 1408 sanctus,
824 1375 938 1410 Spiritus
952 1375 1049 1401 verita-

259 1423 292 1449 tis
309 1422 412 1449 dicitur
429 1422 461 1449 ".
474 1422 525 1449 llic
542 1426 634 1448 autern
649 1429 682 1448 ex
704 1421 784 1448 Patre
800 1420 928 1455 procedit
978 1429 986 1448 ι
1002 1427 1049 1447 ac-

259 1468 326 1503 cipit
343 1473 435 1495 autem
451 1469 542 1495 omnia
562 1468 636 1500 Filii,
651 1467 778 1494 habentis
797 1467 889 1493 omnia
907 1466 997 1493 Patris
1015 1465 1048 1498 “,

259 1514 292 1542 ad
306 1514 551 1542 demonstrandum
561 1513 773 1541 etmanifestum
783 1512 952 1544 faciendum,
966 1519 1049 1539 uuam

260 1560 441 1588 substantiam
456 1568 516 1588 esse
538 1565 565 1587 ct
583 1560 759 1595 accipientis,
783 1564 812 1586 et
826 1560 886 1594 ejus
901 1566 915 1585 a
931 1566 986 1593 quo
1000 1565 1047 1585 ac-

259 1605 338 1640 cipit,
369 1611 398 1633 et
413 1606 473 1640 ejus
500 1613 533 1632 cx
556 1613 610 1640 quo
635 1605 800 1632 naturaliter
828 1603 969 1638 procedit:
996 1611 1046 1631 nec

259 1652 334 1679 enim
350 1653 486 1687 processit
500 1660 533 1679 ex
548 1652 641 1686 aliquo
663 1652 781 1679 diversae
802 1651 980 1683 substantiae;
999 1658 1050 1677 nec

260 1699 368 1733 accepit
397 1699 548 1733 quidquam
577 1705 611 1724 ex
643 1705 698 1724 non
730 1696 974 1724 consubstantiali.
1001 1695 1050 1723 Sin

260 1749 352 1771 autem
382 1744 506 1779 ejusdem
524 1743 685 1771 substantiae
707 1750 770 1769 cum
795 1750 828 1770 eo
854 1746 930 1774 sunt,
945 1749 978 1769 ex
995 1749 1050 1776 quo

261 1791 406 1826 processit,
419 1795 447 1817 et
465 1798 478 1816 a
492 1798 546 1825 quo
567 1789 683 1823 accipit;
707 1792 736 1816 et
753 1788 792 1815 illi
811 1788 967 1815 necessario
978 1787 1051 1814 inter

261 1844 290 1864 se
303 1840 386 1863 erunt
396 1836 519 1871 ejusdem
537 1835 718 1862 substantiae:
738 1834 784 1868 qui
795 1833 869 1860 enim
881 1833 971 1860 eidem
985 1836 1051 1860 sunt

262 1881 523 1913 consubstantiales,
538 1885 566 1908 et
591 1880 662 1907 inter
678 1888 706 1907 se
723 1885 817 1912 erunt,
839 1883 867 1906 et
894 1884 958 1907 sunt
984 1887 1049 1906 vere

261 1928 384 1963 ejusdem
397 1927 572 1955 substantize.
673 1925 682 1933 ‘

295 1973 363 2000 XIV.
380 1972 566 2005 Quamobrem
583 1972 744 1999 necessario
763 1971 1007 2006 congloriticantur
1021 1975 1049 1997 et

261 2019 457 2051 coadorantur,
477 2027 538 2046 cum
548 2018 670 2046 Trinitas
683 2017 930 2045 consubstantialis
946 2018 971 2050 h;
988 2025 1049 2052 qua:

261 2066 342 2093 simul
361 2066 454 2101 utique
466 2066 637 2097 nominatur,
655 2070 683 2092 et
695 2065 730 2091 ad
744 2064 982 2099 regenerationem
998 2063 1048 2090 ba-

260 2113 427 2147 ptizatorum
445 2111 473 2138 in
494 2118 641 2138 commune
657 2110 823 2137 adhibetur:
856 2108 959 2136 etenim
983 2108 1048 2143 quia

260 2167 292 2185 ex
310 2159 368 2193 ipsa
382 2160 473 2184 ortum
490 2157 623 2191 cepimus.
641 2159 777 2183 vetustate
794 2155 885 2182 allecti
899 2162 948 2189 per
962 2154 1048 2188 ipsam

261 2212 440 2231 renovantur:
461 2211 516 2230 non
541 2202 616 2230 enim
646 2201 679 2228 ad
712 2201 799 2228 ullum
819 2201 905 2227 alium
928 2199 1048 2234 pertinet

1099 968 1137 993 tio
1148 971 1176 993 et
1189 967 1391 1001 separatioest;
1411 974 1463 994 nec
1475 968 1552 1000 unio,
1567 968 1767 1003 conglutinatio
1783 974 1812 996 et
1823 977 1889 997 cou-

1098 1012 1171 1039 fusio
1189 1018 1248 1039 est:
1263 1011 1311 1039 sed
1330 1012 1423 1047 potius
1441 1013 1507 1039 unio
1525 1018 1568 1040 est
1584 1013 1769 1048 simplicitas;
1788 1019 1817 1042 et
1832 1015 1888 1042 dis-

1097 1059 1195 1086 tinctio
1210 1058 1374 1085 admiranda
1389 1066 1397 1086 :
1414 1063 1564 1094 utrumque
1578 1065 1670 1088 autem
1687 1061 1777 1088 Deum
1798 1061 1886 1089 decet.

1097 1104 1167 1137 Quia
1181 1111 1247 1131 vero
1266 1104 1437 1140 hypostasim
1464 1105 1578 1139 quidam
1601 1106 1727 1134 arbitrati
1743 1113 1811 1134 sunt
1830 1115 1887 1135 esse

1098 1155 1225 1177 naturam
1235 1150 1446 1184 particularem,
1470 1156 1497 1178 et
1520 1151 1578 1179 haec
1596 1151 1648 1179 fuit
1662 1161 1760 1180 eorum
1775 1153 1886 1188 opinio;

1099 1196 1251 1223 cavendum
1266 1201 1319 1228 est,
1335 1204 1370 1223 ne
1382 1197 1422 1224 sic
1439 1198 1608 1225 sentiamus:
1627 1207 1682 1226 non
1696 1200 1770 1226 enim
1788 1205 1832 1227 est
1843 1208 1888 1228 eo-

1099 1250 1159 1269 rum
1168 1242 1262 1277 opinio
1277 1242 1398 1274 sincera,
1412 1247 1440 1269 et
1456 1250 1519 1270 cum
1534 1244 1670 1279 theologis
1695 1246 1885 1279 consentiens;

1099 1292 1197 1314 natura
1224 1287 1298 1314 enim
1331 1288 1508 1323 particularis
1535 1290 1716 1324 partitionem
1741 1291 1886 1320 declarat:

1100 1333 1169 1360 nihil
1194 1337 1285 1360 autem
1301 1333 1432 1368 partibile
1451 1334 1533 1362 Deus.
1548 1335 1639 1368 Quare
1647 1344 1700 1364 non
1716 1342 1759 1364 est
1771 1337 1886 1366 dicenda

1100 1386 1218 1413 persona
1232 1383 1331 1405 natura
1345 1379 1491 1414 specialis:
1507 1388 1562 1407 non
1577 1381 1651 1408 enim
1671 1382 1828 1417 hypostasis
1839 1391 1887 1410 na-

1100 1429 1161 1451 tura
1174 1429 1233 1457 est;
1248 1424 1320 1451 sicut
1336 1432 1426 1459 neque
1441 1430 1550 1457 natura,
1576 1427 1731 1462 bypostasis
1746 1429 1806 1456 sive
1826 1437 1886 1464 per-

1100 1477 1183 1497 sona:
1201 1475 1298 1497 natura
1310 1478 1429 1505 namque
1446 1471 1529 1499 unius
1544 1472 1639 1500 forma:
1653 1473 1660 1493 ί
1679 1477 1732 1506 est,
1746 1479 1774 1501 et
1788 1474 1886 1510 impar-

1101 1515 1206 1543 tibilis:
1226 1520 1254 1543 et
1266 1516 1381 1543 stultum
1403 1521 1446 1544 est
1466 1522 1560 1552 partes
1578 1527 1702 1553 quzerere
1721 1520 1747 1546 in
1765 1518 1887 1554 imparti-

1101 1561 1166 1588 bili:
1181 1563 1399 1597 compositorum
1408 1564 1482 1590 enim
1501 1567 1543 1590 est
1562 1564 1651 1591 scindi
1668 1568 1696 1591 et
1712 1565 1885 1599 partitionem

1101 1615 1211 1642 capere.
1227 1608 1361 1642 Quocirca
1375 1610 1422 1644 qui
1436 1610 1476 1637 sic
1496 1610 1658 1645 opinantur,
1684 1619 1740 1639 non
1761 1613 1849 1639 solum
1861 1613 1885 1640 in

1101 1653 1159 1680 haec
1174 1653 1294 1680 absurda
1311 1653 1447 1687 incidunt,
1464 1654 1512 1682 sed
1539 1659 1595 1682 tres
1623 1656 1808 1690 particulares
1823 1657 1885 1684 deos

1100 1699 1261 1726 necessario
1276 1704 1427 1734 reponunt,
1448 1700 1621 1728 sortitionem
1638 1700 1737 1728 divinae
1763 1702 1886 1729 substan-

1101 1745 1156 1777 tiae,
1185 1745 1240 1772 imo
1269 1745 1488 1773 substantiarum
1505 1746 1533 1773 in
1557 1754 1587 1773 se
1612 1747 1678 1781 ipsis
1701 1747 1846 1776 facientes.
1858 1748 1884 1775 Si

1101 1790 1173 1817 enim
1185 1794 1242 1817 tres
1257 1795 1338 1824 sunt;
1362 1799 1418 1818 non
1430 1795 1472 1819 est
1498 1800 1553 1819 una
1584 1795 1611 1819 et
1634 1793 1764 1827 simplex,
1781 1799 1809 1821 et
1833 1800 1885 1820 non

1100 1836 1263 1870 composita.
1276 1836 1466 1872 Nequaquam,
1484 1837 1611 1872 quamvis
1623 1838 1833 1867 similitudinem
1847 1839 1883 1867 eis

1101 1880 1235 1912 tribuant,
1251 1880 1298 1914 qui
1311 1880 1362 1908 ista
1376 1881 1490 1909 audent.
1515 1881 1543 1909 Si
1569 1882 1643 1909 enim
1668 1883 1882 1919 uniuscujusque

1100 1931 1142 1954 est
1159 1930 1258 1953 natura
1269 1926 1391 1961 propria,
1407 1931 1435 1954 et
1454 1934 1508 1954 non
1523 1932 1614 1962 potest
1633 1928 1749 1956 alterius
1765 1930 1882 1965 proprie-

1101 1979 1185 2001 tatem
1201 1973 1313 2006 subire;
1330 1974 1468 2009 quomodo
1485 1978 1577 2006 erunt,
1594 1975 1733 2010 quomodo
1746 1976 1882 2004 habebunt

1100 2019 1166 2046 illud
1191 2019 1428 2047 consubstantiale
1448 2029 1454 2046 :
1485 2021 1712 2056 quandoquidem
1743 2022 1833 2050 simile
1855 2023 1880 2050 in

1099 2064 1236 2091 Trinitate
1256 2063 1360 2096 dicere,
1387 2062 1566 2091 temerarium
1593 2069 1621 2092 et
1647 2066 1880 2094 inconsideratum

1098 2114 1157 2141 est;
1173 2109 1306 2144 quoniam
1331 2109 1422 2136 simile
1436 2109 1479 2136 vel
1496 2110 1640 2144 qualitate,
1660 2111 1704 2140 vel
1730 2113 1879 2146 quantitate

1099 2155 1191 2182 simile
1208 2154 1326 2187 dicitur;
1343 2154 1390 2181 ubi
1403 2159 1495 2181 autem
1507 2155 1578 2182 nihil
1599 2156 1699 2183 horum
1726 2162 1771 2184 est
1803 2158 1879 2192 (Deus

1098 2201 1171 2227 enim
1189 2208 1290 2235 expers
1300 2200 1441 2235 qualitatis
1449 2204 1476 2227 et
1488 2201 1650 2235 quantitatis
1665 2201 1729 2237 est),
1746 2202 1878 2237 quomodo

261 2257 405 2281 renovare,
422 2256 504 2283 qualn
521 2248 554 2274 ad
573 2255 636 2274 eum
650 2247 697 2281 qui
716 2247 745 2273 in
770 2246 906 2281 principio
924 2245 1045 2272 creavit:
1063 2255 1085 2283 ο
1099 2247 1189 2274 simile
1206 2247 1298 2273 locum
1315 2246 1447 2273 habebit?

260 2300 288 2322 et
305 2303 444 2329 numquam
455 2293 559 2328 aliquid
571 2293 604 2319 ad
615 2292 819 2319 renovatiouem
830 2291 985 2322 vocabitur,
995 2290 1047 2317 nisi

260 2340 368 2367 fnerita
387 2339 525 2374 principio
539 2338 705 2372 productum
726 2341 753 2364 et
769 2337 922 2364 conditutn.

297 2386 352 2412 XV.
385 2386 491 2412 Rursus
515 2391 580 2418 ergo
599 2383 733 2414 dicemus,
756 2390 841 2410 unum
869 2383 956 2409 Deum
985 2389 1046 2408 esse

261 2431 435 2461 Trinitatem,
452 2429 578 2464 quamvis
594 2428 787 2455 differentibus
811 2428 970 2455 nominibus
995 2435 1046 2461 ap-

262 2478 396 2512 pelletur;
415 2484 474 2510 qua:
489 2475 600 2509 quidem
616 2475 726 2502 nomina
742 2482 796 2501 non
806 2474 961 2509 significant
973 2483 1044 2509 esse,

260 2523 309 2553 sed
321 2522 460 2556 quomodo
482 2529 554 2548 csse.
578 2521 635 2548 Nec
658 2521 732 2547 enim
758 2521 806 2554 qui
831 2521 940 2547 Patrem
965 2520 1045 2555 dixit,

262 2568 444 2595 substantiam
466 2566 641 2601 significavit,
655 2566 703 2593 sed
733 2567 812 2600 plane
842 2566 1045 2593 habitudinem.

262 2613 291 2640 Si
307 2617 398 2640 autem
415 2613 494 2639 Pater
505 2612 638 2639 habitudo
651 2616 692 2638 est
707 2611 900 2646 signiﬁcando,
915 2619 1046 2639 necessa-

263 2659 304 2686 rio
317 2658 400 2686 etiam
410 2658 512 2690 Filius;
526 2661 674 2692 utrumque
693 2657 766 2684 enim
779 2656 910 2690 positum,
927 2657 1045 2685 alterum

299 2726 321 2740 ἐ’
332 2726 411 2753 Joan.
439 2733 494 2757 xtv,
513 2725 555 2752 10.
595 2725 616 2740 ¹⁰
636 2723 704 2751 ΙΜά.
732 2723 758 2750 9.
816 2724 836 2740 ³¹
856 2724 936 2752 Joan.
957 2733 985 2756 Χ.

262 2761 370 2788 "Joan.
385 2769 438 2792 xvt,
454 2761 496 2793 ιιι,
514 2761 556 2788 i5.
593 2760 615 2776 "
632 2760 712 2786 Deut.
739 2767 777 2795 vr,
795 2759 826 2793 tl;
842 2759 1039 2793 Marc.xu,29.

1018 2725 1064 2752 30.

1133 2291 1214 2319 XVll.
1228 2292 1283 2318 Nos
1294 2299 1360 2326 ergo
1369 2299 1459 2326 neque
1474 2291 1601 2325 similem,
1621 2300 1711 2327 neque
1721 2292 1877 2321 dissimilem

1098 2337 1439 2373 profitemur'l‘rinitatem
1463 2337 1599 2371 qualitate
1620 2342 1648 2365 et
1664 2339 1818 2372 quantitate
1837 2346 1878 2365 ca-

1098 2388 1204 2411 rentem
1216 2393 1224 2416 ;
1251 2383 1298 2411 sed
1312 2383 1577 2411 consubstantialem
1592 2388 1620 2412 et
1634 2384 1816 2413 individuam.
1829 2384 1875 2418 Qui

1097 2437 1162 2457 vero
1177 2429 1314 2462 dividunt,
1339 2433 1367 2456 et
1387 2429 1492 2456 faciunt
1508 2437 1590 2457 uuam
1609 2434 1677 2463 tres,
1701 2430 1779 2466 impii
1807 2434 1875 2462 sunt,

1097 2478 1124 2501 et
1137 2474 1341 2501 multitudinem
1373 2474 1488 2501 deorum
1509 2474 1700 2506 introducunt,
1724 2480 1751 2502 et
1775 2483 1877 2503 monar-

1097 2520 1189 2547 chiam
1217 2523 1362 2554 respuunt,
1392 2519 1461 2548 nihil
1490 2520 1646 2554 periculum
1671 2520 1814 2548 divisionis
1831 2527 1876 2547 ve-

1098 2565 1145 2593 riti
1158 2574 1164 2591 :
1179 2565 1293 2599 partitio
1309 2565 1382 2592 enim
1399 2565 1617 2592 substantiarum
1632 2570 1660 2593 et
1676 2566 1837 2602 adaequatio,
1851 2569 1876 2593 et

1098 2611 1214 2638 variatio
1227 2611 1310 2646 hujus
1328 2611 1490 2638 substantiae
1510 2611 1545 2638 ab
1571 2611 1629 2644 illa,
1648 2613 1734 2639 sectio
1767 2617 1808 2640 est
1831 2619 1874 2639 eo-

1099 2665 1159 2684 rum
1184 2657 1231 2691 qui
1262 2660 1327 2684 sunt
1351 2657 1432 2684 unius
1455 2661 1571 2684 naturae.
1590 2657 1731 2692 Siquidem
1753 2658 1798 2693 qui
1814 2657 1875 2685 dicit

1121 2725 1143 2741 ⁸²
1163 2725 1242 2752 Joan.
1271 2731 1345 2757 xvn,
1370 2725 1397 2752 5.
1454 2724 1555 2752 "Joan.
1573 2733 1626 2758 xiv,
1643 2725 1670 2752 ϐ.
1727 2726 1822 2757 "ibid.
1834 2726 1873 2753 ΓΙ.

880 2815 996 2843 Viuile
1012 2816 1158 2844 LECTION
1164 2816 1214 2843 ES.

298 2865 311 2884 ι
323 2896 326 2897 ν
336 2862 450 2897 integra.
473 2861 610 2897 ἀκέραιος.

262 2896 377 2932 νοειδής.

661 2862 675 2883 h
694 2861 767 2890 Trin.
792 2861 899 2890 consult.
918 2861 1077 2897 Legendum
1101 2862 1221 2897 videtur,
1249 2861 1321 2890 Trin.
1351 2869 1391 2890 sn
1406 2863 1513 2890 comub.
1566 2863 1573 2884 ι
1595 2862 1676 2891 Unius
1706 2864 1802 2900 fama.
1827 2873 1874 2903 μα·
