1980 3188
117 185 184 218 1321

621 184 762 215 ORATIO
782 184 809 214 Ι.
823 185 917 215 .—-DE
938 184 990 215 SS.
1010 184 1229 226 TRINITATE.

1671 181 1738 230 1322
1765 183 1769 186 ι

116 239 299 269 substantiam
321 238 409 266 Patris
438 239 645 273 particularem,
661 246 722 273 qua:
736 246 791 266 non
811 239 905 273 possit
919 245 942 272 Α
957 238 1048 273 inquit
1070 238 1219 269 Dominus.
1253 237 1369 272 proderit
1395 236 1508 269 homini,
1542 237 1563 264 ri
1587 238 1738 265 universum

116 295 178 315 esse
192 290 291 314 natura
311 285 390 316 Filii,‘
407 292 519 319 prorsus
549 285 731 311 substantiam
757 285 901 317 variatam,

117 334 173 360 imo
185 330 354 360 substantias
368 329 454 356 dicit:
469 329 608 364 quomodo
622 329 832 361 homousion,id
849 334 902 361 est,

116 377 354 406 consubstantiale
370 376 398 402 in
423 376 617 406 differentibus
635 375 800 402 substantiis
822 382 903 409 repe-

116 424 221 452 rietur?
242 423 345 450 frustra
356 429 432 456 ergo,
447 421 607 456 praedicant,
630 421 805 457 homousion
816 420 903 448 simu—

116 468 206 498 lantes
217 467 353 503 proﬁteri,
371 467 445 502 quod
462 474 517 494 non
541 466 705 501 proﬁtentur
727 474 803 504 vere,
833 465 903 492 divi-

116 515 215 544 dentes
227 513 409 541 substantiam
419 512 601 542 individuam.
614 512 649 539 Et
659 512 772 544 mirum,
784 511 837 538 uisi
851 511 903 546 ipsi

116 561 212 592 etiam,
229 565 259 587 ut
278 559 363 587 verbo
384 557 526 592 Evangelii
554 561 615 587 utar
634 557 668 589 ³⁷,
690 557 855 599 dividantur.
876 560 904 583 et

116 611 224 641 partem
240 613 303 632 cum
319 603 472 640 hypocritis
499 603 647 638 accipiant.
664 603 711 638 qui
727 602 841 630 minime
860 601 903 629 di-

116 657 218 679 cuntur
235 650 365 682 credere;
393 650 458 684 quin
477 649 569 684 potius
584 653 680 675 contra
708 656 764 675 non
787 652 904 682 possunt

115 697 242 728 credere,
259 701 389 730 tanquam
402 699 589 729 cauponantes
602 693 730 725 ﬁdem,et
739 701 798 721 eam
814 693 904 728 pretio

116 739 208 769 inanis
235 746 263 769 et
288 741 479 776 praetereuntis
499 740 598 775 gloriae
613 739 776 771 vendentes,
802 739 905 774 quibus

116 788 251 815 Dominus
261 786 338 822 prius
354 786 442 814 dixit:
472 785 607 818 Quomodo
643 785 750 820 potestis
781 784 903 816 credere,

117 832 288 868 quigloriom
307 833 339 859 ab
352 832 461 859 inuicem
477 831 604 866 accipitis,
620 834 644 856 et
660 829 773 864 gloriam
800 836 858 864 quo:
874 836 904 855 ex

118 879 172 905 Deo
187 878 242 904 solo
257 882 306 911 est,
319 886 371 904 non
386 877 501 912 quwritis
519 875 600 902 “Ylli
615 875 730 910 gloriam
760 874 904 915 hominum

954 284 1082 310 mundum
1101 282 1228 314 lucretur,
1241 283 1337 310 animo:
1350 290 1410 309 vero
1425 287 1480 308 suae
1491 282 1676 309 detrimentum
1691 292 1739 317 pa-

954 330 1056 356 tiatur?
1071 335 1117 356 aut
1145 337 1225 364 quam
1250 328 1322 355 dabit
1335 347 1339 350 .
1352 328 1428 354 homo
1445 328 1676 355 commutationem
1692 338 1739 363 pro

955 374 1046 400 animo
1061 373 1130 400 sua?
1144 373 1229 399 Veniet
1245 373 1315 399 enim
1329 371 1412 398 Filius
1420 372 1532 399 hominis
1548 372 1575 398 in
1586 371 1671 406 gloria
1685 371 1740 399 Pa-

954 419 1001 445 tris
1017 420 1068 451 rui,
1094 411 1118 445 et
1146 422 1207 445 tunc
1230 418 1318 444 reddet
1337 418 1476 452 unicuique
1495 417 1638 444 secundum
1659 426 1740 452 opera

954 473 1003 491 sua
1022 464 1054 491 ".
1086 465 1115 491 In
1148 463 1216 491 illud
1240 471 1306 499 ergo
1328 462 1463 498 judicium
1488 462 1576 490 aciein
1597 463 1739 490 oculorum

955 508 1244 536 animaaintcndcntcs
1261 514 1390 543 tanquam
1412 508 1440 535 in
1464 508 1609 543 quamdam
1640 508 1740 541 facem,

955 562 1036 589 quam
1057 555 1197 582 occultare
1219 554 1292 582 soliti
1312 558 1377 581 sunt
1400 554 1449 590 qui
1467 554 1494 580 in
1511 554 1581 581 mari
1600 555 1741 590 navigant,

930 604 1031 626 ~recta
1057 599 1091 626 ad
1118 603 1229 634 portum
1256 599 1353 626 salutis
1381 607 1543 634 pergemus:
1571 599 1741 634 ﬁgemusque

955 645 1092 671 anchoras
1106 645 1134 671 in
1159 644 1223 672 ﬁdei
1246 649 1324 679 petra
1340 645 1487 678 immobili,
1512 645 1582 672 nihil
1607 645 1741 673 facientes

955 695 1003 717 aut
1025 690 1160 722 dicentes,
1189 690 1224 717 ad
1240 691 1352 717 oculum
1370 691 1524 718 servientes
1551 691 1584 723 “,
1611 695 1740 728 tanquam

955 735 1115 763 hominibus
1129 736 1238 770 placere
1261 736 1398 768 velimus,
1414 736 1462 763 sed
1487 735 1580 771 potius
1611 741 1740 773 tanquam

956 782 1027 809 servi
1041 783 1088 810 Dei
1105 782 1179 810 omni
1193 782 1332 817 hypocrisi
1348 787 1375 809 et
1392 781 1569 810 simulatione
1580 783 1676 818 ejecta,
1693 784 1742 810 Pa.

956 832 1025 855 trem
1041 820 1146 863 patrem
1161 827 1362 863 gloriﬁcamus;
1392 828 1492 855 Filium
1527 827 1614 855 ﬁlium
1641 829 1742 856 adore-

955 881 1035 906 mus;
1052 873 1186 908 Spiritum
1206 875 1332 901 sanc‘tum
1350 867 1543 907 conﬁteantur,
1575 882 1657 902 unam
1674 875 1742 902 sub-

116 923 204 958 magis
219 931 300 957 quam
317 922 364 949 Dei
374 927 508 953 amantes,
525 928 636 948 sensum
651 920 794 955 proprium
807 919 902 955 gratiae
917 926 938 953 Β
953 921 1080 948 stantiam
1092 925 1120 948 et
1135 921 1259 948 diversas
1273 929 1406 955 personas
1422 921 1529 949 sincere
1547 927 1740 957 agnoscentes,

116 974 199 996 causa
213 962 380 1003 largiuntur,
394 967 562 995 redimentes
575 972 708 1001 tempora,
731 971 759 1000 et
787 965 839 993 ﬁde
856 973 904 992 vo-

116 1015 198 1042 latica
211 1006 299 1042 veluti
309 1014 371 1041 talis
388 1014 515 1041 ludentes
532 1034 539 1046 ,
555 1013 620 1040 dum
635 1021 695 1040 eam
710 1014 904 1050 ~transmutant

115 1061 150 1088 ad
162 1061 333 1088 voluntatem
350 1060 492 1092 ductoris;
511 1058 612 1094 quibus
632 1059 732 1086 melius
750 1063 811 1085 erat
831 1057 904 1084 ferre

116 1106 274 1132 mercedem
287 1113 376 1137 suam,
402 1104 474 1132 sicut
491 1105 524 1131 iis
539 1104 586 1138 qui
604 1108 668 1132 sunt
695 1103 855 1139 hypocritae,
875 1098 906 1130 ut

116 1151 265 1179 vidcantur
275 1151 434 1178 hominibus
443 1151 569 1186 jejunare
580 1154 607 1178 et
624 1149 819 1177 misericordes
831 1157 902 1181 esse,

116 1201 148 1235 et
172 1205 226 1224 non
261 1204 403 1235 reservare
433 1197 485 1224 sibi
514 1196 680 1231 supplicium
706 1200 734 1223 et
761 1195 903 1223 materiam

117 1232 189 1278 ignis
197 1232 437 1278 inexstinguibilis.
446 1243 532 1269 Nemo
540 1242 624 1277 igitur
632 1247 679 1269 aut
687 1241 771 1277 gratia
780 1241 903 1274 alterius,

118 1293 168 1316 aut
185 1288 321 1315 voluntati
343 1296 399 1315 suae
415 1295 519 1315 morem
536 1295 635 1322 gerens
657 1295 672 1314 a
687 1294 752 1317 sana
769 1286 906 1313 sententia

118 1333 255 1366 discedat,
265 1327 357 1368 neque
371 1333 435 1360 ﬁdei
446 1333 625 1360 constitutum
640 1332 781 1368 depravet,
790 1326 833 1360 vel
843 1340 906 1366 pro-

117 1384 180 1415 pter
197 1384 300 1417 metum
318 1378 458 1414 supplicii,
475 1379 518 1407 vel
530 1383 644 1414 propter
665 1378 754 1406 minas
771 1378 904 1412 direptio-

117 1425 163 1452 nis
175 1423 405 1463 bonorum._Quid
419 1424 492 1452 enim
516 1425 662 1459 diripietnr
676 1432 725 1460 par
743 1428 771 1452 et
799 1424 905 1458 mqttale

118 1469 200 1498 ﬁdei?
228 1471 283 1498 inm
295 1478 385 1505 neque
399 1493 402 1496 ί
414 1476 527 1506 propter
544 1478 620 1505 spem
637 1470 725 1497 lucri:
749 1470 815 1504 quid
831 1470 904 1497 enim

116 1515 282 1543 lucrifacere
306 1520 407 1550 potest,
423 1515 471 1550 qui
485 1517 621 1551 iacturam
636 1515 685 1542 Dei
712 1515 796 1542 facit?
811 1515 904 1550 Siqui-

117 1561 181 1588 dem
195 1553 341 1589 universus
354 1561 474 1589 mundus
486 1569 587 1599 parvus
603 1565 654 1594 est,
674 1561 696 1588 si
709 1569 771 1588 cum
786 1557 904 1588 fabrica-

118 1610 178 1633 tore
195 1607 254 1642 ejus
269 1607 444 1634 conferatur:
461 1615 512 1634 nec
536 1607 625 1647 ipsum
642 1607 743 1637 coelum
766 1607 903 1643 magnitu-
918 1604 938 1633 ϐ

117 1652 210 1679 dinem
222 1652 345 1683 auctoris
353 1653 395 1680 sui
413 1657 608 1688 repraesentare
631 1657 739 1688 potest;
755 1653 830 1688 quod
855 1653 903 1688 qui

116 1698 250 1730 amiserit,
277 1698 343 1732 quid
360 1698 478 1733 amplius
491 1698 619 1726 habebit?
635 1698 701 1732 quid
722 1699 775 1725 erit
793 1699 903 1727 .amisso

115 1751 168 1778 par
181 1747 209 1771 et
221 1744 326 1778 mquale
337 1743 348 1770 ?
358 1743 453 1779 Neque
468 1743 549 1770 ﬁdem
565 1744 731 1779 supprimat,
749 1745 797 1780 qui
809 1745 903 1773 volue-

115 1789 155 1816 rit
168 1797 229 1816 esse
244 1797 307 1816 vere
318 1786 422 1817 ﬁdelis:
442 1789 602 1825 suppressio
614 1790 688 1818 enim
700 1791 902 1826 quodammodo

115 1839 160 1861 est
175 1835 300 1870 negatio:
323 1835 448 1863 conﬁteri
470 1829 562 1864 autem
593 1835 901 1871 ﬁdenterpﬁrmitatem

115 1880 181 1907 ﬁdei
198 1877 333 1907 ostendit:
356 1881 440 1916 igitur
459 1881 525 1908 licet
545 1881 637 1916 justus
662 1881 825 1916 supprimat,
846 1882 902 1917 jam

114 1932 170 1952 non
184 1929 225 1952 est
237 1926 344 1960 justus:
361 1926 420 1954 Non
435 1926 532 1962 placet,
559 1927 660 1962 inquit,
679 1928 776 1955 animte
801 1929 901 1962 metein

114 1972 172 2006 ipso
185 1970 217 1998 ".
649 1972 652 1975 ’
665 1980 667 1982 ·

151 2039 243 2066 XVIII.
259 2040 366 2068 Rursus
384 2047 451 2067 vero
463 2040 498 2067 ab
516 2039 576 2076 ipso
588 2041 704 2068 Domino
724 2041 899 2069 audivimus:

113 2083 206 2110 Omnia
224 2085 268 2119 qui
282 2085 447 2118 conﬁtebitur
460 2093 501 2112 me
524 2093 614 2112 coram
638 2086 796 2119 hominibus,
817 2086 901 2120 eonﬁ-

113 2128 189 2154 tebor
205 2133 230 2154 et
246 2137 291 2164 ego
305 2137 364 2156 eum
377 2138 468 2157 eorum
480 2130 559 2157 Patre
569 2139 626 2157 meo
636 2132 681 2165 qui
694 2132 722 2158 in
731 2131 801 2158 uelit
817 2136 854 2158 est
865 2132 900 2159 ‘°.

113 2173 145 2199 lu
162 2180 331 2208 unoquoque
358 2174 433 2201 enim
456 2174 546 2202 simile
574 2174 701 2202 redditur
722 2179 898 2210 antegresso;

112 2217 251 2244 confessio
266 2218 445 2251 confessioni,
459 2219 569 2254 negatio
585 2220 736 2254 negatioui,
768 2221 817 2248 sed
844 2229 899 2248 non

954 971 982 994 et
995 975 1208 1002 unamquamque
1224 975 1363 1001 personam
1375 967 1473 999 Delim,
1490 976 1545 995 non
1569 972 1662 996 tamen
1678 969 1743 996 sub-

956 1008 1083 1042 stantiam
1097 1013 1291 1049 particularem
1305 1013 1462 1046 habentem,
1480 1020 1534 1041 non
1553 1022 1739 1047 communem,

956 1058 1063 1085 tametsi
1077 1066 1126 1093 per
1143 1065 1171 1085 se
1184 1058 1256 1085 Deus
1277 1059 1437 1086 nominetur
1451 1068 1457 1085 :
1486 1059 1652 1094 particulare
1664 1060 1740 1087 enim

954 1109 1008 1128 non
1027 1102 1242 1136 estsubstantia,
1257 1102 1394 1137 siquidem
1413 1103 1568 1131 substantia
1584 1112 1671 1140 genus
1681 1110 1739 1138 est;

934 1176 938 1181 ,
955 1152 983 1174 et
993 1148 1118 1183 generale
1133 1152 1245 1176 nonest
1260 1148 1439 1183 particulare.
1463 1149 1537 1177 sicut
1553 1158 1640 1185 neque
1655 1153 1742 1186 parti-

956 1193 1048 1220 culare
1064 1194 1190 1228 generale
1203 1201 1244 1222 est
1255 1203 1261 1221 :
1273 1199 1302 1221 et
1317 1195 1444 1229 quamvis
1455 1196 1741 1233 dicaturunaqua-que

955 1246 1073 1273 persona
1091 1239 1181 1271 Deus;
1197 1248 1252 1266 non
1270 1243 1361 1267 tamen
1376 1240 1507 1269 divinitas
1532 1242 1630 1276 divisa,
1644 1248 1686 1271 est
1701 1244 1744 1270 di-

954 1284 1066 1316 vinitas,
1083 1293 1173 1320 neque
1190 1285 1309 1313 cﬁicitur
1323 1287 1434 1321 propria
1450 1292 1477 1315 et
1494 1289 1670 1323 particularis
1693 1298 1742 1316 na-

955 1331 1082 1358 turaliter
1110 1332 1262 1359 secundum
1288 1332 1477 1361 diversitatem
1501 1334 1674 1369 substantiae,
1692 1337 1741 1363 sed

954 1376 1104 1411 perfectam
1122 1381 1149 1404 et
1162 1380 1246 1404 totam
1263 1377 1347 1405 habet
1364 1386 1537 1407 communem
1547 1372 1743 1411 substantiam.

955 1420 1140 1455 Quamobrem
1164 1427 1220 1450 tres
1245 1423 1377 1451 dicuntur
1407 1431 1435 1452 ct
1453 1429 1517 1453 sunt
1545 1434 1626 1461 unus,
1643 1432 1741 1463 utpote

956 1467 1039 1495 unius
1051 1468 1210 1496 substantia:
1218 1469 1376 1498 non'divisa:
1389 1470 1416 1497 in
1436 1475 1501 1504 tres,
1519 1473 1646 1507 quamvis
1656 1481 1743 1505 unus-

956 1513 1072 1551 quisque
1087 1522 1136 1549 per
1153 1522 1182 1542 se
1210 1516 1386 1549 nominetur;
1402 1525 1453 1544 nec
1470 1522 1591 1545 extensa:
1609 1518 1636 1546 in
1649 1520 1742 1547 mulli-

957 1559 1092 1593 tudinem,
1104 1568 1166 1588 cum
1180 1566 1236 1589 tres
1248 1562 1318 1589 inter
1329 1570 1360 1590 se
1375 1563 1563 1590 nominantur.

990 1626 1060 1654 XIX.
1078 1627 1168 1661 Quare
1178 1629 1321 1656 veritatem
1334 1629 1476 1664 depravat,
1490 1631 1536 1666 qui
1549 1636 1606 1660 tres
1619 1640 1670 1668 pro
1685 1640 1741 1660 uno

953 1667 1021 1700 deos
1037 1680 1103 1701 esse
1116 1674 1265 1709 opinatur:
1279 1675 1409 1710 opinatur
1431 1682 1523 1706 autem
1542 1678 1620 1710 deos,
1632 1673 1742 1715 quihy-

954 1724 1088 1753 postases,
1099 1724 1212 1748 naturas
1229 1721 1364 1756 speciales
1377 1722 1435 1750 sive
1450 1723 1634 1758 particulares
1650 1731 1740 1753 vocat.

954 1764 998 1791 Sic
1014 1765 1089 1792 enim
1114 1769 1220 1793 natura:
1247 1767 1381 1802 speciales
1406 1773 1518 1802 essent;
1552 1770 1624 1798 Deus
1647 1777 1740 1800 autem

953 1815 1050 1836 natura
1066 1815 1118 1841 est,
1138 1819 1201 1838 cum
1230 1811 1299 1841 dicit
1323 1813 1479 1848 Propheta:
1513 1815 1583 1842 Deus
1609 1821 1699 1844 noster
1713 1818 1740 1844 in

953 1855 1026 1887 enato,
1040 1861 1064 1882 et
1080 1857 1192 1884 iu'terra
1208 1858 1246 1890 ⁸⁵ς
1264 1862 1289 1885 et
1299 1864 1469 1894 cognoscent,
1487 1861 1557 1896 quod
1573 1866 1601 1889 tu
1612 1854 1739 1891 Domitius

951 1901 1022 1928 Deus
1037 1901 1107 1929 totus
1124 1903 1156 1929 “.
1174 1903 1212 1930 De
1225 1911 1281 1938 quo
1303 1911 1370 1939 ergo
1388 1905 1471 1933 triunt
1486 1907 1574 1934 dicit?
1590 1916 1644 1935 non
1663 1909 1738 1936 enim

937 1953 940 1956 '
952 1947 1045 1982 posuit
1058 1948 1244 1986 multitudinis
1256 1949 1488 1984 signiﬁcationem
1498 1961 1505 1985 ;
1516 1958 1622 1982 natura:
1645 1959 1738 1983 autem

952 1993 1087 2028 speciales
1108 1995 1316 2024 multitudinem
1345 1998 1508 2027 ostendunt.
1538 1999 1586 2027 Sin
1614 2009 1680 2028 vero
1704 2002 1738 2029 de

951 2039 1044 2067 divina
1064 2041 1229 2078 substantia,
1240 2043 1321 2070 unica
1333 2048 1361 2072 et
1373 2044 1490 2080 simplici
1502 2052 1593 2073 sermo
1612 2047 1657 2080 sit,
1666 2048 1738 2076 hanc

951 2091 1043 2114 autem
1062 2095 1150 2120 unum
1160 2088 1360 2117 Deumdivinze
1383 2091 1533 2126 Scriptum
1559 2098 1670 2127 vocant,
1684 2096 1736 2123 etsi

953 2136 1007 2159 tres
1022 2132 1104 2160 habet
1116 2134 1317 2168 proprietates:
1338 2143 1391 2163 una
1407 2137 1501 2172 utique
1515 2142 1614 2166 natura
1626 2144 1654 2167 et
1669 2140 1737 2168 sub-

950 2177 1051 2204 stantia
1065 2178 1216 2206 divinitatis
1231 2184 1282 2207 est.
1299 2180 1327 2208 Si
1340 2185 1432 2209 autem
1445 2190 1500 2210 una
1511 2188 1563 2216 est,
1578 2192 1659 2212 nemo
1670 2186 1736 2212 sub-

951 2223 1067 2250 stantias
1078 2224 1258 2258 particularcs
1275 2226 1357 2257 dicat.
1372 2227 1393 2254 si
1409 2228 1508 2264 refugit
1531 2229 1647 2257 deorum
1663 2232 1736 2259 mul-

111 2262 258 2290 similiter:
275 2264 412 2305 siquidem
428 2265 566 2292 confessio
578 2269 606 2292 et
614 2266 724 2300 negatio
733 2271 898 2301 antegressa:
915 2277 935 2305 D
952 2268 1099 2296 titudincm
1137 2271 1291 2299 nominare.
1332 2262 1555 2302 Demonstratum
1580 2276 1654 2304 enim
1680 2283 1732 2310 est,

111 2308 142 2335 in
159 2309 318 2336 hominibus
326 2314 405 2342 sunt;
423 2314 572 2344 sequentes
588 2318 654 2338 vero
668 2311 699 2338 in
717 2311 858 2341 Salvatore
869 2316 898 2339 et

109 2355 218 2389 angelis
239 2356 352 2383 sanctis.
369 2355 553 2388 Quamobrem
582 2357 699 2392 quisque
725 2365 755 2385 se
780 2352 911 2390 muniat,‘

110 2404 240 2432 metuens
255 2401 408 2434 periculum
420 2401 601 2436 impendens;
616 2406 645 2429 et
662 2410 771 2430 omnem
793 2408 896 2431 metum

110 2444 273 2476 humanum.
287 2449 315 2472 et
330 2453 439 2473 omnem
456 2447 570 2481 gratiam
584 2447 714 2481 hominis,
732 2448 819 2476 instar
833 2450 896 2483 pul-

109 2489 196 2522 veris,
216 2491 391 2518 excutiatex
406 2492 464 2519 suis
492 2492 815 2527 cogitationibusz'illum
837 2499 896 2522 tan~

109 2539 299 2568 tum,metuat,
314 2538 360 2571 qui
370 2541 452 2571 potest
470 2538 588 2564 animam
601 2542 625 2564 et
640 2546 733 2574 corpus
747 2539 856 2574 perdere
868 2541 896 2567 in

108 2579 230 2615 gehenna
242 2581 275 2613 “,
290 2581 445 2616 habeatque
458 2587 632 2616 persuasum,
659 2583 732 2617 quod
754 2583 894 2619 dispersit,

107 2629 139 2651 et
153 2624 282 2660 disperget
293 2625 420 2653 Dominus
430 2634 488 2653 ossa
503 2624 604 2660 eorum,
622 2629 667 2663 qui
681 2629 827 2656 hominibus
836 2630 895 2664 pla-

106 2674 169 2697 cent
184 2671 216 2697 “.
228 2671 334 2698 Idcirco
346 2671 374 2698 in
387 2672 473 2699 solam
486 2673 601 2708 gloriam
613 2673 661 2700 Dei
685 2673 842 2707 intuemur;
867 2679 896 2702 et

111 2709 199 2746 solum
217 2717 336 2745 Verbum
362 2718 484 2753 judicem
498 2723 701 2754 exspectamus.
726 2720 796 2753 Quid
812 2721 894 2755 enim,

179 2807 281 2849 μεριξ.
297 2808 427 2849 ιξινζέὶίι.
451 2809 474 2825 ³⁸
495 2809 574 2849 ann.
595 2817 621 2849 γ)
700 2845 706 2849 Δ
727 2810 749 2826 ⁸⁸
762 2809 902 2849 Jer._§v,_l

952 2812 1035 2849 Izech.
1055 2822 1127 2847 xxiii,
1155 2810 1203 2848 I8;
1240 2816 1321 2844 Zach.
1350 2826 1386 2849 ιιι,
1407 2819 1432 2847 8.
1483 2819 1506 2836 ⁸⁸
1530 2821 1653 2849 ΜπιιΙι.ι

103 2840 131 2858 ⁵³
148 2841 215 2868 ibid.
233 2843 277 2870 28.

103 2883 164 2908 πη,
184 2877 222 2904 l9.

206 2923 342 2955 [Ἀτιιοι.
362 2923 420 2974 fin.
437 2925 613 2958 LXXXIX.

319 2843 341 2858 δ’
363 2843 432 2870 Psal.
449 2851 495 2877 LII,
516 2844 542 2871 6.
597 2845 619 2860 ⁸³
632 2845 728 2872 Matth.
743 2853 798 2879 xw,
813 2846 858 2879 26,
874 2847 919 2874 27.

950 2315 1118 2350 principium
1140 2324 1201 2344 esse
1213 2318 1399 2346 multitudinis
1410 2320 1536 2354 deorum,
1552 2322 1735 2356 particulares

948 2363 1060 2386 naturas
1068 2361 1226 2389 nominare:
1242 2367 1270 2390 et
1281 2364 1410 2392 existimo
1421 2366 1527 2393 nullum
1538 2375 1648 2403 quoque
1664 2369 1734 2396 adeo

948 2405 1065 2433 nudasse
1078 2412 1170 2443 caput,
1188 2407 1218 2435 id
1227 2413 1280 2441 est,
1296 2417 1329 2437 eo
1357 2411 1533 2446 impudentia:
1556 2415 1733 2448 processisse.

947 2455 977 2477 ut
989 2450 1056 2478 deos
1066 2452 1182 2480 humero
1201 2454 1533 2490 multitudinisnominet;
1548 2459 1600 2486 etsi
1611 2467 1645 2486 ex
1661 2467 1735 2487 sutu-

947 2496 1088 2530 ptionibus
1096 2505 1191 2526 eorum
1200 2503 1357 2530 necessario
1363 2503 1618 2536 coneluditur,deos
1629 2505 1734 2536 dicere.

948 2542 972 2569 si
987 2546 1112 2571 sanctam
1124 2545 1416 2576 Trinitatem'naturas
1430 2551 1563 2584 speciales
1580 2551 1733 2580 nominant:

948 2587 975 2614 id
983 2589 1059 2634 quod
1077 2597 1093 2616 a
1110 2591 1191 2621 nobis
1208 2588 1288 2626 plane
1303 2594 1522 2623 demonstratum
1533 2602 1585 2630 est,
1596 2606 1658 2625 cum
1672 2607 1733 2634 pro-

947 2633 1085 2676 prio_loco
1104 2640 1200 2662 contra
1217 2644 1265 2664 eos
1292 2637 1339 2672 qui
1354 2644 1410 2667 tres
1431 2640 1601 2670 substantias
1627 2633 1733 2675 dicunt,

945 2678 1117 2713 scripsimus,
1128 2688 1190 2708 cum
1204 2690 1292 2717 nuper
1305 2684 1339 2712 de
1350 2685 1401 2713 hac
1412 2687 1563 2722 qumstione
1580 2689 1669 2724 posita
1677 2689 1735 2717 dis-

946 2727 1104 2758 ceptaretur
1125 2733 1131 2752 :
1148 2731 1178 2753 et
1192 2726 1309 2756 fortasse
1329 2730 1376 2765 qui
1391 2730 1439 2758 illa
1458 2737 1573 2768 qntatrct,
1596 2735 1732 2769 reperiet;

1688 2822 1733 2850 52.

1657 2842 1732 2885 Ἶὸὖζ

973 2847 996 2864 ⁸⁸
1015 2849 1116 2884 Ephes.
1147 2859 1183 2884 γι,
1204 2852 1230 2879 6.
1289 2854 1310 2868 "
1326 2847 1397 2880 Psal.
1424 2862 1487 2887 cm,
1506 2855 1532 2888 5,
1553 2856 1579 2883 6.
1598 2847 1640 2881 in“.

1472 2936 1509 2966 [12
