1980 3188
276 184 342 215 1323

832 183 861 213 S.
883 181 1082 212 ANASTASII
1102 181 1340 213 ANTIOCHENI

1831 183 1900 217 1324

273 245 300 267 et
315 247 376 267 cum
394 240 537 274 repererit,
565 241 668 268 certius
686 245 844 275 cognoscet,
872 239 1012 275 quomodo
1034 239 1062 266 in
1077 242 1098 270 Α
1115 247 1173 266 rum
1182 239 1215 266 ".
1244 239 1364 275 Digitum
1395 243 1486 267 autem
1506 240 1554 268 Dei
1579 241 1671 268 vocari
1686 241 1818 277 Spiritum
1834 251 1900 271 san-

265 285 328 312 -il|is
356 289 451 312 contra
469 285 543 312 illam
577 290 641 313 tunc
668 285 793 314 haeresim
819 289 908 313 ortam
932 285 1057 320 disputa-

274 332 374 358 rimus.

308 376 366 404 XX.
386 377 508 404 Dicimus
528 382 661 412 prmterea
688 377 781 405 omnia
797 385 847 412 per
870 377 960 412 ipsum
986 377 1058 404 l‘acta

273 416 386 455 esse,'et
397 422 424 449 in
444 422 502 457 ipso
517 423 609 449 omnia
621 424 773 450 consistere
790 428 920 457 tanquam
935 423 961 449 in
980 429 1059 449 crea-

275 473 333 496 tore
347 472 375 495 et
390 468 585 496 concreatorei
602 477 608 495 :
626 468 720 496 Omnia
746 469 817 495 enim
828 477 988 504 quiscunque
1014 477 1060 496 vo-

273 511 331 544 luit,
345 512 404 547 fecit
420 512 453 538 ".
468 512 496 540 Si
511 513 584 540 enim
601 518 629 540 et
650 513 702 540 hoc
719 514 845 541 nonnulli
861 515 1009 549 opinantur
1026 514 1059 541 de

272 557 352 585 Patre
372 557 476 585 dictum
505 566 588 586 esse:
614 558 673 594 Ipse
688 559 763 591 dixit,
780 564 803 585 el
822 562 893 595 facta
916 564 992 592 sunt;
1006 561 1060 596 ipse

271 606 418 637 mandavit,
433 610 458 632 et
468 611 559 632 creata
572 610 635 632 sunt
647 606 688 638 ‘5;
706 610 734 632 at
750 605 857 639 Omnia,
872 606 971 641 inquit,
986 613 1059 641 qutt-

270 659 373 686 cunque
387 651 456 678 videt
472 650 555 677 Filius
570 650 678 678 Putrem
692 651 790 686 facere,
815 652 869 678 liceo
888 655 913 678 et
927 651 1009 678 Filius
1026 652 1062 678 si-

270 697 369 723 militer
387 697 449 732 facit
465 696 499 729 *9,
518 701 625 730 etnon,
643 697 708 724 talia
722 697 750 731 l-;
767 697 818 725 hoc
835 697 908 724 enim
927 702 969 725 est
988 699 1061 733 ejus-

270 741 332 769 dem
344 742 506 769 substantia:
525 743 662 777 operatio.
677 742 722 770 Ait
736 742 820 779 igitur
833 743 984 770 Dominus:
1001 742 1060 777 Ipse

269 790 343 821 mihi,
359 788 466 816 scilicet
480 788 570 820 Pater,
598 789 753 816 mandatum
779 789 850 815 dedit
866 789 900 821 '°,
924 797 978 815 non
999 793 1061 815 tan-

269 843 351 870 quam
366 843 446 862 servo
460 835 595 870 subjecto,
611 835 658 861 sed
687 840 815 869 tanquam
839 834 962 870 ejusdem
982 839 1061 861 natu-

268 890 316 913 rae,
332 886 359 909 et
373 881 455 909 simul
473 880 537 907 Deo.
556 880 630 908 Idem
641 880 674 907 de
687 880 791 914 Spiritu
803 885 899 907 sancto
913 881 1058 908 sentimus:

268 929 338 956 nihil
349 928 422 955 enim
436 935 547 956 servum
561 931 603 953 est
626 926 653 953 in
679 932 773 954 sancta
796 927 949 960 Trinitate;
975 928 1060 964 igitur

267 982 358 1009 neque
375 979 521 1001 creatum:
549 973 639 999 omnis
664 973 738 999 enim
763 978 892 1000 creatura
920 981 998 1000 serva
1018 978 1060 1000 est

268 1019 400 1047 creatoris
415 1019 474 1051 sui;
496 1026 548 1045 nec
560 1017 699 1050 alienum;
713 1017 834 1045 alienum
849 1019 924 1045 enim
944 1026 1000 1045 non
1018 1022 1060 1046 est

267 1071 432 1097 concreans,
447 1071 501 1090 non
520 1062 691 1090 adorandum
705 1083 712 1095 ,
728 1071 781 1090 non
797 1063 900 1095 lumen,
917 1073 971 1091 non
988 1065 1057 1097 vita;

267 1116 295 1139 et
306 1109 414 1146 'reliqua
434 1109 469 1137 de
484 1110 553 1142 Deo,
569 1113 672 1137 uteum
697 1109 807 1139 decent.
823 1109 964 1137 dicuntur.
981 1111 1060 1138 Sicut

267 1157 341 1184 enim
358 1157 438 1184 Pater
450 1160 493 1183 est
507 1156 601 1183 lumen
612 1159 639 1182 et
655 1156 722 1186 vita,
739 1156 780 1183 sit:
789 1160 817 1183 et
838 1156 934 1188 Filius,
951 1162 978 1184 et
998 1156 1059 1192 Spi-
1079 1162 1082 1165 '

269 1204 338 1231 ritus
355 1208 484 1230 sanctus:
496 1207 525 1229 et
533 1202 591 1230 haec
605 1202 716 1230 nomina
730 1210 779 1237 per
795 1207 877 1230 totam
887 1198 1058 1238 Scripturam

267 1254 390 1278 sanctam
417 1249 588 1283 reperimus,
617 1249 766 1283 aliquanth
792 1249 905 1283 quidem
934 1255 1057 1277 sanctam

268 1294 431 1322 Trinitatem
444 1294 630 1322 communiter
646 1293 804 1327 declarare;
823 1294 970 1330 aliquando
992 1303 1058 1323 vero

269 1349 351 1368 unam
371 1349 519 1376 personam
533 1339 703 1375 specialiter.

302 1385 374 1413 XXI.
391 1385 571 1420 Multaigitur
583 1384 767 1419 intelligentia
783 1392 852 1420 opus
864 1389 906 1412 est
929 1386 1008 1413 nobis
1023 1385 1057 1413 ad

269 1432 489 1467 cognoscendam
507 1430 705 1463 differentiam,
729 1439 763 1458 ne
784 1431 950 1458 frustremur
965 1431 1058 1460 dubiis

269 1477 482 1513 cogitationibus
497 1481 615 1504 utentes.
631 1476 700 1504 Cum
719 1477 792 1504 enim
810 1477 884 1504 canit
908 1476 991 1505 ltavid
1015 1478 1058 1505 in-

269 1523 429 1560 quienszln
442 1523 540 1550 lumine
552 1527 597 1549 tuo
613 1523 754 1550 vibebimus
772 1522 860 1549 lumen
877 1523 910 1554 ει,
934 1528 1056 1550 sanctam

1110 290 1179 318 tum,
1207 290 1264 313 eta
1279 286 1369 321 Moyse
1393 291 1420 314 et
1444 291 1478 314 ab
1509 287 1569 322 ipso
1591 287 1704 316 Christo
1730 289 1899 317 didicimus:

1109 331 1215 367 Moyses
1245 333 1320 360 enim
1349 332 1430 365 dixit,
1456 332 1574 368 Scriptus
1599 343 1655 361 esse
1691 335 1796 362 tabulas
1818 336 1900 371 digito

1109 377 1157 404 Dei
1173 379 1206 406 ".
1226 377 1353 406 Christus
1369 384 1461 406 autem
1473 380 1544 407 dixit
1556 381 1670 413 Judreis,
1697 382 1745 416 qui
1761 383 1902 417 expulsio-

1109 430 1172 450 ncm
1185 424 1384 451 daemoniorum
1399 425 1553 453 Beelzebub
1577 426 1769 455 attribuehant
1786 437 1793 455 :
1809 428 1839 456 Si
1853 437 1902 463 ego

1110 470 1137 496 in
1154 470 1236 505 digito
1250 470 1298 497 Dei
1313 471 1445 498 dtemom'a
1461 473 1537 507 ejicio
1551 473 1590 505 “;
1607 474 1679 507 quod
1696 474 1842 502 Matthteus
1855 475 1902 501 di-

1109 516 1167 542 xit:
1191 515 1219 543 Si
1228 517 1254 543 in
1269 515 1371 551 Spiritu
1381 517 1429 544 Dei
1441 518 1474 544 “.
1488 518 1573 546 Recte
1581 519 1667 554 igitur
1679 520 1902 554 interpretamur

1111 570 1205 589 manus
1218 562 1268 590 Dei
1285 568 1314 590 et
1329 564 1423 598 digitos
1436 563 1445 584 ι
1463 565 1520 596 eius
1537 565 1636 592 Filium
1649 566 1709 601 ejus
1723 572 1752 594 et
1764 566 1901 601 Spiritum

1111 611 1248 641 sanctum,
1263 609 1311 643 qui
1325 609 1352 636 in
1368 609 1550 638 fabricatione
1563 612 1658 638 mundi
1674 613 1827 647 eooperarii
1840 614 1902 648 ejus

1110 652 1232 690 fuerunt.
1252 655 1286 681 Et
1300 655 1397 683 beatus
1418 656 1470 684 Job
1483 657 1556 684 idem
1587 657 1717 686 similiter
1741 659 1900 687 conﬁtens:

1110 698 1206 726 Manus
1218 704 1278 732 tua,
1289 701 1388 735 inquit.
1398 702 1513 736 fecerunt
1524 711 1565 730 me
1575 709 1599 730 et
1607 704 1805 739 plusmauerunt
1817 714 1859 732 me
1867 707 1900 733 ".

1112 745 1145 772 Et
1166 745 1267 772 iterum
1301 747 1387 774 David
1420 749 1624 783 providentiam
1656 750 1706 778 Dei
1736 757 1900 786 exponens:

1111 791 1218 823 Anima,
1233 791 1332 827 inquit,
1359 801 1417 820 mea
1430 795 1457 821 in
1480 796 1600 822 manibus
1628 797 1679 823 tuis
1702 803 1721 816 ιπ
1748 805 1852 832 semper
1867 798 1899 826 ⁸³.

1111 837 1191 870 Quod
1206 846 1271 866 vero
1287 840 1373 874 magis
1389 840 1442 868 hoc
1453 840 1612 873 confirmat,
1626 843 1685 877 ipse
1704 850 1755 877 per
1780 844 1899 877 prophe-

1112 887 1166 910 tam
1183 884 1299 911 clamat:
1317 884 1412 912 Munus
1439 895 1498 913 mea
1520 887 1640 921 fundavit
1667 893 1786 916 terram:
1801 895 1825 915 et
1838 890 1900 916 dea:-

1111 933 1168 954 tera
1180 936 1236 954 mea
1248 928 1367 961 ﬁrmavit
1378 929 1472 956 aetum
1485 931 1516 957 “.
1528 931 1561 959 Et
1576 933 1836 960 rursusostendens
1847 941 1877 960 ea
1890 941 1898 960 :

1109 973 1181 1005 Πιεε,
1197 974 1296 1008 inquit,
1322 976 1410 1002 omnia
1429 976 1489 1010 fecit
1516 985 1611 1003 manus
1625 986 1699 1007 mea:
1721 982 1745 1004 et
1764 983 1826 1005 sunt
1841 987 1896 1006 mea

1109 1019 1164 1046 lum:
1176 1021 1265 1047 omnia
1279 1021 1311 1047 ".
1331 1020 1358 1048 Si
1376 1026 1469 1048 autent
1485 1023 1578 1050 omnia
1597 1024 1665 1050 fecit
1679 1031 1728 1058 per
1746 1024 1858 1057 Filium,
1872 1025 1898 1052 id

1109 1067 1162 1094 est,
1176 1071 1226 1098 per
1245 1064 1368 1092 Verbum
1381 1066 1455 1100 quod
1469 1072 1529 1094 erat
1542 1068 1569 1094 in
1586 1068 1734 1103 principio,
1754 1069 1781 1096 id
1800 1074 1854 1101 est,
1870 1071 1896 1097 in

1108 1108 1205 1142 Patre;
1223 1115 1251 1137 et
1263 1111 1335 1145 apud
1349 1111 1436 1139 Dsnm
1451 1112 1583 1148 Spiritus,
1597 1118 1625 1141 et
1640 1111 1740 1150 manus
1755 1116 1816 1150 ejus
1832 1116 1898 1144 fecit

1109 1155 1213 1187 omnia,
1227 1159 1256 1183 et
1271 1150 1428 1193 digiti'ejus
1442 1159 1561 1192 coelum;
1590 1150 1730 1193 arbitror,
1753 1160 1825 1188 nihil
1855 1169 1898 1189 re-

1109 1201 1183 1229 ferre
1201 1210 1303 1229 vocare
1318 1203 1430 1236 Filium,
1447 1205 1490 1231 vel
1505 1205 1652 1240 Spiritum,
1669 1214 1704 1233 an
1721 1207 1817 1235 dicere
1842 1215 1899 1234 ma-

1108 1255 1172 1280 nus,
1191 1248 1342 1283 etdigitos,
1355 1253 1382 1277 et
1394 1250 1520 1283 brachia,
1537 1256 1564 1278 et
1581 1260 1767 1287 quaecunque,
1789 1254 1812 1280 si
1828 1261 1897 1281 con~

1107 1294 1372 1323 substantialitatem
1389 1300 1416 1323 et
1432 1298 1619 1331 operatoriam
1641 1299 1695 1326 vim
1712 1303 1741 1326 ct
1756 1301 1899 1335 energiam

1107 1347 1158 1375 per
1190 1341 1415 1376 conjunctionem
1431 1340 1631 1375 membrorum,
1658 1352 1718 1380 quae
1745 1346 1899 1381 symbolice

1107 1387 1298 1418 nominantur.
1311 1387 1472 1416 declarant:
1489 1389 1628 1424 siqu‘idem
1655 1391 1845 1426 incorporeus
1856 1395 1898 1419 est

1107 1432 1189 1464 Deus,
1201 1437 1230 1459 et
1243 1432 1321 1460 nefas
1336 1437 1379 1460 est
1393 1438 1493 1468 putare
1506 1442 1570 1462 eum
1585 1432 1720 1465 membris
1747 1437 1801 1471 uti,
1821 1445 1900 1466 more

1107 1485 1214 1507 IIOSII‘O.

1141 1524 1225 1552 XXII.
1246 1525 1325 1558 Quod
1349 1525 1371 1553 si
1388 1522 1707 1560 consubstantialitatém
1724 1530 1784 1558 hare
1807 1530 1902 1558 decla-

270 1569 433 1597 Trinitatem
447 1569 573 1604 profecto
583 1568 732 1603 signiﬁcat:
753 1569 805 1596 tria
823 1569 1057 1604 namquelumina
1071 1581 1092 1611 ο
1110 1575 1183 1603 rant,
1211 1571 1284 1598 sicut
1306 1580 1405 1600 manus
1423 1577 1451 1600 et
1477 1573 1554 1608 digiti
1571 1575 1694 1609 ejusdem
1711 1580 1819 1604 naturae
1831 1578 1900 1605 inter

271 1616 407 1652 signiﬁcat
422 1616 572 1650 Propheta;
594 1622 679 1642 unum
694 1615 739 1642 cui
768 1622 864 1650 preces
891 1616 1055 1648 adhibebat.

270 1661 317 1688 hic
330 1665 373 1688 est
384 1660 480 1692 Pater;
499 1664 527 1686 et
540 1659 634 1686 lumen
649 1659 709 1694 ejus
726 1658 844 1691 Filium;
856 1663 885 1686 et
910 1660 938 1687 in
954 1660 1059 1688 lumine

271 1708 364 1734 lumen
395 1705 529 1740 Spiritum
558 1710 700 1732 sanctum:
727 1712 789 1731 cum
808 1713 873 1732 vero
898 1706 1058 1742 subjungit:

272 1751 391 1779 Extende
417 1750 627 1778 misericordiam
658 1754 732 1777 tuam
748 1752 968 1786 'cognoscentibus
984 1757 1008 1779 te
1021 1753 1058 1786 5’;

272 1797 372 1825 Filium
388 1801 469 1825 vocat
481 1796 711 1827 misericordiam.
725 1797 861 1831 siquidem
872 1798 931 1832 ipse
943 1802 984 1825 est
997 1806 1061 1833 pro-

272 1844 395 1879 pitiatio:
412 1851 509 1870 rursus
519 1843 622 1870 dicitur
637 1843 758 1878 Spiritus
771 1848 882 1871 sanctus
893 1844 1059 1877 ἰδιαζόντως,

273 1891 299 1917 id
313 1895 364 1921 est,
378 1895 408 1917 ut
423 1890 460 1917 ita
474 1889 563 1916 dicam
575 1889 751 1924 appropriate
766 1889 872 1922 lumen,
888 1894 918 1917 ut
932 1898 995 1917 cum
1005 1890 1058 1917 ait:

272 1936 393 1967 Domine,
404 1937 433 1963 in
453 1935 553 1963 lumine
566 1935 653 1962 uultus
666 1935 705 1962 tui
721 1935 895 1962 ambulabunt
907 1937 942 1969 5';
967 1937 1060 1964 lumen

271 1983 346 2010 enim
361 1986 424 2009 ante
439 1981 536 2009 faciem
559 1981 607 2008 Dei
625 1981 746 2015 Spiritus
763 1986 877 2009 sanctus
897 1986 957 2015 est;
974 1982 1060 2017 siqui-

272 2030 334 2058 dem
359 2029 443 2056 facies
468 2028 515 2056 Dei
542 2032 584 2056 est
604 2027 781 2063 linigenitus.
794 2029 876 2063 cujus
906 2029 1000 2056 lumen
1017 2033 1060 2056 cst

273 2074 393 2109 Spiritus
406 2077 529 2104 sanctus,
547 2072 594 2108 qui
612 2078 654 2100 cst
672 2072 779 2100 sanctis
803 2072 859 2099 dux
880 2073 940 2106 viae,
958 2073 984 2100 in
1002 2081 1059 2108 quo

274 2120 380 2155 Spiritu
411 2119 566 2150 ambulant,
593 2118 666 2145 sicut
690 2118 823 2152 scriptum
849 2123 891 2146 est
916 2127 922 2145 :
945 2118 1057 2146 Descen-

273 2165 311 2192 dit
329 2164 446 2201 Spiritus
465 2174 481 2191 α
496 2164 619 2196 Domino,
636 2169 661 2191 et
675 2162 768 2191 eorum
795 2164 888 2191 ductor
910 2165 960 2200 fuit
976 2165 1015 2198 u;
1031 2169 1059 2192 et

272 2212 391 2239 iterum:
409 2210 524 2246 Spiritus
535 2215 596 2238 tuus
613 2210 695 2238 bonus
708 2211 800 2237 ductor
811 2219 884 2237 meus
898 2212 949 2237 erit
961 2211 994 2238 ".
1005 2211 1058 2238 De-

1108 1623 1140 1643 se
1163 1621 1191 1644 et
1211 1625 1274 1657 cum
1298 1625 1416 1652 corpore
1443 1625 1528 1646 sunt:
1544 1620 1666 1655 undique
1680 1621 1900 1650 dctnonstratum

1110 1659 1152 1687 est
1173 1669 1257 1688 unam
1279 1666 1342 1689 'esse
1373 1668 1401 1690 et
1420 1663 1593 1691 individuam
1615 1665 1737 1693 divinam
1761 1673 1899 1701 naturain,

1110 1714 1165 1734 non
1192 1708 1307 1734 scissam
1326 1708 1352 1735 in
1379 1709 1503 1737 diversas
1523 1715 1648 1743 naturas,
1673 1713 1830 1740 secundum
1855 1721 1901 1741 eos

1110 1751 1158 1786 qui
1182 1752 1277 1779 dicere
1292 1753 1406 1784 audent,
1423 1754 1510 1782 Deum
1527 1755 1691 1788 increat‘um,
1711 1763 1739 1785 et
1755 1763 1899 1792 creatum;

1110 1804 1200 1832 neque
1216 1798 1357 1832 partitam
1380 1799 1407 1825 in
1427 1807 1467 1832 se,
1486 1801 1641 1828 secundum
1656 1802 1783 1830 haeresim
1805 1812 1899 1832 recen-

1111 1847 1177 1875 tem,
1200 1843 1228 1870 in'
1255 1848 1350 1878 partes
1372 1853 1440 1880 quas
1461 1846 1513 1881 ipsi
1529 1851 1631 1874 vocant
1654 1849 1829 1878 substantias
1841 1859 1900 1886 spe-

1111 1889 1196 1916 ciales
1218 1890 1276 1917 sive
1297 1891 1497 1926 particulares;
1520 1901 1611 1929 neque
1638 1895 1760 1930 priorem
1782 1904 1813 1924 se
1833 1897 1898 1931 ipsa,

1110 1936 1154 1962 vel
1179 1936 1379 1970 posteriorem:
1393 1939 1532 1972 quomodo
1551 1939 1625 1967 enim
1645 1941 1719 1975 quod
1735 1946 1779 1968 est
1795 1949 1825 1969 se
1842 1942 1900 1976 ipso

1110 1981 1189 2015 prius
1211 1986 1239 2008 et
1256 1982 1405 2015 posterius,
1422 1983 1501 2011 Deus
1519 1992 1580 2012 esse
1599 1987 1707 2020 potest?
1731 1987 1811 2014 Sicut
1824 1988 1898 2014 enim

1111 2033 1197 2052 unum
1214 2031 1242 2053 et
1265 2026 1338 2054 idem
1351 2034 1452 2062 corpus
1463 2030 1552 2056 senius
1566 2034 1591 2056 et
1600 2030 1748 2065 juvenilia:
1766 2032 1824 2059 diri
1841 2040 1894 2059 non

1110 2075 1217 2106 potest;
1241 2072 1282 2099 sic
1298 2080 1370 2100 unus
1387 2073 1461 2101 Deus
1477 2075 1525 2108 qui
1543 2075 1571 2101 in
1589 2076 1680 2103 tribus
1700 2078 1832 2111 personis
1845 2081 1896 2109 est,

1110 2124 1222 2152 semper
1235 2116 1388 2145 secundum
1402 2118 1475 2146 idem
1493 2123 1522 2147 et
1539 2121 1636 2148 eodem
1654 2122 1735 2149 modo
1755 2130 1784 2149 se
1802 2123 1896 2155 habet,

1109 2169 1285 2196 nequaquam
1312 2167 1436 2198 tempore
1460 2172 1524 2192 cum
1546 2166 1709 2194 exsistentia
1736 2169 1798 2202 ejus
1817 2169 1898 2196 simul

1109 2208 1250 2243 cogitato;
1279 2214 1391 2244 sumpto
1414 2215 1507 2238 autem
1524 2213 1653 2246 exemplo
1675 2221 1708 2240 ex
1728 2215 1898 2248 proprietate

272 2259 439 2283 monstratur
464 2259 556 2282 autem
581 2254 854 2282 consubstantialitas
881 2262 930 2288 per
947 2255 1062 2289 copula—
1079 2255 1099 2282 Ι)
1112 2255 1250 2288 corporis,
1265 2256 1469 2283 connexionem
1496 2261 1509 2275 ιι
1526 2263 1650 2285 mutuam
1663 2253 1821 2286 divinarum
1835 2269 1898 2295 per-

271 2301 377 2329 tionem
406 2301 489 2328 simul
516 2305 544 2328 et
569 2300 815 2335 cooperationem:
846 2299 937 2331 Verba,
959 2300 1058 2335 inquit,

272 2347 380 2374 Domini
390 2346 447 2374 ctin
457 2346 560 2380 ﬁrmati
576 2350 648 2376 sunt,
669 2352 694 2372 et
703 2346 798 2381 spiritu
826 2347 879 2373 oris
895 2346 952 2381 ejus
975 2347 1060 2374 omni:

271 2393 354 2419 virtus
379 2399 470 2418 eorum
480 2391 516 2417 ³⁸.
547 2390 626 2418 Unde
641 2393 741 2418 manus
756 2391 804 2418 Dei
821 2395 902 2418 vocat
917 2391 1016 2418 Filium
1032 2397 1060 2419 et

272 2437 407 2472 Spiritum
425 2440 551 2463 sanctum
559 2436 657 2464 beatus
671 2436 768 2468 David,
779 2444 841 2464 cum
849 2437 888 2464 ait
904 2437 932 2463 in
942 2438 1057 2472 psalmo:

271 2482 430 2510 Monunius
444 2481 562 2516 fecerunt
586 2489 626 2508 me
647 2485 673 2508 et
699 2481 899 2516 ptatmaoerunt
927 2490 969 2508 me
978 2483 1016 2514 ‘7;
1031 2485 1060 2510 et

273 2535 385 2556 rursus:
405 2526 509 2559 Videbo.
524 2527 623 2562 inquit,
637 2527 715 2555 calor
730 2535 811 2560 opera
836 2528 978 2563 digitorum
997 2532 1060 2555 tuo-

309 2607 331 2624 "
352 2608 424 2636 Psal.
438 2616 543 2639 cxxxtv,
578 2608 605 2636 6.
656 2608 678 2624 ⁸³
700 2609 773 2637 Psal.
797 2617 903 2637 cxtvm.
925 2610 952 2637 5.

274 2644 317 2671 Η.
354 2643 377 2660 ³⁸
396 2643 469 2670 Psal.
508 2651 634 2676 uxxvtu,
660 2643 702 2671 16.

274 2714 336 2742 109.
373 2713 397 2730 ⁸⁵
411 2713 463 2741 Isa.
480 2721 571 2747 tum,
587 2714 630 2742 13.
669 2714 755 2741 "Isa.
773 2715 882 2747 mt,2.

936 2715 959 2731 "
978 2715 1049 2742 Psai.
1070 2722 1153 2747 xun,
1171 2715 1200 2742 6.

1111 2308 1244 2328 sonarum
1264 2309 1314 2335 per
1335 2303 1547 2336 proportionem
1574 2304 1775 2334 membrorum.
1799 2312 1830 2333 et
1858 2314 1900 2333 aso

1111 2346 1308 2373 similationem
1333 2348 1601 2382 reprmsentavimus.
1621 2349 1667 2376 Sic
1693 2351 1768 2376 enim
1790 2353 1897 2386 spiritu

1111 2392 1238 2426 on's‘tjua
1255 2392 1288 2424 ",
1314 2392 1342 2419 id
1358 2397 1400 2420 est
1422 2394 1482 2426 Dei,
1501 2394 1605 2422 dicitur
1630 2395 1752 2430 Spiritus
1768 2402 1896 2429 sanctus;

1111 2444 1143 2464 os
1163 2443 1255 2466 autem
1284 2443 1327 2465 est
1345 2438 1508 2474 Unigenitus
1523 2449 1530 2467 :
1547 2449 1579 2468 ac
1596 2449 1694 2469 rursus
1719 2442 1842 2477 Spiritus
1867 2451 1898 2470 ex

1112 2482 1173 2517 ipso
1186 2479 1352 2518 procedens,
1368 2489 1397 2511 et
1414 2486 1516 2513 missus
1531 2494 1587 2514 non
1602 2487 1692 2514 solum
1707 2495 1721 2514 a
1740 2488 1834 2520 Patre,
1853 2488 1899 2516 sed

1112 2536 1129 2555 a
1155 2528 1236 2561 Filio,
1263 2529 1336 2557 sicut
1352 2531 1393 2557 ait
1408 2530 1469 2566 ipse
1481 2531 1799 2561 DominuszParacletu
1813 2539 1898 2561 autem

995 2609 1189 2646 S'Joanith).
1203 2609 1308 2638 “Joan.
1324 2619 1372 2642 xu,
1385 2611 1432 2640 49;
1468 2613 1490 2630 “
1519 2613 1591 2642 Psal.
1607 2621 1687 2646 xxxv.
1700 2613 1742 2641 i0.
1780 2614 1805 2630 ⁵⁵
1833 2614 1898 2642 ibid.

742 2643 764 2659 "
788 2644 840 2671 lsa.
877 2653 949 2677 unt,
976 2645 1018 2672 Μ.
1058 2650 1059 2658 ‘

1110 2645 1323 2679 Psal.cxut,10.
1363 2648 1386 2664 ⁵·
1413 2648 1483 2676 Psal.
1511 2657 1594 2676 xxxu.
1620 2649 1646 2678 6.

272 2679 316 2707 ⁸13.
355 2677 461 2706 “Psal.
477 2687 535 2709 vui.
557 2679 583 2706 4.
621 2680 645 2695 ⁸³
659 2678 745 2706 Exod.
758 2686 830 2710 xxxi,
856 2679 898 2706 I8.
935 2680 958 2695 “
970 2679 1086 2711 Luc.xt,
1106 2678 1151 2706 20.

1684 2649 1706 2665 ⁵⁷
1723 2648 1795 2676 Psal.
1811 2656 1900 2682 cum,

1190 2680 1211 2696 "
1223 2681 1319 2708 Matth.
1336 2682 1437 2715 xn,28.
1475 2683 1557 2711 "Job
1581 2692 1608 2717 ι,
1620 2686 1646 2712 8.
1687 2684 1710 2700 "
1724 2683 1798 2711 Psal.
1808 2680 1899 2717 cum,

931 2785 1049 2814 VARUE
1070 2786 1273 2815 LECTIONES.

314 2857 321 2881 ἱ
346 2855 575 2892 (ἐνεαιηεενεοηον.
592 2855 769 2892 δημιουργὸς.
786 2855 1016 2892 εμνδημιουργός.

273 2891 347 2919 uibus
364 2892 424 2925 (tris.
441 2891 518 2928 Vulg.
532 2892 558 2918 in
573 2891 669 2919 manib.
692 2898 761 2918 κω.
777 2890 838 2920 Alio
855 2890 948 2920 sensu;

1066 2857 1078 2877 ιι
1097 2857 1244 2898 ΤαιὶᾳειᾹῃ
1265 2857 1343 2898 alia!
1383 2860 1516 2896 lDigitor.
1530 2861 1609 2890 Forte
1621 2861 1729 2898 digit“.
1767 2866 1788 2881 ιι
1800 2862 1832 2890 lu
1845 2870 1899 2889 tu-

987 2897 1001 2911 ¹¹
1018 2891 1135 2921 Coronea.
1155 2892 1329 2929 ἀλληλουχία.
1439 2891 1449 2896 ’
1648 2891 1660 2898 ’
1906 2903 1909 2925 ε
