1980 3188
53 232 118 264 13ξῦ

563 229 705 260 ORATIO
723 229 748 259 Ι.
761 241 796 248 ·-
807 229 856 260 DE
871 230 924 260 SS.
943 229 1161 266 TRINITATE'.

1606 229 1674 262 1326

51 294 125 323 quem
145 285 230 314 mittet
254 284 326 312 vobis
349 283 431 311 Pater
447 283 486 316 ";
503 287 531 311 et
545 286 645 311 iterum
665 293 672 311 :
692 283 722 312 Si
738 285 836 318 abiero,
852 289 876 318 Α
889 286 990 321 cuique
1000 286 1074 315 enim
1085 293 1210 321 personae
1225 283 1384 320 huiusmodi
1397 284 1596 320 appellationes
1610 291 1673 321 apto

51 333 153 360 mittam
177 339 236 358 eum
262 329 298 358 ad
313 338 358 357 vos
379 329 417 362 “;
434 329 468 357 ad
489 329 641 364 discipulos
664 330 772 358 scilicet
786 338 793 357 ς
807 335 836 358 et

52 378 133 407 David
146 377 308 413 prophetice
319 376 354 404 ad
366 384 447 405 eum:
463 376 585 408 Emittu,
602 376 703 411 inquit,
712 377 836 410 spiritum

51 431 133 456 tuum,
149 428 174 450 et
195 423 371 455 creabantur;
392 427 416 449 et
434 422 572 449 renouabi:
595 422 688 458 faciem
709 427 787 450 term
802 423 835 449 ".

52 471 142 505 Neque
159 477 227 498 vero
243 469 307 504 quia
325 468 446 496 mittitur
459 468 580 503 Spiritus
603 474 727 501 sanctus,
745 469 837 497 mino-

53 524 110 544 rem
136 517 216 544 Patre
233 520 262 543 et
282 515 354 543 Filio
377 514 530 543 secundum
554 515 738 545 substantiam
758 519 838 550 puta-

53 570 136 590 mus:
162 569 264 597 apage;
293 568 374 588 nemo
398 561 451 588 hoc
471 561 651 596 suspicetur:
679 569 734 589 non
762 562 838 591 enim

52 615 82 637 ut
106 608 231 636 minister
250 607 381 640 mittitur,
404 607 453 636 sed
477 611 508 636 ut
530 608 786 640 consubstantialis,
810 612 838 638 et

52 655 165 690 aequalis
183 654 306 686 honoris,
330 658 359 681 et
381 654 499 690 ejusdem
522 659 628 682 natura:
650 658 674 681 ο.
693 654 838 689 Siquidem

52 706 79 730 et
100 702 188 736 ipsum
213 699 313 726 Filium
336 699 452 728 missum
469 707 531 727 esse
546 699 697 727 didicimus
720 707 774 728 non
793 707 838 727 so-

53 749 106 776 lum
131 756 147 775 a
171 747 264 779 Patre,
290 745 340 773 sed
359 746 393 774 ab
418 744 524 779 Spiritu
550 742 656 778 sancto,
683 745 755 772 sicut
780 745 838 779 ipse

52 794 120 821 dixit
143 801 192 827 per
219 792 317 820 Isaiam
338 802 344 817 :
364 791 398 819 Et
420 799 489 818 nunc
502 791 630 818 Dominus
652 791 722 818 misit
743 798 794 822 me,
814 794 839 817 et

53 839 164 874 Spiritus
181 839 238 874 ejus
257 838 292 865 ¹⁰.
315 838 438 866 Vocatur
458 840 551 865 autem
570 837 643 864 Deus
658 836 795 870 Spiritus;
812 840 841 863 et

53 893 148 913 rursus
162 894 168 911 :
190 884 318 912 Dominus
333 888 423 911 autem
442 883 557 918 Spiritus
570 887 607 909 est
619 882 640 899 ⁷¹
654 891 661 914 ;
677 887 704 909 et
719 881 841 917 Spiritus

52 936 174 963 sanctus,
202 931 319 965 spiritus
337 930 403 963 \Dei,
427 933 455 957 et
477 929 595 964 spiritus
611 928 728 959 Christi.
740 933 769 956 et
786 928 842 963 spi-

889 331 1069 365 adhibentur,
1085 336 1226 360 reservato
1238 331 1290 360 soli
1304 331 1390 364 Patri,
1405 336 1436 359 ut
1451 331 1486 359 sit
1501 332 1593 364 Pater,
1610 333 1675 368 quia

890 377 966 404 solus
986 382 1030 406 est
1044 377 1229 412 principium;
1245 381 1273 404 et
1288 376 1368 409 Filio,
1384 381 1414 404 ut
1438 377 1474 404 sit
1491 376 1590 409 Filius.
1609 379 1676 412 quia

889 423 966 451 solus
990 423 1100 457 genitus
1126 427 1184 454 est;
1209 427 1237 451 et
1255 422 1411 454 Paracleto,
1437 426 1467 450 ut
1489 423 1526 450 sit
1555 423 1677 458 Spiritus

891 473 1022 502 sanctus;
1056 469 1197 504 propriam
1221 469 1296 497 enim
1322 468 1406 499 habet
1423 469 1632 504 proccssionem
1660 478 1676 498 a

890 514 981 542 Patre.

926 558 1021 586 XXIV.
1035 559 1112 594 Saepe
1126 559 1258 592 diximus,
1271 559 1458 588 dili‘erentiam
1466 562 1610 590 nominum
1621 570 1678 590 non

890 604 999 635 variare
1015 609 1142 636 naturam
1157 613 1164 632 :
1178 613 1229 633 nec
1248 606 1322 634 enim
1340 606 1431 639 Pater,
1448 607 1512 642 quia
1531 608 1611 637 Pater
1625 613 1678 640 est.

892 650 998 680 idcirco
1014 651 1089 687 Deus
1100 655 1143 679 est
1153 659 1265 686 ;,neque
1278 653 1344 687 quia
1362 653 1450 680 Filius
1466 661 1523 681 non
1535 654 1678 686 e‘stPater,

892 697 997 729 idcirco
1004 705 1059 724 non
1067 702 1110 725 est
1119 697 1206 730 Deus;
1219 697 1349 727 similiter
1360 698 1481 733 Spiritus
1490 705 1618 727 sanctus:
1629 701 1679 728 sed

893 742 956 771 ideo
972 744 1046 771 Deus
1065 748 1118 775 est,
1135 744 1200 779 quia
1221 749 1265 771 est
1284 745 1447 777 increatum,
1463 750 1607 779 aitcmum,
1628 747 1681 774 im-

892 790 1036 821 mutabile,
1060 784 1283 824 incorruptibile,
1299 790 1472 823 iuvariahile,
1489 795 1587 819 auctor
1607 793 1681 824 vim.

893 840 1002 863 creator
1019 843 1180 870 corporum,
1194 840 1222 863 et
1237 844 1334 864 eorum
1347 844 1408 871 qua:
1425 837 1589 872 incorporea
1605 843 1680 866 sunt.

893 881 958 909 Hinc
974 882 1048 908 enim
1073 886 1138 909 sunt
1162 879 1274 916 propria
1293 882 1462 915 divinitatis;
1486 889 1514 912 et
1538 885 1633 912 insunt
1653 885 1682 912 in

895 927 1060 962 unaquaque
1085 935 1214 962 persona,
1235 933 1265 954 et
1288 931 1404 963 propter
1431 929 1489 956 haec
1511 938 1684 966 unaquaeque

52 977 124 1004 ritus
143 976 220 1004 Jesu.
244 976 296 1002 Per
321 976 394 1002 totas
423 974 587 1009 hypostases
608 973 782 1001 demonstrat
798 973 842 1000 di-
858 972 879 1001 Β
893 980 1010 1008 persona
1042 973 1115 1015 Degis
1136 975 1189 1005 est,
1218 973 1358 1007 siquidem
1381 973 1463 1001 Pater
1485 980 1600 1009 propter
1624 975 1684 1003 haec

52 1022 135 1049 vinus
155 1028 248 1049 sermo
272 1020 427 1051 naturalem
441 1019 634 1054 cognationem
650 1024 663 1044 P
675 1019 841 1047 divinitatis.

52 1067 174 1102 Spiritus
190 1066 304 1101 quidem
319 1065 407 1094 sancti
426 1066 472 1093 hic
484 1070 527 1094 est
540 1065 672 1100 proprius
687 1065 843 1098 character,

52 1114 98 1149 qui
110 1114 166 1141 hac
177 1113 365 1148 appellatione
378 1113 568 1148 signiﬁcatur;
581 1115 626 1139 est
635 1111 710 1139 enim
722 1111 844 1146 Spiritus

53 1165 168 1188 sanctus
189 1168 195 1186 :
217 1158 354 1194 Spiritum
375 1163 469 1186 autem
495 1162 622 1185 sanctum
639 1162 728 1185 totum
746 1156 786 1184 sic
799 1156 843 1184 di-

53 1210 172 1235 ctumret
186 1209 316 1233 vocatum
331 1211 388 1232 non
404 1203 532 1231 invenies
545 1203 640 1230 alium.
653 1203 727 1230 Deus
739 1207 843 1235 autem,

55 1257 83 1279 ut
99 1256 182 1279 antea
207 1250 276 1282 dixi,
301 1250 407 1278 dieitur
436 1249 575 1284 Spiritus;
592 1253 621 1277 et
641 1249 716 1278 Deus
741 1248 845 1276 dicitur

54 1300 170 1325 sanctus
186 1306 194 1323 :
212 1296 295 1324 ambo.
309 1303 376 1323 vero
386 1295 500 1323 nomina
512 1295 668 1329 composita
680 1289 845 1330 congruunt

54 1345 90 1376 ei,
112 1344 161 1378 qui
188 1342 299 1378 proprie
322 1342 428 1369 dicitur
453 1340 576 1375 Spiritus
602 1344 728 1371 sanctus,
763 1339 845 1366 sicuti

54 1397 158 1417 nomen
183 1389 273 1416 Patris
304 1387 417 1422 proprie
441 1386 575 1414 convenit
598 1386 737 1421 principio
763 1391 794 1418 tl;
818 1389 847 1413 et

53 1443 157 1464 nomen
181 1434 242 1462 Filii
266 1433 304 1465 ei,
328 1433 376 1467 qui
401 1431 561 1459 immediate
587 1439 621 1459 ex
641 1431 779 1467 principio
798 1434 848 1458 :et

54 1482 112 1510 hac
130 1480 244 1508 nomina
262 1487 316 1506 non
338 1483 547 1506 commutantur
576 1477 650 1505 inter
672 1485 701 1505 se
720 1485 730 1503 ι
746 1482 847 1504 caetera

54 1527 149 1555 omnia
164 1529 310 1553 moventur
319 1528 347 1552 et
360 1524 555 1551 immutantur.
573 1523 649 1550 Sicut
663 1523 738 1550 enim
752 1523 844 1555 Pater,

53 1574 100 1608 qui
119 1573 194 1600 Deus
211 1575 254 1599 est
277 1574 305 1598 et
329 1570 419 1601 Pater,
437 1569 599 1596 nominibus
617 1569 740 1604 Spiritus
756 1569 848 1603 appel-

55 1620 149 1651 latur,
176 1622 289 1647 sanctus
308 1617 415 1645 scilicet
441 1621 469 1644 et
492 1616 616 1650 spiritus,
638 1616 766 1650 quamvis
791 1623 846 1642 non

54 1665 214 1700 appellatur
238 1668 326 1691 totum
343 1663 397 1690 hoc
421 1662 544 1697 Spiritus
560 1666 689 1694 sanctus;
705 1662 747 1689 sic
761 1662 845 1689 etiam

55 1712 180 1746 Spiritus
195 1715 318 1742 sanctus,
333 1709 381 1745 qui
397 1715 440 1739 est
454 1709 571 1744 spiritus
589 1712 616 1736 et
630 1713 753 1740 sanctus,
774 1708 847 1736 Deus

53 1762 105 1789 est,
131 1761 161 1784 et
184 1753 344 1784 nominatur
359 1765 367 1784 ;
381 1760 409 1783 et
429 1755 556 1783 Salvator
579 1755 719 1788 similiter,
735 1754 784 1789 qui
805 1759 847 1782 est

54 1804 155 1835 Filius.
180 1807 208 1830 et
230 1796 366 1830 Dominus
388 1806 516 1833 vocatur.
545 1809 602 1829 non
630 1802 707 1830 solus
725 1809 791 1829 usus
805 1805 847 1829 est

55 1850 106 1878 hac
132 1841 318 1885 appellatione
344 1848 464 1880 Domini,
481 1848 528 1875 sed
549 1847 631 1875 Pater
649 1848 733 1875 etiam
756 1847 847 1874 nomi-

54 1900 140 1923 natur
170 1895 324 1927 Dominus;
356 1899 384 1921 et
406 1893 527 1929 Spiritus
555 1897 668 1921 sanctus
689 1894 849 1921 nominatur

54 1941 142 1969 etiam
163 1940 313 1973 Dominus;
334 1940 407 1967 sicut
421 1944 450 1967 et
465 1940 524 1975 ipse
545 1939 632 1967 Filius
646 1939 720 1967 Deus
737 1943 765 1967 et
787 1939 850 1974 Spi-

57 1988 131 2015 ritus
151 1991 180 2014 et
197 1991 311 2014 sanctus
327 1990 454 2014 vocatur.

91 2031 192 2061 ΧΧΠΙ.
213 2031 275 2060 Haec
298 2032 483 2060 communitas
497 2030 714 2066 appellationum
729 2030 758 2058 in
775 2030 850 2058 Scri-

58 2084 141 2114 ptura
158 2083 252 2106 sancta
269 2077 450 2110 teconomice,
466 2081 496 2105 ut
513 2078 549 2105 ita
574 2077 675 2110 dicam,
694 2077 796 2108 fertur,
817 2080 850 2104 ut

57 2125 165 2153 nullam
187 2123 316 2151 habeant,
332 2123 461 2150 homines
485 2123 637 2158 impietatis
662 2122 848 2154 occasionem,

55 2175 84 2198 et
108 2171 265 2206 opinentur
290 2177 351 2197 esse
376 2174 431 2197 tres
447 2168 527 2198 deos.
543 2169 648 2196 Idcirco
664 2169 756 2196 divina
772 2168 849 2196 Scri-

57 2221 155 2251 ptura,
173 2221 204 2243 ut
219 2222 329 2244 omnem
347 2215 504 2250 huiusmodi
517 2215 708 2250 suspicionem:
721 2215 850 2243 omnibus

56 2262 237 2296 praeciderat,
252 2262 362 2289 Patrem
372 2261 485 2296 quidem
501 2261 620 2296 appellat
633 2261 734 2294 Deum;
750 2260 850 2288 Filium

894 1018 969 1046 Deus
987 1022 1052 1046 est:
1074 1023 1104 1046 et
1127 1026 1183 1046 non
1207 1019 1274 1054 quia
1294 1019 1376 1048 Pater
1392 1024 1445 1048 est.
1471 1020 1500 1048 Si
1522 1020 1596 1048 enim
1618 1021 1684 1056 quia

894 1064 976 1092 Pater
992 1069 1045 1096 est,
1068 1065 1142 1092 Deus
1167 1068 1229 1097 est,
1257 1066 1348 1093 omnis
1374 1070 1452 1100 pater
1475 1066 1550 1094 Deus
1579 1072 1682 1095 esset:

895 1116 968 1136 nunc
983 1113 1074 1137 autem
1090 1117 1146 1137 non
1160 1110 1202 1137 sic
1214 1110 1314 1143 habet;
1327 1110 1396 1144 quin
1410 1111 1503 1146 potius
1517 1113 1683 1147 appellatio-

895 1162 946 1182 nes
961 1154 1124 1184 dit‘t‘crentes
1137 1156 1262 1184 eamdem
1275 1156 1460 1185 substantiam
1473 1157 1592 1193 signant,
1601 1159 1684 1187 simul

895 1201 1019 1236 ejusdem
1029 1206 1136 1230 natura:
1147 1203 1370 1231 communionem
1381 1203 1566 1237 declarantes,
1577 1210 1604 1233 et
1615 1206 1685 1234 nihil

895 1249 930 1276 ab
951 1256 1005 1277 una
1021 1253 1120 1276 natura
1142 1249 1262 1277 alienum
1285 1249 1474 1278 admittentes.
1492 1251 1598 1279 Idcirco
1621 1253 1686 1280 uiii-

896 1303 976 1323 vcrsa
995 1295 1139 1330 plenitudo
1160 1296 1315 1324 divinitatis
1339 1305 1412 1325 unus
1440 1298 1512 1326 Deus
1529 1304 1583 1332 est.
1605 1308 1686 1335 super

896 1343 997 1374 omnia,
1019 1346 1043 1369 et
1058 1351 1105 1378 per
1118 1343 1218 1375 omnia,
1235 1347 1260 1370 et
1279 1344 1306 1370 in
1329 1344 1449 1371 omnibus
1463 1345 1496 1360 '“'
1514 1354 1520 1372 :
1543 1346 1594 1373 etsi
1610 1347 1685 1374 enim

897 1387 991 1415 divina
1009 1387 1150 1422 Scriptura
1172 1387 1292 1415 diversis
1313 1388 1475 1416 nominibus
1488 1391 1607 1425 appellat
1623 1399 1685 1419 san-

897 1438 970 1461 ctam
1003 1433 1169 1461 Trinitatem
1202 1440 1283 1467 qnam
1319 1433 1468 1462 adoramus
1494 1439 1523 1462 et
1551 1436 1684 1467 colimus.

897 1479 1059 1506 occasiones
1085 1483 1178 1506 tamen
1195 1478 1330 1513 speciales
1350 1483 1464 1507 naturas
1489 1480 1685 1510 introducenui

898 1524 1022 1555 sustulit,
1041 1531 1103 1551 cum
1130 1531 1212 1550 unam
1235 1523 1419 1551 substantiam
1450 1530 1479 1552 et
1503 1526 1629 1554 eamdem
1651 1534 1685 1555 ex

897 1570 1003 1598 eisdem
1025 1570 1236 1604 operationibus
1259 1570 1471 1604 demonstravit,
1492 1572 1568 1600 nulla
1582 1573 1686 1602 erroris

898 1624 981 1643 causa
1004 1616 1101 1643 relicta
1126 1616 1159 1643 iis
1181 1616 1230 1650 qui
1258 1616 1351 1643 lumen
1383 1617 1551 1652 participare
1576 1619 1684 1652 volunt,

897 1666 926 1690 et
948 1670 1003 1689 non
1025 1663 1118 1697 potius
1142 1667 1262 1690 montem
1277 1669 1429 1695 excaecare,
1456 1668 1486 1691 ut
1502 1664 1544 1691 vel
1558 1671 1684 1693 naturam

897 1716 947 1743 per
971 1709 1049 1741 illud,
1065 1709 1221 1744 aliquando,
1237 1713 1265 1735 et
1281 1708 1361 1741 illud,
1380 1717 1432 1736 non
1455 1714 1531 1743 erat;
1547 1715 1594 1738 aut
1613 1711 1686 1739 divi-

898 1756 1013 1783 nitatem
1045 1756 1262 1791 particularibus
1284 1756 1448 1784 substantiis
1472 1756 1608 1785 dividere.
1629 1758 1686 1786 Nec.

898 1803 971 1830 enim
998 1802 1069 1830 sicut
1092 1802 1171 1830 stella
1194 1802 1228 1829 ab
1252 1802 1330 1829 stella
1355 1802 1502 1837 splendore
1526 1803 1630 1837 differt,
1657 1809 1687 1831 ut

898 1847 975 1874 verbi
1001 1847 1108 1881 gratia,
1140 1847 1229 1882 major
1255 1854 1270 1873 a
1291 1846 1419 1878 minore,
1455 1855 1507 1876 nec
1529 1853 1560 1876 ut
1585 1856 1686 1884 corpus

899 1899 1018 1927 corpore
1044 1894 1132 1928 majus
1157 1897 1201 1920 est
1222 1894 1307 1924 mole,
1329 1897 1360 1920 ut
1383 1901 1484 1928 corpus
1505 1894 1686 1923 adolescentis

899 1937 1015 1973 corpore
1039 1938 1129 1972 pueri,
1154 1947 1206 1966 nec
1231 1943 1261 1966 ut
1285 1939 1368 1966 homo
1391 1943 1516 1974 tempore
1534 1940 1685 1975 antiquior,

900 1989 930 2012 ut
953 1985 1072 2019 exempli
1088 1992 1181 2016 causa.
1197 1984 1338 2012 Abraham
1359 1985 1503 2020 antiquior
1522 1986 1619 2018 David.
1638 1992 1687 2014 aut

899 2030 984 2058 David
1008 2030 1195 2063 Zorohabele;
1218 2030 1257 2058 sic
1277 2031 1303 2057 in
1327 2030 1454 2065 personis
1480 2036 1580 2059 sanctae
1594 2032 1686 2060 Trini—

900 2077 965 2106 tatis
993 2077 1069 2111 loqni
1099 2080 1147 2104 aut
1177 2077 1281 2104 sentire
1305 2076 1464 2104 didicimus.
1493 2076 1566 2110 Quin
1594 2078 1687 2113 potius

899 2123 1073 2159 operationes
1087 2122 1198 2157 quidem
1211 2123 1351 2151 naturales
1368 2130 1528 2151 communes
1536 2123 1631 2157 habet;
1645 2125 1688 2155 lite

899 2175 966 2196 vero
984 2168 1165 2196 substantiam
1187 2168 1268 2202 plane
1291 2167 1433 2195 declarant
1457 2177 1464 2195 τ
1482 2168 1566 2196 simul
1594 2174 1686 2199 autem

900 2222 1034 2250 personas
1059 2221 1152 2242 secum
1170 2213 1243 2241 inter
1259 2220 1300 2246 se,
1318 2217 1345 2240 et
1368 2213 1395 2241 in
1419 2221 1448 2241 se
1472 2213 1540 2249 ipsis
1564 2215 1685 2244 vicissim

902 2260 1125 2296 inseparabiliter
1150 2260 1178 2287 in
1188 2259 1284 2287 cadem
1302 2260 1390 2294 gloria
1412 2264 1439 2287 et
1457 2265 1593 2295 potestate
1611 2262 1685 2288 exsi-

57 2315 127 2334 vero
150 2307 316 2339 Dominum;
329 2311 357 2334 et
375 2306 508 2341 Spiritum
525 2311 650 2334 sanctum
664 2306 850 2334 Paracletnm:
868 2309 975 2342 petere
989 2305 1219 2339 contemplemur,
1236 2304 1460 2340 quandoquidem
1482 2305 1606 2342 ejusdem
1622 2307 1687 2334 sub-

58 2358 85 2380 et
109 2353 134 2381 si
160 2353 224 2384 hoc.
243 2360 319 2381 more
337 2352 488 2387 paedagogi,
512 2353 647 2387 providit,
676 2360 732 2379 non
760 2356 852 2379 tamen

58 2399 185 2433 privavit
207 2399 299 2426 divina
314 2406 381 2426 voce
405 2398 505 2426 Filium
521 2402 550 2425 et
566 2398 699 2433 Spiritum
713 2403 851 2430 sanctum,

57 2452 154 2479 neque
179 2451 275 2471 vocem
297 2444 405 2471 Domini
430 2444 458 2472 in
481 2444 563 2471 Patre
580 2448 608 2471 et
631 2443 736 2478 Spiritu
757 2446 853 2470 sancto

58 2489 201 2517 reticuit:
221 2489 280 2516 imo
305 2496 396 2524 neque
418 2488 633 2523 appellationem
656 2487 854 2516 sanetiticantis

57 2535 92 2561 ab
116 2534 213 2568 aliqua
229 2541 349 2568 persona
367 2534 514 2561 Trinitatis
538 2533 680 2561 alienavit.
698 2532 768 2561 Cum
785 2539 852 2561 vero

57 2580 160 2608 eadem
177 2581 214 2608 sit
234 2584 336 2609 sancta:
351 2580 495 2608 Trinitatis
512 2579 655 2618 divinitas,
670 2579 715 2607 vel
725 2579 853 2607 substan-

59 2626 108 2658 tia,
120 2626 167 2654 vel
180 2631 289 2658 natura,
301 2626 359 2654 sive
375 2625 457 2657 aliter
472 2633 571 2653 vocare
581 2625 682 2660 placet,
695 2629 852 2652 commeant

57 2671 185 2698 vicissim
210 2671 268 2698 haec
293 2670 406 2698 nomina
429 2670 512 2702 Deus,
525 2670 665 2702 Dominus,
686 2674 711 2697 et
725 2669 851 2704 Spiritus,

58 2720 178 2752 propter
202 2721 327 2744 naturam
346 2717 549 2752 iiieorpoream,
571 2721 599 2744 et
623 2720 731 2744 sanctus
750 2723 759 2742 :
788 2714 851 2743 uni-

95 2793 119 2809 "
130 2793 210 2821 Joan.
222 2801 277 2826 xiv,
289 2793 334 2822 $6.

57 2829 79 2844 ”
95 2829 174 2858 Psal.
192 2836 318 2862 cxxxvui,
335 2830 362 2856 'l.

902 2350 1009 2378 stantite
1032 2354 1061 2377 et
1084 2354 1188 2377 naturae
1213 2354 1289 2377 sunt.

938 2395 1020 2424 XXV.
1044 2395 1124 2428 Quod
1153 2399 1246 2423 autem
1273 2399 1396 2430 potestas
1418 2401 1520 2423 sancta:
1544 2395 1688 2424 Trinitatis

902 2435 1047 2469 individua
1061 2444 1112 2472 est,
1125 2441 1208 2468 sicuti
1223 2444 1250 2468 et
1267 2439 1433 2472 substantia,
1449 2439 1534 2468 David
1551 2441 1684 2473 declarat.

901 2495 964 2515 cum
978 2486 1133 2521 deprecans
1149 2485 1237 2514 Deum
1253 2485 1322 2516 dixit
1337 2494 1345 2513 :
1360 2486 1417 2520 Quo
1431 2487 1473 2514 ibo
1485 2495 1501 2513 α
1515 2487 1609 2521 spiritu
1622 2487 1688 2515 tuo?

903 2536 928 2560 et
947 2539 997 2567 quo
1020 2540 1036 2559 a
1058 2530 1126 2565 facie
1148 2534 1194 2557 tua
1221 2529 1323 2567 fugiam
1347 2531 1390 2558 ⁷θῖ
1413 2539 1445 2559 ac
1469 2532 1559 2566 primo
1577 2532 1686 2568 quidem

902 2577 982 2612 ponit
1004 2577 1131 2611 spiritum
1159 2576 1220 2604 Filii
1241 2577 1290 2611 qui
1319 2581 1362 2604 est
1387 2576 1471 2605 facies
1497 2578 1597 2609 Patris,
1623 2578 1686 2614 quia

901 2626 944 2650 est
957 2621 988 2648 in
1008 2621 1098 2653 Patre,
1114 2625 1142 2648 et
1166 2621 1247 2649 Pater
1264 2621 1293 2648 in
1306 2621 1383 2656 ipso;
1397 2629 1454 2649 non
1467 2627 1559 2650 autem
1578 2628 1688 2659 separat

902 2667 1054 2702 energiam,
1079 2667 1106 2694 id
1130 2670 1183 2699 est,
1207 2667 1409 2702 operationem,
1434 2669 1476 2696 vel
1502 2669 1601 2696 dividit
1621 2670 1686 2696 sub.

903 2714 1044 2746 stantiam,
1063 2713 1111 2740 sed
1128 2713 1218 2741 solum
1238 2713 1383 2749 distinguit
1399 2713 1569 2751 bypostasos,
1583 2714 1687 2750 signiti-

372 2793 396 2810 “
405 2794 485 2822 Joan.
497 2802 551 2827 xvr,
563 2793 590 2821 7.
627 2793 650 2810 ”
665 2793 735 2821 Psal.
748 2800 803 2825 cui,
815 2791 859 2820 50.
896 2791 919 2807 "
932 2791 983 2818 lsa.
997 2799 1088 2822 xum.
1103 2790 1144 2818 l6.
1185 2791 1205 2807 “
1217 2790 1295 2818 Joan.
1311 2799 1346 2824 iv,
1364 2792 1407 2819 ΞΑ.
1447 2792 1478 2807 "‘
1492 2791 1591 2826 Ephes.
1603 2799 1638 2823 Iv.
1658 2792 1684 2818 (ἲ.

704 2894 822 2922 VARIIE
839 2891 1041 2922 LECTIONES.

44 2980 52 2985 κ
97 2947 111 2961 ⁸
128 2941 228 2977 Ejusd.
250 2948 306 2970 nat.
325 2942 460 2978 συμφυές,
477 2939 670 2969 connaturalit.

714 2945 728 2965 ι’
742 2939 855 2977 Cagnat.
878 2938 1046 2974 συγγένειαν.
1084 2942 1097 2962 ιι
1114 2936 1257 2972 Principio.
1275 2936 1313 2972 τῷ
1331 2937 1417 2973 αἰτίῳ.
