1980 3188
316 218 384 253 i327

877 222 906 251 S.
927 221 1125 254 ANASTASII
1144 221 1376 252 ANTIOCIIENI

1868 218 1928 252 1328

315 283 382 302 cans
405 281 460 302 non
477 281 538 302 esse
568 262 708 302 confusas.
730 274 804 301 Dixit
826 279 962 309 praeterea
983 274 1055 302 idem
1074 274 1100 301 in
1116 277 1140 305 Α
1155 275 1333 310 intelligatur,
1359 275 1486 302 et'Pater
1514 280 1607 302 secum
1630 272 1752 301 inducat‘
1766 273 1887 307 Filium;
1907 280 1930 302 et

315 321 369 348 alio
384 321 445 348 loco
464 328 471 347 :
487 319 592 347 Faciem
607 325 691 352 luam,
709 319 830 353 Domine,
855 321 990 355 requirant
1011 321 1052 353 7';
1075 325 1101 347 et

315 375 414 394 rursus
430 376 436 393 :
458 366 618 401 Deprecatus
634 374 693 393 sum
717 367 810 401 faciem
825 371 900 393 tuam
914 366 942 394 iu
957 371 1009 394 toto
1025 367 1103 393 corde

315 421 372 440 meo
396 413 431 439 ".
459 413 519 440 Non
543 412 620 440 enim
642 416 748 447 partem
779 412 914 447 corporis,
941 417 989 439 aut
1012 413 1102 439 locum

315 467 448 487 sensuum
466 459 534 486 dicit
548 466 608 486 esse
622 458 720 486 faciem
735 459 842 491 Patris;
860 459 911 486 sed
929 459 1103 494 unigenitum

316 505 449 537 Verbum,
474 505 521 539 qui
535 504 642 539 judicat
658 504 751 531 omnia
764 504 916 531 secundum
932 504 1102 531 voluntatem

316 550 406 578 Patris
426 551 481 583 sui,
498 550 569 577 sieut
594 549 666 577 idem
691 549 776 577 David
801 550 872 577 dixit
896 558 903 576 :
923 550 944 577 Α
966 550 1033 584 facie
1057 554 1102 577 tua

316 597 443 631 iudicium
457 604 544 624 meum
560 599 637 623 exeat
651 596 685 623 ⁷⁸.
703 595 798 623 Facies
809 595 894 630 igitur
910 595 1001 623 Patris
1017 595 1104 623 Filius

315 642 430 674 dicitur,
454 646 584 676 tanquam
603 641 694 677 imago
706 645 734 668 et
749 641 893 668 character
907 641 976 676 ejus,
990 641 1038 675 qui
1055 648 1104 675 po-

317 693 442 715 testatem
467 688 550 715 habet
571 678 653 722 quam
669 695 685 713 a
710 687 791 714 Patre
813 687 929 720 accepit,
948 685 1102 721 judicandi,

315 735 385 761 sicut
404 735 539 768 scriptum
557 738 600 760 est
619 741 626 759 :
643 732 734 759 Facies
761 732 868 758 Domini
881 739 960 766 super
975 731 1102 766 faciente:

316 780 399 811 mola,
419 785 448 806 ut
471 779 559 806 deleat
584 779 615 805 de
632 783 703 805 terra
730 778 885 804 memoriam
901 784 990 802 eorum
1002 776 1040 808 7°;
1053 776 1103 803 sed

314 826 386 853 sicut
409 825 494 852 facies
513 824 622 851 Domini
650 823 739 850 malos
759 822 834 849 delet
852 821 886 848 dc
905 827 988 853 terra,
1003 828 1056 847 non
1072 824 1103 847 ut

314 871 384 898 nihil
395 870 507 898 omnino
536 868 602 900 sint,
615 868 664 895 sed
683 872 712 894 ut
728 875 783 895 non
797 867 852 894 sint
867 866 947 899 mali;
965 866 1005 893 sic
1019 866 1103 893 etiam

315 917 382 944 illud
404 925 410 942 :
431 916 543 943 Emittet
570 914 694 949 spiritum
718 918 803 946 tuum,
828 917 853 939 et
884 913 1051 945 creabantur,
1078 917 1102 939 et

313 961 451 989 renovabie
466 961 561 996 faciem
577 965 656 987 teme
667 960 702 992 '”,
715 959 767 986 hoc
775 963 829 991 est,
843 958 982 999 hominem
997 967 1004 985 :
1021 958 1104 985 decor

313 1009 388 1036 enim
415 1012 497 1034 terra:
521 1011 565 1034 est
585 1006 692 1039 homo;
715 1005 788 1033 sicut
809 1005 894 1032 decor
919 1004 1039 1031 hominis
1062 1007 1104 1031 est

314 1055 408 1083 facies.

349 1101 444 1129 XXVI.
458 1100 555 1134 Quare
576 1099 690 1135 copiose
715 1098 935 1127 demonstratum
950 1101 1003 1130 est,
1021 1103 1104 1124 unam

314 1156 375 1176 esse
403 1151 506 1176 sanctm
529 1146 676 1174 Trinitatis
706 1145 911 1180 operationem,
935 1151 997 1178 qua:
1021 1149 1105 1170 unam

315 1194 497 1222 substantiam
510 1200 571 1220 esse
589 1191 670 1219 simul
684 1191 873 1222 demonstrat;
889 1189 1025 1224 siquidem
1039 1188 1106 1223 quia

317 1251 369 1270 una
396 1241 551 1270 substantia
576 1238 734 1266 divinitatis
751 1243 812 1265 esse
839 1235 1028 1271 cognosuitur,
1051 1242 1106 1262 una

315 1288 397 1315 etiam
423 1291 451 1314 et
463 1285 560 1313 eadem
576 1283 676 1314 Patris,
693 1287 722 1310 et
736 1282 810 1314 Filii,
832 1287 861 1310 et
876 1280 1000 1316 Spiritus
1016 1279 1105 1307 sancti

316 1332 472 1361 substantia
484 1338 546 1358 esse
558 1329 768 1356 demonstratur
781 1337 787 1354 :
802 1327 894 1354 statim
909 1326 985 1353 enim
1000 1330 1030 1352 ut
1044 1325 1107 1352 bra-

315 1378 410 1406 chium
429 1381 457 1404 et
482 1382 582 1403 manus
608 1373 700 1401 Patris
718 1371 805 1398 Filius
829 1371 1000 1401 nominatur,
1022 1368 1108 1396 fabri-

316 1427 393 1451 cator
417 1426 449 1450 et
464 1424 572 1449 creator
587 1425 648 1446 esse
663 1417 842 1449 declaratur;
861 1415 960 1443 eodem
978 1421 1106 1442 sermone

316 1469 397 1497 simul
411 1466 531 1502 Spiritus
546 1469 659 1492 sanctus
675 1462 776 1490 similia
786 1461 877 1488 facere
889 1460 1105 1491 demonstratur,

316 1522 379 1543 cum
398 1513 500 1540 dicitur
518 1521 524 1538 :
543 1510 638 1538 Manus
662 1513 714 1536 tua:
731 1509 850 1543 fecerunt
874 1515 915 1535 me
938 1510 963 1533 et
989 1505 1108 1541 plasma;

315 1564 408 1589 uerunt
431 1567 472 1586 me
491 1559 522 1584 ⁷⁸.
557 1556 664 1584 Dicitur
688 1555 763 1583 enim
786 1554 845 1589 ipse
876 1553 961 1583 etiam
987 1552 1107 1587 Spiritus

317 1610 430 1634 sanctus
454 1610 554 1631 manus
574 1601 666 1629 Patris
686 1609 693 1628 :
710 1600 737 1628 id
760 1599 836 1634 quod
859 1599 971 1633 planius
988 1606 1021 1625 ex
1042 1605 1106 1632 pro-

317 1652 419 1689 phetiis
435 1650 594 1678 didicimus.
610 1648 638 1675 Si
652 1647 727 1675 enim
752 1646 894 1681 propheta:
911 1644 985 1680 pleni
1002 1644 1106 1679 Spiritu

318 1703 413 1727 sancto
427 1698 581 1724 intererant
595 1693 697 1721 futuris
716 1696 847 1726 tanquam
860 1690 1064 1726 praesentibus:
1074 1690 1108 1717 lia

319 1747 395 1780 quet,
420 1741 640 1777 quotiescunque
657 1739 755 1766 dicunt
769 1746 776 1764 :
792 1736 875 1764 Facta
890 1740 928 1763 est
949 1745 1042 1763 manus
1053 1735 1107 1762 Do-

320 1790 385 1817 mini
405 1795 486 1824 super
502 1795 544 1814 me
563 1786 597 1818 ",
616 1784 773 1811 adventum
800 1789 850 1809 eos
874 1781 993 1815 Spiritus
1020 1780 1108 1808 sancti

321 1838 465 1869 nuntiare;
490 1833 628 1870 siquidem
647 1839 707 1868 -per’
726 1831 861 1866 Spiritum
886 1835 1013 1858 sanctum
1038 1831 1108 1858 fiunt

320 1883 497 1920 prophetiae:
521 1880 595 1917 quod
622 1887 704 1907 nemo
730 1879 858 1906 dubitare
881 1878 975 1910 debet,
1000 1877 1047 1912 qui
1065 1877 1108 1904 in-

322 1929 468 1960 tellexerit,
494 1935 556 1962 quae
582 1926 712 1961 superius
734 1925 855 1952 diximus
878 1923 912 1951 de
939 1923 1025 1958 digito
1047 1923 1107 1956 Dei,

320 1984 381 2004 esse
401 1975 509 2002 scilicet
528 1981 590 2001 eum
611 1972 727 2008 digitum
751 1971 885 2006 Spiritum
902 1974 1037 2000 sanctum.
1054 1977 1109 2004 quo

322 2021 408 2057 digito
429 2021 472 2047 lex
486 2019 587 2055 Moysis
608 2018 635 2046 in
651 2017 770 2053 lapideis
791 2017 893 2044 tabulis
909 2015 972 2043 data
984 2020 1036 2043 est.
1052 2015 1110 2042 Hoc

321 2068 403 2095 etiam
429 2066 545 2094 Eliszeus
572 2065 598 2091 in
618 2064 762 2099 aenigmate
774 2061 948 2097 significavit,
973 2068 1036 2089 cum
1051 2060 1108 2088 ait:

322 2114 437 2149 Accipite
456 2112 520 2139 mihi
534 2110 703 2147 psallentem.
726 2108 760 2136 Et
780 2108 880 2143 factum
898 2112 946 2140 est,
962 2116 1021 2134 cum
1036 2106 1110 2142 psal-

324 2159 388 2186 leret
418 2159 463 2194 qui
488 2156 635 2192 psallebat,
668 2156 740 2190 facta
771 2158 810 2181 est
835 2161 914 2189 super
935 2161 994 2180 eum
1015 2161 1111 2180 manus

322 2206 429 2233 Domini
442 2205 482 2237 ⁸ος
499 2209 527 2230 et
551 2203 620 2230 dixit
641 2200 802 2229 declarandi
829 2200 918 2236 gratia
937 2208 943 2226 :
961 2199 995 2227 Et
1010 2199 1111 2233 factum

323 2257 360 2279 est
372 2251 487 2286 Spiritus
513 2249 618 2277 Domini
642 2256 721 2283 super
737 2255 812 2274 :eum.

1155 320 1275 355 Spiritus
1288 325 1401 347 sanctus
1425 327 1496 347 cum'
1504 320 1584 347 Patre
1593 325 1622 348 et
1643 320 1715 347 Filio
1727 319 1808 347 simul
1825 321 1931 348 exsistat

1154 370 1284 400 tanquam
1307 374 1370 394 cum
1390 370 1482 394 mente
1499 370 1528 394 et
1559 366 1658 394 Verbo.
1679 365 1789 393 Etenim
1806 366 1933 394 Dominus

1153 411 1349 440 demonstrans
1364 420 1397 439 ex
1413 420 1442 440 se
1462 413 1523 447 ipso
1536 412 1626 447 ipsum
1636 412 1781 445 exsistere,
1798 411 1933 440 insuﬂlans

1153 458 1296 493 discipulis
1308 458 1394 486 dixit:
1405 458 1520 494 Accipite
1532 457 1662 494 Spiritum
1671 462 1793 485 sanctum
1801 458 1822 474 "
1835 465 1843 491 ;
1860 466 1933 493 quem

1153 505 1265 539 quidem
1277 505 1328 540 ipsi
1339 505 1469 540 discipuli
1481 505 1605 532 adhibita
1617 505 1776 540 precatione
1788 513 1839 540 per
1855 505 1934 540 impo-

1152 552 1281 579 sitionem
1297 559 1428 578 manuum
1447 551 1626 579 credentibus
1643 551 1813 579 tribuebant.
1831 551 1870 578 Ex
1888 560 1934 586 quo

1151 597 1217 624 licet
1242 596 1427 625 dill‘erentiam
1443 597 1585 635 servitutis
1605 601 1632 625 et
1648 597 1813 632 mqualitatis
1843 597 1936 624 intelli~

1152 650 1228 678 gere.
1239 642 1363 678 Apostoli
1382 643 1457 670 enim
1473 637 1661 678 precanteset
1681 647 1812 677 tanquam
1825 642 1935 669 Domino

1153 689 1341 724 supplicantes
1354 689 1489 724 Spiritum
1500 693 1627 716 sanctum
1637 688 1670 715 iis
1682 688 1810 723 quidigni
1820 688 1934 715 adventu

1152 734 1212 769 ejus
1233 738 1322 766 erant,
1341 734 1428 761 veluti
1442 733 1621 761 inducebant.
1639 733 1838 762 Salvatorvero
1849 737 1935 760 noster

1152 787 1185 807 ex
1200 788 1229 808 se
1247 781 1317 815 ipso,
1332 775 1462 815 tanquam
1472 788 1505 807 ex
1515 780 1634 815 quodam
1646 780 1788 811 thesauro,
1804 778 1936 814 praebebat

1152 834 1215 853 eum
1232 827 1265 853 iis
1285 826 1335 861 qui
1350 826 1415 853 facti
1431 831 1512 853 erant
1530 833 1579 861 per
1600 825 1751 860 puritatem
1764 826 1829 860 vita:
1853 825 1934 852 idonei

1152 871 1187 898 ad
1196 871 1386 911 excipiendam
1397 871 1538 907 energiam
1549 872 1619 907 ejus.
1636 871 1726 906 Atque
1739 871 1874 906 apostolis
1884 872 1936 906 qui-

1155 917 1217 945 dem
1240 918 1334 946 aderat
1361 925 1471 952 semper
1498 918 1680 953 participate;
1708 916 1846 945 Salvatori
1879 926 1935 945 vero

1155 963 1266 991 Christo
1291 968 1319 991 et
1339 964 1396 991 Deo
1414 968 1522 996 nostro,
1546 968 1676 998 tanquam
1691 963 1935 993 consubstantialis.

1154 1010 1188 1037 Et
1212 1010 1285 1037 idem
1305 1010 1378 1037 Deus
1404 1012 1456 1037 hac
1479 1009 1588 1037 ratione
1611 1010 1716 1037 dicitur
1741 1009 1862 1044 Spiritus
1885 1010 1936 1041 Dei,

1154 1059 1182 1083 et
1193 1055 1313 1090 Spiritus
1327 1054 1441 1088 Christi,
1464 1062 1521 1082 non
1534 1055 1608 1082 sicut
1625 1055 1818 1082 ministrantes
1833 1054 1938 1089 spiritus

1155 1101 1189 1128 ad
1213 1101 1398 1128 ministerium
1423 1100 1500 1128 missi
1519 1111 1525 1128 :
1546 1100 1586 1127 illi
1608 1101 1681 1128 enim
1708 1100 1938 1134 circumscriptam

1156 1147 1338 1176 substantiam
1355 1147 1468 1179 habent,
1480 1146 1517 1176 ita
1527 1151 1558 1174 ut
1573 1154 1627 1174 non
1640 1150 1744 1181 posset,
1755 1146 1875 1181 exempli
1889 1154 1941 1181 gm-

1157 1193 1205 1227 tia,
1225 1193 1411 1227 Gabrielesse
1426 1193 1455 1219 in
1466 1192 1536 1220 cmlo
1563 1192 1645 1219 simul
1656 1196 1684 1219 et
1702 1191 1774 1226 apud
1788 1191 1939 1226 Virginem;

1156 1247 1207 1267 nec
1221 1239 1293 1274 apud
1306 1238 1449 1266 Danielem
1460 1238 1489 1265 in
1503 1237 1663 1273 Babylonia,
1679 1241 1707 1264 et
1724 1237 1754 1264 in
1764 1236 1862 1264 Judaea
1875 1236 1942 1271 apud

1157 1285 1318 1313 Habbacum
1336 1293 1343 1311 :
1361 1283 1498 1319 siquidem
1520 1287 1611 1311 creata
1633 1287 1687 1310 est»
1700 1287 1799 1310 natura
1819 1283 1890 1318 ejus.
1914 1282 1943 1309 At

1157 1331 1278 1366 Spiritus
1302 1333 1414 1358 sanctus
1439 1329 1486 1364 qui
1513 1329 1605 1357 omnia
1622 1329 1727 1364 implet,
1752 1332 1782 1356 et
1805 1327 1834 1354 in
1857 1322 1944 1355 Iuda‘a

1157 1377 1252 1404 aderat
1265 1376 1424 1412 prophetis;
1450 1380 1478 1403 et
1493 1375 1610 1410 captivis
1624 1375 1652 1402 in
1680 1372 1831 1410 Babylonia
1841 1382 1850 1406 ;
1861 1377 1891 1400 et
1901 1380 1945 1404 eos

1157 1423 1204 1458 qui
1229 1423 1258 1450 in
1283 1422 1401 1458 Aigypto
1420 1425 1509 1454 erant,
1543 1428 1598 1448 non
1625 1420 1786 1453 deserebat;
1819 1418 1945 1446 omnibus

1159 1475 1291 1504 prmsens,
1316 1472 1348 1495 ut
1370 1467 1489 1503 quisque
1514 1474 1600 1501 capax
1633 1470 1705 1498 erat,
1729 1470 1758 1492 et
1786 1465 1945 1500 sapientiam

1158 1513 1271 1541 tradens
1293 1520 1344 1548 pro
1374 1512 1555 1547 proportione
1582 1511 1659 1538 ﬁdei.
1685 1510 1830 1546 Siquidem
1856 1517 1945 1538 omnes

1158 1559 1298 1594 apostolos
1319 1558 1443 1594 implevit
1458 1567 1464 1584 :
1480 1558 1516 1585 Et
1532 1557 1710 1592 toquebantar
1733 1557 1816 1583 uariis
1842 1556 1942 1591 linguis,

1120 1618 1142 1647 ε
1159 1609 1236 1641 prout
1251 1604 1367 1640 Spiritu:
1384 1608 1491 1631 sanctus
1503 1604 1584 1630 debet
1600 1604 1636 1630 eis
1651 1603 1738 1638 eloqui
1759 1603 1801 1635 ";
1828 1607 1857 1629 et
1872 1609 1943 1637 pere-

1158 1651 1319 1686 grinabatur
1345 1658 1406 1678 cum
1427 1649 1686 1685 peregrinantibus;
1701 1653 1731 1676 et
1747 1656 1811 1676 cum
1827 1655 1943 1676 commo-

1158 1698 1291 1725 rantibuS'
1300 1697 1534 1732 commorabatur,
1562 1696 1703 1724 individuo
1726 1699 1756 1723 et
1774 1695 1943 1730 impartibili—

1158 1749 1200 1772 ter
1208 1751 1270 1771 cum
1283 1743 1413 1770 omnibus
1427 1742 1572 1775 habitans;
1588 1745 1616 1769 et
1630 1736 1784 1769 Antiochiae
1796 1741 1943 1768 Barnabam

1158 1793 1186 1817 et
1209 1789 1323 1818 Saulum
1334 1789 1501 1822 ordinabat;
1520 1792 1549 1816 et
1565 1796 1628 1817 cum
1648 1788 1730 1816 Petro
1744 1791 1830 1822 atque
1847 1787 1944 1815 Joanne

1159 1835 1187 1862 in
1203 1834 1326 1862 Samaria
1351 1835 1460 1867 adorat;
1483 1838 1512 1861 et
1531 1833 1565 1861 ad
1592 1834 1662 1861 alios
1679 1833 1793 1868 quidem
1819 1833 1946 1861 veniebat

1158 1889 1209 1916 per
1223 1880 1789 1916 impositionem,manuum-apostolorum
1814 1887 1868 1914 per
1884 1886 1947 1914 quos

1160 1927 1340 1962 loquebatur;
1373 1927 1443 1955 alios
1477 1933 1545 1954 vero
1574 1926 1609 1954 ad
1641 1926 1718 1962 praui
1730 1926 1853 1953 oandum
1889 1926 1949 1952 mit-

1161 1974 1245 2005 tebat,
1265 1973 1334 2000 alios
1361 1980 1414 2000 non
1441 1973 1550 2000 sinebat
1573 1973 1615 1999 ire
1638 1980 1694 2007 quo
1714 1972 1858 1999 volebant.
1891 1968 1949 1998 liam

1160 2020 1350 2046 omniav‘sunt
1381 2019 1506 2054 exempla
1544 2019 1702 2046 divinarum
1736 2019 1949 2054 operationutn,

1161 2063 1262 2097 quibus
1290 2063 1445 2090 substantia
1471 2068 1567 2099 aperte
1594 2063 1762 2090 declaratur.

1197 2109 1314 2136 XXVlll.
1333 2109 1424 2136 Multis
1441 2109 1660 2144 digressionibus
1679 2116 1747 2135 usus
1766 2116 1829 2136 sum
1853 2114 1883 2137 et
1899 2109 1952 2136 for-

1163 2160 1234 2182 tasse
1249 2155 1465 2187 non~lnutiliwr,
1477 2155 1726 2190 cumpropositum
1740 2155 1827 2183 fuerit
1841 2156 1954 2183 demon-

1162 2206 1251 2228 strare
1266 2199 1396 2227 eamdem
1417 2208 1478 2228 esse
1500 2201 1700 2233 substantiam,
1717 2206 1746 2228 et
1765 2202 1952 2236 aequalitatem

1162 2253 1354 2282 personarum.
1380 2245 1472 2281 Longe
1494 2246 1572 2273 enim
1597 2246 1721 2273 alienum
1749 2251 1792 2274 est
1817 2255 1834 2274 ι
1864 2252 1951 2274 sancta

357 2298 464 2325 XXV".
484 2298 708 2323 Demonstratnm
720 2301 788 2328 ergo
805 2297 848 2320 est
868 2293 902 2320 iis
914 2293 961 2327 qui
977 2300 1031 2320 non
1043 2300 1110 2320 con-
1128 2292 1149 2321 ι)
1163 2292 1299 2319 Trinitate
1316 2291 1409 2319 dicere
1422 2291 1455 2319 in
1473 2300 1504 2321 ea
1522 2294 1613 2328 majus
1629 2298 1659 2320 et
1673 2294 1766 2320 minus
1785 2302 1792 2319 :
1810 2293 1867 2320 etsi
1885 2293 1951 2320 enim

325 2344 464 2370 tradicunt
487 2341 670 2373 contentiose,
692 2339 955 2368 consubstantialem
971 2347 1032 2366 esse
1047 2347 1111 2366 san-

324 2394 396 2416 ctam
410 2388 591 2419 Trinitatem;
618 2387 698 2414 simul
715 2387 797 2413 etiam
823 2385 1039 2424 demonstratum
1057 2389 1111 2417 est.

324 2435 401 2462 nefas
428 2441 489 2461 esse
515 2433 697 2468 particulares
726 2431 895 2459 substantias
925 2432 1080 2466 intelligere
1105 2439 1112 2458 :

323 2480 399 2508 unde
410 2479 483 2516 enim
495 2479 745 2506 demonstravimus
755 2482 878 2505 mutuam
891 2477 1113 2512 conjunctionern

325 2526 518 2560 operationum
543 2529 566 2557 τί
585 2524 649 2551 inde
668 2530 750 2551 unam
765 2530 829 2551 esse
853 2518 1038 2550 substantiam
1060 2522 1114 2548 im-

326 2571 484 2607 partibilem
507 2570 683 2599 manifestum
710 2569 838 2600 fecimus,
851 2575 952 2602 nempe
973 2567 1114 2601 insepara-

327 2617 397 2645 biles
407 2625 468 2645 esse
481 2616 661 2652 hypostases;
682 2622 745 2642 cum
756 2613 948 2648 ncque'Filius
960 2612 1020 2639 sine
1034 2612 1115 2639 Patre

362 2696 386 2712 ⁷³
402 2695 475 2723 Psal.
503 2702 574 2722 xxvi.
594 2693 621 2720 8.

326 2773 357 2799 ll,
370 2767 398 2794 4.
436 2766 458 2782 ⁸⁸
469 2766 546 2792 Joan.
559 2771 612 2796 xiv,
622 2762 678 2797 28._

668 2692 692 2708 ἰ
715 2690 787 2718 Psal.
816 2697 906 2722 cxvnl,
929 2687 973 2716 58.
1011 2690 1033 2706 "
1059 2690 1130 2717 Psal.
1152 2697 1206 2722 xw,
1228 2691 1259 2718 ‘2.

328 2730 351 2747 "
363 2731 434 2758 Psal.
456 2738 546 2761 (.xviu,
564 2729 606 2755 73.
644 2728 667 2743 ⁷³
687 2725 787 2753 Ezech.
808 2733 847 2757 ιιι,
860 2725 910 2758 2'2;
927 2732 1016 2757 xum,
1032 2724 1081 2758 22;
1097 2732 1196 2758 xxxv",
1211 2726 1235 2752 Ι.

1162 2338 1265 2366 dicitur
1288 2337 1369 2365 Pater
1395 2339 1483 2373 major
1507 2338 1594 2372 Filio,
1617 2339 1691 2367 sicut
1715 2339 1854 2374 scriptum
1882 2345 1923 2367 est
1945 2349 1950 2365 :

1163 2384 1245 2412 Pater
1258 2385 1346 2420 major
1360 2391 1401 2410 me
1417 2388 1455 2410 est
1465 2383 1499 2416 ⁸³,
1511 2385 1618 2412 scilicet
1630 2386 1719 2420 major
1731 2385 1837 2412 dicitur
1850 2386 1951 2413 ratione

1162 2429 1308 2464 principii,
1324 2437 1381 2456 non
1407 2430 1516 2457 ratione
1539 2430 1700 2458 substantiae
1723 2440 1730 2457 :
1751 2431 1875 2459 fortasse
1894 2440 1953 2459 vero

1165 2474 1256 2500 minor
1278 2474 1359 2501 Patre
1385 2474 1489 2502 dicitur
1513 2475 1616 2508 Filius,
1637 2480 1777 2510 quatenus
1800 2476 1896 2504 factus
1918 2481 1956 2504 est

1166 2521 1257 2548 minor
1274 2521 1396 2557 angelis,
1412 2519 1527 2557 propter
1546 2516 1763 2557 assumptionem
1785 2523 1884 2550 carnis
1908 2532 1914 2549 :
1934 2528 1957 2549 rt

1165 2566 1219 2593 hoc
1235 2567 1489 2604 magistenendum
1506 2572 1548 2595 est
1566 2577 1573 2595 :
1590 2576 1645 2595 non
1659 2568 1732 2595 enim
1748 2568 1858 2595 dicitur
1874 2570 1957 2603 major

1165 2619 1227 2640 esse
1250 2612 1355 2648 Spiritu
1380 2618 1494 2646 sancto,
1515 2614 1564 2641 sed
1588 2614 1658 2642 Filio
1684 2614 1744 2641 solo
1767 2614 1818 2649 qui
1847 2622 1957 2642 carnem

1311 2692 1334 2707 "°
1354 2673 1427 2718 Psai.
1455 2691 1550 2723 xxx'nt.
1574 2693 1618 2719 i7.
1674 2693 1697 2708 "
1713 2692 1786 2720 Psal.
1820 2701 1883 2724 cm.
1915 2693 1958 2720 50.

1273 2726 1296 2742 ⁸ο
1316 2726 1350 2755 lV
1364 2726 1430 2762 Reg.
1445 2733 1484 2760 ιιι,
1500 2727 1541 2755 l5.
1578 2727 1599 2743 δ’
1613 2727 1691 2756 Joan.
1710 2735 1755 2760 xx,
1773 2727 1818 2755 22.
1864 2729 1958 2756 “Act.

879 2805 882 2808 ’
928 2828 933 2833 -
962 2815 1079 2842 vanus
1098 2815 1304 2843 LECTIONES.

363 2873 374 2887 τ
390 2867 454 2894 Mat.
471 2866 605 2901 conjunct.
622 2868 725 2901 operat.
741 2863 920 2901 ἀλληλουχςωι
933 2862 987 2901 τῶν
1001 2859 1470 2901 tvcpyetﬁw;Annicula;rmutua
1492 2865 1641 2893 habitatio,-
1658 2866 1694 2893 ita
1712 2871 1743 2893 υι
1758 2866 1844 2894 Page.-
1861 2867 1962 2894 haheat

327 2903 424 2930 Filium
441 2903 468 2928 in
482 2897 525 2934 se,
535 2897 662 2928 etFilius
682 2897 809 2933 Patrem;
828 2903 855 2926 et
875 2898 994 2933 Spiritus
1017 2898 1128 2924 sanctus
1150 2897 1259 2925 Patrem
1281 2897 1314 2926 ct
1336 2899 1454 2938 Filium;
1476 2905 1505 2928 et
1535 2901 1616 2929 Pater
1643 2905 1671 2929 et
1708 2901 1793 2930 Filius
1822 2902 1963 2938 Spiritum

316 2943 452 2966 sanctum.
