1980 3188
313 161 375 195 1331

883 178 914 209 S.
931 180 1130 211 ANASTASII
1150 182 1387 215 ANTIOCHEN’I

1865 188 1931 221 1232

321 251 1928 287 MM

1103 335 1146 365 II.

889 388 939 419 DE
958 390 1331 426 INCIRCUMSCRIPTO.

343 506 367 563 Ιἰ
377 506 476 557 Omnia
493 509 576 536 audet
587 511 679 562 lingua
693 513 800 547 dolosa,
815 524 877 550 qua
892 521 919 544 et
929 517 1091 546 Creatorem
1108 522 1130 550 Δ
1144 527 1233 555 rante,
1244 524 1303 552 sine
1317 533 1372 560 quo
1384 534 1444 554 esse
1458 535 1513 555 non
1527 532 1628 563 potest.
1641 529 1687 557 Sic
1701 539 1707 557 :
1722 530 1788 558 ειειί
1802 540 1930 561 enarrant

305 552 467 583 contemnit.
486 557 513 580 et
531 561 591 588 quae
609 556 669 591 ejus
688 558 776 586 virtus
795 560 840 592 sit,
859 568 914 588 non
937 564 1032 590 sentit.
1051 563 1093 591 Sit

306 595 386 622 nobis
401 596 534 625 Dominus
550 600 654 628 auxilio
671 603 745 637 spei,
763 605 919 641 tribuatque
936 615 1091 636 sermonem

305 640 458 673 prudentia:
479 648 593 678 propter
613 653 661 673 eos
685 649 731 682 qui
755 650 875 678 fructum
900 653 1042 687 percipere
1064 659 1092 682 et

304 686 480 719 prudentiam
501 697 602 725 augere
613 693 730 727 cupittnt
750 704 755 721 :
776 699 804 722 tu
821 704 898 729 vero,
911 686 1089 733 charissime,

304 738 338 758 ne
357 740 420 760 cum
441 735 492 766 eis,
509 736 580 764 sicut
597 739 731 774 scriptunt
749 746 792 768 est
803 742 836 774 ’°,
852 748 963 777 pactum
980 745 1064 773 facias
1083 755 1090 773 :

302 784 349 804 eos
370 778 442 812 dico,
460 781 506 815 qui
527 781 612 810 Deum
635 785 816 819 imminuuut,
832 792 860 815 et
880 789 1002 818 divinam
1024 793 1090 820 sub-

302 826 431 852 stantiam
452 828 698 864 circumscribunt,
712 838 740 860 et
756 840 889 868 quantum
909 837 936 864 in
954 838 1021 873 ipsis
1038 845 1089 872 est,

304 871 415 898 tradunt
429 881 547 902 vacuum
569 884 630 904 esse
653 879 810 907 universum
834 889 849 908 a
872 871 1004 911 Creatore
1027 886 1090 912 uni-

301 916 375 942 versi
391 925 397 943 :
411 918 458 951 qui
472 919 602 947 videntur
615 922 653 956 pii
667 930 738 955 esse,
750 925 926 960 intpudcnter
938 929 1090 964 blasphemi

302 966 380 995 sunt,
404 963 505 993 divina?
528 973 636 996 naturae
659 971 870 1006 amplitudinem
894 980 1042 1009 negantes,
1064 981 1092 1004 et

301 1007 421 1042 linguam
443 1018 520 1039 suam
542 1013 726 1049 importunam
747 1023 775 1045 et
791 1019 934 1054 loquacem
956 1021 983 1048 in
1004 1023 1089 1050 Deum

301 1054 424 1083 universi
446 1065 588 1088 acuentes.
609 1062 680 1091 Sane
697 1064 810 1099 quidem
828 1074 883 1094 non
902 1074 1091 1103 cognoverunt

300 1100 356 1134 isti,
373 1110 425 1130 nec
441 1104 638 1136 intellexerunt
652 1111 802 1144 potentiam
818 1111 879 1145 Dei,
893 1100 959 1148 quin
976 1116 1068 1149 potius
1082 1126 1088 1143 ε

299 1147 472 1179 Obscuralum
497 1159 548 1188 est,
567 1157 640 1184 sicut
662 1158 699 1185 ait
723 1159 881 1195 Scriptura,
897 1163 1023 1197 insipiens
1043 1172 1088 1190 cor

298 1202 390 1222 eorum
407 1205 415 1224 :
431 1198 545 1228 dicentes
557 1210 584 1228 se
596 1211 651 1230 esse.
663 1206 805 1240 sapientes,
818 1207 893 1234 stu/li
908 1209 970 1243 facti
984 1211 1088 1238 sunt“.
1106 1199 1125 1225 Β

298 1241 371 1268 Deus
392 1248 483 1272 autem
506 1248 706 1281 patientissime
726 1250 779 1278 fert
798 1253 872 1285 haec,
887 1241 934 1288 qui
955 1263 1009 1283 non
1029 1257 1089 1284 vult

298 1287 370 1315 ullos
391 1291 492 1324 perire,
510 1293 558 1320 sed
580 1302 678 1323 omnes
696 1297 730 1324 ad
751 1299 945 1333 pomitentiam
963 1302 1058 1330 venire
1081 1313 1087 1330 ε

299 1333 360 1360 Vult
374 1336 444 1362 enim
461 1345 550 1365 omnes
567 1340 684 1368 homines
700 1342 787 1371 salvos
802 1345 870 1379 ﬁeri,
884 1351 908 1372 et
925 1347 960 1374 ad
973 1349 1088 1383 agnitio-

298 1388 356 1406 nem
376 1384 495 1410 veritatis
516 1386 648 1414 uenire".
664 1388 742 1416 Faxit
761 1391 843 1424 Deus,
859 1397 888 1419 ut
908 1393 961 1420 hoc
979 1395 1088 1429 sapiens

297 1427 444 1455 consilium
468 1430 573 1458 exitum
597 1432 700 1461 bonum
722 1435 748 1462 in
770 1436 810 1463 eis
833 1444 1004 1473 assequatur,
1023 1441 1088 1474 ipsis

297 1472 416 1501 salutem
441 1479 601 1506 consecutis
626 1482 779 1510 secundum
807 1472 979 1519 propositum
1006 1487 1053 1514 Dei
1080 1497 1086 1514 :

297 1518 349 1550 Qui
360 1526 437 1548 vocat
451 1531 482 1550 ea
497 1533 556 1559 quw
571 1534 623 1553 non
638 1532 710 1560 sunt,
725 1534 853 1564 tanquam
866 1539 896 1558 ea
910 1540 968 1566 quae
980 1537 1042 1559 sunt
1052 1533 1086 1561 ".

332 1565 364 1592 ll.
389 1567 429 1595 Nc
456 1574 549 1598 autem
577 1572 729 1602 absurdum
757 1579 785 1603 et
813 1565 940 1604 dolosum
972 1579 1087 1607 istorum

298 1611 396 1648 dogma
417 1614 514 1649 lateat,
531 1618 691 1654 videamus,
710 1622 802 1656 qualia
822 1623 879 1650 sint
898 1631 959 1659 qua:
979 1625 1012 1652 de
1032 1626 1087 1653 Deo

298 1657 392 1687 dicere
415 1662 518 1690 audent
541 1673 546 1690 :
572 1673 581 1690 ‹
605 1665 733 1702 Encrgia,
753 1668 895 1703 inquiunt,
912 1670 939 1696 in
959 1672 1089 1699 omnibus

297 1704 382 1732 rebus
399 1711 442 1733 est
459 1707 546 1741 Deus;
565 1710 722 1739 substantia
737 1721 804 1741 vero
822 1715 946 1742 minimc.
966 1725 974 1741 ι
999 1716 1086 1744 Ener-

296 1749 368 1782 uiam
382 1758 483 1781 vocant
497 1761 568 1789 opus
582 1757 704 1792 energia,
717 1758 743 1785 id
757 1763 810 1791 est,
822 1761 982 1795 operatione
995 1762 1087 1790 confe-

297 1801 385 1828 rtum,
395 1802 427 1825 ut
442 1798 593 1827 fabricator
608 1803 687 1830 navis
701 1808 743 1831 est
755 1803 781 1830 in
794 1805 856 1831 navi
872 1813 888 1832 a
902 1813 930 1833 se
943 1806 1085 1840 fabricata,

295 1847 324 1868 et
344 1848 434 1870 textor
456 1845 483 1872 in
507 1846 590 1880 pallio
611 1849 683 1883 quod
706 1850 802 1877 texuit.
820 1850 902 1886 Atqui
923 1851 1012 1880 dicam
1034 1861 1085 1889 ego

297 1887 509 1922 inseparabilem
532 1899 592 1919 esse
616 1900 631 1919 a
653 1898 752 1920 natura
778 1894 826 1921 Dei
850 1895 989 1931 energiam
1014 1887 1083 1932 ejus,

295 1934 423 1969 exemplo
446 1936 592 1971 superiore
613 1938 648 1965 ab
672 1938 734 1966 istis
757 1945 867 1975 sumpto
892 1949 960 1970 usus
982 1951 989 1969 τ
1015 1943 1087 1970 sicut

296 1979 370 2007 enim
387 1980 537 2011 fabricator
549 1985 628 2012 navis
642 1985 767 2013 cernitur
782 1986 809 2013 in
823 1987 897 2020 navi,
910 1992 938 2015 et
953 1991 1043 2015 textor
1057 1989 1085 2016 in

295 2028 379 2062 pallio
393 2030 495 2064 textili;
507 2031 548 2059 sic
559 2033 632 2060 Deus
643 2034 669 2060 in
682 2034 814 2069 operibus
824 2035 882 2062 suis
895 2044 901 2062 :
914 2036 1021 2063 tametsi
1034 2036 1084 2069 illi,

296 2078 393 2109 utpote
407 2077 538 2104 mortales
552 2082 579 2105 et
592 2079 757 2113 corporibus
771 2080 987 2116 circumscripti,
999 2082 1085 2109 solam

295 2121 438 2155 energiam
456 2121 617 2157 relinquant
633 2131 745 2152 vacuam
762 2125 797 2153 ab
815 2125 929 2157 artiﬁce.
945 2127 992 2162 qui
1009 2128 1085 2162 operi

297 2165 423 2194 faciendo
438 2171 526 2196 artem
543 2169 672 2198 adhibuit
687 2180 693 2197 :
709 2174 791 2205 atque
807 2171 945 2200 artificem
961 2173 1084 2207 quidem,

297 2212 318 2238 si
339 2213 418 2241 adest
434 2219 462 2241 et
479 2216 667 2250 cognoscitur,
682 2217 814 2252 praedicat
833 2226 919 2253 opus;
943 2218 1085 2247 absentem

296 2266 361 2286 vero
381 2263 409 2286 et
432 2256 622 2296 incogniium,
640 2263 754 2290 minime
777 2272 785 2290 :
808 2263 855 2291 sed
878 2272 928 2292 cur
948 2265 1004 2292 ita?
1020 2265 1085 2300 quia

297 2309 447 2340 utrumque
473 2307 684 2343 circumscripte
709 2309 834 2337 cernitur
856 2314 884 2337 et
907 2318 991 2346 opus,
1011 2315 1039 2338 et
1058 2311 1086 2338 id

295 2349 368 2376 unde
384 2350 540 2385 profectum
554 2355 596 2379 est
608 2360 689 2388 opus.
699 2353 770 2387 Quia
781 2361 848 2381 vero
858 2354 919 2381 viva
932 2359 975 2382 est
987 2359 1086 2383 natura

295 2396 399 2429 divina,
415 2398 554 2432 energias,
570 2398 597 2426 id
619 2404 661 2427 est
682 2401 870 2435 operationes,
884 2400 969 2428 habet
988 2401 1086 2429 vivenc

296 2448 347 2474 tes,
360 2446 388 2470 ct
402 2443 463 2471 sine
481 2443 689 2473 intermissione
704 2451 817 2481 agentes
834 2441 848 2473 τ’
859 2446 918 2474 sine
933 2446 1086 2475 substantia

295 2491 387 2514 autem
405 2495 462 2515 non
478 2493 571 2524 potest
587 2490 644 2517 ullo
662 2490 745 2518 modo
761 2491 874 2526 prodire
891 2492 1019 2527 energia;
1038 2492 1086 2520 ubi

1143 568 1257 603 gloriam
1275 570 1339 603 Dei;
1356 577 1380 599 et
1397 581 1476 606 opera
1495 582 1623 602 manuum
1644 576 1700 610 ejus
1719 579 1867 604 annuntiat
1885 579 1930 612 fir-

1144 615 1355 648 mamentum“;
1377 624 1430 643 non
1451 618 1534 645 semel
1556 618 1672 650 factum.
1689 625 1717 648 et.
1735 629 1748 648 a
1765 621 1929 651 fabricatore

1143 664 1193 684 suo
1210 659 1370 694 alienatum,
1387 669 1495 697 semper
1510 665 1584 691 enim
1601 666 1706 701 indiget
1722 674 1927 702 conservatore,

1143 704 1190 738 qui
1212 712 1265 732 non
1288 707 1353 734 sinit
1367 713 1554 744 veterascere.
1568 711 1655 743 Unde,
1673 713 1736 747 quia
1755 721 1838 742 omne
1859 718 1928 751 quod

1141 753 1199 786 pati
1215 758 1317 788 potest,
1328 763 1383 782 non
1398 761 1561 784 renovatum
1574 761 1735 792 veterascit;
1751 762 1824 795 quod
1840 767 1928 790 autem

1141 801 1242 825 natura
1255 804 1429 828 veterascere
1444 805 1546 836 pﬂlf‘Sl,
1560 811 1614 830 non
1628 811 1804 833 veterascens
1819 815 1929 835 renova-

1143 847 1188 870 tur
1203 852 1210 870 :
1227 845 1328 871 ccelum
1348 846 1432 881 igitur
1445 851 1473 874 et
1487 848 1608 876 coelestia
1625 857 1741 885 corpora
1758 860 1820 885 quae
1838 852 1928 880 haete-

1141 897 1194 916 nus
1209 891 1280 918 sicut
1293 899 1307 918 a
1322 891 1459 927 principio
1473 893 1543 932 facta
1559 899 1631 926 sunt,
1646 895 1758 929 durant,
1775 899 1927 925 reum-alio-

1141 943 1204 962 nem
1219 935 1247 963 in
1260 943 1288 963 se
1299 937 1423 971 quotidie
1436 938 1495 965 ﬁeri
1509 940 1677 973 ostendunt;
1692 943 1926 976 conservationem

1141 988 1208 1008 vero
1219 989 1288 1009 voco
1301 984 1507 1015 renovationem
1522 994 1528 1011 :
1542 991 1689 1013 conservat
1700 991 1790 1014 autem
1803 996 1836 1015 ea
1848 989 1924 1020 Deus.

1141 1027 1281 1062 quomodo
1297 1027 1394 1055 affecta
1412 1032 1485 1056 sunt.
1503 1029 1530 1057 Si
1549 1035 1640 1057 autem
1658 1035 1730 1058 recte
1748 1032 1843 1063 habet,
1857 1034 1924 1066 quod

1141 1081 1191 1100 nos
1204 1074 1394 1109 intelligimus,
1404 1075 1554 1110 energiam,
1564 1076 1591 1103 id
1604 1081 1656 1108 est,
1668 1078 1857 1112 operationem
1869 1087 1925 1106 esse

1141 1121 1398 1152 conservationem;
1424 1125 1604 1149 conservatur
1624 1129 1708 1155 vero,
1725 1128 1751 1150 et
1771 1124 1926 1152 continetur

1144 1167 1319 1200 universum;
1340 1167 1413 1195 circa
1430 1168 1589 1195 universum
1606 1174 1734 1196 versatur
1750 1170 1875 1205 energia.
1889 1171 1926 1198 Ab

1141 1213 1192 1240 hac
1204 1218 1296 1240 atttem
1309 1221 1364 1240 non
1378 1219 1420 1241 est
1431 1214 1585 1241 substantia
1599 1215 1775 1249 separabilis;
1793 1221 1837 1242 est
1849 1216 1927 1251 igitur

1140 1259 1213 1286 circa
1225 1259 1393 1289 universum,
1407 1264 1434 1286 et
1445 1259 1471 1286 in
1486 1259 1618 1286 universo
1631 1260 1786 1287 substantia
1798 1261 1859 1288 Dei.

1173 1304 1218 1331 lll.
1235 1303 1280 1331 Sic
1297 1304 1487 1338 intelligimus,
1502 1304 1575 1338 quod
1594 1303 1720 1331 Salvator
1734 1305 1804 1331 dixit
1824 1314 1832 1331 τ
1850 1305 1926 1332 Pater

1140 1359 1213 1378 meus
1235 1359 1317 1385 usque
1339 1351 1416 1376 modo
1438 1355 1577 1384 operatur,
1592 1355 1615 1376 et
1639 1358 1686 1385 ego
1707 1358 1803 1384 operor
1813 1351 1852 1383 ";
1874 1359 1925 1378 non

1138 1395 1212 1431 quod
1230 1396 1303 1423 facta
1324 1396 1359 1422 sit
1376 1395 1497 1422 accessio
1520 1395 1650 1422 universo
1673 1404 1679 1422 :
1701 1395 1839 1430 Requievit
1855 1397 1925 1424 enim

1137 1442 1208 1469 Dens
1233 1443 1274 1469 die
1299 1442 1410 1476 septima
1436 1441 1467 1468 ab
1494 1442 1613 1468 omnibus
1634 1441 1754 1476 operibus
1778 1443 1852 1471 suis.
1871 1450 1926 1477 qua

1138 1487 1212 1521 cazpit
1235 1486 1367 1520 facere“;
1391 1489 1419 1512 et
1442 1493 1448 1512 :
1471 1485 1544 1512 Nihil
1566 1490 1605 1512 est
1624 1494 1712 1512 recens
1734 1486 1780 1513 sub
1804 1486 1874 1518 sole,
1890 1487 1926 1513 ait

1139 1531 1268 1559 Salomon
1281 1532 1322 1564 ";
1346 1531 1395 1558 sed
1419 1539 1489 1565 opus
1511 1531 1665 1558 nominavit
1687 1533 1924 1559 conservationem

1138 1577 1273 1604 universi.
1285 1578 1345 1611 Ipsa
1358 1576 1431 1604 enim
1446 1585 1548 1611 genera
1560 1581 1587 1604 et
1602 1578 1709 1612 species
1723 1585 1822 1604 eorum
1836 1578 1925 1605 videre

1136 1623 1202 1650 licet
1215 1631 1324 1657 semper
1339 1623 1510 1653 conservari,
1523 1630 1575 1650 nec
1590 1624 1683 1658 augeri
1700 1624 1823 1658 penitus.
1840 1631 1925 1658 neque

1136 1668 1240 1701 minui;
1261 1671 1463 1696 conservantur
1481 1672 1574 1695 autem
1591 1669 1693 1700 Verbo,
1707 1675 1737 1696 ut
1757 1674 1840 1696 antea
1859 1669 1924 1696 dixi-

1137 1723 1214 1747 mus,
1238 1714 1276 1741 ita
1299 1719 1330 1742 ut
1350 1721 1480 1749 separare
1500 1721 1533 1741 ea
1553 1721 1568 1741 a
1589 1718 1726 1749 potestate
1746 1710 1924 1741 conservante

1138 1761 1252 1796 impium
1271 1761 1308 1788 sit
1325 1770 1332 1787 :
1351 1760 1488 1795 siquidem
1509 1761 1542 1787 ad
1562 1761 1707 1788 interitum
1726 1759 1849 1787 deducet
1867 1759 1925 1786 uni-

1137 1815 1266 1838 versum,
1287 1807 1336 1842 qui
1359 1810 1502 1835 auctorem
1526 1807 1650 1834 universi
1671 1807 1706 1834 ab
1728 1806 1862 1834 universo
1885 1813 1925 1833 se-

1135 1850 1270 1890 junxerit.

1173 1899 1218 1926 lV.
1244 1898 1330 1926 Adest
1355 1898 1439 1934 igitur
1460 1898 1488 1925 in
1511 1896 1642 1924 omnibus
1664 1897 1738 1924 Deus
1759 1904 1817 1923 non
1841 1896 1925 1924 solum

1138 1945 1262 1980 energia,
1276 1944 1303 1971 id
1322 1948 1365 1971 est
1393 1943 1567 1978 operatione,
1580 1943 1627 1970 sed
1645 1943 1729 1970 etiam
1746 1942 1904 1969 substantia
1918 1951 1925 1968 :

1138 1991 1359 2019 demonstratum
1376 1989 1450 2016 enim
1468 1991 1521 2021 est,
1535 1993 1591 2016 non
1609 1995 1670 2016 esse
1685 1989 1827 2023 energiam
1847 1995 1926 2022 sepa-

1138 2040 1226 2062 ratam
1240 2043 1255 2062 a
1270 2034 1436 2062 substantia.
1450 2033 1594 2068 Energiam
1609 2039 1700 2060 autem
1713 2040 1783 2059 voco
1797 2033 1926 2059 virtutem

1137 2080 1277 2107 viventem
1289 2084 1318 2106 et
1329 2084 1438 2113 semper
1449 2082 1576 2113 agentem
1584 2081 1610 2109 ι,
1620 2076 1806 2113 prodeuntem
1819 2074 1855 2103 ex
1866 2076 1928 2103 sub-

1138 2125 1238 2153 stantia
1254 2128 1387 2158 operante
1402 2132 1409 2150 :
1426 2122 1574 2158 triplieiter
1586 2118 1780 2150 enim‘dicitur
1793 2121 1925 2157 energia;

1137 2171 1180 2198 vis
1195 2170 1329 2206 operandi
1347 2174 1454 2197 naturae
1471 2168 1569 2202 insita;
1587 2173 1615 2195 et
1631 2167 1765 2195 habitudo
1784 2166 1927 2202 operantis

1137 2217 1172 2244 ad
1189 2223 1269 2251 opus,
1285 2223 1341 2251 quo
1355 2215 1400 2249 ﬁt;
1417 2219 1445 2243 et
1458 2214 1487 2242 id
1505 2213 1742 2255 ipsum,quod_ex
1759 2212 1928 2248 antegressis

1137 2263 1294 2291 confectum
1322 2265 1374 2289 est.
1398 2261 1480 2289 Prius
1503 2260 1577 2288 enim
1602 2260 1925 2302 contemplatur’mens,

1137 2308 1212 2344 quod
1242 2307 1398 2335 faciendum
1427 2310 1613 2342 est;'postea
1638 2308 1788 2333 moventur
1813 2312 1925 2337 manus;

1111 2362 1115 2363 ν
1137 2354 1238 2382 deinde
1255 2357 1466 2382 consummatur
1482 2353 1555 2388 quod
1574 2358 1652 2380 mens
1669 2351 1859 2386 contemplata
1878 2354 1925 2382 est,

1136 2399 1250 2435 etquod
1262 2406 1312 2436 per
1323 2404 1429 2427 motum
1443 2404 1485 2427 est
1495 2399 1635 2427 effectum.
1647 2397 1693 2426 Hae
1705 2401 1798 2424 autem
1812 2396 1927 2431 eaet-gis

1131 2447 1232 2474 ‘eorum
1252 2451 1327 2478 sunt,
1345 2453 1407 2480 quae
1426 2445 1576 2480 composita
1595 2448 1623 2472 et
1642 2443 1767 2471 mortalia
1790 2446 1858 2470 sunt
1877 2450 1884 2468 :
1901 2445 1927 2468 et

1137 2492 1173 2520 ob
1185 2493 1257 2519 hanc
1270 2499 1378 2519 causam
1393 2499 1448 2519 non
1462 2498 1575 2518 necesse
1589 2495 1641 2521 est,
1654 2495 1684 2517 ut
1696 2488 1768 2524 quod
1785 2491 1925 2523 operatur.

295 2531 369 2558 cnint
393 2533 506 2568 energia
530 2534 671 2567 cernitur,
690 2535 772 2562 simul
798 2543 861 2562 cum
886 2536 938 2563 hac
961 2536 1086 2564 cernitur
1102 2541 1125 2568 ῐ)
1140 2545 1250 2572 semper
1263 2536 1335 2564 adsit
1350 2536 1376 2564 ei
1394 2536 1435 2565 rei
1452 2543 1533 2571 quam
1552 2539 1699 2570 operatur;
1717 2534 1782 2569 quia
1798 2532 1928 2568 prohibet

295 2576 451 2606 substantia
469 2587 503 2607 ex
520 2588 574 2615 qua
591 2581 685 2616 prodit
700 2590 708 2608 :
727 2585 876 2616 utrumque
892 2582 965 2609 enim
982 2587 1025 2610 est
1040 2583 1084 2610 in-

295 2623 550 2660 circumscriptum;
568 2626 749 2661 quamobrem
763 2627 879 2654 omnino
892 2632 958 2655 sunt
972 2628 1045 2656 inter
1056 2635 1085 2656 se

296 2668 491 2704 inseparabilia
509 2680 516 2698 :
534 2672 668 2708 praedicat
683 2672 795 2708 quidem
813 2673 939 2708 operatio
954 2673 1085 2701 substan-

297 2715 362 2742 tiam
380 2716 527 2751 latentem;
547 2719 673 2747 cernitur
688 2727 756 2747 vero
773 2720 922 2756 conjuncta
938 2727 1001 2748 cum
1018 2727 1085 2755 ope-

330 2776 353 2812 ’f
363 2777 445 2805 Prov.
457 2785 477 2810 t,
490 2778 534 2805 15.
572 2777 596 2794 ⁵⁸
608 2777 688 2806 Rom.
701 2786 720 2809 ι.
732 2778 778 2812 ΩΙ,
789 2778 833 2806 22.
871 2779 894 2794 ⁸·
907 2778 917 2806 l
931 2778 1003 2806 Tim.
1016 2785 1047 2811 tt,
1057 2778 1085 2806 4.

295 2810 316 2824 "
332 2811 400 2840 Gen.
413 2820 443 2844 ιι,
454 2812 483 2839 2.
518 2812 541 2828 "
553 2813 645 2841 Eccle.
659 2821 678 2845 ι,
696 2814 739 2842 10.

1138 2582 1236 2610 adesse
1261 2582 1400 2609 crassities
1423 2581 1566 2616 corporis,
1583 2584 1610 2608 et
1633 2587 1708 2607 mors
1729 2578 1891 2613 oper-antis,
1904 2580 1929 2603 et

1137 2628 1256 2657 cessatio
1273 2628 1454 2663 operationis,
1464 2632 1493 2655 et
1505 2627 1632 2654 fortassis
1644 2626 1727 2653 etiam
1742 2625 1878 2652 interitus
1895 2623 1930 2650 rei

1138 2675 1254 2703 etiectae.
1266 2674 1297 2702 In
1318 2674 1411 2702 divina
1431 2679 1523 2701 autem
1541 2677 1642 2701 natura
1661 2671 1730 2700 nihil
1748 2671 1854 2698 horum
1871 2676 1930 2704 qua

1139 2719 1214 2748 dicta
1226 2723 1301 2751 sunt.
1313 2719 1461 2755 prohibet;
1477 2718 1594 2754 simplex
1606 2717 1681 2746 enim
1694 2720 1747 2749 est,
1758 2715 1827 2750 quia
1842 2716 1931 2742 ineor-

1142 2778 1305 2811 "Rom.1v,
1323 2777 1367 2806 Π.
1393 2777 1588 2810 “Psal.um,
1608 2776 1633 2804 l.
1683 2775 1707 2791 "
1724 2773 1805 2802 Joan.
1837 2779 1865 2804 ν,
1889 2770 1929 2799 Π.

949 2858 1065 2888 vanu:
1084 2858 1286 2898 LECTtONES.

332 2904 342 2917 ‘
359 2903 470 2939 Smper
483 2910 615 2942 agentem,
631 2906 799 2943 ἀεικίνητον.
