1980 3188
111 216 183 249 1333

578 215 719 250 ORATIO
739 215 780 244 ΙΙ.
792 225 826 231 ·--
839 215 888 244 DE
906 215 1264 247 INCIRCUMSCBIPTO.

1667 211 1736 242 1334

113 269 211 298 porca;
230 264 258 289 et
276 268 283 288 :
302 259 381 288 Solus
397 261 474 288 habet
491 261 721 288 immortalitatem
732 260 771 293 ";
792 264 820 287 et
839 267 902 295 per-
919 263 941 290 Α
957 261 1057 289 ctionis
1072 266 1178 290 natura:
1201 261 1236 289 ab
1261 259 1371 296 energia
1388 260 1445 287 sive
1471 258 1648 294 operatione!
1662 258 1734 286 Nus—

114 313 204 343 petua:
217 306 338 342 euergiae
353 306 429 342 ejus;
446 312 474 334 et
486 306 560 342 quod
576 306 705 334 eﬂ'eetum
721 310 774 338 est,
790 313 904 332 conser-

115 359 194 381 vatur
213 362 219 379 :
240 353 346 381 idcirco
366 353 393 380 in
415 353 546 380 omnibus
565 353 648 380 rebus
668 353 824 381 necessario
843 359 904 379 cer-

114 401 192 426 nitur
213 398 367 425 substantia
389 398 542 432 operantis.
559 398 700 432 Siquidem
725 397 754 424 in
777 397 905 431 exemplo

115 444 270 478 superiore,
286 444 418 478 quamdiu
435 443 464 470 tit
477 444 503 471 id
518 444 544 471 in
561 452 615 478 quo
627 449 754 471 versatur
768 443 903 478 operatio,

115 491 210 518 taudiu
234 490 392 517 necessario
414 489 493 517 adest
515 494 613 517 natura
632 489 773 525 operantis
793 497 800 515 :
823 495 905 515 nemo

115 543 235 570 namque
253 536 355 562 absens
373 540 463 570 potest
480 535 584 570 aliquid
604 535 723 570 operari.
740 535 826 570 Igitur
841 533 904 568 quia

116 589 224 617 semper
247 582 339 609 omnia
362 582 434 609 Deus
456 586 602 617 operatur,
619 586 646 608 et
667 581 904 608 conservationem

118 627 241 654 universi
267 627 327 654 sine
354 627 508 654 cessatione
535 627 693 660 continuat,
722 634 836 653 necesse
863 629 905 652 est

118 672 205 700 Deum
226 681 286 700 esse
308 673 336 700 in
358 673 502 705 omnibus,
518 678 545 700 et
564 681 579 700 a
602 673 677 700 nulla
699 681 728 700 re
747 678 905 707 separatum

116 725 177 745 esse
198 728 204 745 :
231 719 334 753 alioqui
357 720 496 754 quomodo
513 719 547 747 de
570 720 636 751 Deo,
649 723 679 746 ut
704 719 790 746 Deum
814 718 903 751 decet,

116 764 222 790 Sentire
245 764 356 791 liceret?
378 765 426 792 fiet
447 765 532 796 enim,
548 769 578 791 ut
598 765 683 791 Deum
705 764 828 791 dicamus
845 771 905 791 esse

117 815 231 842 corpus,
247 809 320 843 quod
338 814 491 837 extremam
506 809 676 844 impietatem
694 813 806 843 superat
823 818 829 835 :
849 809 904 835 cir-

118 854 298 889 cumscriptio
311 855 386 882 enim
402 856 514 890 propria
528 859 570 882 est
582 857 742 890 corporum,
757 854 813 882 imo
829 861 905 881 crea-

119 904 254 927 turarum.

152 945 185 972 ν.
202 946 229 973 Si
244 954 310 981 ergo
322 947 471 982 ‘proprium
485 952 527 974 est
541 954 688 982 corporum
703 950 732 974 et
757 950 902 973 creatura-

118 998 180 1017 rum
197 992 391 1018 circumscribi
405 1000 412 1024 ;
427 991 583 1026 incorporei
602 996 630 1019 et
645 990 760 1018 increati
781 998 835 1017 non
849 989 903 1017 cir-

118 1036 268 1063 cumscribi
283 1045 290 1063 :
306 1037 353 1072 qui
364 1037 432 1064 dicit
443 1045 506 1065 eum
525 1037 573 1072 qui
587 1042 686 1064 natura
700 1041 742 1063 est
755 1035 904 1063 incircum-

117 1081 238 1116 scriptus
248 1089 303 1108 non
315 1089 376 1110 esse
389 1082 416 1110 in
431 1083 523 1117 aliqua
540 1090 579 1114 re,
594 1082 618 1110 is
634 1082 902 1116 incircumscriptum

117 1125 343 1156 circumscribit:
357 1127 462 1154 etenim
476 1127 499 1154 si
521 1127 555 1154 ab
576 1134 631 1154 uno
647 1127 716 1158 solo,
735 1126 802 1154 licet
819 1126 903 1153 mini-

119 1177 174 1201 mo,
189 1175 326 1203 arceatur,
337 1172 435 1198 modus
458 1171 725 1206 circumscriptionis
748 1171 903 1206 estzsiqui—

117 1215 181 1243 dem
194 1216 234 1246 ,ab
258 1217 345 1244 altero
373 1217 516 1245 terminari
544 1218 741 1250 substantiam,
764 1217 903 1245 terminati

117 1263 357 1298 circumscriptam
384 1272 445 1292 esse
476 1265 664 1297 demonstrat,
695 1269 725 1292 ut
755 1271 816 1300 quae
846 1272 904 1292 non

117 1309 206 1343 possit
229 1310 459 1338 circumscribere
481 1311 555 1346 quod
572 1311 658 1346 ipsam
676 1311 815 1341 terminat.
830 1311 904 1345 Quo-

119 1354 203 1381 modo
219 1355 303 1390 igitur
321 1363 418 1382 verum
435 1356 497 1388 erit,
516 1356 589 1391 quod
601 1356 640 1383 ait
658 1353 799 1391 Scriptura
817 1365 824 1383 :
841 1356 904 1392 Spi-

117 1399 185 1425 ritu:
199 1399 303 1427 Domini
325 1401 432 1435 replevit
444 1401 531 1428 orbem
544 1406 678 1429 terrarum
690 1402 712 1418 ”
723 1402 735 1428 Υ
746 1400 814 1429 Cum
829 1402 903 1430 enim

117 1445 190 1472 Deus
200 1447 235 1472 sit
245 1446 407 1479 substantia.
415 1448 505 1474 omnia
513 1454 574 1482 qua:
586 1451 662 1479 sunt.
673 1447 765 1474 divina
774 1448 905 1476 substan-

117 1489 155 1517 tia
173 1490 314 1525 implevit;
331 1491 397 1518 etin
419 1492 547 1519 omnibus
560 1495 602 1519 est
628 1492 741 1524 virtute,
759 1499 816 1518 non
834 1492 904 1519 assi4

117 1536 231 1563 milatus
246 1537 311 1577 moli
332 1536 470 1571 corporis,
499 1536 548 1564 sed
569 1537 662 1564 divina
677 1537 839 1564 universum
856 1544 904 1564 co-

954 315 1036 342 quam
1050 317 1057 335 ε
1071 317 1122 344 per
1145 308 1238 336 omnia
1261 308 1335 335 enim
1346 310 1424 334 meat
1442 306 1524 338 Deus,
1544 306 1673 333 universa
1686 305 1735 332 itn-

954 351 1031 386 plens
1045 347 1226 388 amplitudine
1240 357 1355 384 naturai,
1375 355 1404 379 et
1416 350 1559 386 potestatis
1570 357 1626 377 sua:
1644 350 1729 377 abun-

954 396 1057 424 dantia.
1604 428 1609 431 _

990 443 1046 470 Vll.
1059 443 1112 471 Sed
1135 447 1200 471 sunt
1215 443 1339 478 quidam,
1354 442 1400 478 qui
1423 441 1611 469 infirmitatem
1632 447 1735 469 natura:

954 496 1009 516 sum
1026 489 1054 515 in
1078 489 1163 516 Deum
1188 489 1365 521 transferunt,
1381 488 1453 516 circa
1469 488 1584 515 maxima
1610 487 1685 523 parci
1708 492 1736 515 et

954 533 1086 561 restricti.
1099 535 1132 566 At
1157 535 1203 569 qui
1230 535 1387 562 existimant
1413 534 1512 561 melius
1530 541 1590 560 esse
1606 533 1736 560 cohibere

954 585 1079 607 naturam
1096 580 1216 606 divinam
1237 588 1251 607 a
1263 580 1390 610 materia,
1401 588 1481 614 quam
1501 579 1631 606 arbitrari
1648 579 1738 613 porri-

954 625 979 659 gi
995 632 1053 651 eam
1068 628 1095 651 et
1118 624 1245 659 protendi
1274 632 1361 658 usque
1390 624 1423 650 ad
1447 624 1618 655 universum,
1634 623 1736 658 quique

954 674 1052 706 putant
1074 670 1185 705 penitus
1204 670 1280 697 nefas
1303 673 1330 696 et
1345 670 1460 704 impium
1474 677 1546 700 esse,
1561 669 1654 696 subire
1674 677 1736 695 cor-

954 724 1021 751 pora
1044 716 1183 749 indecora,
1200 715 1309 742 sordida
1327 719 1355 742 et
1378 715 1478 746 fetida,
1503 715 1545 741 vel
1566 714 1671 741 animas
1688 714 1738 740 im-

954 761 1023 797 pias,
1038 766 1066 789 et
1084 761 1136 788 alia
1158 761 1281 796 qumdam
1302 761 1427 793 minima,
1458 760 1611 795 intelligere
1635 759 1737 787 debent

955 807 989 835 de
1004 808 1071 840 Deo,
1085 815 1145 835 esse
1163 812 1289 835 naturam
1304 815 1367 842 qua:
1383 807 1512 834 omnibus
1529 805 1735 840 anteeellit,qui

955 853 1079 888 profecto
1109 852 1226 880 humilia
1239 852 1273 879 de
1297 853 1354 880 Deo
1372 852 1505 884 sentiuut,
1516 856 1544 879 et
1558 859 1618 886 quae
1637 852 1739 886 magni-

956 899 1051 926 tudine
1067 899 1127 934 ejus
1147 906 1207 933 qute
1220 898 1317 932 attingi
1334 905 1388 924 non
1402 902 1493 932 potest
1507 917 1514 929 ,
1532 897 1644 932 indigna
1662 901 1736 924 sunt.

919 927 940 954 Β
955 945 1091 972 Fortassis
1106 948 1198 972 autem
1213 944 1260 978 qui
1278 944 1318 971 sic
1332 943 1436 970 sentire
1448 943 1474 970 in
1489 943 1611 970 animum
1623 943 1739 971 induxe—

956 995 1030 1021 runt.
1050 991 1177 1025 ignorant
1198 990 1375 1024 operationes
1400 989 1460 1024 ejus
1486 997 1546 1024 qua:
1571 989 1598 1016 in
1624 990 1737 1016 univer-

953 1043 1013 1063 sum
1038 1035 1192 1070 pervadunt
1215 1043 1222 1060 ε
1251 1035 1325 1062 nulla
1350 1035 1424 1061 enim
1448 1035 1585 1070 particula
1617 1035 1738 1061 materiae

952 1085 1004 1113 est,
1019 1088 1080 1115 quae
1094 1088 1149 1107 non
1163 1080 1199 1107 sit
1213 1087 1282 1114 opus
1296 1079 1342 1107 Dei
1359 1089 1366 1106 :
1381 1088 1470 1115 neque
1486 1080 1635 1115 quidquam
1652 1075 1739 1108 sordi-

952 1126 1017 1154 dum
1039 1127 1082 1153 vel
1095 1126 1266 1153 immundum
1284 1126 1361 1153 ducit
1375 1126 1447 1154 Deus
1466 1131 1649 1161 praeterquam
1665 1127 1738 1162 cogi-

943 1173 1082 1204 ,tationes,
1093 1173 1236 1199 voluntate
1247 1176 1341 1199 nostra
1358 1173 1384 1199 in
1402 1172 1493 1199 anima
1512 1173 1654 1200 conﬂatas.
1666 1172 1737 1205 Quid

952 1226 1018 1254 ergo
1034 1226 1068 1245 ex
1088 1218 1219 1246 omnibus
1247 1217 1330 1244 rebus
1351 1218 1519 1253 excogitabit
1537 1218 1649 1253 aliquis,
1663 1218 1737 1253 quod

952 1272 1008 1292 non
1020 1264 1117 1292 fecerit
1130 1264 1202 1291 Deus
1215 1263 1227 1291 ?
1239 1263 1381 1297 Quodnam
1395 1271 1505 1298 corpus,
1523 1264 1674 1298 quamlibet
1688 1264 1739 1290 im-

952 1309 1085 1336 mundum
1097 1309 1142 1341 sit,
1150 1316 1204 1336 non
1220 1316 1283 1343 pars
1292 1311 1333 1336 est
1347 1308 1466 1335 materia
1478 1307 1607 1343 subjecta
1617 1308 1740 1343 corpori-

952 1354 1141 1390 bus,tlgurat:e
1153 1357 1181 1381 et
1194 1354 1315 1381 formatis
1327 1352 1530 1388 aaqualitatibns
1541 1361 1602 1388 quae
1616 1353 1641 1381 ei
1655 1354 1738 1381 adve—

952 1400 1057 1427 niunt?
1072 1399 1177 1427 Debilia
1192 1406 1257 1434 ergo
1274 1399 1330 1431 isti,
1348 1403 1376 1426 et
1391 1406 1451 1434 quae
1464 1398 1643 1426 fundamento
1659 1398 1739 1433 peni-

953 1448 998 1472 tus
1011 1448 1124 1476 carent,
1140 1444 1284 1480 cogitant;
1301 1445 1367 1480 quia
1381 1444 1450 1471 nihil
1464 1448 1656 1471 creaturarum
1674 1451 1739 1471 sua—

953 1497 1014 1517 rum
1037 1490 1112 1517 Deus
1135 1490 1235 1526 rejicit,
1253 1498 1305 1518 nec
1322 1489 1473 1525 quidquam
1495 1498 1588 1517 rerum
1613 1490 1740 1525 putidum

953 1536 1093 1564 existimat
1105 1545 1113 1570 ;
1129 1537 1177 1564 sed
1193 1544 1244 1564 nec
1257 1537 1291 1564 ad
1305 1544 1356 1564 nos
1371 1536 1506 1565 accedens
1518 1541 1639 1564 nostram
1653 1537 1744 1571 parti—

116 1586 279 1616 agmentans
303 1587 333 1610 et
360 1583 527 1610 continens:
546 1582 624 1615 nihil,
633 1582 708 1610 enim
728 1589 825 1610 eorum
841 1589 902 1617 quae
914 1588 938 1619 ο
953 1582 1026 1617 eipat
1039 1582 1203 1616 nequitiam,
1217 1589 1278 1617 quae
1300 1582 1357 1609 sola
1373 1587 1415 1609 est
1439 1589 1535 1609 revera
1551 1581 1738 1613 inmunditia,

117 1632 194 1659 sunt,
211 1635 273 1654 esse
297 1631 398 1662 potest,
421 1627 487 1663 quin
521 1628 668 1663 participet
693 1627 719 1655 id
744 1627 819 1662 quod
836 1631 900 1656 est:

115 1672 195 1699 solus
217 1676 310 1699 autem
326 1673 399 1700 Deus
416 1673 528 1708 proprie
541 1677 594 1706 est,
610 1672 658 1708 qui
671 1679 781 1708 semper
797 1677 840 1700 est
853 1680 903 1700 eo—

117 1718 181 1746 dem
208 1719 290 1746 modo
312 1723 341 1746 et
368 1723 578 1754 tenore,neque
602 1724 743 1752 mutatur;
761 1725 790 1748 et
801 1719 903 1754 siquid

117 1764 222 1792 dicitur
246 1773 318 1797 esse,
334 1773 389 1792 non
411 1765 549 1800 praecipue
572 1772 634 1793 esse
653 1765 767 1798 dicitur,
780 1765 828 1793 sed
842 1772 902 1793 esse

116 1809 329 1844 participatione
344 1811 415 1845 ejus,
428 1810 475 1845 qui
490 1809 603 1845 proprie
622 1814 649 1837 et
665 1810 784 1845 primum
800 1813 843 1837 est
853 1829 861 1841 .
875 1815 904 1837 et

117 1854 236 1882 fortasse
263 1855 351 1882 solum
375 1860 438 1888 est;
461 1856 500 1883 ait
521 1856 597 1883 enim
620 1856 765 1891 Scriptura
782 1864 789 1883 :
806 1855 902 1891 Diligis

116 1901 219 1932 omnia,
231 1909 290 1936 quis
305 1905 366 1928 sunt
380 1902 399 1928 ‘.
413 1901 441 1929 Si
459 1906 551 1929 autem
575 1909 636 1937 qua
652 1907 734 1934 sunt,
750 1903 813 1930 ideo
827 1907 901 1939 sunt,

114 1946 182 1980 quia
196 1946 223 1973 id
236 1947 310 1981 quod
330 1951 372 1974 est
387 1947 570 1982 participant;
588 1948 753 1982 participant
768 1953 859 1976 autem
872 1948 902 1975 id

115 1990 191 2024 quod
220 1995 270 2021 est,
296 1991 402 2018 scilicet
426 1991 578 2019 secundum
606 1993 797 2027 operationem
821 1994 902 2029 ejus;

115 2033 241 2067 operatio
250 2041 319 2062 vero
334 2035 458 2070 sejunete
472 2044 487 2063 a
502 2035 655 2064 substantia
667 2045 723 2064 non
734 2038 809 2071 exit,
819 2042 848 2066 et
859 2043 904 2067 est

117 2079 146 2104 in
164 2079 293 2107 omnibus
307 2089 314 2107 :
331 2081 485 2108 substantia
500 2082 584 2117 igitur
600 2082 628 2110 in
645 2083 775 2111 omnibus
793 2089 855 2116 est,
872 2088 903 2111 ut

115 2125 156 2152 sit
179 2125 336 2160 Propheta:
351 2125 450 2154 Catum
475 2132 500 2154 et
527 2132 628 2155 terram
648 2136 694 2164 ego
714 2129 821 2165 impleo,
839 2130 903 2158 dicit

116 2169 246 2196 Dominus
260 2171 270 2186 ¹
285 2178 292 2202 ;
306 2170 403 2205 implet
418 2175 510 2198 autem
530 2179 591 2206 qua:
607 2177 673 2200 sunt
692 2180 775 2208 supra
789 2181 821 2201 ea
840 2182 903 2209 qua

110 2220 182 2242 sunt
195 2224 202 2242 :
216 2220 244 2243 et
257 2216 325 2243 nihil
339 2221 382 2245 est
393 2225 521 2249 vacuum,
537 2225 592 2246 non
607 2215 745 2254 particeps
760 2221 834 2256 ejus.-
845 2221 901 2250 Nec

114 2260 190 2288 enim
218 2261 374 2289 existimem
411 2262 475 2297 quis
500 2262 584 2292 debet
598 2272 627 2292 se
644 2265 731 2294 Deum
751 2265 900 2300 honorare,

113 2307 195 2340 quasi
223 2307 257 2334 ad
275 2308 364 2336 malos
388 2316 444 2336 non
461 2309 620 2344 descendat,
638 2315 686 2339 aut
699 2311 734 2339 ad
753 2313 832 2346 alios,
847 2313 901 2341 alio

114 2351 200 2379 modo
214 2353 360 2387 praesentia
367 2353 430 2389 ejus
441 2354 586 2391 indignos;
599 2364 634 2384 ne
645 2364 754 2385 summo
765 2358 901 2387 dedecore

112 2403 144 2426 et
155 2398 305 2433 ignominia
318 2406 381 2426 eum
398 2398 508 2432 adiciat,
525 2401 650 2429 tribuens
661 2402 687 2430 ei
701 2404 900 2438 proprietatem

113 2449 273 2476 corporum,
289 2442 315 2470 id
326 2447 378 2475 est,
396 2443 680 2480 circumscriptionem
693 2452 721 2475 et
740 2449 898 2483 terminum,

113 2495 246 2522 separaris
262 2489 369 2517 scilicet
389 2491 578 2525 operationem
594 2500 609 2519 a
630 2493 785 2522 substantia
804 2503 811 2523 :
826 2498 901 2531 quod

113 2533 227 2568 quidem
243 2534 271 2562 in
286 2535 342 2562 Deo
351 2536 466 2572 intelligi
477 2545 531 2565 non
550 2543 649 2573 potest.

151 2579 195 2607 Vl.
208 2579 278 2608 Ante
290 2581 343 2608 hoc
357 2582 469 2616 quidem
485 2591 548 2610 cum
567 2585 705 2620 Propheta
721 2587 825 2620 sciret,
844 2589 901 2616 aie—

113 2626 161 2653 bat
175 2635 183 2652 :
198 2625 256 2658 Quo
270 2635 286 2653 a
298 2628 393 2662 spiritu
419 2633 464 2656 tuo
487 2629 530 2656 ibo
543 2630 558 2657 1
571 2638 626 2658 non
648 2631 727 2663 dixit,
743 2633 778 2660 ab
799 2640 899 2668 opera-

112 2671 188 2698 tione
203 2675 248 2698 tua
263 2679 270 2698 :
287 2671 320 2698 Et
334 2681 350 2699 ιι
365 2672 431 2707 facie
439 2677 496 2706 tua,
514 2682 564 2709 quo
577 2674 677 2709 fugiam
690 2675 702 2702 .9
715 2675 744 2702 Si
754 2677 896 2704 ascendere

109 2717 138 2742 in
154 2716 263 2749 calum,
275 2720 304 2743 tu
318 2717 373 2744 illic
395 2727 421 2745 α
431 2739 438 2750 ,
452 2727 507 2746 non
536 2719 625 2747 solum
651 2721 777 2755 operatio
791 2726 836 2748 tua
851 2730 857 2754 ;
873 2723 896 2749 si

109 2763 268 2790 descendere
283 2763 318 2790 ad
331 2764 475 2798 infernum,
489 2764 589 2798 ades';
608 2770 637 2793 et
652 2773 712 2800 qua:
730 2772 896 2801 sequuntur.

109 2806 163 2835 Ubi
190 2807 273 2844 igitur
293 2808 436 2844 Scriptura
449 2809 680 2845 significationem
698 2811 774 2839 dedit
788 2812 895 2849 disjun-

148 2893 190 2924 "‘i
205 2896 275 2925 Tim.
287 2907 322 2932 vi,
339 2899 379 2926 16.
417 2901 438 2916 ”
454 2899 516 2936 Sap.
537 2908 555 2933 ι,
572 2901 599 2928 7.
639 2900 723 2936 lSap.
741 2909 777 2935 xv,
791 2902 837 2929 25.

953 1634 1014 1662 quin
1034 1634 1087 1654 nec
1114 1631 1168 1658 est,
1184 1627 1237 1655 nisi
1255 1635 1317 1654 cum
1343 1627 1434 1662 agitur
1451 1631 1568 1654 tantum.
1585 1626 1654 1660 Quis
1673 1633 1740 1662 ergo

954 1678 1008 1701 tam
1033 1674 1133 1708 puerili
1158 1681 1251 1705 sensu.
1269 1678 1295 1701 et
1318 1677 1373 1701 tam
1398 1681 1482 1709 parvo
1505 1673 1609 1708 judicio
1630 1678 1689 1707 est,
1709 1678 1740 1701 ut

952 1724 1068 1754 propter
1082 1719 1230 1754 quaiitates
1241 1720 1363 1747 vicissim
1375 1719 1557 1747 advenientes
1567 1723 1595 1746 et
1609 1719 1740 1747 receden-

953 1769 1004 1797 tes,
1019 1765 1107 1793 Deum
1134 1766 1364 1794 circumscribat:
1381 1765 1463 1801 idque
1485 1773 1520 1793 ne
1542 1765 1672 1801 patiatur,
1692 1766 1739 1801 qui

952 1811 1008 1846 pati
1027 1817 1081 1837 non
1097 1815 1188 1845 potest
1199 1811 1211 1838 ’ἒ

988 1856 1055 1883 Vill.
1072 1856 1181 1883 Etenim
1197 1856 1220 1884 si
1247 1857 1288 1884 sol
1307 1856 1411 1892 alioqui
1429 1863 1595 1891 corporeus,
1610 1855 1740 1883 omnibus

952 1902 1114 1936 corporibus
1131 1907 1181 1937 per
1198 1903 1291 1930 radios
1314 1910 1379 1930 suos
1400 1902 1642 1937 appropinquans,
1656 1901 1740 1929 nullis

952 1951 1043 1974 tamen
1070 1947 1199 1975 sordibus
1221 1955 1251 1975 se
1264 1948 1401 1983 inquinat.
1415 1955 1506 1982 neque
1522 1947 1638 1975 fetorem
1653 1949 1736 1983 capit,

952 1992 1079 2027 quamvis
1096 1992 1123 2020 in
1137 1992 1260 2020 infinitas
1279 2001 1323 2020 res
1345 1993 1432 2021 foedas
1449 1993 1542 2020 radios
1557 1993 1641 2028 iaciat
1656 2001 1663 2026 ;
1683 1993 1738 2020 imo

950 2046 1018 2065 vero
1032 2043 1143 2070 contra,
1158 2038 1294 2074 ejusmodi
1309 2038 1458 2074 qualitates
1481 2038 1508 2065 in
1527 2039 1626 2066 melius
1641 2042 1739 2074 suapte

952 2088 1050 2111 natura
1072 2088 1160 2111 mutat
1175 2093 1184 2111 τ
1202 2089 1306 2120 quanto
1330 2085 1416 2120 magis
1432 2085 1514 2118 Deus,
1527 2085 1574 2120 qui
1591 2089 1633 2112 est
1653 2093 1737 2119 supra

954 2131 1052 2162 solem,
1071 2130 1145 2157 bona
1174 2137 1223 2158 sua
1254 2130 1482 2164 communicabit,
1495 2134 1523 2158 et
1546 2131 1604 2166 ipse
1630 2131 1737 2158 nullum

952 2175 1148 2211 participabiti
1160 2176 1216 2204 Nec
1237 2176 1311 2204 enim
1331 2176 1396 2204 licet
1408 2177 1450 2204 sol
1467 2181 1609 2211 putrorem
1623 2177 1737 2212 partici-

952 2225 1052 2256 paret,
1068 2221 1227 2249 necessario
1247 2222 1330 2249 etiam
1352 2221 1425 2249 Deus
1446 2222 1624 2257 participaret
1641 2232 1647 2249 :
1664 2222 1738 2257 quod

918 2257 938 2286 θ
952 2266 975 2294 si
986 2273 1075 2301 neque
1084 2266 1125 2294 sol
1141 2266 1298 2302 participat,
1311 2274 1374 2295 cum
1399 2267 1436 2295 sit
1456 2267 1560 2302 alioqui
1578 2267 1716 2302 passibilis
1729 2289 1737 2299 ,

953 2311 1025 2339 sicut
1044 2312 1150 2347 reliqua
1163 2319 1278 2347 corpora
1293 2319 1302 2340 :
1319 2312 1457 2348 quomodo
1473 2313 1546 2341 Deus
1562 2313 1739 2348 impassibilis

953 2357 1158 2393 participaverit
1169 2359 1182 2385 τ

989 2404 1035 2432 IX.
1048 2404 1194 2436 (laterum.
1212 2406 1277 2440 quia
1299 2407 1490 2441 operationem
1505 2407 1583 2435 aiunt
1603 2407 1630 2434 in
1648 2406 1740 2434 omni-

953 2450 1005 2478 bus
1027 2458 1108 2482 esse;
1122 2451 1193 2478 hanc
1215 2451 1290 2479 enim
1308 2452 1405 2480 volunt
1425 2461 1479 2480 non
1509 2452 1739 2480 circumscribere

950 2503 1040 2531 neque
1057 2496 1206 2524 terminare
1217 2517 1224 2528 ,
1240 2497 1427 2532 interrogandi
1446 2501 1528 2530 sunt,
1542 2497 1681 2535 quomodo
1703 2496 1738 2524 de

948 2549 980 2569 ea
996 2541 1187 2569 sentiantzan
1213 2541 1311 2570 dicunt
1338 2543 1505 2578 participare
1528 2550 1589 2570 eam
1611 2547 1739 2571 terrenas

949 2587 1055 2619 sordes,
1069 2595 1133 2614 cum
1162 2587 1195 2615 ad
1223 2596 1270 2616 eas
1298 2589 1424 2617 accedit?
1437 2598 1472 2617 an
1493 2597 1547 2617 non
1561 2590 1573 2616 ?
1586 2589 1614 2617 Si
1640 2597 1736 2617 verum

947 2632 1117 2665 fatebuntur,
1144 2634 1321 2668 perspicuum
1345 2639 1408 2668 est,
1422 2635 1479 2663 ﬁeri
1499 2643 1592 2670 posse,
1605 2640 1635 2662 ut
1663 2635 1738 2670 quod

948 2678 1166 2713 appropinquat,
1179 2686 1235 2706 non
1249 2680 1397 2715 participat
1411 2681 1548 2708 malitiam
1561 2688 1658 2708 eorum
1672 2678 1737 2715 qui-

949 2723 1002 2751 bns
1027 2724 1249 2759 appropinquat:
1268 2725 1312 2752 sin
1338 2734 1404 2753 vero
1431 2727 1537 2759 dicent,
1560 2727 1736 2762 participare,

949 2769 1021 2796 idem
1061 2770 1212 2797 absurdum
1248 2771 1357 2799 eveniet
1392 2773 1434 2799 eis
1467 2773 1515 2807 qui
1550 2773 1604 2800 hoc
1629 2772 1736 2804 dicunt.

949 2815 1024 2850 quod
1046 2820 1077 2843 ut
1099 2815 1237 2851 fugerent,
1253 2817 1339 2844 Deum
1364 2818 1629 2846 circumscribebant
1642 2827 1654 2845 :,
1668 2825 1736 2846 con-

875 2903 884 2918 ‘
901 2903 1001 2932 Jercm.
1019 2913 1094 2938 mu,
1113 2906 1158 2933 ﬁt.
1198 2906 1288 2933 ’l’sal.
1311 2915 1440 2939 θυεμ-ιιι,
1458 2907 1484 2938 ἴ,
1497 2908 1522 2934 8.
