1980 3188
285 205 353 238 1325

847 212 877 241 S.
899 211 1097 241 ANASTASII
1115 211 1352 243 ANTIOCIIENI

1839 208 1912 241 1336

285 259 396 291 trahant
428 264 511 299 igitur
543 259 626 293 etiam
663 266 835 301 operatione,
858 271 887 293 ut
912 267 1071 293 universum
1086 267 1109 296 Α
1123 268 1234 294 veritate
1246 267 1267 299 ⁸,
1281 271 1309 294 et
1319 267 1406 294 Deum
1419 267 1504 294 Deum
1519 274 1580 294 esse
1597 266 1727 298 scientes.
1742 271 1798 292 non
1809 264 1914 292 deﬂexi

284 307 447 335 dissolvant.
462 309 540 342 Quod
561 310 583 337 si
603 310 668 338 dum
689 311 742 338 hoc
758 311 907 338 absurdum
932 310 1070 343 metuunt,

285 353 364 388 quasi
378 361 426 381 eos
452 356 596 383 sententia:
611 357 744 391 pceniteat
757 378 763 390 ,
774 357 881 384 divinas
897 357 1072 392 operationes

287 400 355 426 nihil
370 400 431 428 ltedi
442 401 544 434 dicant,
564 406 614 429 cur
627 409 681 429 non
697 403 769 430 idem
783 403 816 430 de
835 403 987 430 substantia
1001 403 1072 430 aiiir-

286 446 384 472 ntant?
404 446 432 474 Si
447 452 538 475 autem
554 449 743 483 operationem
768 449 830 476 ideo
846 450 942 477 dicunt
957 450 1072 477 liberam

286 499 347 519 esse
369 500 384 519 a
404 494 626 529 participatione,
644 496 717 531 quod
746 497 782 524 sit
807 497 922 530 facultas
948 496 1072 531 quaedam

288 537 474 573 incorporea;
497 540 561 568 inde
583 541 648 568 licet
670 550 798 577 arguere,
813 542 906 570 dicere
929 538 993 573 eos,
1006 542 1072 570 sub-

286 584 415 611 stantiam
434 585 480 613 Dei
498 594 553 613 non
567 595 627 614 esse
643 587 843 623 incorporeum,
859 593 886 616 et
900 589 950 616 hac
967 589 1072 616 ratione

287 637 347 656 eam
366 630 594 660 circumscribere
607 653 615 665 ,
633 634 711 668 quasi
730 639 855 662 naturam
876 635 1008 670 corporis.
1026 635 1074 662 Est

288 680 380 707 autem
392 677 472 712 plane
486 679 630 707 manifesta
642 681 761 708 amentia
776 681 816 708 sic
827 682 929 708 sentire
940 686 967 708 et
978 681 1053 716 loqui
1066 690 1072 707 :

289 722 425 756 siquidem
446 722 563 759 Spiritus
587 729 624 752 est
650 726 719 753 Deus
734 726 763 758 ’⁸;
779 726 960 761 quamobrem
991 726 1074 760 spiri-

289 768 380 797 taliter
393 777 456 797 eum
478 770 665 806 gloriﬂcemus
678 772 751 799 omni
766 776 896 807 corporea
910 772 1075 807 cogitatione

288 814 447 850 longissime
476 818 597 852 repulsa,
628 819 774 846 adorantes
807 827 869 846 eum
890 819 916 845 in
943 820 1038 854 spiritu
1052 823 1076 846 et

324 885 334 899 ⁸
345 883 424 912 Joan.
442 893 477 917 Iv,
491 886 535 911 24.
575 886 585 901 ⁵
599 885 670 912 Ibid.

1122 321 1138 340 a
1155 313 1198 339 via
1225 317 1298 340 recta
1327 320 1408 348 quam
1435 313 1463 340 in
1486 312 1660 348 dogmatibus
1676 311 1812 338 triverunt
1824 310 1915 345 pedes

1122 359 1235 386 Patrum
1250 363 1406 386 nostrorum
1424 363 1631 386 mansuetorum
1647 362 1675 385 et
1687 356 1847 389 humilium,
1865 356 1916 390 qui

1125 409 1199 432 recte
1228 409 1380 432 tractarunt
1407 405 1521 432 verbum
1550 405 1692 436 veritatis,
1728 411 1811 438 super
1841 410 1917 437 quos

1125 452 1232 486 aspexit
1244 452 1377 479 Dominus
1393 456 1506 487 propter
1517 455 1624 478 rectum
1641 458 1689 478 cor
1704 457 1800 477 eorum
1816 458 1824 475 :
1841 451 1917 483 Quos

1125 500 1177 535 ipsi
1194 499 1322 531 insecuti,
1336 499 1501 526 sententiam
1521 505 1618 533 puram
1634 501 1661 524 et
1685 496 1807 531 undique
1830 495 1916 521 lima-

1126 550 1182 573 tam
1224 545 1411 580 exposuimus,
1440 545 1510 571 nihil
1535 543 1677 579 proprium
1706 546 1916 577 expromentes,

1127 591 1173 619 sed
1198 592 1290 632 potius
1313 595 1473 619 sanctorum
1493 590 1578 617 verba
1596 594 1725 624 tanquam
1737 588 1822 615 flores
1837 587 1917 615 colli-

1123 641 1229 673 gentes,
1259 636 1316 662 hac
1342 644 1416 662 nunc
1447 640 1576 669 tanquam
1601 634 1679 662 favos
1703 633 1832 660 ﬁnximus
1847 653 1855 664 ,
1873 632 1916 659 usi

1123 682 1259 718 adjutrice
1270 681 1313 708 vel
1329 680 1421 716 potius
1435 688 1518 707 causa
1530 684 1558 706 et
1567 680 1703 714 principio
1716 678 1840 713 sapiente
1852 684 1915 711 ape.

1124 729 1204 764 cujus
1227 728 1337 755 labores
1362 734 1441 762 reges
1457 729 1485 754 et
1503 725 1604 761 privati
1618 725 1651 753 ad
1667 725 1813 753 sanitatem
1835 723 1918 750 adhi-

1123 775 1200 803 bent.

299 972 1907 985 -——‘—————————————————_

1075 1042 1133 1072 III.

602 1113 658 1143 .DE
680 1113 822 1143 DIVINA
840 1111 1089 1148 OECONOMIA,
1106 1111 1148 1141 ΙΙ)
1171 1110 1235 1141 ES'I
1262 1091 1579 1141 INCARNATIONE.

324 1243 346 1272 I.
361 1243 475 1280 Oportet
501 1244 657 1280 sapientem
682 1245 832 1275 Salvatoris
857 1248 944 1275 nostri
961 1255 1073 1277 mcono-
1091 1253 1112 1281 Β
1124 1250 1231 1285 iussum
1247 1250 1255 1268 ι
1275 1253 1354 1281 erat;
1372 1248 1489 1276 alterum
1508 1248 1583 1275 enim
1598 1247 1658 1287 sine
1679 1247 1768 1274 altero
1786 1253 1844 1274 non
1856 1250 1916 1274 erat

281 1290 370 1318 ‘miam
394 1298 445 1326 pro
461 1291 597 1318 tenuitate
611 1295 712 1319 nostra
736 1292 926 1327 intelligentiae
948 1294 1072 1327 laudare,

287 1343 344 1363 non
364 1343 415 1370 pro
441 1335 576 1371 dignitate
600 1336 800 1371 magnitudinis
824 1337 917 1365 Verbi.
931 1338 992 1366 Non
1022 1339 1074 1366 hoc

287 1380 439 1416 polliceor;
456 1389 628 1416 nequaquam
643 1391 650 1409 :
666 1390 722 1410 non
753 1383 826 1410 enim
843 1389 933 1419 potest
954 1385 1074 1412 humana

287 1434 376 1459 mens,
391 1428 517 1462 quamvis
535 1429 731 1464 purgatissima
751 1429 805 1462 sit,
823 1435 925 1457 tantam
942 1432 1074 1466 amplitu-

290 1474 381 1501 dinem
406 1474 562 1509 complecti,
583 1475 631 1503 sed
648 1479 678 1502 ut
701 1475 818 1503 infirma:
842 1481 870 1504 et
891 1485 981 1511 parvae
1000 1477 1074 1505 vires

287 1524 389 1547 nostrae
413 1519 506 1548 ferunt
518 1541 525 1553 ,
541 1521 575 1548 de
588 1521 641 1548 hac
654 1529 684 1548 re
696 1521 873 1549 disseremus.
888 1522 1073 1556 Quamobrem

288 1564 323 1592 ab
344 1565 377 1592 iis
395 1565 442 1600 qui
464 1565 498 1593 ad
525 1565 672 1601 legendum
694 1567 873 1598 accesserint,
889 1567 1020 1602 petimus,
1040 1575 1075 1595 ne

288 1616 350 1636 cum
366 1616 448 1637 sensu
466 1609 563 1637 humili
578 1618 674 1638 eorum
690 1618 751 1646 qum
767 1619 783 1638 a
810 1611 892 1639 nobis
903 1612 1073 1644 scribuntur,

286 1655 371 1684 simul
394 1655 470 1683 humi
499 1661 614 1691 repant,
630 1657 678 1684 sed
694 1657 787 1692 potius
804 1665 867 1685 cum
892 1658 1076 1692 amplitudine

288 1708 381 1727 rerum
406 1700 434 1727 in
459 1701 547 1728 altum
571 1702 721 1729 tollantur:
742 1702 794 1730 etsi
817 1703 891 1730 enim
912 1703 1002 1730 oratio
1021 1711 1076 1730 una

288 1753 351 1773 cum
374 1746 562 1774 instrumento
586 1754 637 1775 suo
664 1747 773 1775 infirma
794 1752 848 1780 est,
867 1753 960 1776 manet
983 1753 1075 1776 tamen

288 1792 403 1819 materia
416 1792 576 1820 detrimenti
591 1800 709 1828 expers:
727 1801 788 1828 quae
805 1793 858 1820 hoc
883 1794 944 1828 ipso
963 1794 1075 1830 grandi-

289 1842 373 1878 tatem
394 1838 584 1870 demonstrat,
607 1838 681 1873 quod
700 1846 810 1866 omnem
822 1847 978 1867 sermonem
993 1848 1077 1875 supe-

288 1887 352 1911 rat:
372 1892 426 1913 non
457 1884 531 1912 enim
561 1885 685 1912 universi
706 1884 829 1918 fabrica,
855 1885 956 1913 ccelum
986 1886 1076 1914 Verbo

288 1929 445 1959 confectum
471 1935 498 1958 et
516 1930 658 1958 sideribus
680 1933 808 1958 ornatum
821 1950 828 1963 ,
844 1935 872 1958 et
899 1936 971 1963 terra
993 1938 1077 1966 super

289 1971 407 2003 nihilum
423 1975 547 2009 fundata,
564 1980 593 2003 et
614 1975 689 2003 omni
705 1975 806 2012 genere
819 1976 948 2004 arborum
963 1976 1077 2011 pulchre

288 2021 565 2056 consita,»omnique
603 2021 698 2057 generi
729 2021 911 2049 animantium
946 2021 1077 2048 alimenta

289 2067 389 2095 idonea
423 2067 624 2102 suppeditans;
640 2075 717 2095 mare
745 2067 875 2098 liberum,
889 2071 917 2094 et
931 2067 999 2094 lines
1012 2074 1077 2094 suos

289 2121 344 2141 non
366 2113 529 2149 egrediens;
547 2121 595 2141 aer
609 2113 698 2145 fusus,
716 2118 744 2140 et
758 2121 773 2140 a
793 2113 870 2140 nullo
891 2121 940 2148 per
954 2113 1009 2140 vim
1029 2120 1078 2140 0c—

289 2163 416 2195 cupatus,
438 2159 487 2188 sed
512 2159 640 2194 aaqualibi
667 2159 879 2194 participatione
895 2158 1077 2194 aspirantium

290 2205 453 2237 honoratus,
467 2208 496 2232 et
508 2208 613 2232 ceterae
626 2208 719 2240 partes
736 2203 831 2231 mundi
844 2203 938 2235 creati,
952 2203 989 2230 ita
1003 2207 1079 2238 pote-

290 2255 388 2278 statem
414 2250 488 2278 illam
508 2258 569 2285 qua:
588 2258 673 2285 supra
696 2250 788 2278 omnia
805 2254 848 2277 est
875 2249 1077 2282 demonstrant,

291 2302 426 2332 quantum
454 2297 643 2327 demonstrat.
661 2297 785 2331 potuisse
805 2296 926 2324 divinam
946 2301 1078 2323 naturam

290 2351 352 2370 cum
368 2347 462 2370 nostra
477 2343 598 2374 misceri,
612 2346 640 2370 et
652 2339 774 2377 copulari
787 2342 846 2370 sine
860 2342 915 2369 ulla
928 2342 1078 2369 mutatione

291 2395 354 2415 cum
374 2395 490 2422 corpore
517 2387 608 2415 anima
625 2387 755 2415 rationali
770 2387 896 2422 praedito.
909 2387 948 2415 Ac
967 2395 1078 2414 causam

290 2433 412 2468 quidem,
422 2433 504 2468 hujus
517 2433 585 2460 tanti
600 2433 750 2460 descensus
764 2433 914 2468 perfectam
931 2433 988 2468 ipse
1004 2433 1079 2461 solus

290 2480 379 2511 novit,
398 2484 425 2506 et
444 2478 463 2505 ii
486 2478 589 2514 quibus
616 2478 757 2514 patefecit,
783 2482 811 2505 et
841 2479 893 2507 hac
920 2479 1077 2514 cognitione

289 2526 364 2561 digni
381 2526 504 2554 fuerunt.

323 2570 356 2599 ll.
377 2572 515 2606 Quantum
532 2576 624 2599 autem
648 2579 698 2598 nos
714 2571 832 2597 assecuti
857 2578 951 2598 sumus
966 2571 1076 2598 illorum

290 2619 402 2654 scriptis
413 2618 528 2650 eruditi,
542 2625 623 2645 causa
639 2616 702 2648 fuit.
716 2620 746 2643 ut
762 2617 854 2649 homo,
871 2617 918 2652 qui
930 2617 1000 2646 male
1013 2625 1077 2652 per-

290 2666 372 2698 ierat,
386 2665 479 2692 salvus
492 2664 579 2696 fieret,
596 2663 643 2699 qui
662 2671 743 2691 manu
757 2663 805 2690 Dei
822 2663 955 2691 formatus
968 2669 994 2691 et
1011 2664 1078 2692 ima-

288 2713 352 2748 gine
379 2712 541 2743 honoratus,
557 2710 673 2746 provide
700 2710 728 2737 in
747 2710 872 2744 paradiso
896 2718 911 2737 a
929 2710 1077 2738 Conditore

288 2759 396 2795 positus
409 2758 471 2789 fuit,
489 2762 516 2784 ut
532 2762 702 2793 operaretur,
712 2759 736 2782 ct
752 2755 892 2783 custodiret
906 2764 965 2784 eum
975 2757 995 2790 ε,
1006 2757 1078 2785 sicut

1097 2509 1116 2534 li

1125 1295 1192 1323 utile
1205 1304 1213 1323 :
1229 1295 1278 1323 sed
1292 1302 1347 1322 non
1361 1293 1511 1322 custodivit
1523 1301 1632 1328 semper
1647 1292 1721 1327 quod
1736 1292 1762 1319 ei
1781 1292 1915 1319 commis-

1124 1349 1185 1369 sum
1204 1344 1275 1373 erat,
1292 1348 1342 1376 per
1367 1339 1523 1376 segnitiem,
1536 1343 1565 1366 et
1592 1346 1739 1374 aggressus
1756 1343 1799 1366 est
1818 1338 1916 1369 vetita,

1124 1388 1188 1416 dolo
1208 1387 1350 1422 cujusdam
1373 1386 1478 1414 fallacis
1496 1385 1648 1420 voluptatis
1673 1384 1816 1413 inductus.
1845 1385 1916 1413 Hinc

1124 1433 1165 1461 illi
1183 1433 1274 1461 omnis
1287 1433 1367 1461 labor
1386 1436 1467 1459 natus
1482 1436 1534 1464 est,
1553 1436 1582 1458 et
1596 1430 1731 1458 malorum
1745 1429 1914 1463 inundatio;

1125 1486 1187 1513 qua:
1209 1486 1273 1506 cum
1308 1477 1427 1506 resecari
1453 1477 1555 1512 alioqui
1586 1484 1656 1511 opus
1683 1475 1799 1508 fuisset,
1828 1475 1917 1510 magis

1126 1529 1217 1552 tamen
1243 1529 1326 1552 aucta
1349 1527 1425 1551 sunt.
1451 1523 1498 1551 Sic
1518 1523 1592 1552 enim
1614 1522 1648 1549 iis
1668 1522 1784 1549 evenire
1803 1521 1917 1548 solitum

1115 1574 1179 1606 gest,
1194 1571 1243 1605 qui
1256 1571 1334 1598 nullo
1348 1570 1446 1598 ordine
1463 1574 1573 1597 servato
1585 1565 1736 1604 aegrotant,
1746 1568 1787 1596 sic
1802 1572 1834 1594 et
1846 1575 1915 1603 prae—

1125 1616 1213 1650 ceptis
1237 1617 1409 1644 medicorum
1438 1623 1494 1643 non
1524 1615 1597 1642 sicut
1623 1613 1745 1646 debent,
1773 1617 1914 1640 utuntur:

1125 1661 1157 1688 In
1173 1661 1334 1696 profundum
1349 1661 1432 1696 igitur
1447 1659 1581 1687 malorum
1592 1667 1652 1686 cum
1668 1657 1811 1686 deuenisset
1824 1678 1833 1689 ,
1848 1656 1917 1683 sicut

1126 1706 1164 1733 ait
1177 1706 1293 1741 Sapiens
1310 1706 1339 1733 in
1355 1705 1522 1737 Proverbiis,
1539 1704 1694 1739 contempsit
1709 1704 1732 1730 ⁷.
1754 1700 1837 1730 Unde
1854 1701 1917 1736 quia

1127 1759 1161 1778 ex
1178 1755 1253 1778 tanta
1265 1751 1430 1782 excellentia
1447 1755 1475 1778 et
1492 1749 1639 1778 altitudine
1655 1749 1751 1783 lapsus
1764 1751 1828 1774 erat
1840 1766 1848 1779 ,
1863 1753 1916 1773 non

1127 1797 1298 1832 congruebat
1319 1797 1435 1824 bonitati
1451 1795 1570 1824 naturali
1593 1795 1653 1826 Dei,
1667 1794 1713 1821 hic
1725 1793 1837 1828 lapsum
1858 1792 1917 1820 sine

1127 1841 1265 1869 medicina
1277 1862 1284 1874 ,
1300 1847 1328 1869 et
1341 1846 1419 1869 extra
1433 1841 1542 1869 felicem
1562 1844 1664 1873 statum
1678 1839 1705 1866 in
1720 1846 1776 1873 quo
1788 1837 1917 1865 conditus

1127 1888 1228 1921 fuerat,
1244 1889 1400 1923 neglectum
1425 1888 1581 1923 praeterire;
1602 1886 1650 1921 qui
1671 1885 1747 1914 enim
1767 1883 1918 1919 aliquando

1129 1935 1157 1962 in
1175 1942 1309 1970 purpura,
1326 1940 1355 1963 ut
1368 1935 1407 1962 ait
1419 1933 1564 1968 Propheta,
1579 1932 1655 1960 Altus
1667 1936 1692 1959 et
1701 1931 1828 1958 educatus
1841 1933 1918 1962 erat,

1128 1979 1235 2006 indutus
1250 1985 1288 2006 est
1299 1983 1412 2006 stercore
1427 1979 1447 2006 ⁸.

1164 2025 1208 2052 ΙΙΙ.
1226 2024 1332 2052 Idcirco
1347 2024 1484 2059 sapienter
1499 2023 1583 2052 Verbi
1608 2023 1658 2050 Dei
1681 2021 1845 2050 teconomia:
1869 2027 1918 2047 ne-

1128 2071 1234 2107 gotium
1260 2070 1381 2105 suscepit
1396 2077 1512 2105 magnus
1527 2069 1573 2097 ille
1586 2077 1635 2096 rex
1647 2089 1655 2102 ,
1669 2072 1696 2096 et
1714 2075 1779 2095 vere
1794 2065 1918 2102 praeclari

1129 2117 1247 2153 generis,
1264 2124 1297 2144 ac
1326 2123 1391 2143 vere
1419 2116 1532 2144 liberex
1562 2115 1692 2144 omnibus
1718 2113 1766 2148 qui
1791 2116 1862 2139 sunt
1886 2111 1919 2138 ab

1129 2164 1238 2191 oriente
1264 2162 1352 2190 solis:
1369 2169 1500 2197 egressus
1521 2161 1596 2189 enim
1611 2168 1627 2187 e
1647 2167 1697 2187 sua
1716 2159 1829 2186 civitate
1855 2164 1920 2192 pro-

1129 2215 1191 2246 pter
1199 2217 1264 2238 cum
1275 2210 1322 2244 qui
1338 2209 1401 2236 inde
1415 2209 1598 2240 exsulaverat,
1609 2207 1680 2235 sedit
1693 2213 1777 2241 super
1791 2210 1918 2232 nostrum

1129 2261 1239 2284 stercus
1250 2255 1278 2283 in
1293 2255 1535 2290 quo’sedebamus,
1551 2253 1627 2281 exuti
1639 2251 1815 2288 splendidum
1832 2250 1918 2278 vesti-

1131 2307 1189 2330 tum
1214 2310 1270 2337 quo
1292 2309 1403 2330 eramus
1422 2305 1486 2328 ante
1508 2293 1755 2334 transgressionem
1775 2296 1880 2327 induti,
1893 2299 1918 2322 et

1129 2348 1183 2376 hoc
1205 2348 1294 2376 fetore
1319 2347 1434 2376 amicti:
1453 2350 1480 2373 et
1493 2346 1625 2381 quoniam
1637 2353 1672 2372 ex
1686 2349 1811 2371 stercore
1835 2341 1918 2368 fetido

1131 2395 1224 2422 ulcera
1239 2398 1267 2422 et
1281 2393 1397 2421 vulnera
1415 2399 1622 2427 acceperamus,
1639 2387 1700 2425 qua
1715 2393 1801 2416 totam
1814 2391 1918 2428 natura:

1119 2444 1231 2468 nostra!
1244 2440 1374 2467 fabricam
1387 2437 1610 2473 corrumpebant,
1626 2435 1854 2470 acccpittestam
1865 2453 1873 2464 ,
1890 2437 1918 2457 ut

1130 2488 1248 2514 multum
1268 2491 1410 2521 putrorem
1424 2484 1584 2512 corraderet
1595 2489 1737 2517 ;-purgarc
1750 2480 1824 2507 enim
1843 2478 1918 2505 vole-

1133 2533 1179 2560 bat
1190 2533 1301 2564 vulnus,
1319 2536 1347 2559 et
1358 2531 1460 2558 lavare.
1475 2529 1529 2558 Sed
1545 2536 1607 2564 quae
1617 2528 1670 2555 ista
1687 2531 1755 2554 testa
1768 2530 1810 2552 est
1823 2525 1836 2551 ἲ
1856 2531 1917 2551 cor-

1131 2587 1183 2614 pus
1206 2578 1314 2605 scilicet
1338 2581 1499 2608 terrenum,
1532 2582 1588 2610 quo
1613 2576 1757 2608 peccatum
1791 2573 1917 2598 nostrum

1131 2623 1311 2651 emnndavit:
1329 2622 1420 2657 Agnus
1439 2621 1488 2648 Dei
1503 2620 1602 2653 factus,
1618 2619 1665 2654 qui
1686 2617 1755 2644 tollit
1782 2619 1918 2651 peccatum

1132 2670 1252 2698 mundi“.
1271 2669 1328 2696 Hoc
1348 2668 1429 2695 nobis
1449 2671 1491 2694 est
1514 2668 1642 2701 Magnum
1659 2663 1824 2700 mysterium,
1841 2671 1858 2688 α
1870 2669 1918 2687 us-

1130 2715 1195 2742 culis
1210 2720 1234 2741 ct
1250 2723 1265 2740 η
1293 2713 1505 2749 generationibus
1518 2712 1546 2738 in
1558 2711 1623 2743 Deo,
1640 2710 1684 2746 qui
1700 2709 1789 2736 omnia
1805 2706 1918 2736 creavit,

1133 2761 1312 2788 absconditum
1323 2758 1366 2792 ¹⁰;
1387 2758 1460 2792 quod
1486 2758 1606 2785 Joannes
1636 2754 1780 2790 theologia:
1814 2751 1918 2780 tonitru

325 2831 334 2845 “
350 2830 418 2858 Gen.
437 2837 472 2862 ll,
491 2830 531 2856 15.
568 2830 576 2844 ⁷
594 2829 674 2856 Prov.
693 2836 769 2860 xvnt,
785 2828 812 2855 5.
851 2827 861 2843 ⁸
879 2828 982 2856 Thrcn.
1000 2837 1036 2860 l\',
1049 2829 1074 2855 5.

1134 2829 1212 2856 Joan.
1230 2837 1255 2862 ι,
1271 2827 1317 2855 29.
1358 2828 1377 2844 '°
1393 2827 1495 2863 Ephes.
1511 2835 1553 2860 ni,
1568 2825 1601 2859 9;
1617 2823 1750 2857 COlOSSJ,
1765 2822 1810 2851 26.

774 2871 777 2874 ’
923 2886 1041 2915 vanus
1063 2886 1266 2916 LEtlTlONES.

333 2933 472 2962 *Jussum.
492 2934 542 2962 An.
557 2935 688 2970 justum?
707 2933 759 2962 Sed
781 2933 884 2968 ἀπέχω.

523 2982 529 2992 ι
