1980 3188
106 201 177 233 1337

599 200 740 232 ORATIO
759 199 818 231 III.
832 212 867 218 -
881 200 931 230 DE
950 200 1247 231 INCARNATIONE.

1666 193 1736 226 1338

105 257 286 294 praedicavit,
308 263 371 284 cum
390 263 474 291 supra
495 263 607 288 sensum
626 259 655 283 et
685 262 770 291 supra
783 263 816 283 ea
835 262 896 290 qua:
912 257 933 285 Α
947 263 980 282 ex
994 256 1037 282 llis
1050 256 1123 284 enim
1134 255 1241 283 exstitit
1251 261 1352 289 corpus
1364 258 1516 284 terrenum,
1529 251 1602 286 quod
1618 249 1734 285 tempori

105 304 162 332 sub
177 311 288 331 sensum
302 303 415 335 cadunt,
429 303 554 330 elevatus
570 311 576 328 :
591 301 623 329 In
639 302 779 337 principio,
798 300 898 335 inquit,

105 355 168 377 erat
196 349 319 380 Verbum,
337 352 361 375 et
377 347 489 375 Verbum
510 352 568 374 erat
591 347 662 382 apud
682 346 777 380 Deum,
791 351 817 374 et
831 346 900 373 Deut

102 401 166 424 erat
187 395 308 423 Verbum.
326 394 421 422 Omnia
435 402 482 430 per
494 394 580 429 ipsum
599 393 671 428 facta
685 396 746 420 sunt
759 393 790 418 “.

143 463 190 491 IV.
208 463 302 498 Ipsum
315 461 401 497 igitur
412 461 574 496 magistrum
588 464 616 488 et
627 460 725 488 ducem
740 464 899 494 sequentes,

103 509 234 545 ejusdem
252 508 370 536 vocibus
385 507 486 534 divinis
510 512 621 534 utamur
640 507 747 533 aientes
763 514 769 532 :
789 505 900 532 Verbum

106 565 172 584 caro
195 556 294 591 factum
313 559 361 587 est,
377 558 402 581 et
428 554 556 581 habitavit
576 555 602 580 in
619 553 692 580 nobis
706 553 738 580 ¹¹.
751 553 900 586 Postquam

107 603 186 630 enim
203 601 317 629 nimiam
333 601 393 636 ejus
415 608 479 636 erga
494 607 546 627 nos
563 599 785 627 misericordiam
805 603 900 625 osten-

108 648 163 679 dit,
183 647 258 675 illum
276 647 367 682 ipsum
379 645 448 673 dixit
462 646 564 673 factum
579 652 641 672 esse
655 645 810 672 hominem.
828 643 902 677 Quo-

108 693 193 720 modo
220 697 311 720 autein
339 692 401 719 ﬁeri
422 691 572 726 potuisset,
594 694 625 718 ut
650 691 774 725 quierat
798 689 901 724 alioqui

108 738 301 771 immutabilis,
318 738 397 766 ﬁeret
421 737 496 773 quod
525 744 581 764 non
606 741 666 764 erat
683 745 690 770 ;
706 736 800 763 docuit
812 756 820 768 ,
839 744 902 763 cum

108 785 179 812 dixit
193 794 199 812 :
213 785 247 812 Et
261 785 388 812 habitavit
401 785 429 811 in
443 784 533 811 nobis:
547 783 620 819 quod
637 783 752 818 perinde
766 787 818 814 est,
838 789 870 808 ac
879 782 902 809 si

109 831 225 864 diceret,
239 831 311 859 Usus
324 836 367 858 est
384 838 466 858 carne
482 838 533 865 pro
544 829 723 857 tabernaculo
737 838 744 862 ;
757 828 903 863 oportebat

109 878 196 911 cnim,
216 882 246 905 ut
261 877 309 914 qui
328 883 390 904 vere
403 882 431 904 et
447 882 544 913 natura
558 883 604 903 res
617 881 712 903 noster
723 879 793 906 erat,
806 882 858 901 nos
869 874 903 901 ab

109 923 202 951 alieno
214 928 242 951 et
255 923 414 950 adulterino
431 922 551 956 quodam
563 921 677 948 domino
690 927 837 955 oppressos
854 919 901 954 qui
917 932 938 958 Β

111 977 228 1005 regnum
244 974 387 1005 rapuerat,
400 968 474 1004 quod
491 967 524 994 ad
543 975 606 996 eum
622 967 699 995 nulla
716 966 824 993 ratione
836 973 901 1000 per-

112 1017 228 1048 tinebat,
238 1024 293 1043 non
306 1015 475 1049 relinqueret
489 1014 622 1048 captivos,
637 1013 710 1039 nulla
722 1011 807 1039 nostri
826 1011 903 1039 habi-

113 1068 140 1090 ta
154 1062 261 1090 ratione
287 1065 315 1089 et
344 1068 432 1098 cura:
448 1060 516 1095 quin
539 1060 633 1094 potius
657 1059 775 1093 insignia
801 1062 903 1084 nostra:

111 1108 257 1138 servitutis
285 1107 424 1139 indueret,
440 1111 468 1134 et
493 1106 527 1134 ad
558 1114 608 1132 nos
635 1105 755 1136 veniret,
769 1109 809 1136 ut,
823 1111 903 1131 muro

112 1154 228 1190 disjecto
251 1158 279 1181 et
307 1153 410 1186 diruto,
427 1152 509 1180 nobis
538 1151 660 1186 praeiret,
675 1155 702 1177 et
719 1157 811 1177 secum
828 1150 903 1184 ejus-

113 1200 176 1227 dem
207 1203 314 1227 naturae
332 1198 461 1226 homines
485 1197 731 1225 extraheretzimo
759 1195 904 1222 servitutis

113 1253 210 1274 eorum
222 1245 390 1280 quibuscum
402 1248 504 1271 natura
517 1242 570 1270 sibi
581 1240 737 1269 communis
751 1243 834 1272 esset,
844 1239 904 1266 vin-

113 1292 176 1320 cula
189 1291 242 1318 sibi
258 1294 357 1325 sponte
369 1289 505 1325 injiceret.

151 1361 182 1389 V.
200 1359 241 1388 0b
262 1359 334 1387 hanc
356 1365 467 1386 causam
482 1357 559 1385 venit
571 1356 605 1384 ad
619 1363 670 1384 nos
684 1355 732 1391 qui
747 1355 826 1389 longe
841 1360 905 1380 cra-

114 1414 189 1439 mus,
203 1410 231 1433 et
244 1405 326 1433 nobis
339 1404 366 1431 in
385 1403 537 1439 longinquo
550 1402 649 1438 positis
662 1399 903 1436 appropinquavit,

115 1460 173 1480 non
197 1452 279 1485 loco;
295 1458 347 1478 nec
362 1450 437 1477 enim
461 1449 532 1476 facta
549 1452 592 1475 est
611 1447 665 1474 loci
682 1445 798 1473 mutatio
813 1453 818 1470 :
837 1451 906 1478 quo-

116 1498 201 1526 modo
235 1497 309 1525 enim
336 1495 482 1526 Divinitas,
504 1498 552 1521 aut
579 1493 626 1520 ubi
649 1491 904 1522 circumscribatur,

115 1552 177 1580 qua:
192 1543 322 1571 universa
340 1542 368 1569 in
385 1550 413 1569 se
427 1541 599 1573 continet,et
612 1547 628 1566 a
641 1538 718 1566 nullo
729 1535 907 1565 continetur?

116 1591 178 1619 Non
207 1590 291 1625 igitur
321 1592 429 1624 poterat
450 1587 474 1614 is
497 1586 544 1621 qui
569 1585 603 1613 ab
623 1592 656 1612 eo
678 1583 830 1615 defecerat,
846 1588 907 1609 esse
921 1596 942 1624 ε

116 1642 194 1665 extra
205 1643 352 1664 numerum
368 1642 464 1662 eorum
476 1641 537 1668 qua:
558 1637 632 1665 sunt,
649 1635 680 1659 ut
695 1631 843 1658 adventum
858 1629 905 1664 qui

117 1683 242 1710 similiter
260 1681 294 1709 ad
307 1682 397 1708 locum
408 1679 557 1715 pertineat,
570 1684 726 1713 quzeramus
739 1685 745 1708 ;
759 1680 907 1714 utrumque

118 1727 192 1754 enim
208 1730 269 1754 erat
289 1724 471 1760 impossibile.
484 1712 588 1751 Procul
599 1727 691 1750 autem
709 1721 743 1748 ab
759 1712 793 1749 eo
809 1721 907 1748 abera-

119 1780 181 1799 mus
202 1771 349 1799 aﬂ‘ectione
359 1791 366 1803 ,
381 1775 409 1798 et
424 1770 567 1797 voluntate
587 1768 713 1803 spiritus,
729 1771 759 1794 ut
772 1767 811 1794 ait
834 1765 908 1794 Scri-

119 1822 213 1853 ptura.
234 1817 340 1845 Idcirco
364 1816 398 1844 ad
422 1823 474 1843 nos
492 1814 648 1846 deseendit,
662 1821 716 1841 non
732 1812 829 1840 relicta
851 1812 908 1839 vita

120 1865 223 1897 divina,
239 1871 322 1899 quam
337 1870 400 1890 cum
415 1862 496 1889 Patre
519 1865 547 1888 et
567 1860 672 1895 Spiritu
685 1864 781 1892 sancto
795 1862 909 1886 natura-

121 1912 184 1939 liter
208 1911 344 1946 degebat;
363 1916 426 1937 cum
443 1899 546 1944 quibus
569 1911 634 1934 ante
661 1906 761 1934 smcula
784 1906 810 1932 in
824 1904 910 1940 gloria

121 1962 182 1986 erat
206 1958 234 1984 in
261 1956 324 1984 sinu
353 1960 469 1990 paterno
499 1953 695 1988 requiescens;
722 1951 770 1978 sed
797 1954 911 1985 propter

121 2004 287 2032 cbaritatem
301 2006 428 2037 suscepta
440 2005 537 2036 sponte
553 1999 707 2027 (economia
722 2005 782 2033 quae
802 1996 911 2024 bonita-

124 2055 178 2078 tem
203 2050 263 2085 ejus
284 2048 441 2076 naturalem
456 2046 583 2079 decebat,
600 2045 641 2072 sic
651 2051 763 2072 carnem
778 2049 910 2075 crassam,

125 2100 262 2123 terrenam
274 2098 303 2121 et
315 2093 470 2124 mortalem,
486 2096 514 2119 et
526 2091 608 2118 morti
623 2090 798 2118 resistentem
812 2089 911 2121 induit,

122 2139 315 2175 cxsnperantia
336 2138 480 2174 potestatis
503 2145 560 2165 suae
585 2144 652 2164 usus
668 2136 701 2163 ad
720 2135 914 2169 occultandam

123 2187 258 2222 gloriam,
280 2190 308 2213 et
336 2185 370 2212 ad
390 2183 585 2213 assumendum
607 2189 720 2210 carnem
745 2189 828 2216 quam
861 2181 914 2209 sibi

125 2231 214 2258 univit
223 2235 251 2258 et
259 2230 287 2257 in
298 2238 351 2265 qua
363 2228 509 2259 habitavit,
519 2226 674 2255 divinitatis
688 2225 806 2260 propria
817 2225 915 2260 ampli-

127 2277 249 2305 tudinem
263 2275 467 2303 inumbratione
482 2278 587 2309 tegens.
600 2272 752 2308 Oportebat
763 2271 836 2299 enim
851 2279 914 2298 cum

125 2325 172 2360 qui
189 2328 249 2351 erat
263 2321 479 2357 inaspectabilis,
494 2321 538 2348 cui
553 2320 726 2355 propositum
742 2323 803 2346 erat
816 2318 915 2345 venire

126 2371 159 2399 ad
176 2378 223 2398 eos
242 2370 288 2404 qui
302 2368 455 2397 secundum
474 2375 587 2395 sensum
602 2366 744 2396 vivebant,
758 2364 915 2400 aspectabi—

127 2418 180 2444 lem
196 2417 237 2443 eis
249 2416 309 2443 ﬁeri
325 2419 354 2442 et
365 2414 494 2442 similem.
506 2412 690 2446 Quamobrem
703 2412 916 2439 instrumentum

127 2461 312 2491 hoc'divinnm
325 2461 377 2488 sibi
389 2460 527 2490 formavit,
541 2463 570 2486 ut
579 2467 627 2494 per
640 2459 729 2493 ipsum
739 2457 815 2484 ﬁeret
824 2456 918 2483 visibi-

128 2509 181 2541 lis;
195 2512 223 2536 et
233 2508 306 2543 quod
325 2511 426 2534 nostrae
448 2510 553 2533 naturae
578 2505 678 2532 divinae
694 2508 754 2531 erat
771 2507 799 2530 et
815 2507 920 2530 natura:

128 2556 236 2583 unitum
247 2554 348 2582 divinis
359 2553 515 2580 actionibus
522 2551 691 2579 ministraret
699 2559 705 2576 :
714 2550 804 2577 uthac
814 2550 919 2577 ratione

129 2601 257 2629 omnibus
279 2600 325 2634 qui
343 2598 561 2633 redemptionem
580 2597 639 2632 ejus
656 2595 862 2630 exspectabant,
879 2594 920 2621 di—

129 2651 206 2675 ceret
223 2655 230 2673 :
256 2646 315 2681 Ipse
332 2645 377 2680 qui
404 2643 545 2679 loquebar,
562 2641 711 2673 adsum”;
740 2640 817 2667 adest
844 2640 917 2666 enim

132 2702 194 2721 vere
215 2692 336 2721 Verbum
355 2700 362 2725 ;
377 2696 405 2718 et
417 2689 544 2725 quamvis
559 2688 649 2716 solum
666 2694 768 2722 corpus
784 2686 918 2718 cernitur,

131 2743 203 2769 Deus
214 2748 296 2768 verus
306 2744 358 2772 est,
372 2743 400 2766 ct
411 2738 561 2765 humanam
576 2736 693 2763 formam
710 2734 798 2762 oculis
817 2733 921 2760 nostris

131 2787 256 2823 subiicit;
270 2790 299 2822 et
312 2790 376 2813 ante
389 2784 489 2813 satcula
498 2788 551 2816 est,
560 2783 625 2810 licet
639 2786 717 2809 ortus
728 2782 787 2816 ejus
799 2784 921 2814 tempore

132 2833 220 2860 factus
241 2831 410 2860 describitur
425 2838 458 2858 ex
481 2836 582 2864 genere
603 2826 742 2854 Abraham
760 2829 788 2853 et
811 2824 918 2852 David:

440 2918 459 2933 "
474 2916 542 2944 ibid.
559 2916 598 2943 Η.

167 2921 187 2936 ¹¹
203 2920 281 2948 Joan.
300 2915 394 2954 I,i,3.
440 2918 459 2933 "
474 2916 542 2944 ibid.
559 2916 598 2943 l-l.
641 2915 660 2931 ¹³
687 2914 726 2942 Isa
758 2913 842 2947 Ln,ti.

881 2912 901 2928 ”
920 2912 929 2940 I
947 2911 1012 2939 Cor.
1024 2918 1069 2944 vn,
1084 2910 1130 2937 5i.

951 301 1079 336 subjecit.
1094 301 1134 328 Ex
1151 299 1251 336 spiritu
1267 305 1332 326 vero
1347 301 1400 330 est,
1417 296 1488 332 quod
1510 301 1553 323 est
1569 294 1692 322 divinum
1708 298 1737 320 et

951 347 1012 375 sine
1028 351 1162 381 tempore,
1177 345 1250 380 quod
1262 344 1339 372 carni
1357 343 1483 370 animatae
1496 341 1575 368 unire
1584 340 1737 374 voluit.per

951 401 1033 428 quam
1059 392 1203 419 nobiscum
1223 394 1349 418 versatus
1365 393 1408 416 est
1430 388 1483 415 hoc
1504 386 1638 414 velamine
1654 391 1737 419 opere

952 443 1017 470 tus;
1033 438 1106 465 sicut
1124 445 1225 471 corpus
1250 436 1317 471 tegit
1341 435 1461 462 animam
1485 437 1606 460 nostram
1620 437 1682 465 quae
1695 432 1739 456 est

952 482 1167 517 inaspectabilis,
1183 486 1210 509 et
1234 482 1262 508 in
1287 481 1322 508 iis
1339 487 1400 514 qua:
1424 479 1475 505 sub
1491 484 1602 505 sensum
1624 474 1736 504 cadunt,

951 541 1006 560 non
1034 532 1216 560 numeratur:
1231 532 1295 566 quia
1317 530 1386 557 facta
1412 531 1453 554 est
1468 525 1501 553 ad
1518 518 1664 557 imaginem
1679 519 1738 554 ejus

951 578 999 613 qui
1024 585 1085 605 eam
1107 577 1221 610 creavit,
1238 580 1384 610 servatque
1401 573 1478 608 signa
1499 565 1690 597 similitudinis
1704 563 1738 590 ad

952 632 1034 660 quam
1055 623 1125 650 facta
1148 627 1209 650 est:
1224 622 1298 657 quod
1322 620 1395 647 enim
1427 622 1526 645 natura
1547 613 1664 642 inditum
1684 613 1737 641 est,

952 678 1007 698 non
1018 674 1060 698 est
1078 674 1172 705 aptum
1191 673 1298 700 natum,
1313 671 1343 694 ut
1360 665 1439 693 facile
1455 666 1587 690 mutetur.

989 716 1034 743 Vl.
1053 715 1190 748 Quantum
1205 714 1289 748 igitur
1302 712 1384 739 nobis
1402 710 1512 737 modum
1530 704 1642 734 unionis
1656 701 1737 730 Verbi

953 769 1015 789 cum
1027 769 1109 788 carne
1125 760 1284 795 conjectura
1298 755 1431 791 consequi
1456 755 1532 784 licet,
1545 751 1627 778 aliam
1641 747 1739 782 imagi-

953 815 1016 835 nem
1045 811 1073 834 et
1102 805 1314 833 similitudinem
1338 811 1394 830 non
1422 800 1578 836 poterimus
1604 795 1738 830 reperire,

954 862 1035 890 quam
1051 853 1149 880 animae
1159 859 1221 879 cum
1234 850 1349 886 preprio
1359 854 1486 882 corpore.
1495 853 1529 872 ex
1540 843 1641 878 quibus
1653 846 1740 867 unum

955 900 1057 928 animal
1079 899 1162 926 homo
1176 885 1295 929 exsistit,
1311 903 1402 930 neque
1416 892 1542 928 partibus
1553 890 1580 916 in
1601 885 1740 921 composi-

954 946 1029 973 tione
1045 946 1116 972 inter
1133 952 1162 971 se
1183 939 1306 974 mutatis,
1323 948 1374 968 nec
1387 947 1442 967 una
1464 945 1560 965 earum
1578 936 1741 962 alterutram

953 1001 986 1019 ex
1019 999 1048 1019 se
1079 988 1287 1018 faciente:sed
1318 986 1410 1022 potius
1433 983 1600 1012 coeuntibus
1631 979 1742 1006 duobus

953 1038 1072 1066 diversis
1091 1037 1158 1064 illud
1175 1035 1300 1066 exsistit,
1326 1031 1400 1067 quod
1426 1034 1489 1065 post
1510 1024 1742 1062 compositionem

953 1089 1039 1113 estet
1061 1083 1233 1110 nominatur.
1260 1079 1432 1107 Adbibentes
1454 1076 1539 1110 igitur
1554 1081 1587 1100 ex
1609 1072 1661 1098 hac
1674 1071 1743 1097 ima-

954 1132 1028 1167 giae,
1044 1134 1178 1165 quantum
1188 1127 1255 1154 utile
1264 1131 1306 1153 est
1317 1125 1351 1152 ad
1367 1122 1525 1157 exemplum
1539 1116 1742 1147 similitudinis,

956 1164 1087 1204 unionem
1105 1173 1188 1201 Verbi
1204 1179 1267 1200 cum
1283 1170 1457 1198 humanitate
1478 1164 1741 1200 contemplabimur.

955 1221 1078 1250 Verbum
1101 1219 1175 1247 enim
1197 1216 1271 1253 quod
1295 1216 1323 1243 in
1337 1215 1476 1250 principio
1488 1215 1549 1240 erat
1568 1211 1652 1241 Deus,
1679 1214 1743 1235 cum

954 1268 1038 1296 vellet
1063 1266 1123 1294 ﬁeri
1150 1266 1245 1296 homo,
1263 1263 1328 1298 quia
1344 1270 1400 1289 non
1424 1263 1519 1296 posset
1548 1258 1634 1285 homo
1663 1254 1743 1282 aliter

956 1314 1048 1343 salvus
1060 1313 1131 1345 ﬁeri,
1147 1311 1303 1346 ingressum
1314 1313 1358 1336 est
1375 1307 1403 1334 in
1418 1311 1530 1334 uterum
1542 1301 1703 1338 virginalem
1717 1303 1746 1326 et

956 1360 1046 1388 omnis
1068 1356 1257 1392 corruptionis
1284 1359 1452 1390 expertem:
1480 1355 1541 1378 erat
1566 1348 1640 1376 enim
1670 1346 1744 1379 virgo

957 1412 1030 1433 casta
1054 1405 1149 1440 spiritu
1161 1408 1186 1430 et
1201 1401 1350 1435 corpore“.
1368 1397 1555 1433 Quamobrem
1575 1391 1743 1423 necessario,

957 1457 987 1480 ut
1000 1451 1126 1482 decebat,
1145 1449 1178 1477 ad
1194 1453 1301 1476 tantum
1330 1444 1456 1481 mysterii
1483 1440 1671 1470 ministerium
1684 1443 1745 1464 eam

957 1497 1051 1531 elegit,
1069 1493 1234 1529 uInitumque
1254 1497 1296 1521 est
1309 1491 1368 1519 sine
1384 1489 1548 1518 confusione
1565 1490 1593 1513 et
1616 1484 1746 1512 mistione

960 1548 1046 1571 totum
1060 1542 1110 1569 toti
1127 1541 1214 1572 carni,
1225 1539 1317 1566 anima
1331 1536 1447 1565 rationis
1459 1533 1593 1570 participe
1607 1531 1746 1559 animatae,

958 1594 986 1618 et
1002 1598 1050 1625 per
1063 1589 1213 1616 adventum
1231 1585 1352 1620 Spiritus
1366 1582 1455 1610 sancti
1478 1588 1509 1608 ex
1522 1585 1606 1606 carne
1622 1574 1746 1610 Virginis

957 1622 1050 1664 Matris
1069 1633 1195 1662 conﬂata:
1224 1636 1252 1660 et
1281 1629 1448 1660 constitutm,
1469 1626 1546 1654 nulla
1562 1631 1645 1651 causa
1663 1622 1692 1648 in
1715 1627 1748 1646 ea

958 1686 1117 1717 antegressa
1129 1679 1209 1707 exiis
1221 1677 1324 1712 quibus
1333 1675 1541 1703 consueverunt
1549 1675 1667 1704 corpora
1676 1664 1747 1697 fieri,

959 1714 1061 1764 praeter
1074 1727 1207 1754 virtutem
1224 1721 1368 1751 Altissimi.
1384 1720 1448 1748 Sola
1465 1718 1538 1746 enim
1563 1714 1664 1743 mulier
1691 1719 1750 1738 ma-

960 1762 1059 1803 teriam
1095 1771 1207 1806 corpori
1243 1768 1318 1804 quod
1350 1764 1504 1794 divinitatis
1534 1762 1750 1789 instrumentum

960 1820 1063 1848 iactum
1089 1803 1154 1848 est;
1177 1803 1377 1850 suppeditavit,
1404 1811 1477 1838 sicut
1491 1808 1557 1836 olim
1578 1815 1612 1833 ex
1638 1803 1750 1840 propria

961 1871 1046 1893 carne
1063 1863 1151 1890 solius
1171 1861 1224 1888 viri
1248 1859 1350 1887 mulier
1361 1861 1389 1885 et
1407 1860 1496 1884 mater
1507 1852 1662 1881 viventium
1679 1850 1752 1877 facta

961 1916 1014 1940 est.
1131 1908 1135 1911 ”

997 1954 1051 1982 VII.
1068 1953 1144 1980 Vane
1165 1951 1250 1987 igitur
1275 1948 1407 1978 delirant,
1423 1944 1470 1980 qui
1495 1945 1610 1978 propter
1640 1938 1752 1987 mod-um

963 1998 1148 2036 generationis
1175 1984 1276 2031 negant
1300 2001 1360 2020 esse
1382 1990 1464 2018 nobis
1490 1984 1751 2015 consubstantiale:

964 2030 1061 2075 cadem
1077 2044 1151 2072 enim
1167 2030 1275 2070 ratione
1288 2048 1339 2066 nec
1360 2039 1418 2066 Eva
1433 2037 1486 2064 erit
1510 2030 1754 2062 consubstantialis

964 2093 1036 2123 viro,
1049 2095 1096 2119 aut
1112 2090 1137 2117 ei
1154 2088 1202 2124 qui
1222 2095 1255 2115 ex
1268 2090 1387 2120 utroque
1404 2082 1487 2111 simul
1503 2084 1585 2108 natus
1596 2081 1656 2109 est;
1673 2075 1754 2102 ambo

965 2140 1040 2167 enim
1053 2138 1132 2165 vario
1144 2135 1227 2163 modo
1242 2131 1412 2160 exstiterunt
1426 2138 1433 2156 ς
1447 2135 1499 2155 nec
1512 2133 1574 2154 cum
1587 2121 1690 2157 alioqui
1707 2128 1756 2156 po-

967 2187 1076 2217 tuisset,
1092 2182 1236 2219 proprium
1255 2185 1358 2213 corpus
1381 2174 1493 2203 aliunde
1517 2171 1605 2202 duxit,
1624 2174 1704 2203 quam
1722 2173 1756 2191 cx

967 2232 1085 2261 materia
1111 2229 1216 2257 nostris
1242 2223 1408 2260 corporibus
1437 2220 1561 2255 subjecta
1578 2226 1584 2243 :
1602 2215 1659 2243 Non
1675 2213 1756 2244 enim,

968 2272 1070 2314 inquit,
1100 2273 1273 2311 apprehendit
1297 2269 1417 2306 angelos,
1441 2273 1493 2294 nec
1512 2260 1756 2314 aliam‘cmlestcm

968 2307 1167 2356 \‘ii-ltutein,'sed
1178 2327 1267 2347 semen
1279 2317 1392 2345 Abraha:
1402 2314 1436 2346 η,
1448 2312 1492 2340 cui
1503 2311 1573 2338 facta
1591 2307 1680 2334 fuerat
1693 2311 1758 2339 pro-

970 2370 1075 2398 missio.
1093 2365 1237 2401 Quomodo
1254 2363 1338 2399 igitur
1356 2361 1433 2388 aiunt
1447 2356 1569 2393 quidam,
1586 2355 1758 2401 corpus-ter-

970 2421 1068 2443 renum
1082 2417 1111 2439 et
1130 2412 1159 2438 in
1176 2415 1250 2438 terra
1267 2412 1362 2435 natum
1385 2404 1498 2432 cmlestc
1513 2401 1608 2429 fuisse,
1622 2395 1758 2431 siquidem

970 2457 1131 2495 huiusmodi
1147 2455 1261 2484 materia
1272 2461 1326 2481 non
1338 2456 1380 2480 est
1392 2451 1420 2478 in
1437 2449 1493 2476 illis
1503 2447 1571 2474 locis
1581 2440 1760 2472 cmlestibus?

974 2492 1047 2542 Ergo
1063 2513 1114 2532 nec
1135 2512 1169 2531 ex
1197 2506 1295 2529 natura
1322 2498 1433 2534 propria
1453 2492 1630 2523 immutabili,
1653 2497 1705 2540 nec

975 2532 1029 2579 ull;
1046 2551 1110 2579 alia,
1139 2548 1193 2576 nisi
1216 2555 1249 2574 ex
1266 2553 1320 2580 qlia
1336 2544 1439 2571 dictum
1460 2544 1501 2568 est
1513 2560 1519 2572 ,
1543 2535 1687 2565 fabricavit
1705 2532 1759 2560 sibi

973 2605 1084 2632 corpus.
1103 2594 1187 2623 Valde
1203 2593 1277 2620 enim
1293 2591 1426 2618 absonum
1453 2586 1561 2615 fuisset,
1582 2583 1616 2613 si.
1640 2589 1701 2608 cum
1727 2578 1761 2605 ad

974 2652 1024 2671 nos
1041 2643 1160 2671 veniret,
1178 2639 1299 2666 alienum
1319 2645 1332 2663 a
1352 2635 1432 2663 nobis
1445 2640 1547 2667 corpus
1569 2630 1672 2659 ferret;
1695 2626 1762 2661 quin

973 2689 1067 2726 potius
1082 2695 1144 2715 cum
1161 2687 1235 2714 Deus
1245 2689 1352 2711 tantum
1368 2686 1442 2709 esset
1460 2687 1492 2707 ex
1504 2679 1584 2706 Patre
1603 2675 1722 2711 genitus,
1735 2675 1764 2699 et

973 2720 1100 2764 naturam
1113 2735 1173 2769 ejus
1184 2732 1244 2760 sine
1265 2730 1320 2757 ulla
1335 2728 1480 2759 varietate,
1502 2725 1528 2752 id
1545 2728 1597 2754 est.
1618 2729 1646 2749 se
1673 2720 1763 2755 ipsum

973 2780 1108 2810 haberet.
1128 2767 1244 2811 Vcorpus
1265 2782 1298 2802 ex
1320 2777 1408 2800 matre
1432 2768 1593 2804 assumpsit,
1617 2767 1763 2798 iactusque

974 2829 1016 2852 cst
1026 2823 1052 2851 ei
1065 2809 1312 2850 consubstantialis
1322 2827 1329 2844 :
1340 2817 1521 2853 quamobrem
1534 2812 1686 2842 secundum
1697 2809 1760 2837 ima<

1168 2909 1188 2925 "
1208 2906 1292 2936 llcbr.
1310 2906 1360 2943 u,‘
1376 2905 1394 2932 Ξ.
