1980 3188
227 181 294 212 1343

792 184 823 213 s.
843 165 1296 214 ANAS’l‘ASllIANTIOCHENI

1783 181 1850 214 1314

182 227 189 261 τ’
226 238 291 264 bere
316 236 456 271 propriam
478 241 616 269 naturam,
638 244 671 264 an
696 245 768 269 non;
786 237 834 265 sed
851 236 1011 275 demonstro
1026 237 1048 264 Δ
1063 236 1196 264 habitudo
1217 237 1328 272 quidem
1341 236 1474 264 naturalis
1488 241 1530 264 est
1554 236 1587 263 ad
1601 244 1675 268 eum,
1694 237 1727 264 ad
1738 237 1849 265 Patrem

181 292 183 295 ν
225 290 288 309 ευιη
312 283 358 316 (ιιιὶ
374 282 431 310 haec
452 282 531 314 dicit,
542 280 607 309 'no'n
625 290 705 317 posse
718 282 821 309 sentire
837 289 898 308 esse
912 281 1011 308 Filium

225 328 299 355 Patri
324 328 589 355 consubstantialem
620 337 626 354 ε
652 336 733 355 omne
762 328 836 355 enim
858 327 933 361 quod
969 331 1012 354 est

226 374 309 401 unius
334 374 512 406 substantiae,
539 374 664 401 eamdem
689 374 824 401 rationem
851 373 1012 400 substantiae

226 419 342 454 recipit;
357 424 385 446 et
405 419 526 447 vicissim
541 427 621 447 omne
644 419 717 454 quod
737 419 861 446 eamdem
877 420 1012 446 rationem

226 465 389 492 substantize
412 465 521 499 recipit,
549 465 633 491 unius
650 469 678 491 et
700 465 824 499 ejusdem
852 464 1012 491 substantim

225 514 269 537 est
285 520 293 525 -
316 516 349 537 et.
361 515 467 542 contra,
484 511 557 545 quod
571 519 626 538 non
638 515 680 538 est
697 511 821 545 ejusdem
838 510 1011 542 substantiae,

226 564 278 583 nec
289 556 414 583 eamdem
430 556 566 583 rationem
578 556 692 590 recipit;
709 561 736 582 et
753 556 826 590 quod
845 563 900 582 non
915 555 1013 590 recipit

227 602 353 630 ealndem
382 602 529 635 rationem,
551 610 604 629 nec
630 602 753 637 ejusdem
773 602 933 629 substantia:
953 609 1013 628 esse

227 653 330 683 potest.
353 649 462 683 Eligant
475 649 570 683 igitur,
595 652 688 674 utrum
704 647 790 675 velint
807 656 814 674 :
830 647 1013 681 undecunque

228 699 356 721 occurret
369 694 410 721 eis
419 694 581 721 absurdum.
594 693 620 720 Si
635 693 722 720 Filius
737 693 862 720 eamdem
877 693 1012 720 rationem

227 739 389 766 substantia:
405 746 467 765 eum
486 738 565 765 Patre
584 738 693 773 recipit,
721 729 775 765 una
799 738 954 765 substantia
970 742 1014 765 est

227 783 317 810 Patris
327 787 355 809 et
372 783 434 810 Filii
446 792 452 809 :
464 787 491 810 et
508 784 665 813 communis
675 783 800 810 deﬁnitio
812 783 853 810 eis
869 783 1011 810 reddetur.

227 828 263 854 At
283 827 423 862 quomodo
442 828 517 862 quod
536 828 721 855 communiter
740 827 878 861 redditur,
891 828 1013 862 particu-

227 873 284 899 lare
302 873 373 900 erit?
397 873 440 900 sin
463 878 555 900 autem
569 881 624 900 non
641 873 765 900 eamdem
776 873 968 901 deﬁnitionem
985 879 1014 902 et

227 919 363 945 rationem
375 918 483 952 recipit,
496 927 551 945 non
563 919 617 945 erit
630 927 684 946 una
703 919 857 946 substantia
874 928 880 946 :
896 927 1014 954 quorum
1030 908 1051 935 Β

227 968 318 990 autem
328 971 382 990 non
390 970 432 991 est
439 963 593 990 substantia
603 964 876 992 eonsubstantialitas
884 972 939 992 non
950 965 1013 993 erit.

228 1009 306 1036 Sicut
322 1009 396 1036 enim
410 1017 470 1043 quae
482 1008 605 1043 ejusdem
622 1009 785 1036 substantiae
802 1015 878 1041 sunt.
896 1011 1016 1038 consub-

227 1054 367 1081 stantialia
389 1058 472 1087 sunt,
492 1055 533 1082 sic
554 1062 617 1089 quae
640 1062 697 1083 non
719 1058 785 1082 sunt
808 1055 933 1090 ejusdem
947 1055 1014 1083 sub-

226 1102 344 1134 stantite,
360 1109 416 1129 non
429 1106 494 1129 sunt
508 1102 754 1130 consubstantialia
763 1111 770 1130 :
780 1102 920 1137 quomodo
931 1103 1015 1138 igitur

226 1147 306 1174 aiunt
322 1147 422 1174 Filium
435 1155 496 1174 esse
512 1147 587 1175 Patri
603 1147 877 1181 consubstantialem,
890 1148 1015 1176 tribuen-

227 1201 269 1224 tes
284 1197 310 1224 ei
324 1197 519 1231 particularem
531 1196 734 1223 substantiam?
746 1195 924 1230 particularis
939 1196 1013 1224 enim

225 1250 287 1270 esse
307 1250 364 1270 non
386 1246 487 1277 potest,
509 1249 570 1277 qua:
587 1249 649 1269 cum
665 1241 752 1268 altero
775 1241 846 1269 facta
874 1246 916 1269 est
938 1249 1015 1268 eom-

227 1287 329 1315 munis.

262 1333 341 1360 XVII.
362 1332 433 1366 Quid
449 1341 515 1368 ergo
532 1333 627 1360 dicent
651 1333 802 1360 essehanc
817 1333 1014 1368 particularem

227 1378 434 1405 substantiam?
452 1378 480 1405 Si
504 1379 599 1406 dicant
614 1387 675 1406 esse
696 1379 858 1406 tiliationem
872 1388 878 1406 :
895 1379 1015 1414 primum

227 1430 282 1449 non
307 1427 350 1450 est
370 1423 466 1451 tiliatio
493 1424 650 1451 substantia
666 1433 673 1450 :
688 1423 806 1458 deinde,
820 1424 875 1452 etsi
892 1425 974 1452 detur
988 1430 1016 1453 et

227 1469 396 1496 concedatur
418 1470 472 1497 hoc
482 1490 489 1502 ,
507 1477 604 1497 rursus
619 1470 802 1497 concludetur
818 1470 847 1497 in
861 1478 909 1498 eos
923 1470 1015 1497 diver-

226 1515 295 1542 sitas
315 1515 488 1543 substantiae.
509 1516 588 1543 Sicut
606 1516 680 1543 enim
705 1522 763 1543 non
776 1520 819 1544 est
833 1516 929 1543 eadem
943 1517 1014 1544 ratio

1063 281 1179 315 scilicet,
1208 290 1241 310 ex
1262 290 1317 317 quo
1343 282 1551 310 Filiustilius
1574 291 1640 310 vero
1662 283 1786 318 ejusdem
1809 283 1851 310 di-

1063 328 1187 355 vinitatis
1217 332 1261 356 est
1284 336 1347 355 cum
1382 329 1474 355 Patre.
1498 329 1604 356 Rursus
1631 329 1707 355 enim
1734 329 1851 356 dicimus

1063 373 1244 400 substantiam
1268 373 1464 406 particularem
1481 373 1582 401 habere
1600 374 1799 405 characterem,
1823 375 1853 400 ti-

1063 418 1203 445 liationem
1219 427 1224 444 :
1238 419 1279 447 hic
1298 419 1372 446 enim
1382 419 1485 446 dicitur
1495 427 1556 447 esse
1565 420 1707 447 character
1716 425 1848 454 paterna,

1062 471 1117 490 non
1138 463 1249 497 quidem
1265 470 1388 497 naturae;
1407 465 1476 492 illud
1486 465 1559 492 enim
1575 465 1664 500 ipsum
1682 471 1725 492 est
1739 470 1849 498 natura,

1063 508 1136 543 quod
1155 509 1235 536 Pater
1256 515 1313 542 est;
1327 510 1374 537 sed
1392 511 1557 545 hypostasis,
1578 511 1605 538 id
1622 515 1674 542 est,
1698 519 1823 545 personze
1842 521 1849 538 :

1063 558 1158 588 utpote
1183 554 1305 581 inferens
1326 563 1420 582 secum
1447 556 1568 587 Patrem,
1584 556 1663 583 simul
1681 560 1711 582 ut
1726 556 1852 583 nomina-

1065 603 1109 626 tus
1121 604 1163 626 est
1184 599 1270 627 Filius
1283 601 1433 628 secundum
1451 601 1641 628 habitudinem
1656 601 1800 636 categoria:
1817 601 1851 629 ad

1064 644 1182 679 aliquid;
1205 649 1333 680 quaeest,
1357 655 1418 674 cum
1437 645 1464 674 id
1486 647 1558 682 quod
1582 651 1634 678 est,
1660 647 1774 675 alterius
1790 655 1851 675 esse

1064 691 1175 723 dicitur,
1201 697 1230 719 ut
1258 692 1343 719 Filius
1366 692 1455 720 Patris
1474 696 1516 719 est
1536 692 1620 725 (ilius,
1641 696 1669 719 et
1687 693 1766 720 Pater
1789 693 1850 720 Filii

1064 742 1152 771 pater,
1181 737 1245 771 quia
1266 745 1316 772 per
1335 738 1424 772 ipsum
1442 738 1575 764 habemus
1596 745 1738 765 accessum
1751 738 1784 765 ad
1802 738 1852 764 Pa-

1065 785 1144 814 trem,
1161 789 1188 810 et
1206 783 1264 817 ipse
1282 787 1323 810 est
1340 783 1470 817 magister
1483 787 1586 814 noster,
1603 787 1631 810 et
1649 787 1747 810 auctor
1759 783 1852 818 cogni-

1065 828 1148 856 tionis
1169 830 1243 864 ejus;
1265 829 1338 857 sicut
1361 829 1433 856 idem
1452 829 1523 857 dixit
1541 829 1621 856 .Patri
1641 839 1655 856 με
1680 829 1858 864 ΜαηίῙεειανῐ

1064 882 1158 901 nomen
1175 878 1248 901 tuum
1269 876 1416 902 hominibus
1431 876 1470 907 ";
1493 875 1678 903 manifestavit
1692 880 1785 902 autem
1800 882 1852 902 no-

1065 926 1128 945 men
1154 927 1207 945 non
1226 923 1256 946 ut
1274 920 1340 952 Dei;
1366 920 1418 947 hoc
1446 920 1520 947 enim
1540 920 1596 955 jam
1618 920 1684 947 olim
1712 921 1852 955 cognitum

1065 970 1134 995 erat.
1156 965 1203 991 sed
1218 970 1247 992 ut
1263 965 1350 992 Patris
1367 975 1373 992 :
1392 966 1449 1000 ipse
1466 966 1540 993 enim
1560 966 1745 1000 cognitionem
1761 966 1853 994 Patris

1065 1010 1207 1037 rcvclavit.

1100 1054 1192 1081 XVlll.
1227 1055 1298 1082 Usus
1325 1063 1385 1081 sum
1402 1059 1442 1082 tot
1464 1055 1695 1090 digressionibus,
1721 1055 1785 1090 quia
1803 1062 1852 1082 vo-

1062 1100 1151 1127 lebam
1182 1100 1398 1133 demonstrare,
1416 1101 1490 1136 quod
1526 1109 1590 1136 pars
1614 1101 1774 1128 substantia
1795 1108 1851 1128 non

1064 1150 1123 1178 est;
1144 1151 1174 1174 ut
1199 1146 1272 1174 dicat
1297 1147 1408 1182 aliquis,
1427 1146 1525 1175 factam
1554 1155 1614 1175 esse
1632 1147 1851 1174 incarnationem

1065 1192 1230 1220 assumendo
1255 1196 1362 1227 partem
1387 1192 1502 1220 alterius
1523 1193 1711 1220 substantiae:
1735 1196 1764 1220 et
1787 1192 1852 1227 quia

1065 1237 1192 1264 nolebam
1215 1237 1356 1272 corrigere
1375 1244 1472 1264 eorum
1490 1237 1650 1271 opinionem
1671 1236 1719 1271 qui
1742 1239 1850 1272 putant,

1062 1291 1129 1311 eum
1144 1283 1191 1317 qui
1204 1282 1272 1310 dicit
1286 1282 1468 1309 substantiam
1480 1282 1613 1317 integram
1627 1287 1637 1300 ι
1649 1282 1732 1309 Verbi
1747 1282 1852 1309 unitam

1064 1337 1125 1357 esse
1148 1329 1235 1360 carni,
1254 1329 1364 1356 Patrem
1388 1333 1416 1356 et
1436 1328 1570 1368 Spiritum
1585 1333 1711 1356 sanctum
1729 1328 1762 1356 ad
1774 1335 1850 1356 (Bco-

1065 1375 1185 1402 nomiam
1203 1374 1402 1402 incarnationis
1424 1374 1533 1402 deferre
1550 1382 1558 1401 :
1574 1374 1646 1409 quod
1661 1375 1772 1409 quidem
1795 1382 1851 1401 non

1065 1429 1126 1449 esse
1140 1421 1337 1453 necessarium.
1349 1421 1417 1448 satis
1430 1419 1681 1448 demonstravimus
1693 1420 1727 1447 iis
1738 1420 1785 1455 qui
1795 1427 1852 1447 non

1066 1467 1248 1498 contentiose,
1274 1467 1322 1494 scd
1347 1467 1481 1494 benevole
1496 1467 1523 1494 in
1543 1467 1629 1494 Deum
1644 1466 1688 1501 pia
1710 1470 1737 1493 et
1757 1465 1850 1492 divina

1065 1521 1137 1540 verte
1161 1513 1223 1540 ﬁdei
1240 1517 1340 1541 nostrae
1355 1512 1482 1548 dogmata
1497 1512 1637 1547 accipiunt
1655 1520 1662 1538 :
1677 1511 1763 1543 Filius
1777 1510 1852 1538 enim

227 1562 405 1596 paternitatis
420 1566 449 1589 et
474 1562 628 1594 ﬁliationis,
653 1563 694 1590 sic
717 1571 773 1590 non
797 1562 851 1589 erit
867 1562 954 1590 Filius
970 1571 1014 1590 se-
1028 1568 1052 1599 ο
1067 1567 1120 1586 non
1132 1564 1174 1586 05t
1190 1559 1354 1592 substantia,
1371 1559 1419 1586 sed
1435 1558 1592 1594 hypostasis
1609 1557 1738 1588 ὲνούσιος.
1757 1557 1785 1583 id
1799 1561 1851 1588 est,

227 1605 349 1633 cundum
375 1606 452 1640 ipsos
465 1607 548 1633 unius
564 1611 592 1633 et
617 1606 742 1641 ejusdem
765 1614 827 1634 cum
850 1607 930 1634 Patro
953 1607 1018 1634 sub-

229 1650 337 1676 stantiae
354 1658 361 1676 :
375 1658 435 1684 qua:
446 1655 538 1677 autem
553 1657 609 1676 non
623 1655 688 1677 sunt
705 1651 828 1685 ejusdem
841 1651 1015 1684 substantiae,

229 1703 312 1722 nemo
337 1696 450 1730 negabit
465 1704 521 1723 non
538 1704 599 1723 esse
620 1697 878 1724 eonsubstantialia.
904 1698 1017 1726 Desinat

229 1748 295 1776 ergo
317 1741 374 1779 ista
393 1742 543 1769 verborum
565 1743 673 1770 vanitas
695 1751 804 1775 eorum,
822 1744 869 1778 qui
890 1752 1016 1772 commu-

229 1795 292 1814 nem
310 1791 339 1814 et
364 1788 561 1822 particularem
572 1789 756 1816 substantiam
769 1789 883 1817 dicunt:
900 1790 1016 1818 demon-

228 1837 345 1860 stratum
362 1833 436 1860 enim
461 1838 503 1861 est
517 1835 639 1869 copiose,
666 1842 720 1862 non
751 1842 812 1862 esse
835 1835 1014 1863 substantiam

229 1878 427 1912 particularem
445 1887 451 1904 :
471 1879 518 1913 qui
539 1879 613 1906 enim
631 1879 757 1906 nominat
777 1878 933 1914 aliquorum
951 1882 1016 1909 sub-

227 1922 369 1954 stantiam,
384 1923 546 1951 necessario
559 1931 734 1951 communem
748 1925 884 1960 signiﬁcat
902 1935 1016 1962 :super-

228 1976 382 1996 vacaneum
404 1969 488 2004 igitur
510 1973 553 1997 est
568 1969 672 1997 addere
688 1971 849 1999 substantia
864 1980 1013 2007 commune;

229 2014 345 2048 perinde
362 2015 437 2042 enim
460 2019 514 2048 est,
531 2020 563 2042 ut
581 2015 604 2042 si
620 2017 682 2050 quis
701 2017 775 2050 dicat
789 2026 926 2046 commune
947 2028 1016 2047 com-

229 2060 388 2086 munitatem
405 2068 414 2087 :
432 2063 461 2087 et
485 2061 574 2088 multo
600 2061 688 2096 magis
709 2070 946 2097 supervacaneum
973 2069 1016 2093 est

229 2104 322 2132 dicere
347 2105 543 2140 particularem
578 2106 778 2141 substantiam;
804 2108 878 2143 quod
903 2110 1014 2144 quidem

230 2159 284 2177 non
302 2155 344 2178 est
357 2151 432 2178 aliud
444 2159 526 2186 quam
539 2151 633 2181 dicere
645 2146 822 2181 communem
839 2155 1014 2190 particulari-

230 2201 323 2224 tatem.
334 2197 440 2224 Idcirco
449 2197 577 2225 doctores
593 2198 722 2226 Ecclesiae
733 2200 844 2235 proprie
859 2201 1012 2235 loquentes,

229 2250 375 2270 commune
398 2243 511 2278 quidem
526 2250 696 2272 vocaverunt
721 2240 924 2280 substantiam:
948 2255 1013 2282 par-
1030 2232 1051 2259 Ι)

230 2288 345 2316 ticulare
363 2296 430 2316 vero
451 2289 509 2317 sive
532 2290 662 2324 speciale,
673 2290 843 2325 hypostasim
858 2299 865 2318 ε
881 2296 912 2318 ut
930 2292 1013 2319 homo

229 2343 375 2362 commune
396 2339 457 2368 est;
471 2335 576 2370 aliquis
595 2336 688 2369 homo,
708 2337 885 2370 partienlare,
905 2337 957 2365 boc
973 2341 1015 2365 est

229 2381 398 2415 hypostasis,
411 2381 479 2408 illud
493 2381 646 2408 substantia
659 2390 667 2408 :
678 2389 729 2409 nec
738 2382 811 2409 enim
823 2383 923 2418 aliquis
929 2383 1014 2411 homo

229 2432 286 2453 non
306 2430 349 2453 est
370 2426 465 2458 homo,
482 2426 531 2453 sed
551 2431 595 2454 est
622 2427 733 2462 quidem
757 2428 886 2461 ὲνούσιος,
909 2429 937 2456 id
962 2433 1014 2462 est,

230 2472 257 2499 in
279 2472 451 2505 substantia;
475 2476 639 2499 non‘autem
659 2474 810 2501 secundum
835 2474 1015 2502 substantiam

231 2517 427 2552 particularem
442 2523 470 2545 et
488 2522 641 2552 separatam
657 2526 672 2545 a
690 2520 841 2551 communi,
854 2519 902 2546 sed
916 2527 1016 2547 secun-

230 2563 295 2589 dum
311 2562 446 2595 eamdem,
465 2563 623 2590 sccundum‘
633 2572 715 2598 quam
735 2564 836 2599 singuli
850 2572 946 2592 omnes
965 2565 1016 2592 sub

228 2608 324 2635 eadem
333 2607 424 2642 specie
435 2607 525 2635 sortiti
537 2613 603 2636 sunt
612 2608 794 2635 substantiam
806 2617 812 2634 :
827 2610 1016 2644 unusquisque

229 2653 302 2679 enim
318 2653 442 2680 eamdem
458 2661 520 2680 cum
532 2653 648 2689 reliquis
659 2654 794 2680 rationem
807 2654 908 2688 recipit
918 2662 924 2681 :
934 2654 1017 2682 homo

228 2700 303 2727 enim
332 2705 375 2728 est
390 2702 546 2728 communis
578 2701 672 2733 homo,
694 2704 722 2728 et
743 2701 843 2736 aliquis
871 2702 965 2735 homo,
989 2707 1017 2730 et

231 2750 330 2774 nculcr
347 2751 391 2774 est
408 2747 481 2781 plus,
499 2751 547 2774 aut
574 2747 667 2774 minus
691 2747 785 2775 homo.
807 2748 916 2776 Filiatio
933 2748 1017 2784 igitur

268 2807 287 2822 ¹⁹
307 2807 385 2834 ,1.ιπιη.
406 2815 470 2839 xru,
488 2807 514 2834 6.
555 2809 577 2824 ’°
602 2808 707 2837 Baruch
729 2817 765 2843 In,
791 2809 886 2838 56-58.
926 2811 946 2826 ¹¹
967 2807 1038 2838 Psal.

1068 1605 1249 1633 substantiam
1265 1605 1380 1632 habens.
1396 1605 1473 1638 Quod
1486 1604 1509 1632 si
1526 1604 1679 1632 substantia
1693 1608 1745 1635 est,
1759 1607 1789 1630 ut
1799 1603 1853 1630 hoc

1068 1659 1143 1679 nunc
1167 1651 1367 1684 concedamus;
1389 1655 1418 1678 at
1433 1658 1489 1678 non
1503 1654 1546 1678 est
1562 1650 1715 1679 substantia
1731 1650 1854 1684 particu-

1067 1696 1151 1724 lari's:
1178 1689 1262 1724 totam
1279 1697 1352 1723 enim
1370 1696 1554 1724 substantiam
1571 1695 1676 1730 integre
1694 1695 1787 1727 habet,
1804 1695 1851 1729 qui

1067 1744 1128 1779 ejus
1144 1744 1283 1778 particeps
1298 1747 1349 1773 est.
1363 1743 1465 1770 Verum
1481 1742 1565 1778 igitur
1577 1747 1629 1774 est,
1649 1742 1724 1778 quod
1740 1741 1852 1774 dicitur,

1067 1789 1140 1824 quod
1163 1797 1196 1816 ex
1216 1789 1324 1816 duabus
1339 1788 1503 1816 substantiis
1522 1788 1654 1823 perfectis
1667 1788 1775 1815 exstitit
1799 1794 1853 1814 una

1067 1835 1224 1870 hypostasis
1246 1834 1359 1867 Christi,
1377 1835 1426 1869 qui
1445 1839 1487 1862 est
1511 1835 1594 1867 Deus,
1618 1834 1690 1861 sicut
1713 1835 1803 1866 Pater,
1829 1834 1852 1861 si

1066 1888 1130 1915 pars
1145 1884 1228 1913 esset,
1244 1884 1272 1907 et
1290 1888 1344 1908 non
1358 1885 1445 1908 totum
1459 1880 1551 1915 :atqai
1565 1879 1637 1915 quod
1651 1880 1724 1907 Deus
1733 1880 1853 1915 appelle-

1067 1931 1122 1957 tur.
1138 1926 1230 1953 statim
1243 1925 1422 1958 docebimus;
1435 1925 1535 1953 deinde
1545 1925 1618 1960 quod
1631 1925 1730 1958 homo;
1746 1929 1851 1960 postea,

1066 1972 1138 2007 quod
1154 1972 1323 2006 compositus
1337 1979 1370 1999 ex
1387 1971 1517 1998 diversis.
1762 1990 1764 1992 -

1102 2017 1173 2044 XIX.
1194 2018 1268 2045 Dixit
1291 2025 1357 2053 ergo
1381 2017 1516 2045 Jeremias
1534 2017 1660 2044 indicans
1684 2017 1760 2048 hunc
1778 2026 1786 2043 :
1805 2016 1855 2044 Hic

1066 2069 1104 2091 est
1120 2064 1187 2090 Deus
1207 2068 1304 2095 noster,
1324 2068 1348 2090 et
1368 2071 1421 2090 non
1442 2063 1618 2090 cestimabitur
1640 2063 1708 2090 alius
1727 2061 1856 2089 adversus

1065 2116 1134 2135 eum;
1149 2108 1197 2135 Hic
1211 2108 1344 2134 adinvenil
1365 2115 1469 2135 omnem
1489 2109 1558 2134 viam
1574 2107 1727 2142 disciplinm,
1744 2112 1768 2134 et
1783 2107 1856 2134 dedit

1064 2153 1141 2181 illam
1163 2153 1244 2180 Jacob
1264 2161 1345 2188 puero
1365 2161 1423 2184 suo,
1445 2157 1469 2179 et
1488 2153 1573 2180 Israel
1595 2153 1690 2180 dilecto
1713 2158 1770 2180 sub.
1790 2152 1854 2180 Post

1065 2199 1120 2225 hac
1132 2199 1159 2225 in
1172 2199 1252 2225 terris
1262 2199 1333 2229 visus
1352 2203 1438 2229 ἥκει
1452 2206 1511 2225 cum
1523 2192 1670 2225 hominibus
1686 2203 1853 2231 conuersatus

1066 2249 1102 2271 est
1116 2245 1148 2271 '°.
1170 2237 1248 2277 Quod
1265 2248 1356 2271 autem
1372 2243 1425 2271 hoc
1440 2244 1602 2271 vaticinium
1624 2244 1660 2271 de
1680 2243 1791 2272 Christo
1813 2244 1853 2271 di-

1065 2295 1139 2317 ctum
1158 2290 1204 2322 sit,
1219 2290 1298 2324 plane
1312 2290 1484 2317 demonstrat
1497 2289 1672 2317 conversatio
1685 2297 1747 2317 cum
1766 2290 1853 2317 homi-

1066 2336 1157 2368 nibus,
1186 2335 1298 2370 quando
1323 2343 1435 2362 carnem
1467 2335 1591 2370 suscepit
1620 2335 1703 2365 Deus.
1734 2335 1769 2362 dc
1800 2343 1857 2370 quo

1066 2381 1153 2409 David
1170 2381 1275 2416 plectro
1291 2381 1410 2408 chordas
1433 2381 1594 2416 percutiens
1623 2381 1741 2408 canebat
1761 2390 1768 2408 :
1785 2381 1856 2408 Deus

1068 2428 1176 2455 deorum
1201 2427 1268 2454 Deus
1296 2426 1397 2454 locutus
1413 2431 1461 2458 est,
1476 2432 1501 2454 et
1520 2428 1621 2454 vocavit
1640 2431 1740 2454 terram
1750 2428 1788 2459 “;
1803 2432 1831 2454 ct
1847 2436 1856 2453 z

1068 2473 1138 2500 Deus
1160 2473 1297 2507 manifeste
1315 2473 1400 2499 veniet
1420 2473 1452 2499 ".
1468 2472 1503 2498 Et
1518 2479 1553 2499 ne
1576 2471 1647 2499 forte
1662 2472 1803 2500 existimes
1820 2471 1856 2499 de

1069 2519 1123 2546 alio
1147 2519 1288 2554 quopiam,
1312 2525 1394 2552 quam
1419 2517 1453 2544 de
1480 2518 1540 2552 ipso
1560 2517 1683 2552 praedici,
1700 2517 1774 2552 quod
1788 2517 1857 2544 sub-

1067 2565 1158 2602 jungit
1183 2565 1305 2592 declarat
1319 2572 1381 2591 eum
1400 2571 1473 2595 esse,
1488 2563 1534 2598 qui
1551 2566 1714 2598 potestatem
1727 2562 1823 2597 judicii
1840 2570 1858 2589 a

1067 2612 1147 2638 Patre
1168 2610 1284 2644 accepit,
1311 2609 1377 2644 quia
1406 2608 1492 2635 Filius
1515 2608 1637 2635 hominis
1654 2612 1712 2640 est;
1728 2607 1858 2642 sequitur

1066 2657 1140 2684 enim
1153 2665 1159 2682 :
1177 2656 1250 2691 Ignis
1266 2656 1294 2682 in
1313 2659 1451 2689 conspectu
1464 2653 1520 2688 ejus
1534 2653 1646 2684 ardebit,
1664 2658 1688 2680 et
1705 2653 1733 2680 in
1745 2654 1856 2680 circuitu

1067 2704 1124 2738 ejus
1144 2706 1284 2737 tempettas
1298 2701 1405 2728 ualida:
1420 2699 1556 2726 advocabit
1567 2699 1662 2726 caelum
1677 2699 1812 2735 desursum
1830 2702 1858 2725 et

1067 2755 1178 2782 terram,
1199 2749 1344 2775 discernere
1367 2745 1495 2782 populant
1520 2753 1597 2772 suum
1614 2744 1648 2773 ¹³.
1671 2745 1748 2778 Quod
1761 2749 1860 2772 autem

1066 2819 1136 2843 XLIX,
1154 2811 1179 2836 1.
1219 2811 1240 2825 ¹²
1262 2809 1328 2836 ibid.
1422 2807 1444 2823 ¹²
1461 2805 1528 2834 ibid.
1546 2807 1572 2838 5,
1591 2806 1615 2833 4.

885 2868 1000 2896 VARI/l5
1022 2869 1225 2897 LECTIUNES.

268 2906 278 2918 ι
291 2900 434 2934 ΙΙιικῃι-«ιηι.
454 2902 514 2940 ἀκέ;
525 2911 593 2930 αιον.
