1980 3188
140 228 208 261 1345

629 232 770 263 ORATIO
790 233 846 264 ΠΙ.
865 247 900 264 —.
914 234 963 264 DE
982 234 1277 267 INCAIINATIONE.

1696 238 1765 270 l3i6

140 284 223 312 Pater
242 293 294 311 non
313 285 419 319 judicat
438 293 597 320 quamquam
618 286 652 320 ",
675 295 708 314 ex
734 287 795 322 ipso
810 288 926 316 Domino
942 290 964 317 Α
978 290 1129 324 prophetas
1152 290 1302 321 hominem,
1323 290 1369 325 qui
1394 294 1436 318 est
1454 291 1555 326 alioqui
1570 292 1651 320 Deus.
1670 293 1765 321 Relin-

137 331 304 358 audivimus.
319 331 392 358 Deus
413 332 496 367 igitur
509 333 664 368 dijudicans
684 335 814 370 populum
832 344 922 369 suum,

137 377 265 405 Christus
289 381 332 405 est
357 378 511 405 secundum
532 379 742 408 humanitatem.

174 422 232 450 XX.
254 423 283 450 In
303 423 427 450 eamdem
450 424 616 451 sententiam
643 425 748 453 dictum
772 431 814 454 est
833 427 921 454 illud:

138 467 208 495 Deus
231 469 302 495 stetit
322 470 349 496 in
367 478 502 505 synagoga
527 470 653 504 deorum;
681 472 709 499 in
734 472 818 499 medio
837 477 924 500 autem

138 513 199 540 deos
220 514 374 548 dijudicabit
390 515 422 541 ".
441 514 548 542 Clamat
562 520 695 550 prmterea
711 516 796 544 Oseas
814 525 847 544 ex
862 525 926 553 per~

138 567 205 588 sona
225 560 286 595 ejus
303 561 483 595 prophetans,
497 566 525 588 et
539 561 633 589 dicens
653 571 659 588 :
678 562 747 589 Deus
762 571 820 590 sum
835 568 859 590 et
873 572 925 590 non

139 606 232 637 homo;
246 606 274 633 in
295 610 319 632 te
333 610 440 632 sanctus
459 606 492 633 ’⁸.
508 606 542 633 Ει
554 607 637 634 Isaias
653 607 687 634 ad
702 615 765 635 eum
780 608 904 636 referens
917 617 924 636 :

139 649 171 678 In
188 655 222 683 te,
239 651 339 685 inquit,
359 655 396 678 est
413 651 492 685 Deus,
511 656 536 679 et
556 661 607 679 non
625 658 662 680 est
684 654 753 680 alius
767 658 862 689 praeter
890 663 924 682 re.

132 694 176 722 'Tu
187 697 257 722 enim
267 705 293 722 cs
304 696 383 730 Deus,
395 701 419 723 et
435 698 600 730 nescivimus,
610 697 679 725 Deus
695 699 781 726 Israel
796 700 924 727 salvator.

139 740 352 775 Confundentur,
368 747 392 768 et
409 738 593 770 reverebantur
610 752 701 771 omnes
722 746 767 779 qui
782 745 926 773 aduersan-

140 788 184 812 t'nr
193 787 217 812 ei
232 787 266 813 ".
285 787 363 820 Quod
375 793 467 815 autem
485 789 572 816 Judaei
593 794 621 817 et
633 790 701 825 legis
718 790 848 818 doctores
865 799 928 827 pro-

141 837 203 866 pter
221 832 415 866 indumentum
444 835 536 862 carnis
551 835 576 862 ei
604 835 743 863 adversati
769 841 844 871 sunt,
869 846 927 865 ma-

140 878 272 906 nifestum
297 883 350 906 est.
375 879 444 907 Cum
465 881 539 907 enim
567 881 741 916 ignoraretur
766 883 829 917 quis
856 888 928 911 esset

139 925 230 959 quiin
257 925 347 953 aliena
372 926 459 957 forma
479 927 658 960 cernebatur,
685 928 817 956 audiebat
838 930 872 956 ab
896 930 928 957 iis

138 971 185 1005 qui
210 971 395 1006 ignorabant:
411 971 500 1004 Quare
519 977 557 1005 tu,
576 974 653 1003 homo
675 983 734 1000 cum
751 975 797 1006 sis,
816 975 880 1009 facis
904 980 928 1002 te

138 1015 224 1051 ipsum
240 1016 322 1043 Deum
338 1017 382 1043 "'l
399 1017 430 1044 Ili
448 1017 532 1052 igitur
545 1018 752 1046 confundentur
769 1019 927 1054 aliquando,

138 1070 201 1090 cum
218 1062 374 1098 intelligent
396 1062 540 1090 veritatem
566 1071 629 1091 cum
646 1065 753 1099 pudore
778 1066 929 1100 superioris

139 1108 312 1143 ignorantiae.
329 1108 419 1143 Atque
434 1108 492 1136 haec
513 1109 650 1137 hactenus
667 1117 673 1136 :
689 1118 764 1138 nunc
779 1110 822 1138 'ex
835 1111 929 1139 multis

139 1161 224 1188 pauca
237 1161 298 1188 qua:
317 1154 506 1180 testimonium
518 1154 646 1182 tribuunt
658 1154 795 1183 divinitati
814 1156 927 1190 Christi,

136 1203 166 1226 (τι
188 1199 275 1225 Deum
301 1206 362 1226 0858
382 1206 446 1226 eum
470 1207 532 1227 cum
557 1207 641 1228 carne
658 1200 858 1229 demonstrant.

174 1243 246 1271 XXI.
266 1243 345 1277 Quod
362 1249 454 1272 autem
470 1245 555 1272 homo
572 1250 625 1279 est,
651 1254 749 1274 rursus
764 1255 798 1274 ex
823 1247 928 1275 eisdem

140 1287 292 1324 Scripturis
318 1289 439 1324 Spiritus
457 1291 547 1318 sancti
570 1298 620 1326 pro
636 1291 709 1318 virili
730 1296 807 1326 parte
823 1293 929 1327 patefa-

138 1334 267 1361 ciemus.-
278 1335 373 1362 Primo
391 1335 474 1370 igitur
488 1335 573 1363 Isaias
585 1341 731 1371 postquam
744 1345 807 1364 eum
824 1338 930 1365 vocavit

140 1388 268 1414 puerum,
293 1385 322 1408 et
335 1381 441 1417 virgam
457 1389 491 1409 ex
506 1382 601 1410 radice
615 1383 692 1411 Iesse
707 1389 806 1416 ortam,
822 1390 850 1412 et
864 1385 929 1413 Em-

141 1426 307 1459 manuelem,
330 1430 360 1454 et
384 1434 488 1454 marem
512 1418 546 1456 ei
567 1428 741 1462 prophetissa
765 1434 871 1460 natum.
901 1435 930 1458 et

141 1474 285 1506 postquam
312 1472 465 1499 nominavit
481 1479 544 1499 eum
571 1471 698 1499 Celeriter
716 1473 812 1508 spolia,
838 1479 862 1501 et
878 1475 929 1501 cito

141 1517 262 1551 prtedare
277 1517 318 1548 ";
345 1517 419 1544 hunc
434 1517 524 1553 ipsum
547 1517 591 1544 his
607 1518 702 1546 verbis
722 1519 868 1546 nominans
881 1519 928 1546 ho-

142 1562 244 1589 minem
260 1571 267 1588 :
283 1561 319 1588 Et
337 1562 460 1595 uidimus,
487 1563 588 1597 inquit,
613 1571 683 1595 eum,
699 1569 724 1591 et
743 1573 796 1592 non
818 1565 930 1592 habebat

140 1609 251 1642 speciem
269 1616 354 1643 neque
366 1609 609 1644 pulchritudinem;
626 1611 672 1636 sed
693 1611 791 1646 species
809 1612 868 1646 ejus
887 1613 930 1638 in-

140 1657 272 1682 honorata
292 1663 301 1682 :
317 1654 440 1689 deﬁciens
459 1659 555 1690 prwter
578 1664 669 1683 omnes
690 1657 807 1684 homines
824 1666 833 1684 ι
853 1659 930 1684 homo

140 1701 168 1727 in
186 1701 266 1736 plaga
292 1701 429 1732 assistens,
447 1705 472 1727 et
493 1702 577 1728 sciens
601 1702 671 1737 ferre
690 1702 875 1736 inﬁrmitatem
897 1704 929 1731 “.

143 1745 176 1773 Et
209 1754 305 1773 rursus
330 1745 414 1772 David
449 1747 617 1781 psalmorum
648 1748 778 1783 scriptor,
808 1749 930 1776 divinam

142 1790 228 1826 lyram
244 1791 367 1825 plectens
381 1799 388 1816 :
403 1789 482 1822 Quid,
495 1790 594 1825 inquit,
608 1795 646 1818 est
656 1792 733 1819 homo
748 1795 816 1827 quod
833 1801 932 1820 menter

141 1845 168 1863 es
183 1837 264 1871 ejus?
282 1841 331 1863 aut
350 1835 434 1863 Filius
450 1837 574 1869 hominis,
591 1838 655 1872 quia
672 1838 763 1871 visitas
787 1839 869 1865 eum?
882 1838 932 1865 Mi-

143 1883 224 1909 nuisti
243 1891 303 1909 eum
323 1882 404 1918 paulo
428 1883 516 1910 minus
531 1882 562 1909 ab
573 1883 678 1918 angelis
699 1883 930 1911 “.—-¥Minoratus

141 1932 192 1960 est,
211 1929 296 1961 enim,
313 1934 345 1956 ut
369 1929 470 1956 Paulus
493 1929 531 1955 ait
550 1937 557 1955 :
577 1929 658 1964 paulo
672 1931 760 1956 minus
781 1939 863 1965 quam
880 1939 930 1957 an-

141 1975 205 2010 geli,
217 1975 306 2002 factus
321 1975 414 2006 homo,
428 1979 535 2010 propter
550 1976 698 2010 passionem
708 1977 801 2003 mortis
815 1982 930 2011 :quam-

141 2021 238 2047 obrem
265 2021 351 2055 gloria
385 2025 410 2047 et
434 2022 532 2048 honore
560 2026 701 2048 coronatus
726 2026 764 2048 eu
781 2023 815 2054 ",
835 2029 931 2050 omnes

140 2071 239 2101 gentes
253 2073 303 2101 pro
319 2066 420 2101 quibus
435 2070 554 2094 mortem
569 2067 671 2098 subiit,
698 2067 726 2094 in
743 2067 929 2099 haereditatem

141 2113 283 2146 accipiens
295 2121 302 2138 :
315 2111 373 2138 haec
383 2111 459 2138 enim
474 2116 534 2138 erat
548 2111 634 2146 gloria
647 2119 727 2146 quam
739 2113 811 2147 apud
823 2112 930 2140 Patrem

141 2158 263 2190 habebat,
287 2162 436 2192 antequam
460 2158 574 2184 mundus
599 2157 675 2191 ﬁeret
691 2158 721 2184 ³³.
734 2159 849 2193 Propter
861 2159 930 2186 banc

141 2205 224 2232 scivit
247 2196 320 2232 ferre
347 2203 546 2236 infirmitatem,
562 2195 591 2230 ut
607 2212 668 2238 quae
684 2205 813 2232 universo
828 2205 930 2231 mundo

142 2250 287 2277 sanitatem
313 2250 455 2277 aﬂ‘erebat.
472 2249 521 2276 Hie
541 2250 624 2284 igitur
645 2250 698 2277 etsi
714 2250 860 2278 videbatur
875 2257 929 2277 non

975 336 1079 370 quitur,
1109 341 1139 364 ut
1166 345 1199 364 ex
1221 336 1326 364 eisdem
1347 336 1499 371 Scripturis
1523 337 1698 366 manifestum
1722 339 1764 366 fa-

974 381 1090 414 ciamus,
1106 381 1245 416 qutimodo
1268 382 1340 409 idem
1359 379 1433 409 Deus
1448 386 1490 409 est
1506 381 1588 409 simul
1611 383 1710 415 homo;
1734 389 1766 410 ut

973 434 1035 461 quae
1069 427 1190 454 diximus
1212 427 1406 455 auctoritatem
1434 427 1576 460 habeant,
1597 428 1767 455 testimoniis

975 472 1185 507 Scripturarum
1208 473 1381 501 conﬁrmata.
1397 473 1549 501 Considera
1575 473 1660 509 igitur
1685 474 1764 506 mihi,

975 526 1009 545 an
1034 518 1086 545 hoc
1110 519 1293 553 compositum
1316 519 1401 546 David
1418 519 1446 546 in
1461 520 1606 554 aenigmate
1631 517 1776 554 signiﬁcet’

976 563 1003 590 in
1026 564 1133 598 psalmo
1156 564 1367 600 quadragesimo
1395 570 1512 600 quarto,
1541 565 1589 600 qui
1615 565 1766 600 inscriptus

975 615 1017 637 est
1038 618 1044 636 :
1061 609 1113 637 Pro
1131 611 1303 637 immutandis
1325 611 1361 638 ad
1388 611 1550 638 intellectum
1569 611 1703 638 canticum
1718 618 1770 645 pro

976 655 1070 682 dilecto
1082 655 1114 681 “.
1128 656 1249 683 Dilectus
1263 661 1355 683 autem
1369 661 1411 684 est
1424 657 1501 684 solus
1520 656 1617 689 Filius,
1636 660 1665 683 ut
1682 660 1767 683 testa-

978 704 1023 727 tur
1035 701 1216 736 Evangelium
1233 702 1261 728 in
1281 709 1336 736 quo
1351 710 1402 729 vox
1418 703 1507 729 Patris
1521 702 1610 729 fertur
1620 709 1682 736 qua:
1696 701 1767 728 dixit

976 745 1087 773 Christo
1116 755 1123 773 :
1150 747 1187 773 Tu
1209 755 1236 773 es
1260 746 1342 773 Filius
1358 755 1429 774 meus
1444 747 1553 774 dilectus
1569 747 1602 773 ".
1627 746 1677 774 Hic
1692 746 1766 774 enim

978 795 1100 819 mutatus
1121 796 1164 819 est
1181 792 1271 820 factus
1293 793 1387 824 homo,
1412 801 1466 820 non
1487 793 1638 820 mutatione
1661 797 1766 820 natura

977 837 1168 871 immutabilis,
1187 839 1235 866 sed
1257 839 1444 874 assumptione
1464 839 1579 866 alterius
1594 848 1600 866 ε
1615 839 1676 866 Hec
1692 839 1765 865 enim

978 887 1016 909 est
1027 884 1138 910 mutatio
1152 883 1267 911 dextere
1278 884 1406 912 Allissimi
1423 885 1456 916 ⁸ο,
1468 884 1611 919 quae-facta
1623 887 1676 915 est,
1691 883 1765 918 quod

979 937 1033 956 non
1054 935 1124 957 erat.
1150 929 1204 956 Aut
1227 930 1290 957 sic:
1312 929 1365 956 Pro
1383 930 1555 956 immutandis
1579 929 1698 964 gentibus
1718 936 1766 963 per
1805 935 1810 938 '

945 965 967 993 Β
983 976 1083 1010 ipsum.
1104 975 1133 1002 In
1154 975 1207 1014 hoc
1226 975 1310 1010 igitur
1335 976 1439 1010 pSalmo
1464 983 1512 1011 pro
1533 974 1638 1007 dilecto,
1652 974 1695 1001 vel
1718 981 1766 1009 pro

982 1022 1155 1048 immulandis
1178 1022 1217 1049 ait
1238 1021 1342 1049 David:
1364 1020 1500 1056 Spatiosas
1525 1020 1611 1054 forma
1632 1027 1687 1054 prae
1702 1018 1766 1052 ﬁliis

983 1067 1134 1100 hominum;
1149 1067 1243 1103 diffusa
1258 1071 1295 1094 est
1309 1067 1397 1102 gratia
1413 1067 1441 1093 in
1463 1066 1538 1093 labiis
1558 1066 1609 1092 tuis
1624 1073 1633 1092 :
1647 1068 1767 1100 propter-

982 1120 1014 1139 ea
1033 1113 1108 1138 unxit
1120 1116 1145 1138 te
1165 1111 1246 1144 Deus,
1266 1112 1335 1139 Deus
1356 1116 1426 1143 tuus,
1443 1111 1500 1138 oleo
1513 1110 1697 1138 exsultationis
1711 1117 1766 1144 pne

982 1158 1155 1193 participibus
1168 1159 1219 1184 tuis
1239 1157 1273 1184 “.
1291 1157 1369 1190 Quod
1382 1156 1555 1185 manifestius
1570 1155 1635 1184 fecit
1651 1154 1722 1182 alius
1732 1162 1768 1182 ex

983 1204 1194 1239 interpretibus,
1210 1204 1356 1239 inquiens:
1376 1203 1455 1231 Unxit
1477 1207 1500 1229 te
1515 1203 1594 1234 Deus,
1609 1202 1677 1229 Deus
1691 1207 1766 1233 tuus-,-

983 1250 1095 1285 ungitur
1110 1250 1184 1276 enim
1199 1250 1273 1277 Deus
1287 1250 1380 1280 aDeo,
1396 1256 1450 1275 non
1463 1252 1601 1283 quatenus
1620 1247 1702 1279 Deus,
1717 1246 1766 1273 sed

981 1300 1118 1330 quatenus
1134 1295 1219 1322 Filius
1241 1294 1371 1322 hominis.
1387 1294 1456 1322 Cum
1477 1294 1552 1321 enim
1565 1297 1687 1320 vocasset
1702 1299 1766 1319 cum

983 1342 1070 1368 illium
1097 1341 1227 1373 hominis,
1252 1342 1397 1376 speciosum
1423 1340 1509 1374 forma
1525 1346 1581 1374 prin
1595 1337 1657 1372 ﬁliis
1681 1338 1766 1364 homi-

982 1395 1063 1420 num;
1073 1394 1106 1414 ne
1121 1387 1169 1422 qui
1181 1386 1250 1414 forte
1263 1394 1312 1421 per
1325 1385 1490 1421 imperitiam
1504 1383 1644 1411 hominem
1661 1386 1766 1409 tantum

982 1441 1043 1461 esse
1065 1433 1285 1467 suspicarentur,
1303 1432 1394 1459 divina
1421 1431 1506 1466 gratia
1531 1437 1586 1464 prs
1602 1429 1664 1456 aliis
1680 1428 1768 1455 homi-

983 1479 1066 1506 nibus
1084 1478 1256 1510 decoratum,
1275 1485 1338 1505 eum
1357 1477 1487 1511 deinceps
1501 1476 1586 1502 Deum
1604 1473 1767 1505 nominavit.

983 1524 1113 1559 inquiens
1134 1532 1141 1550 ε
1166 1524 1246 1551 Until
1267 1527 1290 1549 te
1309 1523 1389 1554 Deus,
1410 1522 1479 1549 Deus
1498 1526 1558 1548 tuus
1581 1521 1638 1547 olea
1652 1519 1768 1546 exsulta-

983 1571 1062 1597 tionis
1078 1577 1134 1604 prce
1155 1569 1326 1604 participibus
1347 1569 1408 1595 (ais.
1432 1567 1536 1595 Similia
1555 1567 1599 1594 his
1614 1570 1689 1597 sunt,
1708 1573 1769 1600 qua:

983 1607 1121 1642 Dominus
1131 1622 1145 1641 a
1157 1613 1273 1640 mortuis
1284 1613 1433 1649 suscitatus
1447 1611 1516 1638 dixit
1526 1611 1637 1638 Mariae:
1650 1610 1769 1643 Ascenao

983 1659 1018 1685 ad
1038 1658 1148 1685 Patrem
1165 1666 1252 1684 meum
1267 1662 1291 1684 et
1307 1657 1415 1684 Patrem
1437 1659 1562 1686 vestrum,
1588 1654 1671 1681 Deum
1683 1661 1768 1680 meum

981 1707 1011 1730 et
1029 1703 1114 1730 Deum
1138 1707 1254 1729 uestrum
1274 1702 1306 1728 ".
1331 1701 1416 1728 Nemo
1441 1701 1534 1728 autem
1558 1704 1601 1727 est
1625 1703 1769 1733 tantopere

981 1756 1064 1776 sensu
1089 1748 1191 1776 mentis
1216 1756 1294 1782 puer,
1321 1751 1351 1774 ut
1375 1745 1531 1780 suspicetur
1552 1752 1616 1772 eum
1633 1745 1681 1779 qui
1705 1752 1771 1771 vere

981 1793 1054 1821 Deus
1075 1797 1127 1825 est,
1155 1792 1268 1827 proprie
1296 1791 1350 1818 dici
1376 1797 1456 1825 posse
1481 1789 1583 1816 habere
1597 1789 1700 1820 Deum;
1718 1795 1770 1815 nec

980 1847 1043 1866 eum
1061 1838 1107 1873 qui
1130 1838 1212 1865 homo
1235 1842 1343 1864 tantum
1359 1836 1406 1869 sit,
1420 1837 1528 1863 Patrem
1543 1842 1642 1862 vocare
1658 1832 1769 1868 proprie

981 1885 1069 1911 Deum
1095 1891 1187 1910 suum.
1206 1882 1259 1909 Sed
1283 1882 1348 1917 quia
1363 1881 1417 1908 hoc
1429 1886 1457 1908 et
1472 1880 1541 1907 illud
1557 1884 1599 1907 est
1615 1880 1642 1906 in
1659 1879 1768 1910 eodem,

980 1929 1054 1956 Deus
1077 1928 1158 1955 simul
1177 1932 1205 1955 et
1223 1928 1317 1960 homo,
1335 1931 1484 1960 utrumque
1498 1925 1610 1960 proprie
1633 1932 1694 1951 esse
1707 1932 1768 1951 cer-

981 1974 1077 2000 nitur:
1097 1973 1183 2009 Filius
1199 1972 1274 1999 enim
1291 1976 1344 2004 est,
1363 1975 1391 1998 et
1407 1979 1520 2005 servus;
1538 1970 1642 1997 idcirco
1659 1969 1769 2004 proprie

980 2023 1060 2046 vocat
1075 2020 1173 2051 Deum,
1189 2019 1270 2046 simul
1294 2018 1379 2045 Deum
1395 2022 1423 2044 et
1441 2017 1550 2044 Patrem
1565 2026 1571 2043 ε
1588 2016 1696 2043 Patrem
1709 2015 1770 2050 qui-

981 2066 1044 2094 dem
1060 2071 1091 2094 ut
1106 2066 1218 2093 Patrem
1231 2065 1291 2097 Dei,
1306 2065 1391 2092 Deum
1406 2071 1473 2091 vero
1491 2068 1521 2090 ut
1537 2063 1622 2090 Deum
1637 2062 1767 2094 hominis.

980 2112 1041 2139 Non
1068 2112 1142 2139 enim
1174 2115 1266 2146 potest
1292 2111 1355 2145 qtlis
1384 2117 1531 2145 separare,
1558 2117 1619 2144 qua:
1645 2107 1768 2143 separari

980 2166 1036 2185 non
1055 2161 1182 2192 possunt.
1197 2157 1261 2184 dum
1280 2155 1407 2183 Christus
1421 2162 1473 2188 est,
1492 2155 1539 2190 qui
1554 2162 1587 2182 ex
1602 2154 1644 2182 his
1658 2159 1770 2188 compo-

981 2204 1050 2231 situs
1071 2207 1122 2230 est.

1017 2248 1112 2276 XXIII.
1134 2248 1211 2275 Unde
1243 2248 1376 2275 adversus
1399 2255 1457 2279 eos,
1482 2247 1528 2281 qui
1551 2251 1664 2281 propter
1688 2245 1768 2273 indu-

143 2296 246 2323 habere
269 2296 391 2330 speciem
414 2295 456 2322 vel
475 2295 733 2330 pulchritudinem:
756 2296 825 2323 Erat
842 2301 929 2323 tamen
946 2309 967 2336 D
982 2298 1105 2321 mentum
1128 2294 1221 2321 carnis
1241 2293 1348 2328 decepti
1374 2297 1447 2326 sunt,
1470 2293 1684 2326 exiStimantque
1705 2299 1769 2326 pro-

140 2339 271 2372 speciosus
295 2339 381 2373 [arma
397 2347 451 2378 pra:
461 2339 525 2373 ﬁliis
543 2340 678 2366 hominum
694 2341 726 2367 ".
747 2340 832 2368 Filius
856 2340 930 2368 enim

141 2390 202 2412 erat
225 2385 284 2417 Dei,
311 2391 338 2411 et
366 2385 454 2412 Filius
480 2385 601 2413 hominis
629 2386 818 2418 confirmatus.
844 2391 872 2414 et
892 2387 933 2414 uir

141 2432 258 2458 dextera:
282 2439 297 2458 a
325 2431 430 2466 Spiritu
455 2437 550 2459 sancto
567 2426 696 2459 vocatus.
733 2431 805 2465 Fiat,
831 2433 931 2468 inquit,

142 2487 238 2505 manus
258 2483 304 2504 tua
318 2487 405 2513 super
420 2479 505 2505 virum
523 2479 636 2506 dextera
657 2484 718 2511 tute,
735 2483 760 2505 el
781 2487 860 2514 super
886 2479 931 2506 Fi-

143 2524 208 2551 lium
226 2524 338 2551 hominis
364 2532 440 2559 quem
460 2524 624 2558 conﬁrmasti
640 2525 685 2551 tibi
700 2525 732 2551 ".
755 2525 861 2552 Dicitur
887 2525 931 2552 vir

141 2568 251 2601 Oriens,
277 2569 428 2596 secundum
450 2569 623 2604 prophetiam
638 2569 777 2597 Zachariae
792 2578 855 2597 cum
873 2571 928 2597 ait:

143 2614 210 2642 Ecce
226 2615 276 2647 vir,
301 2615 396 2642 Oriens
422 2623 518 2642 nomen
544 2616 600 2650 ejus
617 2615 638 2631 ³⁸
654 2625 660 2642 ;
676 2623 780 2643 marem
803 2607 877 2642 enim
897 2623 930 2643 ex

143 2660 317 2696 prophetissa
340 2660 457 2692 editum,
475 2665 506 2688 ut
521 2660 604 2688 Isaias
627 2660 824 2695 evangelizavit
839 2661 872 2692 "’,
889 2669 932 2688 re-

138 2707 211 2742 liqui
232 2707 400 2742 interpretes
421 2711 591 2734 vocaverunt
608 2706 704 2733 virum.

178 2752 264 2781 XXII.
281 2753 506 2780 Demonstratum
519 2760 585 2788 ergo
599 2756 642 2780 est
652 2751 748 2779 vocari
766 2753 849 2780 etiam
861 2751 933 2786 apud

178 2830 200 2846 "
224 2831 304 2858 Joan.
327 2838 352 2861 ν,
370 2811 414 2856 ἑξ.
452 2829 475 2845 ¹⁸
493 2829 565 2857 Psal.
584 2837 671 2862 unt,
691 2829 717 2856 ι.
767 2828 790 2844 ¹⁶
805 2828 875 2856 Osee
896 2837 928 2861 ιι,

1029 2828 1051 2844 ιτ
1067 2829 1202 2862 ιεημιν.
1228 2811 1342 2857 ιι-ιθ.’
1367 2830 1390 2846 η
1412 2830 1491 2858 Joan.
1517 2839 1543 2861 ι,
1572 2831 1616 2860 53.

589 2865 609 2880 ³¹
627 2864 698 2891 Psal.
724 2871 782 2896 vm,
808 2864 835 2895 5,
857 2865 882 2891 6.
913 2863 944 2889 ."
966 2863 1051 2891 llebr.
1078 2872 1107 2896 ιι,
1125 2861 1151 2894 7,
1168 2861 1217 2888 9."
1240 2865 1317 2892 Joan.
1335 2873 1400 2896 xvu,
1425 2865 1451 2892 5.

144 2873 202 2895 vni.
229 2869 253 2892 ι.
293 2865 316 2881 ³⁸
334 2865 384 2892 lsa.
404 2872 459 2896 un,
476 2865 504 2897 Ξ,
522 2865 549 2892 5.

147 2900 169 2916 ⁵-³
189 2900 259 2928 I‘sal.
279 2908 369 2931 Lxxtx.
394 2900 436 2927 18.
476 2900 499 2915 ³⁸
522 2900 604 2927 Zach.
623 2907 660 2932 Vl,
684 2899 728 2926 η.
767 2899 788 2914 ³⁷
813 2898 864 2926 isa.
883 2906 938 2930 \‘lll,
965 2899 992 2926 3'.

147 2943 236 2968 Luvr.
265 2936 306 2963 ll.
347 2936 367 2951 “
396 2934 469 2964 Psal.
511 2942 583 2970 xttv,
612 2935 638 2968 3,
661 2934 688 2962 8.
726 2934 748 2950 δ’
768 2933 846 2961 Joan.
868 2941 912 2966 xx,
930 2934 972 2961 I7.

982 2340 1092 2375 phelam
1124 2345 1250 2367 sanctum
1279 2347 1340 2367 esse
1367 2347 1441 2370 cum,
1460 2339 1604 2373 viderique
1629 2338 1770 2365 hominem

983 2390 1107 2418 tantum;
1129 2385 1167 2412 ait
1186 2379 1319 2412 Dominus
1341 2392 1390 2419 per
1413 2385 1573 2413 Zachariam
1588 2384 1768 2419 prophetam:

981 2431 1041 2459 Non
1069 2440 1127 2458 sum
1149 2439 1195 2466 ego
1221 2432 1359 2467 propheta,
1387 2433 1450 2466 quia
1469 2433 1546 2458 homo
1562 2431 1651 2466 genuit
1674 2438 1714 2457 me
1737 2429 1769 2456 ab

983 2476 1160 2515 adolescentia
1185 2485 1243 2503 mea
1263 2477 1299 2509 ";
1324 2477 1351 2504 id
1369 2481 1412 2504 est
1423 2486 1431 2513 q:
1450 2477 1489 2504 Ne
1508 2476 1660 2507 existimes,
1675 2475 1723 2510 qui
1735 2483 1769 2502 ex

983 2523 1095 2550 homine
1122 2523 1231 2558 genitus
1254 2531 1325 2555 sum,
1340 2523 1501 2558 prophetam
1518 2530 1578 2549 esse
1593 2530 1600 2548 :
1617 2529 1684 2548 mea:
1695 2520 1771 2547 enim

983 2569 1176 2597 adolescentia:
1191 2573 1234 2596 est
1247 2570 1305 2596 haec
1319 2569 1471 2604 generatio,
1489 2576 1544 2595 non
1559 2572 1651 2595 autem
1663 2572 1773 2594 :eternze

982 2623 1050 2642 mea:
1074 2615 1212 2642 essentia}.
1238 2615 1272 2642 Et
1302 2623 1352 2650 per
1370 2615 1453 2642 alium
1477 2614 1641 2649 prophetam
1669 2613 1774 2640 clarius

983 2660 1073 2687 dixit:
1089 2660 1158 2687 Deus
1177 2669 1247 2692 sum,
1268 2664 1292 2686 et
1318 2669 1370 2687 non
1389 2661 1481 2693 homo;
1503 2661 1530 2688 in
1550 2665 1575 2687 te
1596 2665 1702 2687 sanctus
1727 2659 1771 2692 “;

984 2713 1038 2732 non
1058 2709 1141 2740 negat
1163 2714 1193 2732 se
1220 2706 1370 2738 hominem,
1397 2707 1444 2734 sed
1469 2707 1561 2742 potius
1585 2714 1620 2734 es
1640 2714 1674 2734 eo
1696 2706 1772 2741 quod

983 2751 1169 2786 principalius
1189 2756 1240 2783 est,
1270 2757 1298 2780 et
1327 2752 1402 2787 quod
1425 2761 1481 2780 non
1507 2753 1684 2785 credebatur,
1706 2753 1772 2787 quia

1668 2831 1691 2847 ”
1718 2831 1768 2858 Isa.

1508 2865 1531 2881 “
1550 2866 1622 2893 Psal.
1643 2874 1714 2896 xuv.
1743 2867 1772 2894 5.

1339 2901 1360 2916 ³³
1388 2899 1482 2927 Matth.
1509 2908 1546 2930 ιιι.
1572 2902 1614 2927 l7.
1653 2902 1675 2917 ⁸⁰
1698 2901 1772 2929 Psal.

1302 2936 1323 2950 "'
1342 2934 1411 2962 Osce
1439 2943 1474 2968 ιιι,
1497 2937 1524 2963 9.

1031 2899 1052 2914 ³⁸
1076 2898 1145 2926 Psal.
1167 2907 1238 2930 λων,
1266 2901 1290 2926 Ι.

1012 2934 1034 2950 ⁸³
1054 2934 1138 2962 Zach.
1160 2943 1216 2967 λιιι,
