1980 3188
233 212 298 246 1367

787 217 817 246 S.
837 216 1036 246 ANASTASII
1052 215 1287 253 ANTIOCHENI

1786 214 1857 247 1348

231 269 317 297 oculis
342 269 433 297 carnis
455 277 510 297 non
532 270 695 303 videbatur,
721 271 842 306 seipsum
870 271 1015 299 nominat:
1033 273 1052 301 Α
1068 270 1121 297 sit?
1133 270 1156 298 si
1169 270 1242 297 enim
1259 277 1315 297 non
1327 269 1402 302 facit,
1423 275 1453 298 ut
1467 269 1558 298 aiebat
1575 269 1606 302 “’,
1626 277 1709 305 opera
1733 270 1793 305 ejus
1807 272 1857 306 qui

232 319 294 341 erat
314 314 388 350 enim
409 318 437 341 et
464 319 508 343 est
534 320 693 351 utrumque,
716 323 750 344 ex
767 324 822 351 quo
851 317 1021 344 instrumen-

232 363 290 386 tum
313 368 478 394 corporeum
499 361 552 388 sibi
571 361 677 396 aptavit
701 367 807 389 naturae
828 362 928 390 divinae.
942 362 1022 389 vehi-

231 406 336 437 culum,
361 414 416 441 quo
442 408 560 434 salutem
577 408 754 435 machinatus
768 412 822 440 est,
836 409 937 443 quibus
952 415 1021 443 opus

231 456 301 479 erat.
314 451 419 479 idcirco
433 456 494 487 post
510 453 645 480 sacriﬁcia
657 453 726 488 legis
746 461 806 488 qua:
823 453 953 488 prodesse
966 461 1021 480 non

231 502 390 532 potuerant,
414 498 505 526 aiebat
520 507 526 525 :
544 499 611 526 Ecce
628 501 702 526 uenio
723 504 815 534 aptato
836 499 899 526 mihi
913 506 1031 533 corpore,

231 551 287 578 quo
300 548 442 578 peccatum
453 544 547 571 mundi
565 545 674 577 tollam;
685 545 743 572 haec
754 545 829 572 enim
846 549 888 572 est
897 545 1022 572 voluntas

231 588 332 620 Patris,
358 593 389 616 ut
409 596 504 616 omnes
531 589 657 617 homines
672 591 739 617 salvi
762 590 830 618 liant
848 599 854 617 :
874 590 963 622 Venio,
980 590 1021 617 in-

232 635 302 668 quit,
321 639 349 661 ut
371 634 469 669 faciam
493 635 656 663 uoluntatem
680 641 755 663 tuam
779 636 812 663 δ’.

268 680 362 708 XXIV.
382 681 576 709 Demonstrato
589 683 673 717 igitur
691 684 724 710 iis
735 684 782 718 qui
794 692 848 711 non
861 688 925 711 sunt
941 683 1022 711 nimis

232 723 266 751 ab
291 725 429 752 audiendo
451 731 478 753 et
498 727 658 755 obedientia
686 729 781 760 alieni,
799 729 872 762 quod
890 729 963 756 Deus
979 733 1022 756 est

231 769 369 803 Christus,
393 777 422 800 et
445 772 518 806 quod
542 773 642 805 homo;
665 779 693 801 et
714 775 788 809 quod
808 775 880 801 Deus
896 775 976 801 simul
995 778 1022 802 et

232 815 315 843 homo
329 822 381 848 est,
407 819 567 845 testimonio
595 819 664 854 legis
686 825 715 846 et
741 820 959 854 prophetarum:
980 824 1020 847 ta-

232 863 311 889 metsi
326 871 528 897 supervacuum
546 864 583 890 sit
599 865 756 892 testimonia
770 865 838 892 Novi
852 865 1021 893 Testamenti

232 904 374 937 adhibere,
401 911 492 933 tamen
517 915 551 934 cx
567 908 732 935 redundanti
757 909 891 936 accedant
919 910 952 937 ad
972 918 1020 937 ve-

233 954 291 977 tera
308 959 377 979 nova
397 960 458 986 qum
480 953 535 980 illis
560 955 626 988 ipsis
649 961 812 988 consonent,
835 961 963 991 tanquam
985 957 1019 984 ah

232 1003 287 1023 uno
309 998 455 1026 et.eodem
474 999 579 1034 Spiritu
600 1001 713 1036 scripta.
733 1001 805 1034 Quid
822 1008 914 1030 autem
930 1007 971 1030 est
991 1003 1018 1031 in

231 1041 275 1069 his
291 1044 463 1077 explanatius
480 1047 592 1074 nomine
606 1047 777 1080 Emmanuel,
797 1048 866 1083 quod
888 1050 1018 1084 interpre-

231 1090 318 1113 tatum
336 1092 383 1120 est,
408 1094 438 1116 ut
458 1091 496 1117 ait
512 1090 685 1125 Evangelista
703 1092 724 1107 “
741 1101 748 1118 :
768 1092 908 1120 Nobiscum
926 1093 1020 1120 Deus?

231 1139 287 1159 non
308 1133 388 1160 aliter
411 1135 558 1163 uobiscum
576 1137 649 1164 Deus
664 1136 766 1169 dictus,
792 1138 847 1164 nisi
863 1139 928 1173 quia
947 1139 1020 1166 Deus

230 1182 291 1204 erat
307 1179 389 1206 simul
408 1185 432 1207 et
457 1183 544 1214 homo,
569 1190 603 1210 ex
629 1183 711 1211 nobis
736 1184 818 1211 simul
845 1189 874 1212 et
889 1193 923 1212 ex
938 1185 1018 1212 Deo:

232 1223 391 1258 hujusmodi
415 1228 489 1254 enim
507 1233 549 1255 est
563 1230 729 1263 compositio
748 1229 909 1258 Salvatoris.
941 1231 1018 1259 Unde

232 1276 294 1296 cum
314 1271 434 1304 pontifex
459 1273 653 1308 jusjurandum
675 1275 701 1301 ei
729 1276 929 1310 proposuisset,
953 1277 1018 1304 dum

230 1315 365 1349 judicium
390 1321 418 1343 et
431 1318 597 1346 calumniam
611 1320 728 1352 subiret,
747 1321 873 1356 nihilque
889 1322 923 1350 ad
937 1322 1019 1351 falsas

231 1360 441 1390 criminationes
468 1364 658 1398 responderet,
686 1367 871 1400 interrogatus
900 1375 935 1395 an
960 1369 1018 1404 ipse.

231 1405 319 1434 Filius
328 1407 375 1434 Dei
385 1414 467 1440 esset,
477 1411 650 1438 commodum
660 1412 803 1446 respondit
815 1421 821 1439 :
831 1413 866 1440 Tu
881 1414 970 1441 dixisti
980 1415 1016 1448 *7;

231 1459 297 1480 sane
316 1454 429 1487 quidem
452 1462 508 1482 non
525 1463 655 1484 assensus
678 1457 776 1485 fuisset
798 1460 1017 1493 percunctationi

231 1497 302 1532 ejus,
329 1499 377 1532 qui
404 1501 540 1528 malitiose
556 1505 584 1528 et
598 1503 764 1530 veteratorie
784 1504 976 1539 jusjurandum
991 1506 1017 1534 ei

230 1541 377 1573 inferebat,
399 1545 450 1571 nisi
477 1547 556 1580 plane
583 1547 667 1574 sciret
692 1555 720 1576 se
747 1549 833 1578 Deum
850 1558 910 1578 esse
936 1551 1016 1579 simul

230 1590 259 1613 et
275 1587 425 1617 hominem.
443 1590 551 1618 Etenim
574 1591 596 1618 si
614 1592 696 1619 homo
718 1594 807 1621 solum
826 1599 895 1627 erat,
913 1600 943 1625 ut
957 1597 1018 1631 qui-
1033 1607 1053 1634 α

230 1631 292 1659 dam
318 1633 351 1660 de
372 1642 406 1661 eo
423 1636 555 1669 sentiunt,
575 1638 714 1671 quomodo
727 1639 881 1668 ailirmabat
894 1649 922 1668 se
934 1642 1021 1670 Deum

230 1677 265 1705 de
279 1680 333 1705 hoc
344 1679 548 1715 interrogatus?
564 1682 624 1710 Non
640 1685 713 1710 enim
728 1690 854 1713 servatur
869 1688 1020 1715 secundum

231 1722 299 1750 istos
320 1724 390 1750 ratio
414 1725 496 1759 justi;
514 1726 651 1760 siquidem
668 1729 715 1762 qui
737 1729 890 1758 divinitatis
905 1731 1020 1766 gloriam

229 1772 258 1794 et
276 1768 435 1802 opinionem
461 1770 512 1797 sibi
537 1773 663 1805 assumit,
690 1780 752 1800 cum
776 1774 878 1809 alioqui
906 1784 962 1803 non
985 1777 1020 1804 sit

230 1811 313 1843 Dcus,
341 1811 399 1840 non
415 1814 504 1841 solum
522 1821 632 1843 nonest
653 1818 755 1852 justus,
778 1818 826 1846 sed
849 1820 926 1847 valde
945 1821 1019 1849 blas-

229 1858 367 1895 phemus;
388 1861 462 1894 atqui
485 1865 614 1895 tanquam
631 1863 820 1897 blasphemum
833 1865 900 1892 fatui
913 1871 940 1893 et
954 1867 1018 1894 caeci

227 1912 292 1932 eum
319 1905 353 1931 ad
374 1911 489 1933 mortem
515 1907 726 1939 damnaverunt,
744 1917 799 1936 non
821 1910 1016 1946 intelligentes,

227 1950 303 1984 quod
321 1951 394 1977 clare
409 1957 437 1979 et
451 1960 516 1979 vere
535 1953 639 1980 dictum
659 1961 730 1981 erat.
744 1954 834 1988 Quare
847 1956 965 1984 alterum
983 1966 1016 1985 ex

229 1994 338 2022 duobus
351 1998 539 2024 necessarium
559 2003 612 2030 cst,
627 2003 675 2025 aut
691 2000 816 2028 conliteri
836 2008 899 2028 eum
912 2002 1015 2036 Deum;

226 2045 275 2067 aut
292 2048 382 2075 neque
405 2042 544 2070 hominem
567 2044 677 2078 quidem
690 2046 806 2080 justum,
829 2048 878 2082 qui
901 2056 930 2075 se
948 2049 1016 2077 dixit

228 2085 313 2113 Deum
326 2095 386 2114 esse
404 2096 410 2113 :
426 2088 499 2115 sicut
513 2090 586 2116 enim
606 2090 688 2121 unius
711 2093 820 2126 negatio
843 2094 957 2122 alterius
973 2099 1015 2123 est

228 2133 381 2165 recusatio;
409 2134 448 2160 sic
469 2135 552 2161 unius
580 2135 725 2163 allirmatio
743 2137 858 2166 alterius
882 2143 925 2166 est
946 2147 1013 2167 con-

226 2174 356 2204 firmatio.
367 2172 460 2212 Itaque
469 2179 666 2208 conﬁtentibus
675 2181 779 2216 justum
794 2182 933 2216 hominem
941 2192 1012 2218 esse,

224 2222 362 2256 sequitur,
391 2228 420 2250 ut
445 2226 603 2252 necessario
621 2227 705 2254 Deum
732 2234 793 2254 esse
817 2228 1010 2263 conﬁteantur,

222 2267 273 2301 qui
290 2267 359 2296 dixit
375 2276 404 2296 se
423 2277 484 2297 esse
501 2271 597 2299 Deum.
614 2272 685 2305 Quid
699 2273 773 2300 enim
792 2274 884 2302 obstat
897 2275 962 2309 quin
976 2275 1013 2304 ita
1030 2271 1052 2298 Ι)

297 2336 380 2375 RsaL
394 2339 539 2375 μεθ-7,
562 2339 587 2365 8.
626 2340 649 2354 “
668 2340 762 2367 Matth.
787 2349 806 2372 ι.
824 2341 869 2369 25.
909 2342 931 2358 "
948 2343 1018 2370 Mattl

1070 2352 1134 2375 (XVI,
1154 2344 1197 2372 64.

222 2369 249 2384 ³ο
266 2370 334 2398 ibid.
351 2372 394 2399 19.
433 2373 568 2400 “lJoau.
585 2382 624 2406 ιιι,
640 2375 667 2402 2.
705 2369 919 2409 -'uum.ix,5.
958 2378 1018 2405 ιιι(

1070 2369 1147 2412 (tu,
1157 2369 1209 2407 “to.
1249 2381 1271 2397 ιι
1282 2369 1376 2409 riis:
1393 2369 1422 2415 ἧς

1068 323 1133 343 eum
1149 315 1235 348 misit,
1259 323 1313 343 non
1331 320 1373 344 est
1387 316 1557 344 credendum
1571 315 1596 344 ei
1612 323 1673 344 esse
1697 316 1799 349 Deum;
1813 317 1859 344 sin

1069 368 1135 387 vero
1152 360 1228 393 facit,
1240 368 1354 388 necesse
1367 366 1410 388 est
1421 362 1553 396 operibus
1568 362 1628 396 ejus
1640 361 1756 390 credere
1772 371 1778 388 :
1799 362 1859 389 lucc

1069 406 1143 433 enim
1169 406 1362 434 demonstrant
1388 407 1583 439 substantiam,
1607 407 1760 435 secundum
1783 407 1860 436 axio-

1070 460 1114 480 ma
1129 453 1203 487 quod
1221 453 1262 480 ait
1276 461 1282 478 :
1297 453 1420 486 Quorum
1434 457 1477 480 est
1492 453 1616 488 operatio
1626 453 1733 485 eadem,
1749 457 1777 481 et
1792 453 1860 481 sub—

1069 498 1170 525 stantia
1196 506 1260 530 una,
1283 498 1379 525 eadem
1395 498 1450 526 erit
1473 503 1501 526 et
1516 498 1705 533 suboperatio.
1721 498 1860 531 Quocirca

1070 542 1100 569 in
1123 551 1207 570 carne
1233 544 1338 571 latebat
1371 544 1615 572 consubstantialis
1640 543 1860 576 Patri,'eadem—

1070 596 1124 623 que
1152 589 1192 615 illi
1218 589 1334 622 faciens,
1362 590 1410 624 qui
1438 590 1553 617 aiebat:
1577 589 1660 618 Pater
1681 598 1753 616 meus
1775 597 1860 624 usque

1071 635 1147 661 modo
1169 639 1307 669 operatur,
1329 639 1352 661 et
1372 643 1418 670 ego
1440 644 1533 670 operor
1551 636 1583 662 δ’.
1597 635 1632 663 Ει
1655 635 1755 663 iterum
1773 644 1779 661 :
1794 634 1861 667 Qua:

1071 680 1139 706 uidet
1156 680 1264 707 Patrem
1281 681 1430 715 facientem,
1445 682 1500 708 [uec
1511 681 1594 708 Filius
1607 681 1729 708 similiter
1744 681 1806 716 facit
1824 682 1857 708 ".

1108 725 1189 752 XXV.
1215 726 1302 754 Recte
1324 733 1390 760 ergo
1413 726 1449 754 de
1472 727 1528 754 Deo
1547 726 1698 754 sentientes
1716 727 1860 754 videbimus

1071 778 1130 796 eum
1146 771 1224 797 siculi
1238 771 1316 804 est“,
1334 779 1389 798 non
1408 767 1529 806 quantus
1543 776 1586 799 est
1598 781 1604 798 :
1617 777 1660 799 est
1679 777 1772 799 autem
1788 772 1860 799 Deus

1071 816 1218 844 benedictus
1237 818 1264 844 in
1279 817 1390 849 swcuia,
1409 822 1439 844 ut
1457 818 1606 852 Apostolus
1622 818 1703 845 ait“.
1722 818 1775 844 Sed
1790 818 1858 844 licet

1071 862 1143 890 Deus
1159 868 1211 894 est,
1226 868 1317 891 tamen
1331 871 1365 891 ex
1373 865 1460 891 altera
1470 870 1547 898 parte
1559 871 1570 885 α
1585 872 1601 891 a
1616 872 1646 892 se
1667 865 1724 899 ipse
1742 868 1859 892 vocatus

1072 909 1218 943 reperitur,
1231 909 1298 944 quin
1310 910 1395 937 etiam
1408 918 1425 937 a
1435 910 1580 945 discipulis
1594 911 1664 944 suis;
1680 910 1770 938 aiebat
1784 911 1859 937 enim

1038 943 1056 970 Β
1070 955 1174 982 Judaais
1190 965 1196 981 :
1212 943 1287 983 Nunc
1306 957 1424 991 quaeritis
1440 965 1480 983 me
1493 956 1653 991 interﬁcere,
1667 958 1799 984 hominem
1813 958 1860 991 qui

1071 1003 1207 1028 veritatem
1226 1003 1295 1029 vobis
1316 1002 1373 1029 dico
1386 1002 1425 1035 ";
1443 1010 1504 1037 qua;
1526 1003 1638 1037 quidem
1654 1010 1716 1030 cum
1737 1002 1860 1041 perfecte

1070 1046 1171 1074 Paulus
1193 1047 1367 1082 intelligeret,
1380 1055 1475 1075 vocem
1500 1055 1561 1082 quae
1579 1055 1673 1082 parem
1689 1047 1744 1073 vim
1763 1047 1857 1074 habet.

1070 1089 1097 1116 in
1115 1090 1245 1125 Epistolis
1271 1091 1328 1118 suis
1350 1091 1471 1126 reliquit,
1487 1099 1551 1119 cum
1567 1092 1636 1119 dixit
1650 1100 1656 1118 :
1669 1091 1754 1119 Homo
1780 1091 1858 1119 Chri-

1069 1139 1125 1162 stus
1142 1135 1228 1169 Iesus,
1247 1137 1292 1171 qui
1312 1137 1382 1163 dedit
1403 1145 1431 1164 se
1451 1137 1537 1172 ipsum
1557 1145 1605 1172 pro
1631 1137 1750 1164 omnibus
1762 1136 1794 1162 ".
1812 1135 1858 1164 Sic

1073 1181 1155 1217 igitur
1167 1182 1214 1217 qui
1227 1182 1285 1210 sine
1298 1182 1476 1210 contentione
1493 1182 1601 1217 quaerit,
1616 1190 1672 1210 non
1689 1181 1832 1209 aberrabit
1842 1189 1857 1209 a

1070 1227 1197 1260 veritate,
1229 1235 1290 1262 quae
1315 1227 1349 1255 iis
1375 1228 1422 1262 qui
1442 1235 1503 1255 eain
1529 1227 1704 1259 desiderant,
1730 1226 1857 1261 pateﬁeri

1069 1278 1169 1308 potest,
1185 1274 1265 1308 cujus
1281 1281 1332 1301 nos
1351 1273 1443 1308 cupidi
1460 1278 1489 1301 et
1508 1273 1622 1301 studiosi
1640 1281 1728 1308 pauca
1742 1280 1777 1300 ex
1791 1272 1859 1300 mul-

1070 1318 1105 1346 tis
1120 1326 1180 1353 quae
1202 1319 1228 1345 in
1249 1318 1351 1346 divinis
1368 1318 1519 1353 Scripturis
1532 1318 1857 1353 dispersecontinentur,

1069 1365 1256 1400 exposuimus,
1270 1369 1403 1399 quantum
1415 1365 1547 1392 memoria
1561 1372 1594 1392 ex
1606 1370 1733 1400 tempore,
1745 1364 1855 1391 obtulit.

1068 1410 1187 1438 Possunt
1207 1410 1298 1438 autem
1319 1410 1367 1444 qui
1390 1406 1477 1438 libr'os
1497 1417 1589 1438 sacros
1610 1411 1639 1440 in
1658 1409 1786 1437 manibus
1809 1409 1858 1436 ba-
1889 1420 1893 1423 -

1069 1455 1144 1487 bent,
1172 1456 1301 1491 colligere
1327 1456 1421 1484 omnia
1449 1456 1483 1483 de
1513 1463 1542 1483 re
1567 1456 1629 1488 hac,
1649 1461 1677 1483 et
1706 1456 1809 1483 habere
1829 1455 1857 1482 in

1068 1505 1197 1535 promptu
1211 1501 1245 1528 ad
1255 1508 1333 1529 suam
1345 1500 1493 1528 utilitatem
1506 1504 1534 1528 et
1549 1499 1768 1535 redarguendum
1782 1506 1855 1526 men-

1069 1547 1178 1575 dacium
1196 1555 1202 1574 :
1218 1547 1292 1582 quod
1317 1548 1429 1582 quidem
1443 1555 1494 1582 ego
1506 1554 1581 1575 nunc
1601 1547 1692 1575 facere
1708 1555 1763 1575 non
1781 1547 1858 1581 potui

1070 1593 1099 1620 in
1117 1594 1224 1622 exsilio.
1245 1593 1298 1621 Sed
1319 1595 1382 1621 c‘um
1400 1601 1496 1628 .pauca
1520 1594 1639 1621 habeant
1657 1593 1783 1621 eamdem
1802 1594 1857 1622 vim

1072 1647 1154 1674 quam
1168 1639 1271 1667 habent
1288 1641 1383 1672 multa,
1401 1640 1525 1674 paucitas
1538 1647 1634 1666 eorum
1654 1647 1716 1674 qua:
1734 1640 1858 1674 exposita

1070 1689 1146 1717 sunt,
1163 1693 1219 1713 non
1231 1685 1353 1713 obstabit
1373 1686 1407 1713 iis
1425 1685 1473 1721 qui
1487 1685 1625 1713 voluerint
1640 1691 1747 1714 certum
1767 1690 1795 1713 et
1809 1694 1858 1713 ex-

1071 1731 1208 1766 ploratum
1226 1731 1339 1762 habere,
1361 1731 1388 1759 in
1404 1740 1459 1766 quo
1479 1740 1549 1768 opus
1566 1735 1625 1759 erat
1647 1731 1769 1759 habere:
1783 1731 1857 1766 quod

1070 1777 1144 1804 enim
1159 1776 1240 1804 ﬁdem
1257 1781 1285 1804 et
1306 1778 1498 1805 auctoritatem
1515 1778 1598 1806 habet
1615 1777 1642 1805 in
1663 1785 1719 1805 uno
1733 1777 1806 1812 quod
1821 1777 1856 1804 ab

1069 1829 1103 1849 eo
1126 1822 1238 1854 dicitur,
1254 1829 1308 1849 non
1334 1822 1426 1849 minus
1443 1822 1578 1850 credibile
1596 1822 1674 1855 facit,
1696 1829 1779 1856 quam
1797 1822 1821 1850 si
1840 1830 1856 1849 a

1069 1867 1144 1894 mille
1158 1867 1258 1895 similis
1281 1868 1452 1895 auctoritatis
1471 1868 1575 1896 dictum
1592 1860 1680 1901 esset;
1696 1868 1767 1895 idem
1781 1868 1855 1895 enim

1068 1912 1183 1946 spiritus
1199 1916 1242 1939 est
1257 1912 1286 1939 in
1308 1912 1447 1941 omnibus.
1462 1913 1515 1941 Sed
1540 1913 1605 1948 quid
1621 1920 1690 1948 opus
1709 1918 1752 1942 est
1766 1913 1855 1948 pluri-

1067 1958 1120 1985 bus
1135 1959 1246 1986 verbis?
1264 1958 1406 1993 Siquidem
1427 1959 1516 1994 ipsea
1530 1967 1585 1994 quo
1604 1959 1724 1994 Spiritus
1743 1964 1855 1987 sanctus

1067 2005 1201 2038 procedit,
1228 2005 1262 2032 de
1289 2005 1381 2040 seipso
1410 2010 1504 2040 aperte
1530 2007 1716 2034 testimonium
1743 2005 1853 2035 veritati

1066 2050 1179 2084 pracbet,
1195 2051 1242 2085 qui
1263 2051 1394 2085 seipsum,
1408 2057 1437 2079 et
1446 2052 1520 2087 quod
1537 2053 1563 2079 in
1579 2056 1673 2085 seest,
1691 2053 1852 2088 cognoscit:

1066 2095 1126 2130 Ipse
1140 2096 1221 2128 enim,
1239 2096 1328 2131 inquit
1339 2092 1525 2132 E'vangelista,
1543 2099 1652 2130 sciebat,
1665 2098 1729 2134 quid
1743 2103 1809 2126 esset
1823 2099 1852 2125 in

1064 2141 1168 2168 homins
1178 2142 1212 2168 ⁵³.
1226 2141 1299 2170 Satis
1328 2143 1481 2170 hactenus:
1496 2151 1641 2179 pergamus
1666 2145 1797 2179 deinceps
1816 2144 1853 2173 ad

1064 2188 1268 2221 exponendum,
1286 2196 1336 2223 pro
1349 2188 1466 2225 viribus,
1481 2197 1542 2224 quae
1564 2190 1598 2217 ad
1614 2190 1769 2225 passionem
1791 2190 1855 2219 Sal—

1064 2233 1165 2260 vatoris
1177 2234 1326 2268 pertinent.

1252 2346 1274 2361 ⁸³
1297 2347 1376 2375 Joan.
1395 2355 1422 2379 x,
1444 2348 1488 2379 57,
1513 2347 1557 2375 58.
1606 2349 1628 2364 ¹¹⁹
1651 2349 1730 2377 Joan.
1755 2358 1781 2381 v,
1805 2349 1850 2378 l7.

1550 2383 1574 2399 "
1587 2384 1667 2411 Joan.
1684 2392 1714 2418 ii,
1734 2384 1779 2412 25.

860 2432 976 2460 VARIE
996 2433 1198 2463 LECTIONES.

258 2475 272 2489 ⁸
287 2469 329 2497 Er:
345 2470 429 2498 altera
444 2476 529 2507 parte.
546 2473 585 2500 Ex
602 2479 730 2501 contextu
751 2475 796 2503 hic
809 2484 860 2504 vox
877 2478 953 2504 homo
971 2478 1068 2506 deesse
1079 2480 1200 2507 videtur.
1220 2508 1235 2513 _.

235 2547 998 2563 Ἢ
1007 2558 1808 2578 Ἡ,
1825 2569 1846 2581 -,

1013 2610 1064 2640 IV.

577 2663 632 2692 DE
657 2663 850 2695 PASSIONE
873 2667 923 2696 ET
948 2666 1297 2703 IMPASSIBILITATE
1318 2673 1489 2706 CHRISTI.

254 2766 275 2794 l.
291 2766 359 2794 Cum
378 2775 406 2795 se
421 2767 547 2796 Christus
565 2777 614 2804 per
631 2777 663 2797 ea
686 2778 746 2805 qua.I
757 2770 866 2799 dicebat
883 2777 911 2800 et
925 2773 1008 2801 facie-

217 2811 276 2844 bat,
301 2819 397 2840 verum
419 2814 504 2841 Deum
529 2819 557 2841 et
577 2815 724 2842 Dominum
747 2816 867 2845 universi
892 2818 1008 2847 demon-

216 2861 342 2890 strasset,
358 2858 467 2886 dicebat
483 2859 626 2895 discipulis
650 2861 708 2889 suis
731 2870 897 2891 ascensurus
912 2863 1008 2892 Hiero-

1061 2776 1193 2812 solymam
1207 2787 1212 2805 :
1227 2778 1294 2806 Ecce
1311 2781 1476 2810 ascendimus
1495 2783 1716 2820 Hierosolymam,
1732 2792 1756 2814 ct
1767 2787 1850 2816 Filius

1060 2822 1173 2850 hominis
1190 2824 1309 2852 tradetur
1323 2828 1446 2862 gentibus
1469 2834 1493 2856 et
1514 2830 1681 2865 parili/icilius
1698 2836 1722 2858 et
1739 2831 1849 2865 Scribis,

1061 2866 1095 2893 ad
1113 2868 1316 2903 ﬂagellandum,
1335 2877 1358 2899 et
1372 2872 1544 2905 illudendum,
1560 2879 1586 2901 et
1599 2875 1849 2911 rruriﬁgendum".

252 2914 276 2930 "
294 2913 388 2942 Matth.
416 2924 458 2948 xx,
482 2916 524 2950 18,
553 2917 599 2950 l9;
625 2918 705 2945 Marc.
723 2927 747 2953 κ,
767 2920 874 2953 55,51;
889 2920 956 2949 Luc.
977 2929 1050 2954 xvtu,
1069 2923 1166 2953 liii-33.
