1980 3188
88 204 161 236 131ι9

335 205 476 235 ORATIO
496 205 545 236 IV.
560 218 591 224 -
609 206 658 236 DE
678 205 861 237 PASSIONE
881 206 929 237 ΕΤ
949 207 1281 239 IMPASSIBILITATE
1299 209 1454 241 CHRISTI

1646 210 1714 244 1350

85 261 183 289 Aiebat
205 264 298 288 autem
320 260 378 288 haec
399 267 461 295 quae
478 265 558 288 erant
573 266 758 290 consentanea
774 263 872 297 prazdi-
891 273 912 301 Α
927 263 968 292 vit
984 265 1132 300 accepisse,
1150 265 1278 300 inquiens
1291 266 1385 293 2-Data
1397 271 1435 294 est
1454 267 1517 294 mihi
1537 269 1622 296 omnia
1639 278 1713 304 ροισ-

85 309 227 334 cttonibus
253 306 461 340 prophetarum.
491 307 538 341 qui
567 307 751 342 praedixerant
772 309 876 336 exitum

86 360 168 388 quem
192 357 253 379 erat
278 351 477 386 Hierosolymis
491 352 616 381 facturus
636 363 643 380 :
660 354 733 381 unde
752 359 877 390 tempore

87 399 161 426 illius
180 398 346 426 incursionis
357 398 566 431 sceleratorum.
583 401 695 434 quando
707 408 770 428 cum
779 401 877 436 gladiis

87 449 115 471 et
131 444 251 471 fustibus
265 440 402 471 venerunt
418 444 452 471 ad
466 445 755 480 comprehendendum
771 446 875 479 Jesum,

87 490 157 518 duce
181 490 257 517 illius
276 494 373 517 turmae
389 489 470 523 Juda,
489 498 571 525 quem
595 492 694 519 melius
711 492 808 519 fuisset
821 500 876 519 non

87 543 148 564 esse
166 540 275 569 natum;
293 543 356 564 cum
371 536 469 563 Petrus
491 536 617 564 districto
631 537 732 571 gladio,
756 541 783 565 et
804 538 879 566 auri-

88 582 150 609 cula
164 581 305 617 cujusdam
320 581 418 608 Malchi
431 581 503 608 servi
520 582 657 617 pontiﬁcis
672 586 811 618 amputata
835 583 878 610 in-

86 627 188 662 juriam
216 626 339 662 magistri
358 626 456 654 ulcisci
473 627 566 660 vellet,
584 628 642 663 ipse
665 629 798 657 Dominus
825 630 877 657 Pe-

91 677 163 699 trum
181 673 324 707 increpans
335 681 341 699 :
354 671 492 704 Converte,
503 673 603 708 inquit,
615 673 734 708 gladium
748 675 774 700 in
792 673 877 701 locum

89 726 184 749 suum;
204 726 294 744 omnes
317 718 386 745 enim
407 718 452 753 qui
475 719 622 754 acceperint
638 719 771 754 gladium,
785 719 877 755 gladio

90 764 220 799 peribunt:
242 764 282 791 An
306 768 396 798 putas,
415 765 484 799 quod
506 773 557 791 non
579 759 683 799 possum
708 774 804 800 rogare
821 765 875 793 Pa-

91 815 158 836 trem
172 818 270 842 meum,
287 814 312 836 et
326 810 452 837 exhibebit
467 811 531 837 mihi
545 812 621 838 modo
637 811 695 846 plus
715 821 795 847 quam
811 813 877 839 duo-

91 856 173 883 decim
189 855 303 891 legiones
314 856 467 891 angelorum
479 857 492 884 .’
507 856 642 888 Quomodo
653 865 715 890 erqo
731 857 878 893 implebun-

90 906 134 928 tur
149 902 306 937 Scripturrz.
320 903 382 938 quia
395 904 432 929 sic
443 908 546 937 oportet
558 903 617 937 ﬁeri
626 903 664 930 '7?
674 903 701 930 Si
714 911 779 938 ergo
797 911 877 938 opor-

927 315 985 338 stas
1005 312 1033 338 in
1053 311 1117 338 coslo
1143 316 1167 338 et
1192 313 1219 338 in
1239 316 1311 340 terra
1322 313 1362 345 “;
1378 318 1412 340 ut-
1422 313 1477 348 jam
1500 314 1646 342 manifeste
1663 316 1715 344 de-

926 361 1110 384 monstratum
1125 358 1172 391 sit,
1189 358 1271 393 hujus
1283 358 1379 393 glorias
1392 363 1501 386 Causam
1517 367 1577 388 esse
1592 368 1713 394 crucem,

926 406 954 429 et
973 406 1092 430 mortem
1114 411 1163 438 per
1177 411 1289 432 crucem
1304 412 1310 431 Ζ
1324 410 1383 432 erat
1400 406 1472 433 enim
1493 405 1652 434 universum
1668 415 1715 443 ge-

927 455 980 476 nus
1002 454 1127 476 nostrum
1157 458 1234 478 reum
1261 451 1368 482 mortis,
1386 451 1450 486 quia
1477 460 1566 480 omnes
1593 459 1715 487 peccare-

927 495 1041 527 runt“;
1053 495 1176 525 stimulus
1192 501 1281 524 autem
1299 498 1390 524 mortis
1403 503 1540 533 peccatum
1561 499 1640 531 est",
1658 508 1714 535 quo

926 548 977 567 nos
1006 549 1082 568 mors
1111 542 1269 570 vulneratos
1299 544 1457 578 prostravit.
1479 545 1534 572 Nec
1557 545 1638 572 aliter
1666 545 1714 580 qui

926 587 1012 614 armis
1025 588 1171 622 expugnati
1187 592 1213 615 et
1227 589 1298 622 capti
1319 594 1407 622 erant,
1424 589 1478 617 nisi
1494 597 1542 625 per
1568 596 1683 618 mortem
1700 598 1714 617 a

926 633 1045 659 vinculis
1061 633 1203 660 servitutis
1217 634 1327 661 liberari
1345 639 1470 669 poterant
1485 644 1490 662 :
1507 636 1627 670 pretium
1640 636 1713 663 enim

927 675 1099 704 liberationis
1116 677 1143 704 in
1160 677 1301 704 voluntate
1322 686 1418 705 eorum
1436 679 1483 713 qui
1507 681 1630 714 captivos
1645 680 1715 707 deti-

927 726 1004 753 nent,
1021 723 1141 756 positum
1155 728 1207 750 est.
1229 723 1287 750 Non
1305 728 1365 750 erat
1385 724 1480 759 igitur,
1495 726 1542 760 qui
1562 730 1654 760 posset
1668 734 1716 753 ne-

927 765 1031 799 gotium
1061 767 1202 800 suscipere
1226 773 1255 794 et
1280 768 1416 795 redimere
1439 771 1648 804 genusuinllus
1665 771 1717 797 hu—

928 811 1000 837 mani
1017 812 1125 846 generis
1142 812 1211 839 liber
1226 817 1285 840 erat
1298 821 1304 839 :
1317 814 1362 841 vix
1380 815 1453 841 enim
1468 815 1530 849 quis
1544 823 1593 850 pro
1605 822 1636 843 se
1659 824 1713 843 mo-

928 855 1002 883 riens
1024 857 1135 891 propria
1161 857 1327 892 obligatione
1354 859 1501 892 liberatur,
1525 861 1573 895 qui
1605 862 1717 889 minime

928 906 1018 936 potest
1033 903 1074 929 vel
1091 911 1177 930 unum
1193 910 1285 931 secum
1301 904 1419 932 liberare
1433 915 1439 932 :
1453 906 1526 940 quod
1543 907 1565 934 si
1581 915 1615 935 ne
1631 915 1715 935 unum

88 949 163 975 tebat
172 948 241 980 ﬁeri,
257 956 370 976 necesse
385 957 497 984 prorsus
511 954 570 976 erat
586 949 645 977 ﬁeri
663 959 669 976 ε
685 949 757 984 quod
784 954 876 977 autem

930 947 1039 981 quidem
1059 953 1158 983 potest,
1180 950 1227 984 qui
1243 954 1351 985 poterat
1381 955 1467 978 totum
1482 959 1509 978 m
1522 954 1616 980 «mium
1629 953 1717 981 servi-

87 1003 201 1023 necesse
219 999 261 1023 est
275 1002 306 1022 ut
321 996 376 1028 ﬁat,
397 1004 451 1023 non
473 1000 562 1031 potest
578 1004 632 1024 non
655 997 724 1024 ﬁeri.
741 997 810 1024 Cum
827 996 877 1032 igi-

89 1045 135 1068 tur
149 1041 240 1068 divina
252 1041 393 1077 Scriptura
403 1050 417 1068 a
427 1042 564 1077 principio
576 1042 746 1077 praedixisset
759 1048 875 1073 mortem

88 1086 203 1117 Christi,
212 1088 385 1122 etpass‘iones
394 1092 456 1115 ante
466 1092 582 1115 mortem
592 1096 722 1123 ;qua2que
732 1093 794 1124 post
801 1096 878 1115 mor-

88 1135 145 1160 tem
159 1134 267 1167 corpori
277 1134 336 1168 ejus
351 1137 460 1161 mortuo
472 1134 645 1166 acciderunt,
660 1138 688 1161 et
707 1135 781 1162 hunc
790 1134 877 1162 Deum

88 1178 133 1206 cui
150 1178 209 1206 haec
229 1179 402 1211 acciderunt,
429 1179 624 1215 impassibilem
645 1185 674 1208 et
694 1180 876 1208 immortalem

88 1223 233 1259 praedicit:
250 1224 330 1252 aliter
359 1224 432 1252 enim
452 1232 592 1260 nunquam
616 1226 690 1253 Deus
710 1225 803 1257 fuerit,
823 1225 877 1252 nisi

89 1269 119 1297 in
134 1269 279 1297 veritatem
296 1270 495 1297 incarnationis
516 1270 666 1303 intuentes,
686 1271 764 1298 illinc
781 1278 878 1299 causas

89 1316 224 1344 ducamus
239 1320 313 1343 recte
336 1321 363 1343 et
385 1317 459 1351 juste
475 1321 624 1352 utrumque
637 1317 798 1346 conﬁtendi.
818 1325 878 1352 pas-

89 1362 196 1395 sionem
232 1361 338 1389 scilicet
362 1366 390 1390 et
422 1362 687 1397 impassihilitatem;
713 1371 744 1390 ac
768 1370 879 1391 causam

63 1404 65 1407 ’
91 1407 203 1442 quidem
218 1409 331 1442 propter
345 1415 426 1442 quam
443 1408 562 1436 Verbum
576 1408 636 1440 Dei,
648 1409 750 1443 alioqui
778 1409 880 1444 impas-

90 1453 181 1485 sibile,
197 1454 230 1480 ad
250 1454 404 1488 passionem
419 1454 510 1487 venit;
524 1454 625 1489 quippe
640 1461 703 1481 cum
716 1462 771 1481 non
789 1459 880 1489 posset

89 1499 170 1526 aliter
202 1499 284 1526 homo
313 1499 405 1526 salvus
431 1499 507 1531 ﬁeri,
534 1500 592 1534 ipse
621 1500 697 1527 solus
729 1500 823 1532 novit,
853 1504 880 1526 et

89 1545 192 1581 quibus
211 1545 267 1580 ipse
281 1545 388 1579 aperuit
404 1555 411 1572 :
425 1546 517 1573 omnia
531 1546 603 1572 enim
616 1546 693 1572 novit
712 1553 772 1580 quae
792 1545 880 1572 Patris

89 1595 164 1622 sunt,
179 1591 250 1618 sicut
266 1599 272 1617 ε
285 1590 401 1626 Spiritus
412 1595 547 1618 scrutatur
557 1591 690 1626 profunda
702 1591 724 1607 "
740 1591 878 1626 mysteria.

124 1637 158 1664 11.
175 1637 369 1664 Verumtamen
398 1637 545 1671 oportebat
571 1637 627 1672 pati
661 1635 821 1670 Christum;
853 1641 880 1664 et

90 1689 147 1710 non
168 1687 276 1717 poterat
298 1683 410 1718 penitus
433 1691 487 1710 non
512 1682 573 1710 ﬁeri
600 1682 702 1717 passio,
726 1683 799 1710 sicut
822 1683 880 1717 ipse

89 1728 245 1760 afﬁrmavit,
262 1736 324 1756 cum
344 1728 435 1755 tardos
455 1733 479 1755 et
499 1729 593 1755 stulto:
609 1728 749 1755 vocavit"
760 1736 808 1756 eos
832 1729 880 1763 qui

91 1773 257 1808 ignorabant
273 1773 315 1800 sic
329 1779 457 1808 oportere
472 1772 612 1800 Christum
626 1773 694 1808 pati,
719 1777 746 1801 et
773 1773 880 1809 ingredi

91 1819 119 1846 in
133 1819 246 1854 gloriam
273 1826 360 1847 suam.
382 1818 525 1854 Siquidem
548 1819 625 1846 exivit
641 1819 677 1846 ad
691 1819 807 1846 salutem
831 1827 880 1854 po—

91 1865 148 1900 puli
162 1866 244 1898 sui“,
266 1865 360 1893 relicta
378 1865 463 1900 gloria
490 1865 535 1892 illa
559 1872 640 1900 quam
667 1865 789 1893 habebat
807 1865 880 1900 apud

93 1912 200 1939 Patrem
227 1916 290 1939 ante
310 1920 391 1946 quam
411 1911 532 1939 mundus
550 1912 627 1940 ﬁeret
637 1911 677 1944 ";
699 1911 773 1939 salus
786 1915 880 1938 autem

91 1958 293 1986 consummatio
314 1962 385 1990 erat,
413 1965 475 1992 qua:
501 1958 648 1992 oportebat
663 1962 693 1984 ut
711 1966 760 1992 per
774 1958 881 1992 passio-

92 2011 156 2030 nem
182 2003 270 2035 ﬁeret,
294 2007 322 2030 et
350 2003 454 2030 auctori
470 2003 533 2030 vita:
557 2007 659 2030 nostrae
681 2003 878 2034 ascriberetur.

92 2049 165 2076 sicut
183 2049 283 2076 Paulus
299 2048 392 2080 docet,
405 2056 467 2076 cum
483 2048 520 2075 ait
537 2056 543 2073 :
557 2048 647 2083 Ipsum
674 2056 728 2074 esse
745 2052 880 2075 auctorem

93 2095 153 2121 uita:
179 2102 225 2130 per
246 2094 382 2129 passiones
414 2094 671 2120 consummatum".
703 2093 737 2120 Et
770 2093 881 2121 videtur

92 2138 296 2173 quodammodo
314 2139 399 2173 gloria
414 2138 565 2176 Unigeniti,
581 2143 658 2166 extra
675 2146 756 2173 quam
773 2138 805 2166 ad
818 2138 881 2166 bre-

91 2191 125 2210 ve
139 2188 247 2218 tempus
260 2189 371 2218 propter
397 2192 447 2212 nos
474 2184 573 2217 fuerat,
593 2192 642 2219 per
662 2192 772 2211 crucem
790 2184 880 2212 eidem

92 2229 220 2256 restituta
239 2229 266 2256 in
289 2236 372 2256 carne
389 2233 547 2264 assumpta;
563 2229 602 2256 ait
623 2230 697 2256 enim
719 2229 792 2257 ﬁlius
810 2229 881 2257 toni-

94 2274 149 2302 trui
172 2274 199 2300 in
226 2274 373 2309 Evangelia
402 2282 463 2306 suo,
497 2281 559 2301 cum
583 2275 708 2309 exponit,
730 2282 792 2310 qua:
807 2279 881 2302 esset

93 2320 235 2354 aqua‘ilia
273 2329 355 2355 qualn
378 2320 446 2347 dixit
467 2320 593 2348 Salvator
620 2321 728 2356 ﬂuxisse
752 2325 880 2356 tanquam

91 2365 203 2399 ﬂumina
215 2366 246 2392 de
259 2371 349 2393 ventre
360 2366 488 2392 credentis
505 2375 514 2394 :
526 2365 582 2392 Hoc
595 2370 694 2398 autem,
708 2365 807 2400 inquit,
816 2365 882 2396 dixit

90 2410 124 2437 de
143 2410 243 2446 Spiritu
257 2415 360 2443 sancto,
377 2420 454 2446 quem
466 2413 599 2446 accepturi
613 2416 690 2438 erant
703 2411 836 2438 credentes
854 2411 882 2437 in

91 2465 154 2484 eum
169 2465 178 2484 :
195 2458 313 2484 nondum
336 2458 405 2484 enim
421 2458 498 2485 datus
514 2463 571 2484 erat
587 2457 711 2493 Spiritus,
727 2458 789 2493 quia
805 2457 882 2484 Iesus

92 2502 211 2530 nondum
224 2509 281 2530 erat
300 2503 464 2539 glorificatus
476 2504 512 2537 ‘3;
526 2504 640 2539 gloriam
665 2509 744 2532 vocat
765 2509 880 2531 mortem

92 2550 122 2576 in
137 2557 228 2577 cruce.
247 2549 325 2578 Unde
342 2550 474 2577 Dominus
482 2549 515 2581 “,
533 2557 595 2577 cum
610 2557 715 2584 preces,
734 2554 879 2583 antequam

91 2603 204 2622 crucem
227 2596 343 2628 subiret,
359 2595 514 2628 adhiberet,
533 2595 642 2622 Patrem
662 2594 836 2629 precabatur,
850 2598 880 2620 ut

91 2640 293 2676 gloriﬁcaretur
310 2649 342 2669 ea
368 2641 456 2677 gloria
478 2649 559 2676 quam
575 2641 694 2669 habebat
710 2641 782 2676 apud
803 2648 879 2673 eum,

90 2691 238 2720 antequam
255 2686 374 2714 mundus
388 2692 470 2714 esset.

126 2732 172 2760 lli.
190 2733 258 2760 Post
285 2733 518 2760 resurrectionem
549 2740 616 2761 vero
635 2733 701 2760 dum
721 2735 880 2760 versaretur

90 2786 153 2806 cum
174 2778 317 2814 discipulis
339 2779 409 2812 suis,
431 2779 503 2806 hanc
525 2787 608 2815 quam
624 2779 745 2814 petebat,
762 2778 879 2806 afﬁrma-

127 2849 150 2866 ³⁷
160 2849 256 2877 Matth.
270 2858 342 2883 xxvt,
353 2850 445 2878 52-54.

95 2895 124 2914 ιι,
138 2885 181 2911 10.
220 2886 242 2901 ⁸³
254 2884 333 2913 Joan.
356 2894 402 2918 vn,
420 2886 465 2917 38,
483 2886 527 2913 59.
568 2887 590 2901 ⁸⁸
601 2886 679 2913 Joan.
697 2894 760 2917 xvn,
778 2886 804 2913 5.

931 996 988 1019 tute
1006 993 1148 1021 liberare?
1165 994 1221 1022 Etsi
1251 995 1334 1028 enim,
1350 999 1381 1023 ut
1405 996 1458 1023 hoc
1476 1004 1620 1032 ponamus,
1635 1007 1718 1026 unuse

930 1039 1048 1073 quisque
1078 1039 1193 1067 idoneus
1221 1040 1318 1067 fuisset
1341 1041 1373 1068 ad
1398 1042 1590 1070 liberationem
1618 1052 1715 1071 suam:

931 1089 1021 1112 tamen
1037 1094 1092 1113 non
1107 1086 1232 1117 decebat,
1255 1092 1284 1114 ut
1297 1096 1395 1116 omnes
1417 1094 1601 1123 morerentur,
1616 1094 1644 1117 et
1659 1098 1717 1117 om-

931 1137 980 1158 nes
1002 1131 1054 1158 sub
1071 1136 1206 1166 potestate
1227 1134 1324 1161 mortis
1348 1140 1532 1163 remanerent.
1548 1135 1633 1171 Cujus
1652 1143 1717 1172 ergo

931 1182 991 1205 erat
1006 1181 1060 1205 tam
1078 1179 1216 1206 excellens
1236 1179 1376 1207 ofﬁcium?
1389 1181 1496 1209 scilicet
1520 1183 1647 1217 alicujus,
1670 1184 1717 1218 qui

931 1230 1044 1257 peccare
1058 1231 1112 1251 non
1126 1223 1270 1258 potuisset.
1285 1225 1352 1258 Quis
1365 1229 1456 1253 autem
1468 1234 1501 1254 ex
1514 1227 1642 1255 omnibus
1659 1232 1718 1255 erat

931 1268 979 1302 qui
998 1276 1118 1303 peccare.
1135 1269 1271 1304 nequiret.
1285 1271 1337 1297 nisi
1352 1271 1427 1298 solus
1450 1272 1541 1300 Dens?
1555 1273 1640 1308 Igitur
1654 1275 1718 1308 quia

932 1314 980 1341 Dei
996 1319 1055 1340 erat
1080 1314 1134 1342 hoc
1158 1323 1237 1350 opus,
1251 1315 1333 1351 idque
1355 1317 1414 1344 sine
1430 1322 1517 1344 morte
1533 1322 1560 1345 et
1581 1319 1640 1346 sine
1656 1327 1717 1354 pas-

933 1359 1058 1386 sionibus
1077 1368 1137 1394 qua:
1156 1362 1237 1388 morti
1255 1363 1433 1395 antecedunt,
1453 1363 1549 1398 perﬁci
1567 1372 1621 1391 non
1641 1370 1719 1399 pote-

933 1409 991 1436 rat;
1006 1404 1078 1432 Deus
1095 1410 1186 1432 autem
1200 1407 1309 1440 penitus
1324 1416 1378 1434 non
1391 1412 1433 1435 cst
1447 1417 1530 1444 capax
1545 1415 1642 1437 mortis
1656 1419 1662 1437 :
1674 1418 1718 1437 as-

933 1450 1051 1484 sumpsit
1069 1456 1205 1484 naturam,
1223 1457 1324 1480 nostra:
1347 1455 1610 1483 consubstantialem
1627 1460 1654 1482 et
1671 1464 1720 1490 per

933 1495 1026 1521 omnia
1050 1495 1177 1526 similem,
1200 1505 1262 1531 qua:
1279 1498 1422 1532 passiones
1444 1506 1471 1526 ct
1488 1505 1605 1527 mortem
1621 1508 1719 1535 capere

933 1543 1041 1572 posset;
1067 1539 1192 1573 praebens
1213 1541 1294 1568 simul
1322 1543 1495 1570 occasionem
1521 1545 1604 1572 morti
1629 1554 1719 1580 oppu-

933 1584 1034 1618 gnandi
1061 1592 1182 1618 carnem,
1206 1591 1233 1613 ct
1266 1587 1353 1621 ipsam
1374 1593 1490 1616 mortem
1516 1598 1566 1625 per
1593 1596 1718 1619 naturam

933 1631 1016 1657 morli
1032 1631 1183 1666 subiectam
1200 1633 1369 1661 dccertando
1387 1640 1604 1670 expugnaturus,
1623 1643 1653 1664 ut
1670 1647 1720 1666 nc-

931 1683 985 1710 que
1005 1684 1079 1704 mors
1101 1677 1196 1704 dicere
1214 1684 1305 1713 posset
1329 1687 1358 1706 se
1379 1688 1432 1707 non
1451 1681 1485 1708 ab
1502 1681 1623 1715 homine,
1645 1684 1691 1710 sed
1705 1692 1720 1711 a

931 1719 987 1746 Deo
1004 1725 1160 1754 superatam
1188 1730 1269 1755 esse;
1297 1731 1387 1758 neque
1418 1732 1469 1752 nos
1488 1726 1584 1753 molles
1601 1727 1721 1755 efﬁcere-

930 1772 993 1792 mur
1009 1765 1042 1793 ad
1063 1770 1214 1800 certamen,
1232 1776 1293 1795 cum
1313 1773 1421 1804 tempus
1435 1776 1547 1798 vocaret
1561 1781 1567 1798 :
1580 1773 1718 1807 siquidem

930 1811 1084 1845 exemplum
1114 1812 1278 1840 haberemus
1303 1814 1331 1841 in
1361 1822 1443 1842 carne
1463 1816 1586 1851 ejusdem
1616 1823 1721 1845 naturae

930 1852 963 1882 ac
974 1856 1146 1887 substantiae.
1164 1858 1191 1884 in
1209 1866 1262 1893 qua
1279 1864 1423 1894 peceatum
1437 1861 1595 1889 damnatum
1612 1863 1719 1897 fuisset,

929 1901 1003 1934 quod
1019 1901 1109 1936 locum
1125 1903 1231 1929 nullum
1247 1903 1274 1930 in
1291 1911 1322 1930 ea
1335 1906 1494 1939 reperissct.
1508 1906 1719 1936 Conﬁixitenim

930 1953 980 1980 per
1000 1953 1059 1973 eam
1077 1955 1140 1974 cum
1166 1953 1253 1975 morte
1288 1949 1497 1984 impassibiliter
1511 1952 1632 1980 Verbum
1659 1955 1718 1988 Dei,

930 1991 995 2025 quia
1013 1991 1099 2026 ipsam
1112 2000 1222 2020 carnem
1240 1995 1379 2029 propriam
1397 1996 1471 2030 fecit,
1489 2002 1517 2024 et
1531 2006 1593 2025 cum
1611 2007 1642 2027 ea
1656 2001 1719 2027 uni-

930 2040 989 2064 tum
1007 2043 1058 2069 est,
1073 2039 1144 2066 sicut
1157 2040 1248 2067 anima
1262 2048 1324 2068 cum
1341 2049 1458 2077 corpore
1473 2053 1479 2070 ε
1493 2044 1563 2071 hanc
1575 2047 1719 2080 proprium

930 2091 1032 2118 corpus
1052 2089 1080 2111 et
1098 2091 1210 2112 carnem
1226 2089 1316 2113 vocat.
1341 2087 1373 2113 Et
1404 2089 1496 2115 omnia
1520 2097 1582 2124 qum
1612 2091 1638 2116 in
1662 2091 1719 2126 ipsa

931 2130 1001 2158 facta
1017 2136 1092 2163 sunt,
1109 2133 1220 2167 propria
1235 2133 1312 2160 ducit
1338 2138 1366 2160 et
1394 2139 1514 2169 reputat.
1529 2135 1669 2171 Siquidem
1686 2146 1718 2165 ex

931 2183 1048 2210 persona
1066 2177 1127 2212 ejus
1143 2178 1243 2204 clamat
1259 2179 1391 2213 propheta
1410 2179 1651 2216 inquiens:Super
1671 2184 1719 2210 do-

932 2222 1014 2248 lorem
1028 2222 1167 2250 uulnerum
1179 2231 1295 2251 meorum
1307 2225 1464 2252 addiderunt
1476 2226 1508 2252 ⁸⁸.
1520 2227 1627 2255 Vulnus
1639 2237 1719 2256 suum

932 2273 1013 2295 vocat
1028 2268 1130 2296 vulnus
1144 2271 1270 2304 corporis
1287 2271 1345 2302 sui;
1362 2275 1389 2298 et
1404 2276 1496 2306 partes
1512 2275 1638 2308 corporis
1655 2283 1723 2310 pro-

932 2313 992 2348 pria
1006 2315 1128 2342 membra
1145 2321 1264 2350 reputat,
1278 2316 1350 2344 sicut
1367 2322 1396 2344 et
1409 2321 1495 2345 totum
1512 2326 1613 2354 corpus
1631 2329 1637 2347 :
1653 2320 1724 2348 lior-

931 2367 989 2386 aum
1005 2368 1101 2391 meum,
1120 2360 1220 2396 inquit,
1236 2361 1297 2389 dedi
1312 2363 1339 2390 in
1356 2364 1462 2391 verbera
1474 2370 1498 2391 et
1511 2373 1591 2400 genas
1607 2374 1678 2392 mea;
1690 2365 1720 2393 in

932 2405 1027 2440 alapas
1036 2415 1045 2438 ;
1054 2411 1076 2432 et
1099 2406 1192 2441 faciem
1206 2415 1292 2434 meam
1305 2416 1357 2434 non
1371 2410 1455 2436 averti
1467 2418 1482 2436 a
1492 2410 1614 2436 dedecore
1630 2418 1723 2445 sputo-

932 2460 992 2479 rum
999 2453 1070 2480 ".Et
1078 2461 1174 2480 rursus
1183 2461 1189 2478 :
1199 2453 1331 2481 Foderqu
1341 2463 1434 2482 manus
1443 2464 1515 2483 meas
1523 2461 1548 2483 et
1556 2457 1632 2492 pedes
1641 2466 1722 2490 meos,

931 2504 955 2526 et
965 2499 1195 2526 diuumeraverunt
1206 2501 1295 2527 omnia
1304 2509 1363 2528 ossa
1373 2510 1433 2528 mea
1441 2502 1475 2528 ὀ.
1485 2503 1573 2538 Atque
1584 2502 1641 2531 haec
1658 2504 1722 2538 qui-

933 2544 994 2572 dem
1007 2545 1114 2573 dicitde
1128 2546 1333 2581 corpore,quod
1343 2554 1423 2574 suum
1433 2547 1509 2585 dicit.
1524 2549 1558 2575 Et
1572 2557 1633 2584 qua:
1646 2549 1721 2577 illata

932 2590 1171 2627 fueruntcorpori,
1181 2592 1244 2624 sibi,
1252 2593 1299 2627 qui
1309 2600 1410 2628 corpus
1418 2594 1550 2629 gestabat.
1560 2595 1634 2622 illata
1643 2595 1723 2622 dicit.

967 2640 1011 2668 iV.
1029 2639 1165 2667 Cat-terum
1181 2645 1209 2667 et
1225 2640 1283 2675 ipse
1298 2641 1376 2674 dicit,
1394 2649 1424 2669 se
1448 2650 1558 2677 passum
1575 2651 1646 2674 esse,
1662 2643 1723 2670 sine

932 2685 1123 2713 nominatione
1142 2685 1279 2720 corporis,
1292 2690 1340 2713 aut
1365 2687 1558 2716 numeratione
1581 2687 1724 2716 membro-

932 2739 1010 2764 rum;
1028 2736 1058 2759 ut
1073 2739 1135 2759 eum
1152 2734 1190 2759 ait
1211 2733 1345 2768 propheta
1361 2742 1367 2760 :
1383 2733 1521 2769 Tanquam
1534 2735 1589 2762 ovis
1602 2735 1637 2762 ad
1650 2735 1720 2762 occi-

930 2779 1029 2805 sionem
1045 2778 1138 2806 ductus
1153 2782 1191 2805 est
1202 2779 1234 2806 ".
1253 2779 1287 2806 Et
1303 2788 1309 2806 :
1323 2779 1459 2807 Dederunt’
1480 2781 1506 2807 in
1524 2781 1609 2808 cibum
1633 2789 1721 2808 meum

503 2851 525 2867 "‘
537 2851 547 2878 l
564 2851 628 2878 Cor.
645 2850 721 2881 n,i0.
759 2851 783 2867 "
797 2850 951 2883 Lucaxxtv,
963 2850 1008 2878 25.
1048 2850 1070 2866 ‘°
1081 2850 1182 2878 Habac.
1196 2859 1235 2882 in,
1249 2851 1291 2878 l3.
1331 2852 1350 2867 "
1366 2852 1444 2879 Joan.
1457 2859 1519 2884 xvn,
1534 2853 1559 2880 5.
1598 2852 1619 2868 "
1633 2851 1720 2880 Hebr.

503 2887 527 2913 9.
568 2887 590 2901 “
601 2886 679 2913 Joan.
697 2894 760 2913 xvn.
778 2886 804 2913 5.
855 2886 877 2902 "
893 2886 988 2913 Matth.
1001 2893 1091 2913 xxvnt.
1107 2885 1150 2913 18.
1202 2887 1224 2902 “
1234 2886 1314 2913 Rom.
1330 2895 1368 2913 lli.
1383 2887 1428 2913 9.5.
1477 2888 1499 2904 "
1513 2888 1522 2913 l
1536 2888 1600 2913 Cor.
1617 2895 1662 2913 xv.
1675 2888 1719 2913 liti.

919 2893 988 2913 allll.
1001 2893 1091 2916 XXVI”.
1107 2893 1150 2913 ιδ.

1202 2887 1224 2902 ⁶⁶
1234 2886 1314 2914 Rom.
1330 2895 1368 2919 Ill,
1383 2887 1428 2915 9.5.
1477 2888 1499 2904 "
1513 2888 1522 2915 ἰ
1536 2888 1600 2915 Cor.
1617 2895 1662 2922 xv,
1675 2888 1719 2916 liti.

95 2922 118 2937 “
131 2920 204 2948 I‘sal.
216 2928 306 2955 uvnt,
320 2921 364 2948 27.
403 2921 425 2937 ⁶⁹
435 2922 486 2948 lsa.
503 2929 526 2953 ιν,
538 2922 565 2948 6.
603 2922 626 2937 ⁷⁹
641 2921 715 2949 Psal.
728 2930 782 2955 xxi,
798 2921 840 2948 Π.

930 2928 966 2948 sa.
981 2928 1038 2953 un,
1059 2920 1087 2947 7.
