1980 3188
261 208 331 238 1351

822 206 852 235 S.
874 201 1073 233 ANASTASII
1091 197 1325 231 ANTIOCHENI

1820 181 1898 211 13.12

262 262 307 298 fel,
320 252 348 289 ei
360 262 388 289 in
408 261 452 288 siti
468 269 526 288 mea
545 262 699 296 potaverunt
721 266 761 285 me
780 258 894 285 aceto".
924 256 1048 290 Ne-quis
1065 258 1086 286 Α
1102 254 1194 282 omnia
1208 251 1292 291 unius
1306 256 1334 278 et
1344 247 1466 285 ejusdem
1477 253 1536 275 esse
1550 245 1724 281 proﬁtemur.
1734 242 1893 279 passionem

263 308 362 340 divise,
381 307 428 335 sed
452 307 545 341 potius
570 306 716 340 conjuncta
737 303 828 330 omnia
853 303 887 330 de
913 303 972 337 ipso
996 301 1050 328 dici

263 358 355 389 putet;
373 353 476 379 idcirco
488 355 516 378 et
533 352 653 378 humana
666 354 695 377 et
711 349 804 376 divina
821 348 1006 376 communiter
1018 347 1052 374 de

264 399 324 434 ipso
341 398 534 433 praedicantur,
555 400 644 423 mente
664 395 850 429 distinguente
872 401 934 428 qua:
949 397 1054 419 utram-

264 452 319 479 que
339 447 467 470 naturam
486 442 650 470 condecent.
674 440 809 473 Divinitas
835 439 908 465 enim
926 438 1061 473 impassi-‘

265 487 329 516 bilis
342 493 399 520 est;
418 492 446 515 et
460 495 517 514 non
539 490 630 521 potest
658 492 780 519 unquam
806 484 897 518 passio
920 483 1054 517 attingere

267 533 480 568 impassibilem;
497 539 548 559 uec
562 537 737 566 quaecunque
758 529 857 556 animae
872 528 1054 559 conveniunt,

267 573 315 606 aut
331 586 500 614 quaecunque
519 577 630 612 corpori
645 581 692 603 aut
709 574 820 610 corpori
838 574 962 601 animato
976 581 983 599 ί
997 573 1057 599 ani-

268 633 320 652 ma:
345 625 419 651 enim
441 624 547 650 ratione
571 622 692 657 praedita:
708 625 750 648 est
765 620 870 653 dolere,
883 624 912 646 et
934 618 1054 650 turbari,

269 676 296 699 et
311 680 438 704 mmrere,
450 675 478 699 et
493 671 583 698 tristia
597 669 723 704 urgentia
745 672 772 695 et
793 666 968 694 adventantia
983 665 1058 700 cogi-

270 723 347 750 tare;
372 718 498 752 corporis
512 724 579 744 vero
603 715 703 746 secari,
721 718 750 742 et
768 713 916 748 conjungi:
931 711 1057 745 corporis

270 764 383 791 animati
409 763 527 794 esurire,
553 758 641 793 sitire,
668 761 796 788 laborare
819 764 847 786 et
873 758 981 785 sudare.
996 757 1059 783 lltec

271 808 374 841 omnia,
391 812 419 835 et
434 815 530 835 eorum
552 807 659 841 singula
674 805 788 840 patienti
809 803 939 830 accidunt
962 810 1060 829 secun-

272 854 337 881 dum
364 853 544 880 mulationem
565 849 756 886 dispositionis
773 849 861 875 :Deus
889 851 991 880 autem,
1016 847 1059 873 in-

273 901 342 936 quit,
359 908 405 934 ego
424 907 492 930 sum,
508 902 531 924 et
547 888 599 924 non
624 895 753 931 mutor”.
770 895 803 920 Et
818 894 844 920 ei
870 893 941 920 alius
955 892 1061 919 theolo-

274 953 324 980 gus
339 944 407 972 dicit
421 951 427 969 :
445 943 481 969 Tu
500 946 590 968 autem
602 941 670 967 idem
686 940 740 974 ipse
753 938 822 965 es”.
840 937 952 970 Qualem
978 936 1061 971 igitur

274 991 432 1026 passionem
447 987 584 1022 suspicari
595 985 696 1020 aliquis
708 988 799 1020 potest
813 983 940 1011 accidere
957 982 1060 1017 impas—

275 1033 366 1060 sibili?
377 1033 418 1059 An
434 1031 589 1066 passionem
601 1028 779 1064 corpoream?
791 1028 826 1054 At
841 1035 895 1062 quo
908 1030 988 1061 pacto
1004 1026 1062 1054 haec

275 1078 393 1110 accidat,
409 1085 470 1112 qua:
484 1076 646 1104 nec'animze
664 1082 725 1109 qua:
739 1077 831 1101 creata
843 1076 896 1104 est,
914 1075 942 1099 et
953 1079 1061 1105 recens,

276 1123 402 1152 accidere
424 1122 526 1158 queat?
540 1122 581 1148 An
607 1121 762 1156 passionem
789 1119 946 1150 animalem,
962 1118 989 1145 id
1010 1121 1073 1150 est,

276 1169 375 1195 anima:
384 1168 489 1194 ratione
501 1166 622 1202 praedita:
629 1166 640 1192 ?
648 1165 682 1192 At
691 1165 744 1192 hoc
755 1165 833 1191 valde
845 1163 995 1202 absurdum
1010 1168 1063 1197 est,

277 1214 300 1241 si
316 1214 377 1248 quis
397 1212 480 1245 dicat,
504 1212 614 1239 easdem
631 1211 772 1245 passiones
786 1210 885 1237 cadere
900 1202 927 1237 in
949 1200 1064 1236 Creato-

279 1267 337 1287 rem
357 1259 479 1294 universi
496 1266 558 1292 quae
571 1258 599 1284 in
616 1261 758 1284 creaturas
773 1256 930 1289 cadunt;et
946 1263 1001 1282 non
1014 1256 1067 1282 hoc
1090 1263 1093 1265 ·

279 1309 396 1337 tantum,
411 1304 459 1331 sed
476 1311 574 1338 capere
589 1303 672 1329 etiam
687 1295 913 1329 mutationemiet
934 1300 1064 1328 variatio-

279 1358 343 1377 nem
357 1360 362 1376 :
377 1349 513 1384 siquidem
531 1347 590 1376 ﬁeri
608 1347 663 1374 non
676 1351 777 1382 potest,
794 1351 824 1373 ut
846 1345 981 1381 ejusmodi
1002 1353 1066 1380 pas-

280 1396 371 1423 siones
388 1394 486 1422 cadant
501 1393 561 1421 sine
577 1390 745 1426 mutatione;
756 1393 849 1419 divina
863 1395 1067 1419 autem‘natura

280 1440 380 1467 mutari
399 1447 455 1466 non
463 1443 564 1474 potest.
579 1439 614 1466 At
628 1438 720 1466 carnis
732 1438 859 1465 animata:
871 1437 962 1472 passio
976 1436 1067 1472 attigit

282 1485 466 1512 divinitatem.
489 1484 591 1519 Apage,
612 1483 702 1518 inquit
738 1484 894 1518 propheta:
908 1482 976 1509 Deus
997 1482 1067 1508 enim

282 1535 397 1558 internus
413 1526 465 1556 non
480 1530 587 1560 csuriet,
604 1537 685 1564 neque
702 1529 832 1556 laborabit
847 1537 855 1555 :
869 1536 917 1556 nec
932 1532 970 1555 est
993 1528 1066 1555 inve-

281 1577 388 1610 stigatio
402 1576 414 1595 b
430 1575 576 1613 prudentia:
595 1575 650 1610 ejus
662 1576 697 1602 ⁷⁵.

318 1622 348 1648 V.
361 1621 430 1648 Cum
460 1621 544 1656 igitur
565 1625 662 1648 natura
689 1620 781 1649 divina
800 1619 1018 1648 substantialiter
1033 1619 1068 1647 sit

282 1675 380 1701 expers
394 1667 540 1701 passionis,
555 1671 582 1693 et
596 1667 761 1702 praedicetur
778 1666 871 1701 passio
883 1670 912 1694 et
927 1673 996 1693 crux
1009 1665 1070 1700 qui-

283 1711 335 1738 bus
348 1712 415 1738 salvi
429 1711 493 1738 facti
511 1720 626 1745 sumus;
641 1712 679 1738 ait
695 1712 883 1739 enim-Paulus
900 1720 908 1738 :
923 1711 983 1738 Non
995 1711 1069 1746 judi-

281 1759 340 1784 cavi
354 1757 499 1792 quidquam
516 1758 582 1784 scire
602 1758 629 1784 in
653 1757 733 1789 vobis,
751 1758 800 1783 nisi
814 1756 946 1785 Christum
962 1760 986 1783 et
1002 1757 1070 1783 hunc

284 1802 486 1835 cruciﬁxum”;
503 1801 659 1833 necessario
681 1802 817 1836 sequitur,
833 1801 988 1836 passionem
1008 1796 1087 1835 pro?

285 1848 345 1882 prie
362 1846 485 1881 quidem,
501 1852 530 1874 et
554 1847 645 1882 primo
662 1855 722 1874 esse
735 1851 841 1874 natura:
852 1846 1071 1882 assumptie,.mi—

285 1894 360 1921 nime
383 1901 448 1921 vero
473 1899 599 1929 separata
614 1898 713 1921 natura
731 1898 901 1926 assumente,
919 1894 967 1922 sed
994 1894 1070 1922 unita

286 1939 437 1967 secundum
460 1939 630 1974 hypostasim
656 1939 756 1969 unione
771 1939 973 1972 indissolubili;
987 1939 1024 1967 ita
1042 1943 1072 1966 ut

285 1985 377 2013 omnia
396 1985 452 2012 sint
468 1985 549 2012 unius
571 1985 685 2017 Christi,
702 1990 759 2019 tum
779 1982 881 2018 divina,
895 1989 951 2012 tum
973 1985 1071 2012 huma-

287 2040 331 2064 na,
347 2039 402 2058 non
430 2031 616 2059 confundente
633 2040 664 2059 ea
688 2031 853 2066 cogitatione
879 2020 982 2064 nostra,
1007 2034 1070 2058 cum

286 2077 345 2103 vult
359 2076 526 2107 discernere,
545 2076 611 2110 quid
629 2080 672 2104 est
695 2076 828 2109 divinum,
850 2082 878 2104 et
894 2076 1071 2111 quid.rursus

287 2123 448 2149 humanum.
474 2122 546 2155 Quin
574 2123 666 2157 potius
691 2123 724 2150 de
741 2131 796 2150 uno
807 2128 835 2151 et
850 2123 946 2150 eodem
963 2127 1072 2158 oportet

287 2171 402 2205 utraque
412 2168 572 2202 praedicare,
590 2169 731 2203 passiones
741 2169 803 2197 dico
822 2174 850 2196 et
867 2169 1072 2204 impassibilita—

288 2216 357 2244 tem;
384 2213 449 2250 quia
476 2213 535 2248 ipse
563 2214 598 2241 dc
630 2206 689 2249 quo'
708 2215 902 2250 prxdicantur,
929 2222 962 2242 ex
981 2214 1073 2242 .utris-

1102 299 1255 327 naturalem
1274 301 1302 324 et
1319 293 1579 330 impassibilitatem.

1139 345 1182 373 Vl.
1193 344 1240 371 'Sic
1255 342 1329 377 l0qui
1343 345 1371 368 et
1382 339 1484 368 sentire
1497 339 1594 365 Petrus
1608 337 1736 372 princeps
1748 333 1894 370 apostolo-

1104 397 1164 416 rum
1181 396 1232 416 nos
1248 387 1353 418 docuit,
1369 393 1430 413 cum
1449 384 1487 411 ait
1505 392 1511 410 :
1530 382 1633 410 Christo
1651 385 1713 409 ante
1724 386 1735 400 α
1751 388 1828 416 passo
1847 387 1898 413 pro

1101 436 1178 462 nobis
1198 433 1326 465 carne”;
1346 439 1409 459 cum
1430 426 1520 457 tamen
1541 429 1613 456 clare‘
1635 434 1663 455 et
1681 430 1774 462 aperte
1794 425 1898 453 Filium

1104 482 1153 509 Dei
1170 488 1231 508 esse
1248 477 1392 507 confessus
1409 476 1524 508 esset",
1538 483 1600 502 cum
1616 473 1716 507 merito
1731 471 1899 508 praedicatus

1106 527 1274 559 estbeatus,
1291 529 1321 552 ut
1341 523 1387 558 qhi
1410 520 1567 557 hujusmodi
1589 519 1785 547 revelationem
1803 525 1819 544 a
1840 511 1900 543 Deo

1106 573 1187 604 Patre
1202 570 1361 605 accepisset.
1376 568 1491 603 Oportet
1507 566 1590 602 igitur
1607 558 1638 592 ut
1654 572 1704 592 nos
1721 564 1834 591 Petrum
1853 570 1898 589 se-

1108 622 1229 654 quentes
1240 617 1293 651 qui.
1305 616 1339 643 de
1357 615 1408 642 hac
1425 622 1453 642 re
1471 612 1657 648 cognitionem
1675 618 1690 637 a
1707 610 1764 636 Deo
1779 608 1900 642 accepit,

1108 653 1202 691 eadem
1222 655 1316 697 regula
1333 665 1454 692 utamur,
1468 663 1495 686 et
1510 657 1652 686 Christum
1669 655 1794 687 dicamus
1810 653 1901 688 passi-

1108 709 1192 737 bilem
1212 716 1282 740 esse,
1296 712 1326 734 ut
1341 706 1442 734 Paulus
1461 702 1679 739 sapientiSSimus
1698 700 1831 735 loquitur,
1844 706 1901 725 non

1110 759 1201 782 tamen
1218 753 1370 781 secundum
1384 751 1570 782 divinitatem;
1586 753 1613 787 et
1628 746 1755 776 eumdem
1770 745 1902 780 impassi-

1110 803 1204 835 bilem,
1219 809 1313 829 verum
1330 808 1387 832 non
1404 794 1556 829 secundum
1574 791 1786 823 humanitatem.
1800 793 1903 820 Passus

1111 857 1174 884 ergo
1189 853 1230 875 est
1244 846 1387 882 passiOnes
1401 850 1516 877 naturae,
1530 850 1598 878 quas
1614 849 1670 869 non
1688 840 1815 875 sequitur
1827 839 1904 866 vitu-

1112 894 1228 929 peratio,
1241 893 1288 920 sed
1305 891 1449 929 magniﬁca
1462 888 1658 923 contemplatio
1671 891 1834 914 naturarum
1851 885 1905 912 sibi

1113 940 1186 967 inter
1215 946 1244 966 se
1273 937 1472 973 oppositarum.
1496 935 1532 962 Et
1551 938 1597 962 est
1623 932 1735 968 quidem
1759 932 1833 959 Deus
1856 931 1905 965 qui

1113 985 1226 1021 patitur,
1244 991 1300 1011 non
1320 983 1445 1018 capiente
1467 980 1621 1017 passionem
1643 977 1807 1010 divinitate;
1830 976 1905 1003 idem

1113 1038 1178 1057 vero
1192 1030 1275 1057 homo
1292 1036 1347 1056 non
1362 1028 1472 1062 patiens
1483 1025 1628 1053 divinitate
1641 1031 1702 1059 quae
1717 1024 1746 1050 in
1761 1023 1821 1057 ipso
1833 1025 1904 1053 erat,

1113 1077 1232 1104 habente
1250 1074 1401 1102 secundum
1418 1077 1545 1100 naturam
1563 1069 1825 1105 impassibilitatem,
1839 1067 1907 1094 licet

1114 1115 1264 1157 composita
1281 1128 1344 1148 cum
1362 1126 1478 1154 corpore
1496 1118 1619 1154 patiente
1633 1124 1640 1143 :
1656 1116 1715 1151 ipse
1728 1121 1792 1141 vero
1807 1113 1908 1140 modus

1115 1167 1252 1203 passionis
1269 1167 1439 1194 demonstrat
1453 1162 1639 1192 differentiam
1652 1164 1813 1188 naturarum
1829 1165 1907 1185 com-

1115 1213 1282 1249 positorum,
1294 1215 1323 1239 et
1337 1214 1442 1238 natura:
1459 1208 1598 1244 passibilis
1615 1206 1801 1236 innocentiam
1823 1213 1831 1231 :
1851 1211 1908 1231 non

1115 1260 1189 1288 enim
1203 1258 1276 1294 quod
1289 1257 1393 1292 aliquid
1406 1255 1589 1284 commisisset
1602 1257 1690 1281 morte
1703 1255 1752 1279 aut
1762 1255 1910 1278 contume-

1115 1305 1152 1333 lia
1172 1305 1300 1339 dignum,
1318 1303 1408 1338 capite
1428 1301 1573 1329 damnatus
1583 1303 1630 1335 est
1649 1307 1655 1324 :
1673 1298 1816 1324 Peccatum
1833 1295 1909 1337 enim

1117 1359 1169 1378 non
1185 1351 1254 1386 facit,
1267 1358 1313 1377 nec
1326 1350 1448 1376 inventus
1463 1351 1501 1374 est
1513 1345 1588 1372 datus
1603 1345 1630 1372 in
1645 1351 1689 1371 ore
1702 1343 1760 1378 ejus
1770 1342 1802 1368 ".

1153 1395 1208 1423 γη.
1224 1395 1280 1422 Hoc
1295 1397 1386 1422 autem
1401 1397 1429 1420 et
1443 1392 1462 1420 ii
1478 1391 1526 1427 qui
1541 1398 1605 1418 eum
1621 1388 1721 1424 capitis
1737 1386 1909 1415 condemna-

1118 1445 1198 1474 runt,
1213 1439 1304 1467 testati
1321 1442 1387 1466 sunt
1403 1438 1444 1470 ei;
1463 1434 1719 1473 siquidem_Juda;is
1736 1430 1908 1467 congregatis

1117 1491 1145 1514 et
1165 1485 1323 1522 petentibus
1343 1483 1495 1511 Barabham
1517 1483 1669 1512 latronem,
1686 1479 1791 1507 Pilatus
1810 1477 1881 1505 dixit
1900 1485 1908 1504 :

1120 1532 1203 1560 Vultis
1225 1532 1359 1558 dimittam
1378 1530 1450 1557 vobis
1468 1528 1574 1560 Iesum,
1591 1527 1635 1563 qui
1654 1527 1751 1553 dicitur
1768 1523 1912 1552 Christus?

1081 1594 1102 1623 α
1120 1577 1323 1610 δοίεὺαιηειιίηι,
1341 1575 1411 1612 quod
1431 1583 1477 1611 per
1496 1568 1624 1602 invidiam
1643 1571 1815 1599 tradidissent
1838 1577 1908 1596 eum.

1120 1623 1321 1660 Responderunt
1336 1630 1344 1649 :
1358 1621 1430 1652 Non,
1441 1620 1487 1647 sed
1503 1619 1655 1646 Barabbam
1671 1626 1679 1645 :
1695 1616 1798 1653 quibus
1811 1623 1911 1642 rursus

1119 1669 1189 1698 dixit
1203 1670 1307 1698 Pilatus
1323 1677 1330 1696 :
1349 1667 1418 1700 Quid
1431 1674 1493 1702 ergo
1508 1665 1606 1701 faciam
1619 1664 1651 1690 de
1666 1663 1739 1695 Iesu,
1755 1663 1801 1698 qui
1813 1662 1911 1688 dicitur

1120 1715 1260 1743 Christus?
1277 1713 1323 1741 Illi
1340 1717 1428 1740 autem
1446 1712 1572 1738 dixerunt
1589 1718 1598 1737 :
1615 1708 1810 1744 Cruciﬁgatur;
1828 1710 1912 1742 atque

1121 1761 1222 1787 iterum
1238 1763 1269 1785 ut
1284 1758 1390 1793 pudore
1407 1751 1455 1784 eos
1468 1755 1573 1783 Pilatus
1587 1753 1719 1786 alliceret,
1733 1752 1802 1779 dixit
1819 1760 1826 1778 :
1844 1750 1912 1784 Quid

1121 1806 1190 1832 enim
1205 1803 1275 1832 male
1288 1804 1348 1839 fecit
1359 1803 1400 1829 °°?
1416 1802 1502 1838 Igitur
1516 1808 1580 1828 cum
1594 1799 1664 1828 nihil
1679 1798 1745 1826 mali
1758 1796 1911 1825 commisis-

1121 1855 1173 1884 set,
1186 1851 1304 1878 traditus
1316 1853 1359 1877 est
1372 1850 1398 1876 in
1413 1853 1531 1876 mortem
1545 1854 1594 1883 per
1605 1853 1725 1874 crucem.
1737 1843 1814 1872 Unde
1829 1843 1913 1870 Isaias

1121 1897 1160 1924 ait
1177 1906 1183 1923 :
1200 1896 1313 1931 Propter
1328 1893 1436 1930 peccata
1452 1902 1553 1926 eorum,
1569 1891 1676 1919 scilicet
1688 1889 1842 1921 hominum,
1857 1892 1915 1915 tm-

1122 1943 1190 1969 ditus
1207 1946 1244 1969 est
1255 1941 1288 1970 εει.
1304 1941 1338 1968 Ει
1357 1935 1455 1968 iterum
1473 1948 1479 1966 :
1494 1939 1516 1966 Α
1531 1938 1644 1974 peccatis
1662 1935 1752 1972 populi
1767 1935 1818 1962 mei
1838 1938 1914 1961 actus

1122 1995 1181 2014 sunt
1203 1987 1237 2013 ad
1259 1990 1370 2013 mortem
1383 1986 1417 2012 ε’.
1434 1985 1540 2015 Revera
1562 1983 1634 2010 enim
1656 1989 1708 2009 nos
1729 1987 1851 2011 eramus,
1866 1979 1915 2014 qui

1123 2038 1238 2061 mortem
1252 2033 1421 2063 habebamus
1432 2030 1616 2065 adulterinam
1628 2028 1778 2058 dominam.
1788 2031 1816 2054 et
1826 2026 1916 2064 hono-

1123 2086 1167 2106 res
1180 2081 1290 2105 nostros
1303 2077 1337 2103 ab
1352 2084 1392 2112 eo‘
1400 2076 1561 2113 tuleramus,
1576 2081 1607 2103 ac
1622 2076 1733 2108 peccata
1747 2071 1781 2099 ad
1795 2075 1915 2098 mortem

1123 2129 1345 2158 peccaveramus.
1375 2113 1480 2149 Clamat
1503 2112 1598 2155 igitur
1628 2116 1764 2153 propheta
1796 2112 1915 2152 arguens

1124 2169 1214 2195 scelus
1231 2166 1414 2198 venditionis,
1433 2164 1561 2201 inquiens
1581 2173 1588 2191 :
1606 2164 1671 2192 Ecce
1689 2163 1802 2199 peccatis
1822 2162 1916 2189 vestris

1124 2214 1221 2242 uenditi
1239 2213 1300 2240 estis
1312 2213 1345 2239 ".
1364 2211 1418 2240 Sed
1436 2212 1500 2240 licet
1515 2210 1641 2238 venditio
1656 2209 1791 2236 scelerata
1808 2207 1918 2239 fuerat,

287 2267 338 2295 que
352 2261 520 2295 compositus
533 2266 576 2287 est
590 2261 676 2288 :sicut
688 2261 824 2289 sectiones
833 2261 957 2296 corporis
967 2261 1072 2289 anima-
1088 2258 1113 2288 D
1126 2251 1273 2301 oportebat
1292 2263 1383 2286 tamen
1400 2258 1501 2293 justam
1519 2261 1546 2284 et
1562 2255 1713 2291 legitimam
1732 2262 1792 2282 esse
1812 2254 1917 2282 libera-

287 2306 318 2334 ti.
336 2310 365 2332 et
382 2306 485 2333 vibices
499 2307 527 2333 in
541 2306 637 2341 primis
656 2307 689 2334 ad
705 2315 804 2342 corpus
819 2308 959 2342 pertinere
972 2315 1074 2343 cogno-

288 2359 407 2384 scimus;
424 2356 536 2386 propter
548 2353 777 2387 compositionem
796 2360 861 2380 vero
884 2353 1000 2380 dicimus
1013 2360 1074 2380 esse

244 2423 254 2430 κ
288 2397 395 2430 animae,
410 2406 472 2425 cum
488 2397 590 2432 alioqui
604 2399 723 2425 sciamus
740 2406 793 2437 non
806 2406 886 2433 posse
899 2398 971 2432 ﬁeri,
987 2404 1017 2426 ut
1031 2399 1075 2426 his

288 2444 379 2484 anima
390 2443 532 2470 adiciatur.
550 2443 653 2471 Deinde
670 2434 760 2471 motus
771 2434 878 2477 animm,
898 2448 926 2472 et
946 2445 1074 2472 scientias

287 2497 348 2523 quae
371 2489 476 2516 ratione
506 2488 662 2521 traduntur,
679 2497 742 2516 cum
766 2490 821 2517 sint
842 2490 946 2525 alioqui
964 2490 1072 2522 animae,

288 2533 406 2561 dicimus
422 2536 516 2563 tamen
545 2541 606 2561 esse
627 2534 753 2571 animalis
777 2534 932 2569 compositi,
948 2533 1074 2568 quamvis

288 2583 384 2605 natura
399 2586 531 2614 corporea
553 2587 609 2607 non
633 2585 694 2615 apta
711 2580 744 2607 ad
760 2579 921 2614 capiendam
941 2579 1075 2614 cognitio-

287 2632 350 2651 nem
364 2632 370 2650 :
386 2624 426 2652 sic
439 2624 467 2651 in
481 2624 597 2653 Christo.
615 2626 660 2660 qui
676 2626 748 2653 Deus
762 2624 843 2655 simul
866 2629 894 2652 et
917 2625 1000 2652 homo
1022 2628 1073 2657 est,

1124 2307 1238 2334 tionem.
1249 2305 1340 2339 Empti
1353 2304 1427 2332 enim
1443 2310 1539 2331 sumus
1551 2302 1648 2330 omnes
1662 2301 1774 2337 pretioso
1786 2301 1916 2338 sanguine

1125 2353 1188 2387 agni
1206 2350 1371 2378 immaculati
1392 2355 1417 2376 et
1435 2349 1650 2382 incontaminati,
1666 2347 1763 2375 Christi
1774 2345 1813 2380 “;
1833 2350 1915 2381 atque

1123 2398 1160 2424 ita
1173 2396 1282 2424 liberati
1298 2404 1313 2423 a
1327 2402 1437 2430 carcere
1449 2395 1519 2430 ejus,
1531 2394 1579 2430 qui
1591 2401 1644 2421 nos
1656 2393 1776 2428 primum
1789 2392 1817 2419 in
1830 2391 1916 2418 servi—

1124 2446 1210 2471 tutam
1224 2442 1377 2476 redegerat.
1439 2460 1442 2467 ,
1614 2430 1623 2434 Η

1162 2486 1231 2515 Vlll.
1259 2486 1420 2521 Opportune
1451 2485 1608 2512 libertatem
1628 2483 1779 2517 consecuti
1808 2490 1913 2510 sumus.

1128 2533 1216 2561 Scidit
1232 2532 1314 2567 igitur
1331 2535 1456 2558 nostrum
1472 2529 1684 2566 chirographum
1695 2528 1718 2544 ⁸⁸
1731 2535 1786 2563 quo
1796 2535 1849 2561 nos
1864 2527 1915 2562 ipsi

1127 2579 1254 2606 servituti
1268 2577 1496 2613 mancipavimus,
1509 2576 1601 2604 omnia
1613 2579 1728 2612 propter
1739 2570 1790 2601 nos
1805 2581 1916 2608 perpes-

1127 2632 1185 2655 sus,
1201 2630 1373 2658 quaecunque
1389 2622 1486 2650 dicunt
1500 2629 1560 2649 esse
1577 2622 1654 2657 signa
1670 2621 1786 2656 integra:
1800 2620 1916 2647 liberta-

322 2703 344 2719 "
357 2703 427 2730 Psal.
443 2711 533 2735 vanl,
553 2703 597 2730 2‘2.
634 2703 658 2719 ⁷³
676 2702 801 2732 Malach.,
819 2689 857 2733 in.
871 2703 897 2730 6.
935 2702 957 2718 ⁷⁵
970 2702 1040 2730 Psal.
1055 2710 1091 2734 cr,
1104 2702 1148 2729 28.
1201 2702 1225 2718 "
1238 2702 1290 2731 Isa.
1305 2703 1396 2736 x138.
1449 2693 1472 2718 ’λ
1483 2702 1493 2729 Ι
1504 2698 1567 2730 Cor.
1585 2710 1614 2736 ιι,
1628 2701 1656 2729 2,
1695 2701 1740 2728 "l
1754 2701 1827 2729 Petr.
1840 2709 1876 2731 Iv,
1887 2701 1913 2729 1.

287 2738 311 2755 ⁷⁸
322 2738 415 2766 Matth.
427 2747 480 2770 xvt,
492 2739 534 2770 i6,
548 2739 592 2765 Π.

287 2773 441 2805 ⁸³¹5ἔὶιι,¹.
479 2773 755 2805 "lPetr.|,18,l9.
795 2772 1046 2808 “Coloss.n,lu.»

629 2739 650 2754 7’
662 2738 671 2764 l
685 2738 756 2765 Petr.
771 2746 800 2769 ιι,
811 2737 856 2764 22.
894 2737 917 2754 “
928 2737 1023 2765 Matth.
1033 2739 1118 2771 'xxvn,
1131 2739 1177 2771 i7,
1189 2736 1232 2770 18,
1253 2736 1357 2766 Ξί-Ξὸέ

1402 2737 1425 2758 ιί
1438 2738 1484 2765 lsa
1506 2745 1562 2771 un,
1580 2733 1606 2765 8.
1646 2737 1818 2764 “ibid.scc.
1831 2736 1914 2764 LXX.

588 2887 593 2889 _
926 2849 1046 2878 VARLE
1067 2850 1271 2879 LECTIONES.

331 2907 528 2945 lllnvattigntio.
545 2907 692 2943 ὲξεύρεσις.
734 2913 743 2927 ι
760 2907 837 2935 Ante.
858 2908 1016 2943 Legendum
1029 2907 1137 2936 videtur
1150 2912 1251 2936 autem.
