1980 3188
101 174 172 206 Ῑῗῇῗῐ

99 232 148 258 tis.
164 231 270 258 Etrnim
284 231 446 257 verberatus
460 234 511 261 est,
525 235 551 255 ct
568 229 666 263 pugnis
681 236 777 259 CtL‘StlS,
792 228 888 262 pcrdu-
907 239 927 265 Α

100 278 155 304 etis
171 275 283 311 quidem
300 276 332 302 ad
351 275 481 302 ctl'cctum
500 274 726 309 prmdictionibus
744 274 892 308 propheta-

102 330 163 349 rum
179 329 240 356 qua:
255 321 288 348 de
308 321 351 348 his
368 321 446 347 factm
464 325 556 352 erant;
575 320 654 346 nobis
669 327 734 346 vero
750 319 891 346 liberatio-

100 377 166 396 nem
180 367 321 395 servitutis
334 367 436 395 abillis
449 366 660 402 praenuntiatum
672 366 789 400 adeptus
802 375 808 392 :
823 365 891 391 nihil

99 415 176 442 enim
193 422 288 441 eorum
304 421 365 448 quze
380 414 406 440 in
421 413 547 448 passione
561 413 620 447 ejus
635 412 770 439 honorata
785 411 893 438 accide-

102 464 178 490 runt,
193 459 295 486 frustra
310 463 357 485 aut
372 462 475 485 temere
490 457 606 489 accidit;
622 457 703 488 absit,
719 462 750 484 ut
765 457 817 483 hoc
831 457 892 490 opi-

101 503 217 529 nemur!
237 502 285 529 sed
303 502 408 528 ratione
424 501 541 536 quadam
558 502 670 528 meliore
685 506 713 528 ct
727 502 891 532 necessaria,

101 556 186 582 quam
204 548 277 575 nulla
293 548 333 575 vis
347 548 493 575 verborum
510 548 618 582 assequi
635 547 732 582 possit.

141 595 186 621 IX.
197 595 265 621 Cum
282 595 355 622 enim
372 602 423 621 nos
436 595 541 622 venditi
556 603 691 626 essemus,
702 599 730 621 et
744 595 806 621 facti
821 594 892 621 servi

103 640 204 667 mortis
225 648 286 675 qua:
309 640 335 666 in
358 647 454 666 omnes
477 640 621 674 imperium
643 639 769 671 tenebat;
788 644 816 666 et
835 639 893 673 ipse

105 687 193 713 voluit
208 693 259 720 pro
276 685 355 712 nobis
371 685 466 718 vendi;
484 693 579 712 verum
598 693 646 712 nos
665 686 754 720 pretio
768 685 892 719 volupta-

106 733 152 763 tis.
168 732 224 767 ipse
239 739 306 759 vero
322 733 427 766 argenti
446 741 452 758 :
470 732 528 766 ipse
542 732 616 758 cnim
633 731 730 758 fortior
743 735 803 758 erat
818 731 894 757 volu-

104 783 190 812 ptate.
205 779 238 805 Et
250 786 300 805 nos
316 779 366 813 ipsi
383 786 396 804 a
413 778 492 805 nobis
508 777 611 804 vcnditi
630 785 739 809 sumus;
759 777 816 811 ipse
830 784 894 803 vero

104 833 119 851 a
139 825 218 851 nobis
237 834 243 850 :
262 832 316 859 qua
335 825 393 859 ipse
411 832 466 850 non
483 828 525 850 est
543 823 670 850 venditor
685 823 831 854 libertatis,
846 823 892 850 scd

104 870 216 897 \iudex.
232 871 263 897 Et
278 870 430 897 honoribus
444 878 513 904 quos
528 870 562 896 ab
578 878 611 896 eo
629 870 789 899 tuleramus.
804 869 836 896 ad
851 870 894 895 in-

353 175 495 204 OIlATlf)
519 175 610 204 IV.“
627 175 674 203 DE
696 173 878 204 PASSIONE
900 173 947 201 ΕΤ
968 152 1301 201 I.\lPASSI‘BILI'I'A'I'E
1321 171 1487 201 CHRISTI.

1661 171 1730 203 I331

978 226 1011 253 Χ.
1029 226 1211 260 Quamobrem
1229 234 1291 252 eum
1308 226 1514 257 :ulmiranturd,
1528 226 1574 260 qui
1591 227 1642 254 hoc
1658 229 1730 262 quo!

947 272 1037 303 tiebat,
1054 272 1226 306 spectabant,
1242 277 1268 299 et
1284 280 1345 299 cum
1363 272 1414 299 hoc
1433 277 1487 299 tam
1506 273 1600 307 ingens
1616 275 1733 302 miracu-

946 317 1017 350 lum,
1042 323 1072 345 ut
1097 325 1144 352 par
1169 323 1242 349 erat,
1268 317 1472 353 divulgarctur,
1499 326 1734 353 congregavcrunt

946 368 1061 391 cunctos
1085 364 1187 399 quibus
1213 369 1305 398 partes
1328 364 1453 398 corporis
1477 365 1546 391 ltl‘SIB
1569 370 1663 397 erant,
1686 367 1733 400 qui

947 414 1122 436 accesserunt
1146 410 1178 436 ad
1203 417 1265 436 cum
1289 409 1316 436 in
1341 409 1457 444 templo,
1477 415 1505 436 ct
1527 411 1613 438 sanati
1636 415 1700 438 sunt
1726 421 1732 438 :

947 455 1034 490 majus
1062 455 1154 490 priore
1186 456 1349 484 miraculum
1381 455 1544 483 secundum.
1574 457 1628 484 Lex
1660 458 1733 485 enim

947 500 1060 527 claudos
1076 505 1104 528 et
1117 507 1205 528 czccos‘
1221 502 1315 536 procul
1331 511 1346 529 a
1363 503 1463 537 templo
1479 503 1591 530 arcebat
1606 513 1612 530 :
1630 508 1658 530 at
1672 512 1733 531 cum

948 545 1000 572 hoc
1016 545 1178 573 admirabile
1196 547 1350 582 prodigium
1367 548 1512 582 ejectiouis
1528 557 1624 576 eorutn
1642 550 1688 584 qui
1708 551 1734 577 in

949 597 1071 618 mercatu
1096 597 1190 623 erant,
1211 593 1238 620 hi
1260 594 1306 627 qui
1332 594 1459 621 viderant
1478 599 1506 621 et
1530 595 1690 628 audieram,
1708 601 1736 623 et.

949 638 1036 672 majus
1054 646 1136 672 quam
1156 646 1205 673 pro
1222 638 1327 666 viribus
1346 640 1473 667 humanis
1490 641 1648 676 hujusmodi
1666 649 1735 677 opus

950 683 1095 715 doceltaizt,
1111 684 1241 711 audacter
1257 684 1371 719 ingressi
1388 692 1452 713 sunt
1472 696 1478 713 :
1497 691 1524 714 et
1541 696 1602 714 cum
1623 689 1649 715 in
1668 693 1736 715 tern-

949 729 993 763 plo
1012 735 1114 762 essent,
1128 736 1307 758 accesserunt
1324 731 1356 758 ad
1374 732 1478 762 Jesum.
1494 738 1521 760 et
1538 734 1645 760 curavit
1661 742 1708 761 eos
1728 743 1734 760 :

948 775 1140 802 demonstrans
1159 784 1207 810 per
1223 777 1324 808 omnia,
1340 785 1399 804 esse
1416 786 1444 804 se
1462 778 1546 805 Deum
1567 780 1688 807 abditum
1709 782 1736 807 in

949 828 1049 852 carne,
1074 830 1155 856 quam
1186 822 1287 849 f‘aulus
1315 823 1434 850 tclamen
1467 818 1580 851 vocat".0
1606 835 1612 851 :
1645 827 1734 853 velum

949 871 1040 893 autem
1060 867 1277 903 integumentum
1296 874 1454 896 sanctorum
1474 875 1515 897 est
1533 875 1560 898 et
1578 876 1735 899 sanctorum

105 917 218 944 teritum
238 917 316 943 abusi
335 924 440 943 sumtis.
457 915 613 943 {Estimatio
631 920 721 942 autem
739 915 829 947 liberi,
845 915 896 942 fuit
915 918 932 944 Β
949 913 1185 940 sanctissimorum
1218 915 1398 949 operculum;
1428 923 1483 950 quo
1511 917 1586 943 solus
1614 918 1735 952 pontifex

105 962 259 997 peregrinis
283 961 423 996 sepultura
437 962 470 992 “,
492 966 523 988 ut
545 966 636 988 servet
661 968 776 995 corpora
800 969 896 987 eorum

105 1009 153 1043 qui
172 1009 200 1035 iu
220 1012 293 1035 terra
311 1008 399 1034 aliena
416 1008 508 1034 vivere
525 1007 682 1039 desierunt;
700 1007 789 1034 donec
806 1006 897 1033 veniat

105 1055 153 1088 qui
168 1062 285 1088 corpora
301 1054 425 1084 suscitet,
440 1060 556 1088 quorum
577 1053 675 1079 anima!
694 1052 815 1087 pretioso
832 1059 896 1078 san-

105 1099 188 1133 guine.
213 1099 360 1132 redempta:
382 1102 446 1124 sunt
471 1106 477 1123 :
502 1097 608 1124 effusus
629 1096 702 1122 cnim
725 1102 767 1123 est
786 1096 897 1130 sanguis

105 1145 176 1178 ejus,
190 1149 219 1171 ut
238 1148 310 1171 esset
331 1143 448 1178 pretium
468 1142 668 1176 redemptionis
687 1149 737 1177 pro
758 1142 850 1170 multis
861 1143 895 1168 ⁸⁷.

107 1190 233 1217 Fortasse
248 1194 338 1216 autent
356 1188 457 1216 melius
467 1193 540 1216 esset
553 1188 657 1220 dicere,
676 1196 726 1223 pro
743 1189 870 1215 omnibus
888 1198 894 1215 :

106 1243 203 1262 omnes
221 1235 294 1262 enim
312 1239 392 1266 sunt,
408 1235 454 1269 qui
473 1238 537 1261 sunt
556 1234 645 1261 multi.
660 1234 693 1261 Et
711 1240 769 1260 erat
785 1234 896 1268 quidem

107 1283 196 1317 primo
213 1286 324 1316 aspectu
343 1281 426 1308 homo
445 1281 491 1315 qui
514 1285 650 1307 mactatus
671 1284 728 1312 est;
750 1281 802 1307 hoc
822 1281 896 1307 enim

107 1329 196 1356 solum
211 1327 379 1355 cernebatur
393 1337 398 1353 :
415 1326 539 1362 prodigia
555 1334 621 1353 vero
633 1327 667 1353 ab
682 1334 715 1353 eo
728 1326 801 1354 edita
816 1331 898 1354 testa~

108 1375 208 1402 bantur
223 1381 306 1408 supra
325 1373 464 1400 hominem
483 1380 543 1400 esse
561 1377 688 1399 naturam
707 1374 777 1407 ejus,
792 1381 825 1400 ex
843 1381 896 1408 qua

107 1423 230 1455 operatio
252 1419 480 1454 proficiscebatur
501 1427 507 1445 :
529 1426 583 1445 non
604 1419 667 1446 dico
689 1420 895 1446 suscitationem

108 1471 290 1496 mortuorum,
306 1470 447 1499 aspectum
463 1465 543 1492 caecis
558 1464 725 1497 restitutum,
739 1473 792 1492 ttt-u
808 1466 897 1500 lepro-

107 1521 201 1540 sorum
214 1511 450 1543 emundationem,
466 1520 520 1538 non
534 1512 648 1538 aliarum
663 1512 806 1538 lmsionum
819 1521 897 1540 cura—

108 1560 210 1586 tionem
227 1568 233 1585 :
249 1559 306 1586 haec
321 1559 394 1585 enim
411 1565 509 1585 omnes
523 1558 603 1592 vulgo
617 1557 749 1584 Salvatori
767 1563 893 1593 tauquam

107 1606 163 1633 Deo
183 1605 388 1637 attribucbaut;
412 1604 460 1631 scd
484 1604 552 1635 illud
573 1604 668 1636 etiam,
687 1604 759 1638 quod
779 1605 893 1631 fortasse

107 1659 161 1678 non
186 1650 280 1678 multis
307 1650 333 1676 in
359 1653 479 1676 tuentem
504 1649 588 1675 venit.
607 1647 678 1681 Quid
704 1648 772 1675 hoc?
796 1656 893 1683 nempe

106 1697 196 1723 facere
217 1695 308 1722 omnia
328 1703 390 1722 cum
413 1699 558 1730 potestate,
575 1703 656 1730 supra
676 1695 768 1722 omnia
790 1701 892 1727 autent,

105 1743 206 1777 ejicere
222 1750 255 1769 ex
272 1742 375 1777 templo
392 1749 533 1768 sacrorum
551 1748 699 1776 caupones.
716 1741 762 1776 qui
782 1741 893 1769 domum

105 1783 241 1816 orationis
264 1789 424 1822 speluncam
451 1789 588 1815 latronum
612 1787 751 1814 faciebant
763 1788 816 1814 “z
841 1788 893 1815 uisi

105 1834 179 1860 enim
205 1837 328 1868 potestas
349 1834 410 1868 ejus
432 1833 517 1860 nimia
542 1833 653 1865 fuisset,
673 1841 812 1868 nunquam
839 1839 893 1860 tam

106 1880 192 1906 multa
214 1880 298 1906 millia
320 1879 471 1906 ementium
492 1883 519 1906 et
539 1879 716 1906 vendentium
738 1887 771 1906 ex
793 1880 894 1914 templo

105 1927 293 1956 exturbasset;
317 1926 470 1960 prtesertim
493 1925 562 1953 festo
581 1925 711 1957 instante,
727 1930 754 1953 et
773 1925 894 1960 undique

106 1973 138 1999 ad
152 1980 215 1999 cum
230 1972 445 2003 conﬂuentibus,
455 1979 518 1998 cum
535 1971 577 1997 lex
592 1978 688 1998 omnes
701 1979 732 1998 ex
747 1973 821 1998 omni
833 1972 894 1999 loro

105 2019 138 2046 ad
158 2019 231 2046 diem
251 2026 410 2054 azymorum
431 2022 606 2048 convocaret,
623 2017 650 2044 in
670 2024 725 2051 quo
746 2021 775 2043 ut
794 2017 894 2052 pascha

106 2063 307 2093 inunolaretur.
326 2063 385 2098 lege
407 2062 542 2090 sancitum
566 2065 635 2089 erat.
654 2061 721 2095 Quis
742 2062 815 2088 cnim
839 2062 894 2088 dux

105 2110 217 2144 copioso
232 2110 355 2136 exercitu
369 2109 487 2135 militum
502 2113 670 2135 armatorum
688 2108 824 2141 immisso,
839 2112 893 2134 tam

105 2155 207 2182 multos
218 2155 318 2189 ejicere
333 2154 477 2189 potuisset,
490 2154 642 2188 pra'scrtim
656 2161 719 2180 cum
733 2154 776 2180 illa
790 2153 893 2180 nefaria

105 2206 260 2228 mercatura
273 2200 404 2227 diuturno
420 2205 543 2234 tempore
556 2199 718 2226 conﬁrmata
733 2200 822 2227 esset?
834 2200 892 2234 Ipse

948 962 1031 988 Semel
1048 969 1097 996 per
1110 969 1212 988 annum
1230 962 1445 996 ingrediebatur,
1460 969 1490 990 ut
1508 964 1661 1012 Dt‘tthtro
1679 967 1736 993 suis

947 1011 975 1032 et
999 1007 1094 1042 populi
1123 1008 1285 1043 ignorantiis
1310 1009 1460 1043 propitium
1487 1007 1624 1038 redderet.
1647 1011 1735 1044 Quare

948 1057 1072 1079 sanctum
1089 1053 1178 1087 primo
1193 1054 1254 1080 velo
1268 1058 1382 1085 tectum,
1396 1059 1423 1082 et
1437 1061 1561 1083 sanctum
1577 1061 1734 1085 sanctorum

947 1099 1086 1130 secundo,
1110 1099 1150 1126 sic
1174 1100 1351 1135 interpretari
1378 1101 1530 1131 audemus.
1556 1108 1586 1129 ut
1611 1103 1736 1132 dicamus

948 1145 1066 1178 primum
1080 1145 1191 1179 quidem
1206 1146 1297 1173 velum
1311 1153 1371 1174 esse
1384 1155 1484 1182 corpus
1499 1148 1619 1181 Christi;
1636 1156 1735 1177 sccuu‘

947 1189 1012 1216 dum
1025 1198 1090 1217 vero
1105 1191 1223 1218 animam
1241 1201 1247 1217 :
1264 1192 1354 1218 anima
1373 1193 1446 1219 enim
1464 1201 1592 1228 corpore,
1606 1199 1734 1230 tanquam

948 1235 1037 1269 prirro
1048 1236 1108 1262 velo
1121 1236 1236 1271 tegitur;
1250 1237 1340 1263 anima
1351 1244 1416 1263 vero
1429 1241 1469 1264 est
1481 1239 1632 1265 secundum
1645 1241 1734 1267 velum

948 1282 1040 1309 Verbi.

983 1328 1027 1355 Χῖ.
1043 1328 1177 1356 Czeterum
1196 1330 1251 1357 duo
1269 1330 1445 1358 tabernacula
1461 1332 1607 1359 commissa
1622 1340 1653 1359 ac
1668 1340 1734 1359 con-

946 1374 1041 1408 juncta
1067 1374 1178 1402 fuerunt
1207 1376 1365 1404 retinaculis
1388 1381 1417 1404 et
1438 1377 1561 1409 annulis,
1584 1385 1645 1412 qum
1669 1379 1735 1405 mihi

948 1420 1077 1446 videntur
1098 1421 1247 1456 symbolice
1273 1422 1455 1457 signiﬁcasse,
1475 1423 1576 1458 quibus
1599 1424 1687 1451 modis
1710 1430 1736 1452 et

948 1466 1118 1497 rationibus.
1137 1475 1197 1501 quae
1220 1467 1291 1494 sicut
1316 1468 1438 1503 symbolo
1453 1469 1570 1496 obscura
1595 1469 1628 1496 ad
1652 1478 1736 1505 cxpe-

949 1510 1094 1543 dicudum,
1109 1512 1187 1538 \alde
1205 1512 1329 1539 difﬁciles
1348 1513 1381 1539 ad
1399 1514 1591 1548 explicandum
1609 1519 1735 1541 contem-

949 1557 1084 1591 plationes
1096 1557 1197 1584 habent
1211 1567 1217 1584 :
1235 1562 1306 1585 tanta
1322 1559 1367 1585 Diri
1383 1567 1445 1594 erga
1459 1567 1510 1586 nos
1525 1559 1644 1587 Charitas
1658 1561 1735 1587 exhi-

948 1602 1003 1629 bita
1024 1607 1076 1630 est.
1095 1603 1182 1631 L'uum
1205 1604 1278 1630 enim
1303 1604 1520 1636 tabernaculum.
1537 1614 1621 1632 untuu
1644 1607 1733 1634 velum

947 1649 1030 1675 habet
1048 1657 1062 1676 a
1081 1657 1188 1677 summo
1203 1650 1236 1677 ad
1256 1651 1339 1678 imum
1359 1661 1366 1678 :
1384 1659 1434 1678 nec
1451 1652 1531 1679 aliter
1549 1653 1612 1680 licet
1628 1661 1659 1680 ea
1675 1655 1734 1681 veia

947 1695 1139 1730 contemplari,
1156 1704 1237 1730 quam
1258 1697 1279 1723 si
1300 1697 1361 1731 quis
1384 1697 1417 1724 al)
1439 1698 1568 1725 extremis
1591 1698 1622 1725 ad
1647 1699 1734 1733 prima

946 1740 1114 1772 ascendens,
1131 1742 1229 1768 evadat
1248 1742 1274 1768 in
1294 1743 1470 1777 principium.
1488 1743 1658 1778 Compositio
1674 1746 1733 1779 qui-

946 1786 1008 1813 dem
1036 1787 1123 1814 tetulit
1147 1795 1162 1814 a
1188 1796 1296 1815 summo
1324 1788 1472 1821 deorsum;
1502 1789 1646 1816 dissolutio
1670 1799 1735 1817 vero

948 1832 1038 1867 (hanc
1061 1837 1152 1859 autem
1173 1841 1303 1860 vocamus
1326 1835 1546 1870 intelligentiam)
1566 1836 1600 1863 ab
1623 1837 1678 1863 imo
1701 1837 1733 1864 ad

947 1886 1084 1905 sumnuun
1102 1887 1149 1905 eos
1165 1880 1211 1914 qui
1229 1880 1303 1915 digni
1321 1886 1400 1911 sunt,
1414 1881 1516 1908 evehit.
1534 1882 1590 1909 Hoc
1609 1883 1733 1909 taberna-

946 1924 1033 1950 culum
1050 1924 1139 1958 posuit
1155 1924 1275 1951 Verbum
1290 1926 1316 1951 in
1333 1926 1443 1952 circuitu
1459 1926 1599 1954 latibulum
1613 1930 1732 1959 suum",

947 1969 1082 2009 primitias
1101 1969 1185 1996 totius
1203 1970 1398 2003 humanitatis;
1417 1976 1443 1998 et
1458 1972 1508 1998 hoc
1523 1972 1599 1999 dedit
1614 1975 1731 2008 pretium

946 2021 996 2048 pro
1018 2014 1163 2049 omnibus)
1183 2014 1294 2042 tradens
1315 2016 1434 2042 animant
1453 2025 1530 2044 suam
1554 2018 1580 2044 iu
1601 2023 1732 2052 inertem;

947 2063 976 2086 ut.
997 2059 1075 2086 ﬁeret
1096 2067 1146 2094 pro
1170 2060 1299 2088 nnivcrso
1319 2069 1420 2096 genere
1441 2063 1562 2090 humano
1580 2069 1733 2092 commuta-

947 2109 1003 2131 tum
1022 2114 1028 2131 :
1047 2113 1096 2139 pro
1114 2106 1243 2132 omnibus
1259 2106 1332 2132 enim
1350 2107 1467 2141 gustavit
1486 2113 1613 2142 mortem,
1627 2117 1640 2136 a
1658 2111 1733 2137 nullo

945 2158 995 2185 per
1012 2151 1066 2177 vim
1087 2150 1120 2177 ad
1139 2151 1191 2178 hoc
1208 2151 1293 2178 invite
1314 2155 1428 2178 tractus.
1442 2153 1513 2179 Dixit
1531 2154 1604 2180 enim
1627 2163 1633 2181 :
1651 2155 1733 2182 Nemo

946 2196 1015 2223 tollit
1029 2197 1147 2223 animant
1162 2205 1249 2223 meum
1263 2206 1277 2223 α
1293 2206 1346 2229 me;
1357 2199 1403 2224 sed
1416 2206 1462 2233 ego
1475 2207 1544 2233 pano
1556 2200 1641 2234 ipsum
1653 2210 1668 2227 α
1683 2210 1732 2230 me.

104 2255 170 2274 vero
189 2247 246 2273 solo
262 2245 369 2280 ﬂagello
387 2253 420 2271 ex
439 2245 570 2271 funiculis
586 2245 659 2272 facto
678 2244 820 2271 universos
836 2245 892 2279 eie-
910 2252 931 2281 ι)
947 2241 1105 2268 Potestatem
1120 2242 1203 2269 habeo
1220 2243 1333 2277 portendi
1350 2252 1423 2276 eum;
1441 2249 1464 2270 ct
1480 2250 1635 2280 potestatem
1653 2247 1732 2274 Imbsu

103 2293 186 2323 cit",
205 2292 347 2327 appellans
369 2291 482 2318 donmm
506 2298 582 2318 suam
607 2291 720 2318 domum
743 2290 891 2323 orationis,

103 2346 185 2372 quam
214 2337 253 2364 illi
281 2337 328 2372 qui
355 2337 440 2364 Deum
471 2336 713 2371 caupouabantur,
738 2336 892 2371 emporium

103 2383 226 2409 fecerant
247 2387 373 2409 ementes
399 2381 488 2415 pullos
514 2381 720 2410 columbarum.
738 2385 766 2408 et
786 2380 894 2407 divinas

103 2429 260 2463 Scripturas
286 2432 475 2462 permutantes
501 2431 629 2461 tanquam
655 2427 784 2454 mensarii
811 2434 893 2453 num-

103 2481 177 2505 11108,
195 2481 311 2508 quorum
332 2481 431 2500 mensae
452 2473 551 2500 ιηοκὶιο
569 2476 742 2504 ΕΥΕΓΙΙΗΙῙΙΙΓ,
760 2476 787 2499 οι
804 2480 888 2507 pecu-

103 2521 154 2547 nia.-
166 2519 347 2546 elIunduutur
359 2519 451 2546 divina
464 2519 566 2545 virtute
582 2518 655 2550 illius
669 2517 715 2552 qui
729 2521 840 2544 venerat
855 2517 888 2545 ad

103 2564 306 2600 repurgandum
328 2565 471 2599 templum.
488 2565 514 2590 in
538 2557 593 2598 quo
607 2564 655 2590 'lcx
675 2564 788 2599 juhebat
808 2571 890 2598 puras

103 2612 204 2639 hostias
226 2612 282 2638 Deo
304 2611 461 2643 immolare,
478 2618 532 2637 non
553 2614 644 2636 autem
667 2616 695 2637 ut
715 2610 817 2636 nefaria
839 2610 890 2636 ista

102 2660 208 2686 tierent.

136 2737 158 2752 "’
168 2737 251 2764 Matth
275 2744 355 2764 xxvu.
367 2737 392 2762 7.

98 2774 120 2788 ³⁵
130 2774 207 2801 Euan.
220 2780 246 2804 ι,
259 2772 300 2798 18.
337 2772 358 2788 ⁵³
369 2771 435 2798 Luc.
448 2779 493 2803 xu,
507 2772 552 2798 id.

430 2736 451 2751 ⁸⁷
465 2735 556 2762 Matth
573 2744 644 2768 uvr,
655 2736 699 2762 2’8.
710 2735 731 2750 "‘
743 2735 836 2762 Matth.
850 2743 902 2766 xxv,
921 2735 961 2762 15.

944 2288 1039 2314 iterum
1052 2288 1172 2314 sumendi
1185 2296 1243 2314 cam
1255 2289 1287 2314 θ’.
1303 2289 1330 2315 1η
1344 2297 1398 2323 quo
1412 2290 1495 2317 etiam
1511 2298 1540 2318 se
1556 2299 1637 2326 supra
1651 2301 1732 2326 quam

943 2333 1082 2360 hominem
1104 2340 1164 2360 esse
1186 2333 1344 2361 declarabat
1364 2343 1370 2360 :
1388 2335 1523 2370 siquidem
1543 2337 1632 2364 onmis
1651 2337 1733 2366 homo

944 2377 1030 2405 invite
1046 2378 1165 2405 animata
1184 2386 1261 2405 suam
1278 2379 1405 2412 dimittit;
1422 2384 1450 2407 et
1464 2381 1509 2407 alii
1528 2386 1593 2408 sunt
1609 2383 1655 2417 qui
1673 2384 1732 2411 aui-

943 2432 1013 2450 matn
1033 2423 1145 2455 tollant,
1161 2425 1208 2458 qui
1226 2428 1289 2451 sunt
1305 2425 1338 2452 ad
1357 2425 1408 2453 hoc
1426 2427 1544 2454 ministri
1563 2429 1706 2456 constituti
1725 2439 1730 2456 :

943 2469 1024 2497 sicuti
1052 2470 1156 2497 dictum
1185 2475 1227 2498 est
1255 2471 1293 2498 illi
1322 2471 1416 2504 diviti,
1438 2474 1518 2508 cujus
1544 2482 1609 2509 ager
1634 2475 1732 2502 uberes

943 2516 1048 2553 fructus
1068 2516 1176 2549 tulerat,
1191 2517 1237 2551 qui
1257 2517 1418 2552 imprudens
1433 2520 1579 2547 consilium
1596 2525 1707 2556 ceperat
1724 2531 1729 2548 :

944 2562 1000 2590 Huc
1021 2568 1094 2589 nocte
1115 2563 1233 2590 animum
1253 2568 1326 2591 tuam
1349 2574 1364 2591 a
1385 2570 1409 2591 te
1430 2567 1589 2600 repetent”.
1606 2567 1730 2594 Animam

943 2617 1009 2635 vero
1039 2608 1188 2636 Salvatoris
1218 2611 1306 2637 nostri
1336 2619 1416 2639 nemo
1443 2612 1574 2644 abstulit,
1599 2613 1646 2640 sed
1675 2613 1732 2648 ipso

944 2655 1035 2689 potius
1052 2662 1111 2681 eam
1131 2659 1228 2689 sponte
1246 2656 1338 2690 posuit
1355 2657 1388 2684 ad
1408 2657 1505 2691 breve,
1523 2659 1619 2685 eadem
1639 2659 1731 2686 divina

999 2735 1020 2749 ⁸⁵
1031 2735 1110 2762 Joau.
1121 2741 1149 2765 u,
1163 2735 1204 2761 t3.
1244 2735 1265 2750 ³ο
1278 2734 1358 2763 Hebr.
1373 2744 1397 2768 Χ,
1410 2737 1454 2764 20.
1493 2739 1513 2754 "-
1527 2738 1596 2765 Psal.
1611 2746 1673 2766 vvu.
1688 2740 1732 2767 t‘l.

737 2840 856 2867 VARIA‘I
880 2839 1084 2867 LECTIONES.

133 2887 145 2907 ἀ
160 2888 372 2916 Admirabantur
385 2896 399 2914 e
416 2892 547 2914 contextu
566 2888 725 2922 legendum.

217 2934 354 2965 I’ATROL.
377 2935 436 2965 Gtt.
458 2934 618 2964 LXXXIX.

1488 2932 1526 2961 Ιι3
