1980 3188
290 187 354 218 1355

865 188 894 216 Ξ.
906 187 1103 217 ANASTASII
1123 186 1356 217 ANTIOCHENI

1861 188 1934 219 1356

289 240 462 278 providentia
475 250 527 276 qua
541 246 653 277 propter
664 249 714 269 nos
724 241 811 269 factus
826 246 868 269 est
882 243 979 276 homo;
997 251 1077 277 opor-
1095 247 1114 274 ,\
1131 244 1197 276 εἰσί,
1219 248 1319 272 tamma
1350 243 1542 270 sabachthani?
1572 244 1642 278 quod
1671 244 1890 279 interpretantur
1926 253 1935 271 :

290 289 363 316 tcbat
376 288 451 315 enim
465 287 600 323 proﬁcisci
616 287 649 315 ad
666 288 772 314 animas
786 288 890 316 solutas
902 289 1077 324 corporibus,

289 340 317 362 et
343 335 489 371 praedicare
519 334 630 369 captivis
661 334 842 361 remissionem
853 334 886 360 “.
912 334 963 367 Qui
996 334 1079 369 igitur

289 380 385 409 volens
406 380 525 407 animam
547 379 688 415 propriam
709 379 834 412 dimittit,
852 388 907 407 non
927 384 968 407 est
990 381 1077 408 solum

290 426 380 454 anima
394 433 510 461 corpore
527 429 607 452 utens
622 434 628 451 :
642 425 708 460 quid
722 426 797 454 enim
809 430 862 459 est,
872 427 945 461 quod
959 426 1078 454 animam

288 477 387 508 sponte
403 472 501 499 solvit?
518 480 574 499 non
591 471 665 498 enim
684 476 902 500 consentaneum
921 473 1021 500 rationi
1038 478 1079 500 est

289 519 449 549 existimare
462 525 542 552 posse
555 518 608 545 hoc
620 517 710 545 facere
722 526 834 553 corpus,
844 518 917 553 quod
930 526 985 546 non
997 519 1080 546 habet

289 565 460 597 voluntarias
475 564 668 600 appetitiones.
680 565 782 592 Vertttn
796 565 818 592 si
834 565 886 592 hoc
901 566 1079 598 concedatur,

291 612 448 647 reperietur
460 619 520 638 esse
534 619 635 646 corpus
649 611 771 639 nobilius
786 611 876 639 anima
892 611 1006 639 rationis
1019 619 1081 646 par-

292 659 388 693 ticipe,
410 657 548 693 siquidem
570 665 673 692 corpus
693 657 807 685 dimittit
828 658 963 690 animam,
990 658 1081 685 anima

290 712 358 733 vero
372 704 533 731 dimittitur.
547 703 653 731 Idcirco
666 711 779 730 necesse
795 707 839 730 cst
852 703 967 730 omnino
983 707 1080 738 putare

292 752 318 779 in
339 750 539 786 compositione
559 749 678 782 Christi,
694 750 767 777 aliud
785 750 849 784 quid
867 754 966 785 przcler
981 757 1082 785 corpus

290 801 319 825 et
332 797 462 828 animam.
476 801 594 831 utroque
607 796 718 831 quidem
731 795 853 822 nobilius
869 804 876 822 :
892 797 1082 830 priestantiore

291 852 357 874 vero
369 844 564 879 principalius;
580 842 653 878 quod
666 842 777 877 quidem
791 850 841 877 pro
855 843 1021 871 auctoritate
1033 851 1082 871 sua

291 899 392 926 corpus
411 890 439 917 in
459 890 552 917 cibum
573 888 717 923 discipulis
735 888 827 922 dedit;
847 893 875 916 et
891 889 1011 916 animam
1031 898 1082 924 pro

291 935 387 963 amicis
407 934 498 970 posuit
515 943 520 960 :
539 937 622 969 atque
639 932 691 961 hac
706 933 813 961 ratione
828 933 940 961 nimiam
957 935 1079 962 charita—

292 987 345 1009 tem
362 982 388 1009 in
402 988 452 1008 nos
465 987 542 1007 suam
557 979 693 1008 ostendit.

325 1026 383 1054 ΧΠ.
398 1025 469 1058 Quid
482 1029 573 1052 autem
593 1024 645 1052 hoc
663 1024 740 1052 erat?
757 1024 862 1060 Nempe
881 1024 1006 1053 divinum
1027 1034 1079 1053 nu-

292 1081 370 1105 men,
385 1071 568 1106 compositum
589 1070 695 1098 scilicet
714 1070 773 1098 sine
793 1071 921 1106 passione
941 1079 1003 1099 cum
1025 1076 1080 1099 ter-

293 1126 360 1146 reno
377 1125 502 1153 corpore.
519 1117 556 1144 Ac
575 1116 677 1145 latebat
695 1117 817 1151 quidem,
831 1122 859 1144 et
877 1125 931 1144 non
949 1118 1081 1145 cerneba~

294 1169 348 1196 tur,
361 1168 472 1199 propter
486 1162 687 1190 tabernaculum
704 1163 829 1198 quod,ut
845 1163 912 1197 dixi,
927 1165 954 1191 in
972 1165 1082 1194 circuitu

292 1209 528 1244 erat”-”;etquia
547 1212 648 1236 natura
667 1214 709 1236 est
727 1209 918 1244 inaspectabili
941 1219 947 1236 :
970 1218 1082 1237 verum-

294 1260 384 1282 tamen
398 1254 605 1281 demonstrabat
620 1261 649 1281 se
664 1254 749 1281 Deum
765 1263 814 1290 per
825 1263 868 1287 ea,
881 1263 942 1290 quae
955 1256 1081 1283 faciebat.

292 1300 453 1328 Clamabam
465 1300 539 1327 enim
552 1307 636 1335 opera
650 1308 711 1335 quae
725 1301 810 1328 Deum
826 1302 855 1328 in
871 1310 953 1329 carne
968 1302 1083 1330 abscon-

294 1347 382 1374 ditum
403 1346 591 1382 praedicabant
610 1355 617 1373 :
639 1351 667 1374 et
685 1351 765 1374 erant
784 1348 926 1382 passiones
946 1348 1083 1384 pracipue

294 1393 405 1427 quidem
422 1397 449 1419 et
465 1392 491 1419 in
506 1391 603 1427 primis
618 1392 724 1425 carnis;
739 1396 877 1427 quatenus
889 1401 956 1420 vero
969 1401 1015 1421 eas
1030 1393 1082 1420 sibi

294 1437 474 1469 attribuebat,
491 1442 570 1464 erant
588 1437 648 1473 ejus
668 1438 716 1472 qui
737 1445 847 1465 carnem
868 1444 1056 1473 assumpserat
1075 1448 1082 1466 :

294 1483 426 1511 miracula
448 1491 514 1510 vero
536 1484 563 1511 in
587 1483 683 1519 primis
707 1489 786 1511 erant
808 1484 891 1512 Verbi
913 1485 979 1518 Dei;
1002 1484 1083 1512 simul

294 1534 386 1558 autem
411 1536 473 1556 cum
497 1529 540 1556 his
563 1537 627 1556 caro
652 1529 874 1565 gloriﬁcabatur,
890 1531 956 1566 quia
977 1531 1086 1558 scilicet

294 1574 378 1602 Verbi
402 1574 450 1602 Dei
470 1580 541 1603 erat.
557 1575 629 1603 Caro
652 1575 711 1610 ipsa
735 1576 865 1603 transﬁxa
886 1581 929 1604 est
949 1577 1034 1604 clavis
1057 1577 1086 1604 in'

294 1628 388 1654 cruce,
403 1625 431 1648 ει
448 1621 543 1648 lancea
560 1622 708 1650 vulnerata
727 1626 780 1654 est,
796 1626 824 1649 et
841 1627 918 1650 aceto
939 1627 1043 1658 potata,
1059 1628 1086 1650 et

294 1674 376 1695 omne
402 1675 489 1702 genus
515 1668 692 1695 contumeliae
719 1676 734 1694 a
759 1667 884 1695 scelestis
909 1668 962 1695 illis
988 1673 1087 1703 sponte

294 1713 412 1748 accepit,
429 1721 492 1740 cttm
505 1713 627 1741 Verbum
646 1713 694 1742 Dei
715 1721 808 1741 secum
827 1713 980 1741 secundum
1000 1714 1086 1749 hypo-

296 1759 390 1787 stasim
411 1759 518 1786 unitum
539 1759 664 1786 haberet.
679 1759 756 1787 Unde
777 1759 889 1794 sanguis
907 1760 954 1795 qui
973 1767 1007 1787 ex
1029 1760 1087 1794 ipsa

297 1805 410 1836 ﬂuebat,
424 1805 536 1840 sanguis
554 1804 636 1832 Verbi
661 1804 815 1840 incorporei
838 1810 866 1832 et
885 1805 1018 1840 sanguine
1041 1813 1087 1832 ca-

298 1851 383 1878 rentis
400 1858 462 1878 esse
479 1850 593 1880 dicitur.
607 1855 745 1885 quatenus
763 1859 835 1878 unus
853 1855 894 1878 cst
911 1859 943 1878 ex
963 1851 1088 1886 utrisque

297 1896 465 1930 compositus
489 1895 632 1927 Christus,
658 1896 731 1922 Deus
756 1895 836 1922 simul
861 1900 890 1922 et
913 1896 1007 1923 homo.
1031 1896 1087 1923 Hoc

297 1947 388 1969 autent
408 1942 444 1968 ita
461 1949 521 1970 esse
539 1947 633 1977 aperte
652 1942 773 1970 declarat
791 1942 860 1976 ipse,
875 1949 936 1969 cum
956 1942 1041 1969 Deum
1060 1941 1087 1968 in

297 1995 380 2016 cruce
396 1988 504 2016 Patrem
519 1993 546 2016 et
567 1989 653 2016 Deum
679 1995 759 2015 suum
774 1992 855 2015 vocat
871 1997 876 2014 :
892 1987 964 2020 Eloi,
987 1988 1087 2023 inquit,

1133 289 1199 317 Deus
1222 298 1305 323 meus,
1323 289 1391 316 Deus
1414 297 1497 320 meus,
1512 293 1540 315 ut
1559 290 1622 324 quid
1645 298 1685 316 me
1707 289 1876 326 dereliquiuj
1892 291 1937 316 ’ῖὶ

1131 337 1164 364 Et
1183 337 1283 364 iterum
1307 346 1313 363 :
1330 336 1414 363 Pater
1429 344 1513 367 meus,
1528 337 1555 362 in
1576 344 1671 363 manus
1692 340 1751 363 tuas
1768 337 1936 365 commendo

1130 384 1250 417 spiritum
1266 391 1352 409 meum
1363 383 1397 408 ³⁵.
1410 383 1443 409 Et
1456 381 1535 413 illud,
1549 386 1644 416 aperto
1658 382 1745 410 latere
1758 383 1849 410 exisse
1865 391 1936 410 san-

1131 430 1241 465 guinem
1258 434 1285 456 et
1300 437 1399 464 aquam
1416 436 1449 456 ex
1465 435 1580 463 corpore
1595 428 1652 463 jam
1668 434 1779 456 mortuo
1791 430 1824 462 ",
1841 438 1935 465 supra

1131 480 1258 502 naturam
1272 475 1393 502 hominis
1408 479 1469 502 erat
1485 483 1491 501 :
1507 474 1580 510 quod
1597 475 1709 509 quidem
1726 476 1879 503 nonnullos
1897 485 1935 503 υ(

1132 521 1291 549 inﬁdelibus
1309 522 1356 556 qui
1380 522 1522 554 astabant,
1544 523 1577 551 ad
1599 522 1768 550 credendum
1790 522 1933 552 adduxit.

1132 570 1296 597 conﬁtentes
1313 577 1372 596 vere
1390 569 1487 597 Filium
1504 570 1553 597 Dei
1570 578 1624 597 esse
1636 571 1657 602 ί,
1670 573 1783 605 propter
1796 563 1881 604 quem
1903 574 1935 596 et

1132 623 1181 650 per
1197 624 1278 650 quem
1300 620 1339 643 tot
1356 623 1387 643 ac
1407 620 1481 643 tanta
1502 616 1626 652 prodigia
1645 616 1719 643 edita
1739 620 1844 643 essent.
1859 616 1934 648 Quae

1132 669 1198 687 vero
1218 661 1343 697 prodigia
1362 662 1458 688 erant?
1476 662 1580 696 Nempe
1601 661 1667 688 solis
1679 661 1798 689 defectio
1816 660 1934 688 decima

1133 713 1230 743 quarta
1243 709 1318 740 luna,
1329 715 1390 734 cum
1404 707 1444 734 l‘as
1457 712 1516 734 erat
1528 707 1629 735 Judaeis
1642 707 1787 734 immolare
1799 707 1909 742 pascha
1926 717 1931 732 τ

1133 759 1213 781 terrae
1232 758 1332 787 motus,
1351 761 1416 780 saxa
1435 753 1532 785 scissa,
1551 753 1679 787 sepulcra
1700 757 1804 787 aperta,
1820 753 1932 779 mortui

1133 798 1273 830 suscitati,
1291 798 1382 825 velum
1409 797 1504 833 templi
1528 797 1645 824 scissum
1668 805 1682 823 a
1706 804 1814 824 summo
1835 805 1932 832 usque

1115 843 1273 873 ,deorsum.
1290 847 1318 870 et
1334 847 1431 870 caetera
1449 841 1596 877 ejusmodi,
1609 848 1669 875 qua:
1683 841 1739 867 vim
1758 841 1818 875 ejus
1835 841 1932 868 decla-

1134 889 1248 921 rabant,
1265 889 1312 923 qui
1335 888 1362 915 in
1386 888 1461 923 ligno
1484 887 1638 922 pendebat,
1654 892 1682 914 et
1706 890 1849 921 peccatum
1875 894 1929 912 no-

1135 939 1222 962 strum
1247 934 1275 961 in
1299 941 1333 962 eo
1355 933 1505 961 damnavit.
1524 932 1584 960 Non
1608 932 1683 959 enim
1707 935 1928 958 consentaneum

1134 985 1204 1013 erat,
1219 985 1249 1008 ut
1263 983 1375 1016 propter
1390 988 1453 1007 eum
1468 979 1516 1014 qui
1530 979 1614 1006 homo
1629 978 1717 1005 solum
1734 982 1816 1009 esset,
1831 982 1928 1004 tanto-

1135 1035 1200 1062 pere
1221 1026 1381 1053 universum
1399 1029 1634 1056 commoveretur;
1651 1027 1680 1051 et
1694 1024 1716 1051 si
1731 1024 1793 1058 quis
1808 1023 1928 1050 fortasse

1135 1080 1308 1107 compassum
1329 1079 1390 1098 esse
1410 1071 1494 1102 dicat,
1510 1077 1566 1096 non
1588 1069 1729 1096 aberrahit
1752 1077 1759 1095 :
1781 1069 1929 1103 Oportebat

1135 1117 1209 1144 enim
1231 1121 1261 1144 ut
1279 1121 1413 1144 creatum
1432 1115 1557 1143 Creatori
1579 1118 1814 1148 compaterentur.
1829 1114 1928 1148 Neque

1136 1163 1195 1190 sine
1211 1162 1347 1197 probabili
1366 1161 1472 1189 ratione
1491 1160 1550 1188 haec
1568 1161 1698 1192 dicimus,
1712 1161 1844 1194 quoniam
1864 1167 1928 1186 cum

1135 1209 1260 1244 plerique
1273 1208 1339 1243 justi
1355 1212 1435 1234 antea
1450 1207 1523 1242 passi
1538 1211 1640 1239 essent,
1656 1207 1724 1234 nihil
1742 1207 1769 1233 in
1787 1207 1930 1233 univcrsi-

1137 1259 1192 1282 tate
1210 1253 1306 1281 mundi
1324 1253 1448 1280 ordinem
1459 1260 1539 1280 suum
1552 1252 1665 1287 reliquit
1678 1260 1685 1278 :
1700 1252 1766 1286 quid
1779 1252 1852 1286 ettitn
1867 1252 1930 1279 Lit-

1137 1301 1204 1329 teris
1221 1300 1360 1335 proditum
1376 1303 1418 1327 est
1434 1298 1561 1326 evenisse
1580 1298 1708 1333 lapidatis
1726 1298 1837 1330 sanctis,
1852 1299 1932 1326 occi-

1137 1346 1214 1373 sione
1239 1344 1323 1379 gladii
1345 1344 1512 1379 peremptis,
1534 1343 1634 1370 sectis?
1655 1343 1689 1370 At
1713 1343 1777 1378 quia
1799 1343 1932 1371 universa

1138 1395 1264 1419 creatura
1278 1390 1332 1417 hoc
1345 1390 1470 1424 patiente
1486 1393 1623 1416 commota
1641 1393 1694 1422 cst,
1709 1388 1778 1417 facta
1797 1394 1838 1416 est
1857 1397 1932 1424 pm:-

1137 1436 1255 1464 dicatrix
1273 1435 1308 1463 iis
1325 1435 1372 1470 qui
1390 1442 1472 1462 aures
1488 1434 1620 1462 audiendi
1639 1434 1753 1466 habent,
1765 1442 1829 1462 vere
1843 1434 1934 1462 luisse

1138 1482 1238 1510 Filium
1259 1482 1318 1514 Dei,
1333 1489 1366 1508 ac
1386 1481 1484 1513 Deum,
1499 1488 1556 1508 non
1577 1480 1735 1516 adoptatum
1756 1481 1867 1512 Filium,
1882 1486 1933 1507 aut

1139 1528 1290 1556 secundum
1313 1528 1429 1563 gratiam
1452 1527 1557 1559 Deum,
1577 1527 1624 1554 sed
1646 1532 1744 1554 natura
1767 1527 1884 1557 Filium,
1901 1532 1933 1553 et

1138 1579 1237 1602 natura
1252 1575 1350 1607 Deum,
1364 1578 1391 1601 et
1405 1574 1522 1609 genitori
1538 1573 1813 1605 consubstantialem,
1827 1582 1860 1600 ex
1875 1581 1931 1608 quo

1139 1625 1201 1648 ante
1223 1620 1361 1655 luciferum
1381 1619 1484 1655 genitus
1503 1620 1561 1646 est’
1577 1619 1650 1646 Deus
1670 1619 1866 1654 incorporeus,
1883 1619 1930 1653 qui

1139 1671 1234 1701 postea
1245 1674 1333 1693 semen
1345 1665 1459 1692 Abrahae
1473 1665 1647 1700 apprehendit
1659 1665 1681 1697 ³,
1694 1668 1722 1692 et
1735 1672 1785 1699 per
1799 1665 1931 1691 unionem

1139 1720 1202 1740 cum
1218 1720 1251 1740 eo
1263 1712 1353 1739 factus
1367 1715 1410 1740 est
1421 1711 1516 1745 homo,
1527 1711 1574 1746 qui
1589 1719 1701 1739 carnem
1715 1715 1744 1739 et
1755 1710 1929 1746 sanguinem.

1139 1759 1212 1786 sicut
1236 1758 1333 1793 pueri,
1355 1757 1532 1793 participavit
1544 1758 1564 1784 ⁸.
1589 1757 1665 1785 Hanc
1688 1764 1800 1784 carnem
1827 1757 1854 1784 in
1878 1763 1931 1790 qua

1141 1806 1213 1833 Deus
1228 1809 1300 1837 erat,
1315 1805 1349 1832 de
1365 1811 1448 1832 cruce
1463 1804 1615 1839 depositam
1632 1807 1782 1838 posuerunt
1797 1803 1825 1830 in
1840 1802 1931 1836 sepul-

1142 1858 1200 1883 cro,
1216 1855 1245 1878 et
1266 1850 1382 1878 sindone
1403 1849 1507 1877 munda
1529 1850 1719 1881 involverunt;
1741 1852 1931 1876 secesserunt-

1143 1904 1207 1931 que,
1222 1895 1269 1930 qui
1289 1903 1345 1931 prae
1365 1895 1451 1923 nimia
1471 1895 1645 1922 condolcntia
1664 1902 1765 1930 corpus
1783 1895 1930 1929 petierant.

1142 1942 1208 1970 Erat
1218 1946 1309 1969 autem
1322 1941 1391 1976 lapis
1403 1941 1450 1976 qui
1463 1941 1564 1968 ostium
1575 1940 1745 1967 monumenti
1758 1940 1932 1971 obstruebat,

1142 1988 1300 2016 testimonio
1309 2007 1316 2021 ,
1329 1995 1393 2014 vere
1407 1990 1546 2014 mortuum
1559 1994 1619 2013 esse
1631 1991 1658 2013 et
1669 1986 1818 2020 sepultum.

334 2044 358 2074 ’λ
371 2058 423 2086 lsa.
436 2066 489 2090 ut,
535 2058 546 2084 l
564 2066 572 2090 ;
593 2057 657 2084 Luc.
677 2065 713 2089 tv,
734 2057 778 2084 l8.
798 2057 864 2076 "‘-"
876 2060 947 2086 Psal.
959 2068 1023 2087 wn.
1038 2059 1078 2087 l2.
1117 2060 1139 2076 ’⁷
1153 2060 1236 2086 Marc.
1249 2068 1292 2092 xv,
1307 2060 1353 2088 δι.
1401 2059 1423 2075 ⁸⁸
1436 2059 1504 2086 Luc.
1517 2065 1593 2090 xxnt,
1604 2057 1648 2085 46.
1695 2057 1717 2073 "
1727 2057 1806 2084 Joan.
1820 2065 1875 2088 xtx,
1888 2057 1922 2083 δι

301 2094 307 2109 ¹
321 2094 414 2122 Matth.
427 2102 510 2126 xxvn,
604 2095 614 2109 ²
625 2095 695 2122 l‘sal.
707 2103 759 2127 cnx,
773 2096 799 2122 5.

307 2184 432 2191 —_

838 2095 848 2110 ⁸
860 2095 942 2122 llebr.
956 2103 983 2123 tt.
997 2097 1038 2121 lli.
1078 2094 1086 2109 ⁸
1099 2095 1165 2121 ibid.
1180 2095 1220 2121 Μ.

823 2318 877 2348 DE
900 2317 1231 2348 RESURRECTIONE
1250 2315 1420 2347 CHRISTI.

347 2443 366 2473 Ι.
379 2444 480 2473 Verum
510 2450 556 2472 res
568 2443 721 2471 Salvatoris
743 2449 770 2471 et
795 2445 903 2473 Domini
928 2446 1016 2474 nostri
1038 2454 1094 2474 non
1111 2447 1132 2475 D
1147 2447 1248 2475 lateret
1277 2448 1353 2481 quod
1375 2447 1479 2472 factum
1493 2444 1594 2476 fuerat,
1610 2442 1715 2471 idcirco
1737 2443 1779 2470 sic
1810 2446 1936 2468 mortuo.

307 2497 394 2525 usque
411 2489 446 2518 ad
476 2489 535 2518 haec
556 2493 664 2518 tantum
691 2495 889 2518 consummatae
912 2497 992 2525 sunt;
1024 2500 1096 2527 opus

307 2537 381 2567 enim
393 2540 453 2565 erat
467 2535 628 2572 plenissima
651 2537 818 2569 oeconomia,
848 2527 999 2573 deeratqite
1015 2538 1094 2566 ﬁnis:

308 2584 422 2617 propter
437 2580 674 2609 resurrectionem
689 2580 764 2608 enim
779 2589 812 2609 ex
827 2582 946 2610 mortuis
970 2583 1031 2619 ejus
1048 2583 1095 2618 qui

308 2631 436 2658 mortuus
449 2631 502 2660 est,
526 2627 633 2657 exstitit
653 2632 733 2655 ortus
756 2628 882 2664 ejusdem
899 2629 947 2665 qui
965 2633 1029 2656 ante
1044 2638 1096 2657 sa:-

307 2672 369 2700 rula
391 2672 502 2707 genitus
518 2677 570 2704 est,
585 2677 613 2700 et
627 2680 702 2699 mors
717 2680 767 2708 per
784 2681 895 2701 crucem
911 2674 972 2708 ejus
986 2673 1033 2708 qui
1054 2679 1097 2701 est

308 2718 491 2747 immortalis:
506 2725 568 2753 qua
582 2718 694 2754 quidem
714 2727 768 2745 non
797 2719 899 2747 accidit
924 2719 1050 2752 fortuito,
1065 2725 1096 2748 ut

307 2763 409 2799 aiiquis
422 2762 539 2792 fortasse
555 2763 647 2791 dicat:
664 2764 745 2791 multi
775 2772 894 2799 namque
908 2770 983 2797 sunt,
1007 2770 1036 2794 et
1051 2766 1095 2793 di-

306 2810 381 2838 versi
404 2809 504 2836 mortis
528 2809 602 2836 modi
632 2809 679 2844 qui
701 2809 863 2836 hominibus
880 2810 1029 2843 accidunt;
1048 2811 1094 2838 alii

307 2855 421 2889 quidem
439 2863 475 2882 ex
490 2855 678 2890 providentia,
698 2856 744 2882 alii
759 2863 868 2883 veroex
893 2856 1003 2884 insidiis
1022 2865 1028 2883 :
1047 2857 1094 2884 sed

308 2906 338 2929 ut
352 2903 425 2937 apud
434 2909 531 2930 omnes
540 2901 651 2937 publica
660 2907 732 2929 esset
747 2910 820 2930 mors
833 2904 903 2939 ejus,
913 2909 940 2930 et
956 2905 1095 2931 neminetn

1147 2498 1191 2521 est
1205 2492 1286 2527 :quis
1301 2491 1376 2519 enim
1389 2498 1453 2518 eum
1465 2489 1511 2525 qui
1527 2490 1555 2517 in
1570 2497 1653 2517 cruce
1666 2488 1802 2524 pependit
1817 2492 1845 2514 et
1855 2488 1938 2514 ulmis

1150 2540 1302 2567 transﬁxus
1316 2542 1360 2565 est
1379 2529 1407 2565 ἐι
1422 2537 1464 2565 sic
1479 2536 1564 2564 vitam
1581 2535 1704 2570 reliquit,
1724 2538 1868 2562 mortuum
1880 2542 1936 2559 ex"

1149 2589 1251 2620 neget,
1279 2584 1407 2619 quamvis
1438 2582 1549 2610 veritati
1583 2588 1752 2616 magnopere
1783 2579 1939 2615 repugnet?

1151 2631 1233 2659 Solus
1254 2633 1329 2658 enim
1347 2630 1428 2657 Jesus
1443 2638 1477 2657 ex
1504 2629 1537 2656 iis
1564 2628 1612 2664 qui
1641 2635 1704 2656 cum
1722 2636 1757 2655 eo
1772 2627 1801 2654 in
1815 2627 1939 2662 patibulo

1150 2677 1275 2709 luerunt,
1287 2681 1414 2703 mortuus
1431 2680 1485 2707 est,
1501 2675 1572 2703 duos
1587 2675 1650 2702 dico
1666 2675 1802 2706 latrones,
1815 2674 1864 2708 qui
1877 2680 1938 2700 cum

1126 2742 1128 2745 .
1151 2728 1184 2748 eo
1199 2720 1326 2749 cruciﬁxi
1342 2720 1412 2748 nihil
1429 2721 1481 2747 tale
1498 2720 1572 2755 passi
1597 2723 1672 2747 sunt.
1698 2719 1849 2747 Tcstautnr
1877 2719 1937 2746 hnc.

1152 2775 1214 2802 qum
1229 2767 1362 2801 deinceps
1373 2771 1447 2801 gesta
1464 2770 1548 2794 sunt:
1578 2773 1640 2793 eum
1670 2765 1745 2792 enim
1760 2773 1860 2798 magno
1875 2764 1939 2791 Sab-

1153 2813 1217 2840 bato
1230 2813 1257 2840 in
1273 2813 1372 2840 festum
1388 2813 1554 2847 Azymorttm
1572 2812 1732 2839 incurrcnte
1750 2810 1837 2838 ιυίιςιτῑ
1853 2817 1867 2836 a
1895 2810 1902 2835 l
1917 2810 1937 2835 i»

1151 2859 1208 2886 lato
1240 2853 1397 2892 potuissent,
1419 2862 1449 2884 ut
1477 2850 1595 2892 corpora
1617 2865 1715 2885 eorum
1738 2856 1785 2891 qui
1814 2854 1933 2883 cruciﬁxi

1151 2909 1240 2936 erant,
1256 2905 1477 2939 deponerrntur,
1505 2904 1749 2939 concessissetquc
1769 2902 1873 2929 Pilatus
1896 2910 1939 2928 co-
