1980 3188
43 194 122 225 1357

463 188 603 218 ORATIO
622 189 699 218 V.—-
713 187 760 217 DE
783 184 1103 216 RESURIIECTIONE
1123 181 1291 214 CHRISTI.

1619 174 1685 205 1353

42 257 118 276 rum
144 248 252 282 justum
281 248 460 279 postulatum.
486 243 670 278 jussissetque
694 247 723 269 ut
747 250 843 269 eorum
861 245 881 270 A
898 242 1042 276 pecuniam
1068 240 1203 268 militibus
1226 237 1352 273 polliciti,
1375 236 1491 263 suadent
1515 235 1642 261 occulere
1658 239 1685 260 ει

43 300 137 321 crura
153 291 358 325 frangerentur,
374 293 469 315 narrat
482 288 596 314 historia
609 288 630 317 ⁸,
644 287 724 322 primi
736 286 847 321 quidem

45 344 79 367 et
113 337 231 366 secundi
259 334 388 370 quicum
413 341 447 360 eo
466 334 578 360 fur-rant
593 334 620 360 in
651 341 760 360 cruccu.
783 332 847 363 acti,

47 385 175 420 fregisse
190 390 292 413 crura;
321 381 355 408 ad
373 381 467 408 Jesum
491 385 584 407 autent
609 387 672 406 cum
698 379 848 409 venissent.

47 430 246 466 eumquejam
262 432 405 454 mortuum
417 426 564 456 vidissent,
581 433 636 452 non
659 424 775 459 fregisse
791 424 851 458 ejus

49 484 153 506 crura.

92 523 130 549 ll.
158 521 228 549 Cum
247 520 332 555 igitur
352 523 436 546 testes
451 518 506 545 sint
529 521 670 543 mortuum
687 522 765 545 esse,
789 513 850 540 nul-

53 568 103 595 lus
118 566 236 594 habebit
249 567 340 592 locum
353 563 474 598 negandi
491 567 607 589 mortem
631 560 759 587 suscitati
773 569 778 586 :
799 559 853 586 imo

53 619 85 641 et
101 613 206 648 Josepb
235 619 298 639 cum
328 610 455 646 peliisset
480 616 582 643 corpus
607 607 643 634 ad
670 605 853 635 humandum,

57 661 182 688 miratus
198 663 241 686 est
257 658 373 687 Pilatus,
389 655 462 691 quod
472 656 527 690 iam
542 659 670 680 mortuus
683 656 767 679 esset.
783 650 854 684 Quid

56 715 125 734 esse
140 709 231 741 potest
254 704 413 732 evidentius
443 701 602 729 testimonio
615 699 784 729 .ludmorum,
809 697 856 731 qui

57 751 141 779 omni
159 750 278 777 artifitio
308 747 548 776 resurrectionem
575 746 686 773 Domini
717 745 857 771 occultare

60 797 182 824 volunt?
199 796 268 823 Cum
281 795 355 821 enim
374 798 485 829 postero
505 792 550 819 die
570 791 640 826 apud
655 791 777 818 Pilatum
793 797 859 816 con-

60 842 224 872 venissent.
242 841 372 868 dixerunt
398 848 405 866 :
420 838 560 866 Recordali
577 845 678 867 sumus,
695 835 763 870 quod
779 835 857 861 sedu-

63 894 126 915 ctor
141 887 197 919 ille,
222 895 280 914 cum
299 886 384 913 adhuc
399 885 506 913 viveret.
538 883 605 910 dixit
621 891 628 909 :
657 882 719 908 Post
734 885 786 907 tres
805 880 858 906 dies

66 933 229 968 rmrgam'
244 952 250 958 .
263 931 333 958 Cum
351 938 417 965 ergo
441 930 468 956 hi
482 929 584 957 dicant.
599 935 662 954 cum
675 927 765 953 adhuc
783 925 858 952 vive-

68 984 127 1010 ret,
145 979 247 1010 aiebat,
264 983 292 1004 et
307 976 436 1007 dicendo,
462 983 522 1013 cunt
537 974 622 1001 adhuc
644 974 751 1003 viveret,
783 971 861 1006 plane

69 1026 220 1053 declarant
262 1027 401 1050 mortuum
434 1021 539 1053 fuisse,
566 1026 647 1046 omne
675 1021 862 1045 cormnentum

70 1072 235 1100 convictuum
259 1070 314 1097 erit
332 1076 440 1100 eorum,
479 1067 526 1103 qui
553 1067 646 1094 dicere
673 1065 777 1093 audent
809 1072 863 1091 non

72 1117 162 1144 fuisse
177 1119 326 1142 mortuum.

111 1173 160 1202 III.
191 1171 294 1199 Deinde
323 1171 460 1205 signatum
486 1169 571 1196 fuisse
597 1168 766 1203 sepulcrum,
792 1166 865 1202 quod

76 1217 195 1245 scelesti
223 1216 262 1242 illi
288 1220 499 1250 suggesserant,
526 1213 736 1240 consultissimo
762 1212 864 1240 factum

79 1268 124 1290 est
136 1262 170 1288 ad
187 1261 318 1296 pudorem
336 1267 444 1290 corum,
461 1259 507 1294 qui
524 1258 653 1286 dicebant
667 1259 774 1286 venisse
786 1258 868 1285 disci-

80 1307 164 1342 pulos
199 1310 290 1338 nocte,
305 1310 333 1332 et
346 1305 451 1332 furatos
473 1311 533 1331 esse
553 1311 627 1331 eum.
656 1303 768 1338 Signato
794 1302 868 1330 enim

81 1357 276 1383 monumento,
288 1354 316 1377 et
328 1350 463 1377 militibus
473 1350 550 1384 signa
564 1349 798 1381 custodientibus,
810 1356 870 1383 qua:

84 1397 157 1425 ratio
173 1396 324 1431 probabilis
342 1395 481 1422 videbitur
508 1395 541 1422 ad
567 1395 780 1422 inumbrandum
801 1395 871 1422 veri—

84 1444 193 1470 tatem?
205 1443 258 1470 Sed
275 1450 325 1469 nec
349 1442 416 1468 illud
443 1441 477 1468 ab
505 1441 570 1474 ullo,
590 1445 620 1468 ut
641 1441 771 1473 arbitror,
798 1441 870 1476 jusle

85 1488 142 1515 dici
155 1488 268 1522 poterit,
285 1486 455 1514 accusandus
472 1494 532 1512 esse
556 1485 651 1513 violati
673 1486 794 1520 sepulcri
807 1493 871 1520 pro-

87 1534 216 1568 pinquos,
234 1533 307 1560 forte
331 1526 431 1567 corpus
446 1531 590 1559 sustulisse
608 1532 712 1558 relictis
738 1531 875 1566 signisin-

901 287 1042 314 mendacia
1067 291 1225 316 contcxcrc,
1254 292 1314 318 qua:
1337 282 1388 317 ipsi
1418 281 1498 308 valde
1521 280 1594 307 fatue
1620 279 1687 313 ipsis

902 331 1222 367 suggesscrunt:Dit-ite,
1242 328 1382 363 inquiunt,
1402 326 1471 362 quod
1491 325 1612 359 discipuli
1630 325 1686 359 rjrs

902 384 1028 406 venerunt
1045 383 1121 404 noctu
1133 382 1155 403 rt
1171 377 1244 403 nobis
1256 373 1445 401 dormientibus
1461 372 1531 408 {tirio
1545 380 1604 398 eum
1631 379 1689 397 sus-

904 425 1022 460 tulerunt
1047 425 1068 451 ⁸.
1095 423 1192 450 Merito
1211 423 1237 449 in
1257 422 1321 448 istos
1342 420 1395 447 dici
1416 422 1505 454 potest
1528 427 1534 444 :
1553 417 1576 444 Ο
1601 417 1690 451 magi-

906 476 976 498 stros
991 469 1104 497 absurdi
1121 473 1149 496 et
1164 467 1345 503 repugnantis
1378 464 1531 492 mendacii!
1554 461 1692 497 quomodo

906 516 964 543 fieri
984 519 1099 550 poterat,
1114 518 1145 541 ut
1162 515 1209 548 qui
1231 512 1417 542 dormiebant,
1431 511 1559 537 viderent
1579 508 1692 543 quinam

905 567 1008 594 essent,
1026 562 1072 596 qui
1089 561 1172 588 furati
1185 561 1267 587 sunt?
1283 559 1311 586 Si
1325 562 1417 586 autem
1432 565 1494 584 vcrc
1505 559 1695 591 cognoverunt

907 610 998 639 fures;
1019 609 1070 635 hoc
1084 607 1158 642 cuitu
1184 606 1251 640 ipsis
1279 610 1309 632 ut
1334 605 1478 636 dicerent,
1500 601 1695 638 suggessistis;

908 655 1032 690 profecto
1046 652 1165 680 videndo
1174 656 1365 686 cognoverunt
1375 659 1381 676 ε
1390 657 1491 684 quomo
1499 649 1528 675 lo
1539 649 1622 683 igitur
1632 646 1695 673 dor-

909 701 1043 731 miebant,
1055 699 1076 726 si
1091 698 1240 725 viderunt?
1254 697 1371 724 Curnon
1386 695 1478 730 potius
1488 695 1591 721 furtum
1601 693 1697 728 probi-

911 747 1033 774 bcbant?
1048 745 1089 773 0b
1102 745 1172 772 banc
1186 743 1259 770 enim
1271 750 1382 770 causam
1398 745 1589 768 remanseram
1599 739 1626 766 in
1636 746 1697 765 .mt-

910 797 1056 823 numento.
1071 796 1098 818 ut
1114 790 1284 826 propositum
1299 789 1388 816 fuerat
1403 787 1495 822 impiis
1512 786 1624 814 ctfalsis
1640 794 1699 813 ma—

911 840 1015 876 gistris,
1031 839 1078 873 qui
1094 837 1297 864 allirmavcraut
1319 841 1450 862 suasurus
1463 841 1492 861 se
1524 832 1633 868 praesidi
1658 832 1701 860 Pi-

914 887 979 918 lato,
991 885 1063 920 quod
1079 883 1252 910 dormientes
1266 889 1329 909 vera
1351 881 1447 908 dicunt
1466 888 1494 907 se
1516 880 1629 907 vidisse.

953 942 984 969 Υ.
1002 942 1092 975 Atque
1103 939 1141 966 illi
1159 938 1270 974 quidem
1293 938 1332 965 sic
1344 946 1372 964 sc
1392 936 1588 964 existimabant
1602 936 1703 964 verita-

917 993 970 1014 tem
995 987 1146 1013 obscurare
1173 989 1202 1012 ct
1217 989 1383 1019 contegere;
1401 983 1526 1010 Salvator
1548 991 1615 1010 vero
1638 990 1702 1009 vere

916 1034 998 1061 tertio
1017 1033 1061 1060 die
1077 1032 1210 1063 surrexit,
1227 1031 1323 1058 relicta
1349 1029 1528 1064 corruptione
1559 1030 1586 1056 in
1609 1030 1703 1063 sepul-

917 1088 964 1107 cro
977 1085 1004 1106 et
1019 1079 1108 1105 factus
1130 1078 1318 1112 primogenita:
1346 1084 1376 1103 ex
1400 1076 1552 1108 mortuis';
1575 1076 1705 1103 descendit

917 1126 991 1153 enim
1007 1126 1032 1151 in
1049 1124 1185 1159 inferiores
1208 1127 1296 1158 partes
1323 1128 1400 1149 terra:
1425 1123 1445 1138 9'
1469 1126 1497 1149 ct
1525 1122 1552 1148 in
1574 1130 1622 1149 cor
1646 1123 1707 1156 ejus

919 1171 1004 1203 venit,
1017 1164 1093 1198 tanto
1105 1174 1227 1204 tempore
1237 1169 1294 1196 illic
1304 1173 1502 1199 commutatus,
1512 1174 1617 1203 quanto
1629 1175 1706 1204 opor-

921 1217 983 1248 tuit,
993 1220 1021 1241 ut
1035 1215 1150 1250 gratiam
1162 1219 1279 1241 suamet
1294 1213 1439 1240 utilitatem
1451 1213 1485 1240 iis
1498 1214 1544 1248 qui
1558 1214 1585 1240 iu
1599 1214 1707 1240 inferno

921 1263 1097 1290 tenebantur.
1127 1260 1308 1295 itnpartiret:
1339 1268 1393 1286 non
1418 1260 1492 1287 enim
1519 1260 1622 1288 frustra
1643 1261 1709 1288 illuc

923 1308 1082 1340 descendit,
1096 1307 1161 1342 quia
1186 1306 1256 1333 nihil
1275 1305 1414 1332 incassum
1433 1305 1498 1332 facit
1514 1306 1597 1339 Deus,
1615 1297 1710 1334 srdvut

921 1355 1021 1389 cosqui
1033 1353 1060 1380 in
1072 1359 1184 1380 carcere
1195 1357 1284 1381 erant.
1293 1350 1436 1382 educeret,
1450 1355 1478 1378 et
1488 1351 1633 1379 reduceret
1644 1360 1713 1387 pr:r~

923 1400 1015 1427 eundo
1032 1403 1095 1425 ante
1121 1405 1179 1430 eos,
1201 1401 1230 1423 ut
1256 1401 1350 1432 pastor
1376 1402 1441 1425 ante
1461 1405 1538 1428 oves,
1563 1398 1713 1432 quzetcudo

924 1453 994 1481 quos
1006 1444 1180 1480 perdiderat,
1197 1448 1225 1471 et
1235 1443 1403 1471 inveniendo
1420 1452 1491 1478 quos
1510 1445 1669 1479 quaesierat,
1681 1453 1713 1472 ac

926 1491 1084 1519 reducendo
1098 1497 1146 1517 eos
1157 1494 1345 1524 propterquos
1356 1489 1558 1517 descenderat:
1571 1498 1625 1518 non
1636 1491 1711 1518 enim

927 1537 1017 1564 solum
1040 1535 1184 1562 interitum
1211 1542 1362 1569 corporum
1386 1534 1512 1562 dissolvit
1526 1535 1553 1562 in
1570 1536 1714 1570 sepulcro,

90 1580 191 1615 tegris:
209 1587 262 1606 non
277 1579 350 1606 enim
367 1582 560 1605 constructum
578 1581 637 1604 erat
663 1581 874 1604 monumentum
889 1581 910 1610 C
929 1582 975 1610 sed
994 1586 1021 1609 οι
1033 1580 1156 1615 captivas
1167 1580 1272 1606 animas
1287 1586 1320 1605 ex
1335 1579 1443 1606 inferno
1459 1579 1486 1606 in
1496 1587 1552 1614 quo
1566 1584 1717 1616 pel-lyra".

89 1635 127 1653 et
142 1626 238 1653 electis
251 1625 390 1660 lapidibus
411 1625 482 1651 inter
498 1632 526 1651 se
539 1624 746 1658 coagmentatis,
765 1623 813 1650 scd
829 1631 877 1658 p0-

91 1673 147 1700 tius
161 1676 219 1699 erat
241 1676 318 1705 petra
340 1671 442 1701 nativa,
462 1678 522 1704 qua:
553 1674 637 1696 totam
656 1669 727 1696 hanc
745 1669 879 1704 suspicio-

92 1726 155 1745 nem
168 1717 295 1752 ejicicbat
312 1726 318 1743 :
336 1717 371 1744 ob
387 1717 455 1743 hanc
472 1724 583 1743 causam
595 1723 696 1743 novum
707 1720 766 1742 crat
781 1723 879 1741 monti-

97 1767 232 1794 menlum,
247 1767 374 1789 reccnter
386 1762 413 1788 in
430 1767 505 1796 petra
521 1761 634 1793 factum,
658 1761 685 1787 in
701 1769 756 1795 quo
773 1761 878 1787 nullum

94 1814 175 1836 antea
192 1815 293 1843 corpus
307 1807 448 1835 conditum
473 1807 579 1839 fuerat;
610 1814 645 1834 nc
659 1807 684 1833 in
701 1806 816 1833 dubium
835 1814 882 1833 ve-

96 1855 169 1882 niret
180 1854 214 1881 iis
225 1854 271 1888 qui
303 1857 445 1888 utcunque
471 1853 704 1880 resurrectionem
729 1852 880 1893 rccipiunt,

105 1901 229 1935 quisnam
242 1907 258 1926 a
269 1899 384 1926 mortuis
396 1900 533 1926 excitatus
553 1902 636 1926 esset.

137 1946 180 1973 IV.
197 1945 260 1972 Haec
272 1945 365 1972 omnia
378 1950 406 1972 et
424 1945 476 1972 alia
500 1945 578 1980 plura
610 1944 654 1970 his
675 1944 783 1978 provisa
807 1947 881 1975 sunt,

104 1992 138 2020 ad
175 1991 327 2020 faciendam
368 1991 449 2019 fidem
488 1990 702 2018 resurrectionis
735 1990 884 2017 Salvatoris

105 2039 208 2071 nostri;
223 2039 255 2065 ad
271 2046 354 2072 quam
377 2036 578 2065 ostendendam
598 2035 741 2063 descendit
761 2035 882 2070 angelus,

104 2085 153 2119 qui
168 2084 285 2119 lapidem
300 2084 334 2110 ab
350 2083 408 2110 otio
433 2082 606 2110 monumenti
634 2081 761 2113 revolvit,
787 2089 841 2108 non
857 2086 883 2108 ut

103 2130 204 2158 exitum
221 2129 334 2156 humato
356 2132 480 2164 pararet;
502 2129 558 2163 jam
571 2128 644 2155 enim
658 2127 735 2162 prius
747 2126 790 2154 die
806 2127 886 2154 tertio

103 2179 258 2203 surrexerat
276 2174 407 2202 Dominus
424 2182 438 2200 a
457 2174 533 2201 nullo
551 2173 718 2208 prohibitus,
735 2173 782 2199 sed
798 2177 827 2199 ut
840 2173 886 2200 de-

107 2225 270 2249 monstraret
295 2221 395 2252 locum,
427 2220 473 2247 ubi
503 2227 604 2254 corpus
629 2220 748 2254 positum
785 2220 885 2252 fuerat,

106 2268 150 2295 ubi
176 2272 266 2294 vestes
282 2271 386 2294 tantum
414 2270 494 2294 erant
514 2251 649 2293 suscitati.
673 2265 750 2294 Unde
773 2267 887 2300 angelus
903 2251 924 2278 υ

107 2313 151 2349 qui
167 2313 329 2340 mulieribus
343 2320 404 2347 qua:
423 2316 609 2340 convenerant
625 2311 751 2346 apparuit
769 2320 776 2338 :
790 2312 887 2344 Nolite,

107 2359 204 2391 aiebat,
215 2359 306 2386 timere
316 2367 360 2386 vos
373 2367 381 2385 :
396 2359 449 2385 scio
466 2358 535 2393 quod
548 2357 638 2384 Iesum
651 2357 889 2385 Nazareuumcru-

109 2405 213 2439 ciﬁxum
229 2405 363 2440 quierim;
381 2413 433 2430 non
446 2408 482 2430 est
496 2404 553 2436 hic;
570 2404 802 2436 reaut'rcxit,sicut
813 2404 891 2431 dixit:

111 2449 201 2483 venite,
219 2449 302 2477 videte
324 2449 409 2476 locum
431 2449 474 2475 ubi
492 2449 591 2482 positus
618 2451 677 2475 erat
693 2447 715 2474 '.
739 2448 787 2474 llis
808 2442 893 2483 gestis

111 2495 208 2522 milites
226 2495 360 2522 custodes
380 2499 454 2522 metu
474 2494 612 2529 perterriti
623 2493 891 2529 jacebanttanquam
906 2486 911 2489 ’

111 2541 284 2568 taortuizvix
301 2546 392 2568 autem
408 2545 514 2568 terrore
535 2540 692 2567 formidinis
715 2539 824 2567 liberati
849 2540 892 2567 fn-

112 2591 205 2622 gerunt
217 2587 245 2614 in
263 2587 414 2619 civitatem,
427 2593 457 2615 ut
468 2586 629 2614 nuntiarent
643 2594 704 2622 quae
714 2587 892 2614 accidissent.

113 2632 238 2660 Scelerati
253 2640 318 2660 vero
333 2633 491 2661 sacerdotes
508 2633 678 2666 Judaeorum,
697 2640 766 2668 quos
785 2638 895 2667 oporte-

114 2678 158 2705 ιλιι
171 2678 282 2706 tandem
295 2687 408 2707 sensum
424 2687 523 2714 capere
532 2700 540 2708 .
551 2683 579 2706 et
592 2687 689 2707 eorum
701 2687 763 2714 qua:
771 2680 894 2707 fecerant

114 2724 257 2758 ptenitere,
270 2730 367 2752 contra
385 2726 479 2760 potius
499 2725 527 2752 in
555 2725 660 2752 malitia
673 2729 892 2760 perseverantes,

116 2769 257 2797 studebant
271 2773 302 2798 ut
315 2770 549 2798 resurrectionem
570 2771 709 2802 celarent,
726 2774 755 2797 et
779 2770 894 2797 multam

140 2857 371 2899 I'Joan.xix,52.
410 2867 533 2895 ‘Mattb.
567 2874 658 2903 xxvu,
685 2865 729 2893 G3.
771 2867 872 2894 ’Mattl

140 2911 152 2929 ν.
169 2905 193 2929 9.
231 2903 253 2920 “
285 2904 386 2929 .lcrcm.
407 2912 468 2929 xu.
491 2905 530 2929 l6.
571 2905 589 2918 ¹¹
620 2905 699 2929 Itoni.
726 2911 780 2929 xiv.
794 2903 820 2929 9.
862 2903 873 2918 "

933 2867 1046 2897 xvttt,.5.
1063 2866 1087 2892 6.

927 2910 969 2929 uc.
987 2910 1030 2929 ιι.
1050 2901 1085 2929 38

926 2910 969 2930 uc.
987 2910 1030 2934 xx,
1050 2910 1094 2929 ao.

118 2904 152 2936 Π,
169 2905 193 2932 9.
231 2903 253 2920 ¹¹
285 2904 386 2932 Jercm.
407 2912 468 2935 xu,
491 2905 530 2930 l6.
571 2905 589 2918 ¹¹
620 2905 699 2930 Itoni.
726 2911 780 2935 ιμ’,
794 2903 820 2930 9.

931 1627 1024 1654 nidcm
1035 1625 1244 1655 detinebantur,
1264 1623 1409 1655 liberavit;
1426 1628 1450 1650 cl
1464 1623 1581 1650 fortasse
1597 1632 1651 1651 non
1667 1633 1717 1659 per

935 1671 1119 1708 tyrannidem,
1131 1671 1178 1698 sed
1197 1679 1246 1705 pro
1261 1669 1356 1696 mttltis
1371 1669 1472 1696 debitis
1499 1670 1716 1703 deiiuebantur;

931 1719 1034 1754 quibus
1063 1716 1227 1752 persolutis,
1242 1715 1289 1750 qui
1311 1719 1425 1750 propter
1448 1715 1644 1742 liberationem
1668 1715 1717 1743 dc-

932 1764 1088 1795 sccnderat,
1118 1762 1230 1790 reduxit
1262 1769 1388 1796 magnam
1407 1761 1514 1796 copiam
1536 1762 1719 1796 captivorum.

932 1810 1100 1845 promittens
1121 1809 1210 1843 ipsum
1235 1808 1319 1835 etiam
1347 1807 1496 1842 aliquando
1521 1808 1569 1842 qui
1597 1809 1722 1843 captivos

933 1857 1063 1887 duxerat,
1092 1855 1230 1890 captivum
1247 1859 1275 1881 ct
1304 1862 1414 1881 servum
1441 1854 1627 1886 habiturum;
1645 1855 1721 1881 illum

934 1903 1006 1933 dico,
1020 1901 1066 1936 qui
1082 1901 1162 1935 paulo
1192 1905 1255 1926 ante
1280 1899 1413 1927 dominus
1441 1900 1599 1933 putabatur.
1634 1901 1722 1928 Erunt

935 1949 1020 1980 enim,
1035 1947 1136 1982 inquit,
1151 1947 1259 1980 captivi,
1275 1946 1320 1980 qui
1336 1954 1378 1972 vos
1395 1946 1511 1980 captivos
1534 1947 1683 1978 duxerunt;
1699 1953 1723 1973 et

935 1995 1100 2022 dominatum
1114 1991 1246 2023 subibunt,
1265 1991 1309 2025 qui
1324 1991 1391 2018 voltis
1403 1992 1575 2019 dominantur
1589 1993 1619 2019 ¹⁰.

971 2040 1014 2067 Vl.
1036 2039 1076 2066 Ad
1097 2039 1142 2064 hoc
1160 2037 1278 2064 Christus
1304 2041 1422 2065 mortuus
1446 2042 1482 2065 est
1512 2043 1536 2065 et
1563 2040 1637 2070 vixit,
1656 2044 1683 2066 ut
1701 2045 1724 2065 ct

937 2091 1101 2113 mortuorum
1119 2087 1142 2110 et
1156 2083 1273 2109 rivorum
1287 2082 1347 2109 Dom
1355 2083 1413 2109 inus
1441 2083 1476 2110 sit
1489 2083 1522 2109 ¹¹.
1544 2083 1598 2111 Sed
1619 2093 1670 2111 non
1686 2090 1724 2111 est

939 2131 1019 2161 Deus,
1049 2128 1118 2155 Deus
1142 2131 1322 2157 mortuorum,
1347 2127 1392 2153 sed
1414 2128 1556 2155 viventium
1586 2129 1616 2156 ".
1640 2129 1727 2164 Igitur

938 2175 1039 2204 mortui
1050 2173 1161 2209 quibus,
1181 2173 1227 2207 qui
1243 2172 1322 2203 vixit,
1338 2172 1508 2204 dominatur.
1525 2179 1722 2202 nonsuntam-

939 2223 1013 2258 plius
1039 2219 1140 2247 mortui
1155 2239 1161 2250 ,
1184 2217 1234 2244 sed
1251 2219 1390 2251 viventes;
1408 2224 1435 2246 et
1450 2219 1554 2247 idcirco
1569 2220 1728 2248 dominatur

940 2270 982 2296 eis
997 2267 1064 2297 vita,
1092 2271 1121 2292 ut
1133 2265 1238 2296 vivant.
1255 2271 1310 2291 non
1329 2265 1447 2300 amplius
1465 2271 1582 2293 mortem
1599 2271 1728 2293 metuen-

942 2319 993 2345 tes,
1010 2313 1081 2340 sicut
1093 2311 1211 2340 Christus
1226 2313 1354 2340 excitatus
1374 2321 1389 2339 a
1407 2311 1530 2343 mortuis,
1545 2320 1597 2338 non
1614 2311 1729 2347 amplius

943 2361 1055 2387 moritur
1069 2359 1107 2386 ”:
1126 2359 1166 2386 sic
1178 2358 1304 2386 suscitati
1329 2362 1357 2385 et
1376 2365 1392 2386 a
1414 2358 1594 2393 corruptione
1607 2348 1730 2390 liberati,

943 2413 998 2432 non
1009 2403 1128 2439 amplius
1148 2408 1265 2431 mortem
1291 2403 1436 2434 videbunt,
1466 2402 1554 2430 futuri
1579 2403 1732 2439 participes

943 2448 1155 2478 resurrectionis
1175 2448 1290 2480 Christi.
1319 2449 1391 2476 sicut
1421 2448 1480 2484 ipse
1513 2450 1614 2478 mortis
1632 2457 1731 2478 eorum

945 2495 1084 2531 particeps
1108 2495 1170 2522 fuit.
1189 2495 1249 2522 Non
1263 2495 1338 2522 enim
1349 2495 1404 2523 alia
1427 2494 1462 2523 de
1485 2502 1568 2524 causa
1586 2495 1733 2525 descendit

944 2542 973 2570 in
987 2545 1101 2574 terram,
1117 2541 1199 2576 cujus
1212 2545 1307 2568 vectes
1321 2540 1480 2569 detinentes
1497 2542 1606 2574 mterni,
1623 2542 1675 2570 nisi
1703 2547 1731 2569 ut

945 2595 1028 2615 cereas
1046 2591 1138 2622 partas
1164 2590 1310 2614 contereret
1320 2591 1344 2613 et
1369 2591 1453 2615 vectes
1471 2591 1569 2622 terrea;
1583 2587 1734 2624 confringa-

946 2637 986 2661 ret
1001 2633 1034 2665 “,
1046 2637 1074 2659 et
1088 2638 1118 2659 ut
1131 2640 1166 2659 ex
1190 2632 1376 2667 corruptione
1395 2632 1481 2661 vitam
1507 2638 1632 2661 nostram
1655 2633 1690 2661 ad
1706 2641 1735 2662 se

946 2679 1037 2714 ipsum
1053 2678 1197 2709 educeret,
1213 2686 1264 2712 pro
1278 2678 1413 2707 servitute
1437 2678 1541 2708 donata
1558 2679 1639 2707 nobis
1653 2679 1736 2707 liber-

948 2727 1015 2751 tate.
1032 2722 1111 2755 Quod
1124 2722 1148 2750 si
1163 2723 1248 2757 huius
1261 2724 1426 2751 oeconomiae
1441 2731 1512 2758 opus
1526 2723 1650 2751 nondum
1669 2731 1734 2759 per-

949 2768 1052 2796 fectum
1073 2767 1196 2799 videtur,
1218 2767 1311 2794 adhuc
1329 2768 1403 2795 enim
1421 2768 1551 2797 homines
1567 2769 1736 2799 moriuntur,

1128 2866 1220 2894 ‘ibid.
1243 2866 1285 2893 l5.
1325 2866 1449 2894 ’Coloss.
1477 2867 1552 2898 1.18.

1590 2868 1617 2903 ’ἦ
1637 2867 1740 2903 Ερὶιει

1143 2902 1162 2916 ¹³
1181 2901 1258 2929 Rom.
1277 2909 1314 2934 vi,
1324 2902 1350 2929 9.

1391 2902 1410 2918 "'
1429 2902 1501 2930 I’sal.
1515 2911 1567 2933 cvi,
1590 2902 1632 2932 16.
