1980 3188
313 195 323 226 i
348 196 380 227 ξπ)
886 197 915 225 S.
937 196 1137 226 ANASTASII

309 257 335 280 ei
352 259 468 286 corpora
482 251 596 278 interitu
615 251 821 283 dissolvuntur;
836 251 920 283 absit,
938 256 968 278 ut
989 252 1042 278 hoc
1054 251 1101 278 fiat
1118 255 1137 282 Λ

309 297 418 325 occasio
433 297 564 332 perfidiae.
580 297 639 325 Jam
658 298 731 324 cnim
748 303 829 324 antea
853 298 978 324 omnium
1010 298 1100 324 hono-

309 353 369 372 rum
382 351 394 364 ε
407 352 468 380 quae
479 345 552 372 dicta
567 349 642 377 sunt,
659 344 844 371 arrhabonem
856 345 971 371 tulimus
983 352 1032 379 per
1041 344 1100 379 pri-

309 391 402 419 mitias
416 397 591 426 nostras,per
599 400 670 426 quas
684 392 721 419 ad
737 391 916 418 altitudinem
932 391 995 418 cteli
1011 392 1100 419 evasi-

310 446 382 471 mus,
398 442 426 465 et
438 438 617 465 consedimus
631 438 656 465 ei
677 437 724 472 qui
741 446 792 464 nos
810 445 903 464 secmn
935 438 962 464 in
982 437 1101 464 sublime

309 485 431 517 sustulit,
449 485 530 512 sicuti
542 485 644 511 Paulus
660 485 780 519 quodam
795 485 856 511 loco
870 484 925 511 ait:
946 484 979 511 Et
1007 493 1101 511 conre—

309 532 455 563 cuscitavit,
481 535 504 558 et
528 531 662 558 considere
689 540 734 558 nos
761 531 821 566 fecit
849 532 876 558 in
903 531 1047 558 cwlcstibus
1073 532 1100 557 in

310 576 413 604 Christo
427 577 458 603 “’.
478 576 610 604 Feremus
623 582 717 604 autem
741 577 1022 608 consummationem,
1037 584 1099 604 cum

310 622 399 650 aderit
413 627 549 657 tempusa
568 623 648 650 Patre
662 623 840 658 praefinitum,
858 631 921 650 cum
940 631 992 650 nos
1008 623 1101 658 pueri-

312 670 377 696 tiam
401 669 583 704 deponemus,
618 674 645 696 ct
673 670 701 696 in
726 670 811 697 virum
838 669 980 704 perfectum
1005 668 1103 696 evade-

312 723 373 742 mus
391 716 433 742 ¹³’.
454 714 512 742 lioc
523 715 598 742 enim
611 715 701 742 visum
723 720 765 742 est
781 715 855 742 Patri
879 715 1054 746 saeculorum,
1074 717 1103 740 ut

312 760 422 786 tirmum
436 760 472 786 sit
485 759 580 786 datum
596 767 708 792 munus,
732 764 761 786 et
785 767 840 786 non
866 767 963 786 rursus
980 763 1103 786 contem-

312 810 395 832 natur
407 809 625 840 repuerascente
637 805 730 832 adhuc
741 809 844 832 meme.

349 851 403 878 Vll.
435 851 474 878 Ne
495 851 557 886 quis
586 851 669 885 igitur
684 850 827 878 existimet
853 858 909 877 non
931 858 993 879 esse
1007 851 1103 879 datum

312 897 508 928 arrhabonem,
539 904 573 924 ex
590 904 634 929 eo,
650 896 724 931 quod
749 896 842 923 adhuc
866 896 942 925 videt
970 898 1103 932 quosdam

312 944 455 979 prioribus
469 943 572 970 debitis
588 942 726 978 obligatos
743 942 764 970 ί.
784 942 872 970 Antea
894 944 968 971 enim
996 944 1104 971 solutus
1122 932 1140 958 Β

311 996 363 1023 est,
376 996 406 1017 ut
423 990 556 1023 diximus,
574 991 707 1023 arrhabo,
734 991 782 1026 qui
796 995 888 1018 certos
902 991 967 1019 facit
982 991 1015 1018 de
1028 991 1104 1019 sola-

312 1037 387 1064 tione
402 1037 490 1064 tutius
502 1044 617 1064 summa:
630 1046 636 1063 ε
658 1036 779 1064 arrhabo
795 1045 915 1072 namque
930 1045 985 1064 non
996 1041 1038 1064 est
1049 1042 1104 1066 tota

312 1091 431 1115 summa,
460 1083 509 1110 sed
538 1090 613 1118 pars,
642 1091 725 1118 quam
759 1082 871 1122 quidem
901 1083 1003 1110 Paulus
1024 1088 1104 1110 vocat

312 1131 426 1165 cnigma
445 1129 478 1156 “.
509 1129 573 1156 Haec
588 1137 654 1156 vero
671 1129 764 1156 omnia
792 1133 856 1156 tunc
881 1130 1103 1162 evacuabuntur,

311 1184 370 1202 cum
386 1175 436 1201 erit
455 1174 525 1201 Deus
539 1174 629 1201 omnia
648 1173 677 1200 in
688 1173 808 1200 omnibus
818 1174 850 1199 ”.
868 1173 951 1201 Vides
964 1174 1035 1201 unde
1054 1182 1105 1202 nos

311 1220 428 1247 eduxit?
443 1225 510 1246 sane
525 1218 640 1253 quidem
659 1222 687 1245 et
705 1217 822 1251 educet;
841 1226 917 1245 mors
932 1219 1006 1245 enim
1026 1218 1106 1246 Chri-

311 1267 347 1294 sti
362 1266 433 1294 facta
461 1271 503 1294 est
527 1266 583 1293 vita
611 1265 751 1292 mortuis:
782 1265 923 1292 contraria
956 1266 1104 1293 contrariis

312 1317 400 1344 curat,
415 1312 463 1347 qui
488 1316 580 1347 potest
604 1311 748 1346 sapienter
773 1310 878 1338 morbis
901 1311 1104 1339 insanabilibus

312 1358 428 1385 mederi.
442 1357 496 1385 Sed
509 1358 593 1385 etiam
620 1361 816 1384 consummato
844 1357 976 1391 mysterio
996 1358 1103 1388 mortis.

312 1410 342 1432 ut
356 1405 462 1432 dictum
487 1408 540 1437 est,
558 1407 587 1431 et
606 1408 694 1431 morte
712 1411 772 1438 qua:
788 1403 815 1430 in
843 1411 958 1438 corpora
986 1403 1105 1430 habebat

312 1452 469 1488 imperium,
480 1452 655 1486 interempta,
665 1455 801 1486 potestate
816 1451 970 1486 Dcicorpus
980 1456 1104 1479 nostrum

312 1498 413 1530 induti,
439 1503 586 1533 postquam
609 1497 771 1532 sepulcrum
796 1496 841 1523 die
856 1497 947 1529 tertio,
964 1498 1011 1532 qui
1040 1505 1104 1525 vere

312 1546 443 1572 humatus
460 1544 560 1576 fuerat,
576 1543 701 1578 reliquit,
717 1543 867 1577 oportebat
879 1547 909 1570 ut
925 1552 1022 1570 rursus
1039 1552 1104 1571 cum

311 1597 428 1624 corpore
445 1593 590 1623 assumpto
604 1588 638 1615 ad
658 1588 768 1616 Patrem
796 1589 844 1624 qui
866 1589 988 1623 miserat,
1010 1598 1105 1617 ascen-
1118 1604 1139 1633 ο

312 1637 400 1667 deret,
431 1635 479 1670 qui
509 1634 694 1662 descenderat
720 1634 754 1661 ad
785 1634 937 1662 tollendum
961 1640 1105 1670 peccatum

313 1681 420 1708 mundi.
438 1681 498 1707 Non
513 1680 588 1707 enim
613 1684 673 1706 erat
699 1679 731 1717 in‘
754 1684 896 1714 postermn
919 1685 993 1708 terra
1028 1681 1106 1709 locus

314 1726 431 1753 idoneus
443 1730 470 1751 et
482 1729 564 1759 aptus
579 1725 702 1759 corpori,
723 1725 797 1759 quod
819 1726 1030 1753 crassitudinem
1044 1734 1105 1754 ear—

315 1779 392 1799 neam
407 1771 587 1805 deposuerat,
612 1774 641 1797 et
659 1778 691 1796 ex
717 1770 892 1805 corruptibili
920 1770 1023 1798 factum
1046 1777 1106 1800 erat

317 1816 539 1851 incorruptibile,
552 1823 586 1842 ex
609 1814 909 1852 mortali'immortale,
934 1823 967 1842 ex
990 1817 1103 1843 animali

316 1862 471 1898 spirituale.
497 1861 575 1888 Sicut
596 1861 671 1888 enim
695 1860 774 1888 locus
803 1864 930 1888 terrenus
955 1869 1103 1896 corporum

315 1908 487 1935 domicilium
503 1912 555 1939 est,
585 1907 627 1934 sic
648 1906 728 1934 locus
760 1906 881 1933 cmlestis
906 1906 1102 1941 spiritualium.

313 1954 392 1988 Quod
415 1959 508 1981 autem
538 1960 641 1987 corpus
664 1951 775 1979 Domini
795 1951 941 1986 spirituale
972 1953 1103 1985 surrexit,

313 2001 378 2036 quid
400 2008 471 2036 opus
491 2004 533 2027 est
547 1999 651 2030 dicere,
670 2006 732 2025 eum
758 1998 859 2026 Paulus
881 1998 914 2025 de
943 1999 1105 2033 corporibus

314 2051 443 2078 testetur,
459 2045 587 2073 seminari
598 2044 730 2071 animalia
743 2048 770 2070 ct
780 2052 888 2079 surgere
896 2044 1049 2079 spiritualia
1063 2045 1103 2071 ’πε

313 2091 510 2127 transfigurata
527 2090 637 2117 scilicet
651 2089 684 2116 ad
712 2089 859 2124 gloriosam
882 2089 1104 2125 transfiguratio-

313 2146 375 2166 nem
392 2137 495 2165 Christi
512 2136 591 2164 ducis
605 2135 778 2171 prmeuntis?
791 2135 932 2170 Siquidem
947 2140 974 2162 et
988 2137 1105 2170 Aposto-

312 2184 355 2212 lus
367 2184 432 2216 hoc,
450 2183 524 2219 quod
543 2183 625 2221 plane
643 2181 761 2213 sciebat,
777 2181 851 2208 omni
864 2181 959 2216 generi
984 2181 1104 2209 humano

311 2235 476 2258 eventurum
489 2235 549 2256 eSSe
561 2227 599 2255 ait
613 2234 662 2262 per
671 2226 822 2258 Christum,
837 2226 883 2261 qui
905 2225 1104 2261 tramﬁgurabit

1159 197 1394 227 ANTIOCHENI
1894 195 1966 227 13f.)

1153 253 1301 286 qualitates
1329 259 1429 287 capere
1458 255 1560 286 potest,
1582 251 1635 278 etsi
1658 258 1713 278 non
1731 259 1836 279 omnes
1856 252 1963 284 simul;

1152 306 1241 333 neque
1254 298 1374 326 efficitur
1389 298 1452 330 alia,
1468 297 1517 324 sed
1531 297 1622 330 varia;
1640 297 1667 324 id
1680 302 1732 330 est,
1751 297 1818 325 aliis
1833 299 1964 333 qualite-

1152 345 1227 372 tibus
1259 345 1367 377 affecta,
1396 352 1479 379 quam
1505 343 1607 378 quibus
1639 344 1718 378 prius
1746 344 1854 372 affecta
1882 351 1962 371 erat:

1151 392 1239 418 variat
1255 396 1348 418 autem
1365 395 1393 418 et
1405 396 1493 418 mutat
1509 390 1569 423 has,
1585 390 1697 425 quando
1709 391 1801 426 placet
1812 391 1962 419 Creatori,

1189 437 1254 464 Vill.
1280 438 1366 464 Nemo
1380 445 1446 472 ergo
1462 445 1525 464 cum
1546 437 1624 464 audit
1638 437 1785 471 spirituale
1802 437 1923 465 factum
1934 447 1963 464 ex

1152 482 1276 514 animali,
1287 483 1429 510 existimet
1438 490 1493 510 non
1502 483 1666 509 suscitatum
1679 483 1829 517 esseprius
1838 491 1963 518 corpus:

1152 537 1231 556 error
1241 529 1314 556 enim
1333 534 1375 557 est
1395 530 1452 563 hic,
1468 535 1496 557 et
1517 529 1626 556 inimici
1650 529 1780 557 veritatis
1797 529 1963 556 sententis.

1154 575 1315 602 Substantia
1330 583 1451 610 namque
1485 575 1610 609 subiecta
1628 574 1749 610 corpori,
1778 575 1879 602 dicam
1912 575 1963 601 ite-

1154 630 1225 654 rum,
1241 626 1400 656 perseverat
1427 621 1539 656 quidem
1564 620 1662 648 eadem
1681 628 1803 655 semper,
1827 621 1962 655 quandiu

1153 668 1277 695 Creatori
1301 669 1389 695 visum
1402 668 1466 700 erit,
1488 673 1518 695 ut
1535 668 1683 702 persistat;
1698 672 1803 695 mutata
1817 673 1923 695 autem
1938 668 1962 694 in

1154 712 1308 747 spirituale,
1324 713 1431 740 variata
1444 718 1498 746 est,
1515 713 1564 740 sed
1576 721 1631 740 non
1646 713 1699 740 alia
1717 713 1799 740 facta.
1819 713 1870 740 Sic
1882 713 1961 740 enim

1155 763 1183 786 et
1197 758 1325 786 Christus
1348 760 1469 786 surrexit
1483 767 1489 785 :
1506 763 1626 794 suntque
1639 759 1700 794 ejus
1711 758 1878 786 testimonia
1893 766 1960 784 cum

1157 807 1242 833 multa
1259 806 1323 838 alia,
1342 811 1399 832 tum
1423 806 1481 832 hate
1493 805 1617 832 omnium
1637 805 1792 840 potissima,
1802 805 1959 839 reliquisse

1156 852 1263 880 scilicet
1280 851 1306 878 in
1334 856 1517 878 monumento
1532 851 1628 882 lintea,
1653 850 1745 877 exisse
1763 850 1879 885 signato
1896 857 1959 876 ino-

1157 903 1300 930 numento,
1318 898 1473 933 ingressum
1486 904 1547 924 esse
1573 890 1667 932 januis
1683 896 1797 928 clausis,
1813 903 1874 923 non
1889 903 1958 923 coa-

1156 943 1260 971 versari
1288 944 1408 978 amplius
1440 942 1517 970 omni
1554 947 1679 977 tempore
1702 949 1765 969 cum
1791 940 1954 976 discipulis,

1156 990 1228 1017 sicut
1240 990 1330 1025 prius,
1344 990 1392 1016 sed
1411 989 1563 1023 derepente
1584 988 1682 1016 adesse
1703 988 1759 1015 illis
1773 987 1886 1015 in'aliis
1900 987 1956 1014 for-

1155 1036 1220 1063 mis:
1237 1043 1293 1063 non
1309 1035 1430 1070 amplius
1439 1035 1503 1062 cibo
1511 1038 1559 1062 aut
1570 1034 1674 1061 vestitu
1689 1034 1830 1069 indigere;
1847 1034 1956 1068 primas

1154 1083 1229 1110 enim
1247 1086 1338 1109 vestes
1359 1081 1464 1108 milites
1484 1081 1579 1115 partiti
1593 1085 1676 1113 sunt;
1692 1088 1755 1115 quae
1775 1080 1809 1107 ad
1824 1081 1955 1114 sepultu—

1155 1136 1212 1155 ram
1225 1128 1406 1163 spectabant,
1424 1135 1456 1155 ea
1473 1126 1587 1161 reliquit
1602 1126 1630 1153 in
1644 1130 1824 1153 monumento
1844 1131 1874 1153 et
1892 1134 1956 1152 sur-

1156 1175 1237 1202 rexit.
1256 1175 1290 1202 Et
1303 1174 1414 1209 quando
1434 1173 1581 1208 discipulis
1595 1173 1758 1208 apparebat,
1772 1173 1956 1207 colloqueba-

1156 1225 1200 1247 tur
1212 1220 1325 1255 quidem
1342 1227 1404 1247 cum
1416 1219 1468 1250 eis.
1488 1227 1542 1246 non
1557 1223 1648 1245 tamen
1667 1218 1874 1254 agnoscebatur
1889 1221 1958 1254 quis

1155 1270 1238 1297 esset,
1255 1265 1344 1292 donec
1353 1264 1518 1300 prazbuisset
1531 1264 1572 1290 eis
1587 1264 1665 1298 signa
1682 1263 1755 1298 quod
1772 1269 1848 1291 esset
1874 1264 1956 1299 ipse;

1156 1311 1306 1347 aliquando
1337 1310 1450 1346 quidem
1479 1310 1598 1337 ostensis
1624 1310 1754 1338 manibus
1777 1314 1806 1337 et
1830 1311 1958 1345 pedibus

1156 1358 1241 1386 clavis
1263 1357 1412 1392 perforatis
1425 1360 1453 1384 et
1471 1357 1559 1384 latere
1572 1357 1668 1384 lancea
1680 1357 1957 1392 aperto;aliquando

1156 1412 1223 1432 vero
1239 1409 1349 1438 sumpto
1367 1411 1430 1431 cum
1444 1403 1514 1438 ipsis
1530 1403 1603 1436 cibo,
1618 1408 1646 1430 et
1668 1408 1800 1430 renovata
1814 1405 1955 1431 memoria

1156 1449 1373 1485 comprandcndi
1387 1458 1450 1477 cum
1465 1449 1506 1477 eis
1519 1454 1584 1476 ante
1594 1449 1751 1484 passionem
1763 1458 1770 1475 ε
1795 1449 1872 1484 quod
1888 1458 1953 1483 per-

1156 1497 1220 1524 inde
1235 1501 1304 1529 erat,
1324 1495 1387 1523 utsi
1396 1495 1512 1528 diceret,
1529 1495 1593 1522 dum
1608 1495 1667 1522 haec
1681 1495 1797 1530 agebat:
1809 1496 1871 1530 ipse
1887 1503 1952 1522 sum

1157 1543 1213 1576 ille,
1225 1550 1306 1578 quem
1324 1543 1351 1570 in
1365 1550 1458 1570 crasso
1475 1549 1592 1576 corpore
1618 1541 1763 1568 vobiscum
1788 1547 1950 1569 versantem

1156 1594 1183 1616 et
1198 1589 1391 1616 convivcntem
1403 1587 1587 1623 cognovistis;
1603 1587 1677 1621 quod
1695 1594 1770 1614 nunc
1789 1594 1893 1622 corpus
1916 1588 1952 1614 ab

1157 1635 1230 1663 omni
1245 1635 1406 1662 inﬁrmitate
1428 1634 1548 1661 liberum
1568 1640 1644 1668 gero,
1665 1633 1820 1660 mutatione
1845 1633 1950 1661 factum

1157 1679 1319 1714 gloriosum.
1331 1678 1479 1712 Nunquam
1508 1681 1547 1704 tot
1566 1677 1704 1711 tantisque
1719 1677 1807 1712 signis
1823 1685 1852 1704 se
1864 1678 1948 1706 disci-

1157 1725 1240 1760 pulis,
1259 1725 1341 1759 idque
1357 1731 1413 1751 non
1432 1723 1470 1750 ita
1481 1723 1528 1750 diu
1543 1730 1558 1750 a
1581 1730 1610 1750 se
1637 1723 1812 1757 absentibus,
1831 1724 1948 1751 manife-

1157 1777 1230 1799 stum
1244 1771 1335 1798 facere
1351 1770 1496 1802 voluisset,
1512 1769 1568 1797 nisi
1584 1769 1700 1796 mutatio
1726 1769 1823 1797 forma:
1847 1778 1949 1805 corpus

1160 1819 1222 1854 ejus
1236 1817 1382 1845 variasset.
1408 1816 1519 1844 Etenim
1547 1816 1569 1843 si
1587 1816 1704 1843 multum
1729 1817 1863 1851 temporis
1878 1825 1948 1851 prae-

1157 1864 1277 1895 tet-isset,
1290 1863 1408 1890 fortasse
1432 1862 1496 1897 quis
1526 1861 1620 1889 dicere
1645 1866 1750 1896 posset,
1778 1862 1898 1889 oblitum
1918 1870 1949 1889 se

1156 1909 1247 1944 qualia
1264 1908 1496 1942 essentcorporis
1516 1907 1695 1939 lineamenta,
1717 1915 1751 1934 ex
1775 1907 1878 1942 quibus
1898 1916 1950 1936 nos

1157 1955 1230 1982 inter
1243 1962 1294 1982 nos
1310 1959 1425 1982 naturas
1444 1954 1609 1988 dignoscere
1623 1953 1761 1980 solemus:
1776 1953 1865 1980 tribus
1882 1962 1949 1981 vero

1156 1999 1255 2027 diebus
1269 2000 1364 2034 lapsis,
1379 2006 1440 2034 qua:
1458 1997 1564 2025 oblivio
1576 2005 1677 2032 capere
1702 1997 1794 2032 potuit
1820 2005 1881 2028 eos.
1900 1998 1948 2032 qui

1155 2052 1211 2075 tam
1223 2047 1356 2074 diuturno
1373 2051 1496 2081 tempore
1510 2052 1574 2072 cum
1587 2052 1621 2071 eo
1633 2044 1735 2071 versati
1748 2044 1878 2071 fuerant?
1892 2045 1948 2072 Ma-

1154 2092 1286 2120 nifestum
1301 2099 1369 2127 ergo
1383 2095 1436 2123 est,
1466 2094 1494 2117 et
1515 2089 1631 2116 minime
1658 2088 1785 2120 dubium,
1810 2094 1948 2116 mutatum

1155 2146 1216 2167 csse
1230 2139 1257 2166 in
1272 2137 1430 2174 gloriosius,
1444 2145 1478 2164 ex
1495 2136 1607 2163 animali
1621 2136 1726 2162 factum
1744 2135 1948 2170 spirituale,t-x

1156 2185 1265 2212 infirmo
1275 2183 1397 2210 firmum.
1412 2183 1457 2210 Ait
1470 2181 1701 2217 enimApostolus
1712 2189 1720 2207 :
1732 2180 1775 2208 Ea:
1788 2180 1948 2214 inﬁrmitate

1156 2230 1296 2265 truci/imus
1310 2234 1363 2260 est,
1381 2229 1427 2256 sed
1439 2229 1499 2256 vivit
1523 2236 1556 2255 ex
1578 2229 1677 2254 virtute
1692 2227 1725 2259 ",
1751 2235 1806 2254 non
1829 2228 1947 2261 amplius

284 2295 293 2304 χ
312 2284 406 2310 corpus
418 2273 574 2302 humilitatis
592 2278 698 2305 nostrae,
731 2276 761 2299 ut
779 2270 862 2298 faciat
874 2270 942 2298 illud
971 2271 1103 2305 conforme

1156 2276 1227 2303 hanc
1244 2274 1434 2302 intirmitatem
1461 2268 1582 2301 habens;
1606 2273 1653 2300 Est
1670 2275 1761 2299 autem
1791 2271 1851 2298 hwc
1872 2271 1946 2298 infir»

313 2321 416 2356 corpori
430 2319 561 2346 claritatis
573 2326 627 2345 sua:
646 2319 676 2345 ίν.
701 2317 729 2345 Si
745 2316 830 2352 igitur
845 2315 1048 2351 transfiguratio
1062 2321 1103 2344 est

313 2366 430 2394 mutatio
444 2366 472 2392 in
482 2372 584 2400 corpus
595 2363 759 2399 spirituale;
779 2363 830 2390 hoe
858 2366 949 2389 autem
962 2362 1103 2389 conforme
1120 2395 1127 2404 ν

312 2417 354 2440 νει
368 2411 477 2447 corpori
494 2411 590 2446 gloria:
601 2409 704 2437 Christi
718 2418 724 2436 :
739 2416 802 2436 cum
819 2415 936 2443 corpore
953 2408 1037 2443 igitur
1048 2408 1103 2443 spi-

315 2459 408 2487 rituali
425 2456 547 2485 surrexit
559 2455 704 2488 Christus;
719 2454 792 2489 quod
807 2462 860 2481 non
878 2459 921 2482 est
936 2455 1010 2482 aliud
1022 2463 1103 2490 quam

314 2504 388 2538 quod
400 2504 559 2531 seminatum
570 2502 643 2529 estin
659 2501 861 2537 ignobilitate“,
871 2501 920 2528 sed
935 2501 1002 2529 illud
1014 2502 1103 2537 ipsum

314 2549 388 2584 quod
411 2550 440 2577 in
470 2549 605 2576 honorem
631 2552 768 2575 mutatum
797 2551 850 2575 est.
882 2547 960 2581 Quod
980 2549 1104 2587 quidem

312 2603 416 2631 corpus
428 2602 493 2623 vere
506 2593 619 2625 mansit,
637 2601 701 2621 caro
729 2600 796 2620 vero
812 2592 938 2624 minime,
969 2601 1024 2620 non
1040 2593 1104 2627 qui-

312 2642 374 2669 dem
390 2640 464 2676 quod
478 2639 632 2668 substantia
647 2639 769 2674 subjecta
800 2638 950 2671 interierit,
968 2638 1014 2666 sed
1030 2639 1104 2674 quod

312 2689 383 2716 facta
397 2687 483 2716 fuerit
502 2686 660 2723 gloriosior.
682 2685 842 2713 Substantia
860 2685 934 2712 enim
950 2685 1104 2713 contrarias

345 2769 367 2783 τ’
387 2767 488 2803 Ephes.
505 2775 533 2795 ιι.
544 2765 576 2803 li.

310 2803 356 2830 ’³1
385 2802 449 2831 (ἰὸν.
467 2810 510 2829 xv.
536 2802 580 2828 45.

616 2764 648 2780 ¹³⁶
666 2763 766 2799 Ephes.
779 2771 815 2793 iv,
837 2762 876 2789 15.

620 2801 639 2816 ¹¹
664 2798 695 2826 ΙΙ⁷
710 2799 773 2826 Cor.
791 2806 849 2829 xm,
870 2798 896 2824 4.

917 2762 938 2777 ¹⁶
951 2766 958 2789 l
972 2762 1034 2789 Cor.
1055 2770 1111 2795 nn,
1129 2764 1169 2790 12.

1157 2321 1238 2348 mitas
1257 2327 1359 2355 corpus
1374 2318 1442 2346 illud
1457 2325 1584 2346 crassum
1609 2321 1638 2345 et
1663 2322 1805 2345 terrenqu
1821 2321 1944 2343 sanctum

1156 2374 1269 2401 corpus,
1301 2364 1376 2400 quod
1400 2368 1463 2399 post
1488 2363 1547 2391 dies
1578 2363 1765 2398 quadraginta
1792 2362 1826 2389 ad
1848 2363 1943 2390 eminn

1156 2415 1288 2446 tanquam
1304 2410 1338 2438 ad
1352 2410 1496 2445 proprium
1516 2410 1609 2437 locum
1623 2409 1751 2441 recessit.
1770 2408 1845 2436 nube
1862 2409 1943 2436 veluti

1157 2457 1285 2484 vehiculo
1301 2465 1399 2484 usum:
1417 2464 1472 2483 non
1488 2456 1563 2484 enim
1572 2456 1803 2491 corpusamplius
1815 2455 1944 2482 deorssm

1157 2507 1227 2530 nutu
1245 2511 1296 2530 suo
1325 2503 1477 2534 ferebatur,
1494 2502 1568 2529 sicut
1592 2502 1688 2537 gravia
1706 2508 1826 2536 corpora
1850 2506 1944 2528 natura

1154 2549 1295 2581 feruntur,
1311 2548 1359 2576 sed
1376 2549 1470 2583 potius
1487 2556 1550 2575 cum
1567 2547 1642 2575 nube
1658 2547 1749 2575 levius
1763 2551 1848 2579 esset,
1864 2554 1945 2581 sup-cr

1156 2594 1244 2629 ipsam
1260 2594 1287 2621 in
1297 2594 1420 2621 sublime
1431 2593 1574 2621 sublatum
1586 2597 1640 2624 est,
1654 2598 1682 2620 et
1694 2592 1822 2621 consedit
1833 2592 1868 2619 ad
1880 2592 1944 2618 dex-

1155 2644 1242 2667 teram
1267 2639 1315 2667 Dei
1332 2640 1432 2672 Patris,
1459 2640 1600 2674 profectus
1624 2640 1652 2666 in
1679 2639 1793 2670 emtum,
1815 2638 1945 2673 subjectis

1154 2685 1206 2721 ipsi
1225 2687 1341 2720 angelis,
1356 2691 1384 2714 et
1396 2686 1582 2721 potestatibus
1597 2706 1604 2718 ,
1618 2691 1645 2713 et
1669 2685 1833 2713 virtutibus.
1850 2684 1944 2712 Veniet

1209 2765 1229 2779 "
1247 2764 1255 2790 Ι
1270 2764 1332 2791 Cur.
1344 2772 1388 2796 xv,
1405 2763 1448 2791 28,
1489 2763 1510 2779 ¹⁸
1525 2764 1593 2791 ibid.
1604 2764 1648 2791 44.
1687 2765 1709 2780 ¹⁹
1725 2762 1942 2799 Ριιίιὶρι).ιιι,ἳι.

947 2855 1066 2883 νιιιιιλη
1084 2856 1286 2885 LECTIONES.

349 2924 361 2937 ε
377 2917 522 2944 Honorum.
539 2907 631 2949 Forte,
651 2914 788 2942 bonorum.

853 2912 861 2932 ί
881 2913 1014 2940 Prioribus
1039 2914 1129 2942 debitis
1145 2905 1235 2950 ublig.,
1256 2917 1308 2947 τοῖς
1327 2915 1471 2951 πρςτὲξοις
1490 2917 1644 2953 ἐνέχεποιιι,
