1980 3188
38 194 110 227 1361

400 195 528 226 SERMO
547 196 572 226 Ι.
593 209 627 214 -
644 197 684 227 1N
708 197 857 228 TRANSF

904 200 1131 230 URATIONEM
1151 201 1185 230 υ.
1208 200 1244 230 Ν.
1265 199 1293 230 J.
1314 199 1344 229 C.

1616 197 1696 231 1303.

38 256 139 280 autem
156 256 257 280 iterum
275 252 374 280 eodem
385 261 501 289 corpore
516 254 646 282 Christus
658 255 742 291 judex
758 257 836 284 vivo-
852 260 875 289 Α
891 258 926 285 ad
948 266 990 285 me
1007 259 1094 294 ipsum
1122 258 1253 284 adducam
1279 257 1312 283 ³³.
1331 255 1408 283 Tunc
1421 259 1450 283 et
1471 254 1575 282 inimici
1592 254 1680 289 subji-

39 306 106 326 rum
118 302 149 326 et
160 304 345 333 mortuorum,
358 300 430 327 sicut
442 301 532 336 angeli
545 301 835 337 dixeruntdiscipulis,

39 354 108 373 cum
121 345 148 372 in
161 345 209 373 illo
221 345 255 373 ad
266 346 349 373 ctulos
365 353 483 373 ascensu
495 347 679 380 mirabantur,
691 353 719 375 et
736 349 764 375 in
776 356 840 376 eum

41 392 239 427 aspiciebant:
259 392 324 425 Viri,
335 393 476 427 inquiunt,
487 393 550 428 quid
561 394 638 420 statis
647 395 804 433 aspicientes
814 396 842 421 in

43 438 143 465 caelum
161 439 173 465 1’
187 439 228 466 hic
241 439 318 466 Jesus
333 440 378 474 qui
392 443 540 474 assumptus
559 444 598 466 est
621 449 636 466 a
665 440 735 467 vobis
751 441 778 467 in
793 449 844 468 cae-

45 482 116 515 lum,
134 484 171 510 sic
187 484 280 516 ueniet,
299 484 521 519 quemadmodum
545 485 645 512 vidistis
672 494 730 513 eum
753 495 844 513 ascen-

44 528 155 554 dentem
172 529 199 554 in
221 528 316 555 calum
334 529 367 555 “.

83 573 133 600 IX.
158 574 254 609 Itaque
269 573 370 602 iterum
399 582 462 602 cum
481 583 598 610 corpore
616 571 842 603 resurrectionis

46 619 152 652 aderit,
171 620 245 648 sicut
264 621 353 656 angeli
370 622 459 649 sancti
472 629 539 649 voce
560 629 609 650 sua
623 621 763 655 dixerunt,
779 631 842 650 cum

48 673 106 700 quo
117 673 193 693 nunc
207 666 322 701 proprio
340 666 414 693 Patri
432 667 570 694 considet.
586 667 644 694 [loc
670 671 764 694 autem
780 675 842 694 cum

49 711 83 738 ad
113 713 223 739 Patrem
241 712 389 739 adduxerit
414 717 522 740 natura;
547 717 650 740 nostra:
682 713 841 748 primitias,

49 757 138 785 etiam
154 758 316 786 universum
335 758 363 785 in
377 762 465 785 totum
485 758 621 787 adducet:
639 758 775 794 siquidem
791 759 845 786 hoc

49 804 194 838 promisit,
209 812 272 832 cum
289 804 386 832 dixitz-
403 804 469 832 Cum
494 805 627 832 exaltatus
653 805 736 839 fuero,
754 813 843 832 omnes

86 860 110 876 "
121 859 185 888 Act.
201 868 222 894 ι,
241 861 284 889 ll.
321 862 431 890 “Joan.
448 870 496 896 xu,
518 862 562 889 32.
602 863 708 890 "Psal.
731 871 784 896 ctx,
810 864 836 890 l.

827 939 846 947 κ

892 304 1003 332 cientur
1017 305 1069 332 sub
1079 304 1198 339 pedibus
1206 304 1277 340 ejus,
1303 303 1376 330 sicut
1388 302 1413 328 ei
1440 301 1609 336 promissum
1628 304 1680 327 est:

894 351 967 377 Dixit
981 351 1055 378 enim
1072 350 1200 378 Dominus
1222 349 1334 376 Domino
1357 355 1433 376 meo:
1457 345 1523 374 Sede
1548 355 1564 373 a
1587 345 1685 372 dextris

895 397 970 429 meis,
985 397 1066 424 donec
1081 405 1179 432 ponam
1201 396 1322 423 mimicas
1347 401 1405 422 tuos
1430 392 1575 420 scabellum
1591 391 1685 426 pedum

895 447 1002 470 tuorum
1016 443 1048 470 “.
1062 443 1209 470 Ponuntur
1224 447 1317 470 autem
1334 441 1436 477 partim
1460 439 1559 470 invite,
1585 437 1686 473 partim

896 493 994 523 sponte
1011 497 1018 521 ;
1036 489 1196 516 necessario
1212 488 1287 516 enim
1312 491 1423 522 oportet
1444 492 1541 514 omnes
1559 489 1688 520 peccato-

897 542 942 561 res
953 534 1104 561 sceleratos
1114 533 1148 561 de
1163 538 1235 561 terra
1249 533 1348 565 deleri,
1365 536 1395 560 ut
1419 539 1475 558 non
1504 529 1623 564 amplius
1641 537 1688 556 ex-

897 580 1006 606 sistant.
1024 579 1103 606 Tunc
1119 587 1189 606 nova
1201 578 1326 605 laudatio
1340 582 1368 604 et
1390 580 1543 612 perpetuus
1568 575 1687 610 hymnus

893 633 943 660 per
958 625 1083 652 omnium
1102 633 1149 652 ora
1177 624 1358 652 adhibebitur
1374 623 1450 650 Patri
1478 626 1635 656 temporum
1659 625 1688 646 et

894 670 1078 703 saeculorum;
1096 675 1125 698 et
1139 678 1217 697 omne
1227 677 1295 705 genu
1304 670 1436 704 ﬂectetur,
1450 667 1605 699 caelestium,
1635 671 1689 692 ter—

894 716 1018 743 restrium
1031 716 1229 751 etinfernorum
1241 725 1250 749 ;
1266 720 1290 742 et
1302 715 1387 743 omnis
1403 714 1494 749 lingua
1508 713 1686 748 conﬁtebitur,

894 759 963 794 quod
978 759 1106 787 Dominus
1117 759 1194 787 Iesus
1212 759 1332 788 Christus
1353 759 1381 786 in
1405 758 1492 794 gloria
1503 763 1540 785 est
1558 757 1606 784 Dei
1633 757 1687 783 Pa~

895 806 942 832 tris
952 807 985 832 ".
1000 805 1050 833 Cui
1067 806 1156 842 gloria
1171 806 1199 833 in
1217 806 1317 834 smcula
1334 805 1510 833 saaculorum.
1535 803 1631 832 Amen.

876 865 899 880 ¹⁵
916 864 1036 900 Philipp.
1059 873 1089 897 ιι,
1106 864 1150 898 l0,
1171 865 1214 891 ll.

301 1022 468 1081 ΤΟΥ
529 1022 809 1080 ΑΥΤΟΥ
879 1023 1441 1082 ΑΝΑΣΤΑΣΙΟΥ

481 1134 761 1204 ΛΟΓΟΙ*
806 1134 1262 1203 ΤΕΣΣΑΡΕΣ.

302 1298 625 1346 EJUSDEM
687 1298 930 1345 SANCTI
991 1300 1386 1347 ANASTASII.

430 1404 848 1469 SERMONES

907 1406 1310 1480 QUATUOR.

637 1503 783 1539 Interprete
795 1503 936 1532 Franciseo
953 1505 1118 1540 Combeﬁsio.

406 1559 552 1594 (GALLAsn.
566 1557 686 1586 Veterum
703 1559 816 1587 Patrum
828 1560 986 1589 Bibliotheca
998 1583 1005 1593 ,
1024 1566 1091 1590 tom.
1106 1562 1165 1594 ΧΠ,
1186 1571 1248 1598 pag.
1265 1563 1340 1598 258.)

365 1673 475 1699 ΛΟΓΟΣ
495 1673 535 1699 Α’.

52 1721 108 1753 Εἰς
129 1718 187 1753 τὴν
202 1717 438 1779 Μεταμόρφωῖιν
453 1718 506 1758 τοᾷ
521 1718 631 1752 Κυρίου
645 1717 729 1753 ήμῶν
747 1718 849 1752 Ἰησοῦ

399 1761 515 1779 οιστου.

395 1761 515 1786 ριστου.

99 1811 129 1837 '0
151 1809 343 1845 φιλάνθρωπος
365 1809 489 1844 Ἰησοῦς,
519 1809 663 1844 ἐπιφανεὶς
689 1809 728 1845 τῷ
752 1809 848 1845 κόσμῳ
864 1805 884 1832 Β

54 1857 219 1888 διδάσκαλος
241 1856 360 1890 ἀγαθὸς,
386 1856 448 1882 ἐπεὶ
468 1855 522 1882 καὶ·
535 1855 616 1888 Θεὸς,
645 1853 706 1882 εῐπε
721 1857 778 1888 τοῖς
793 1865 847 1891 μα-

56 1902 154 1937 θηταῖς
176 1901 276 1927 αὑτοῦ⁸
302 1900 339 1927 Et
361 1908 407 1933 τις
429 1900 509 1927 θέλει
534 1900 632 1927 ὀπίσω
649 1909 708 1935 μου
731 1901 846 1934 ἐλθεῖν,

56 1946 283 1981 ἀπαρνησάσθω
306 1946 430 1978 ἑαυτὸν,
455 1946 506 1972 καὶ
525 1945 623 1980 ἀράτω
644 1947 698 1973 τὸν
713 1947 848 1981 σταυρὸν

57 1992 169 2025 αὐτοῦ,
198 1992 247 2018 καὶ
272 1992 474 2018 ἀκολουθείτω
493 2000 555 2026 μοι.
578 1992 626 2024 Ὃς
642 1992 696 2026 γὰρ
714 1992 752 2019 ἂν
765 1992 847 2019 θέλοι

57 2037 117 2071 τὴν
137 2037 244 2072 ψυχὴν
264 2037 358 2064 αὑτοῦ
380 2036 490 2069 σῶσαι,
508 2036 656 2064 ἀπολέσει
671 2038 786 2071 αὐτήν·
814 2038 848 2072 ὃς

58 2083 84 2110 δ’
99 2083 138 2110 ἂν
152 2083 290 2117 ἀπολέσῃ
314 2083 372 2116 τὴν
393 2082 500 2117 ψυχὴν
522 2084 617 2110 αὐτοῦ
641 2084 747 2111 ἕνεκεν
762 2084 846 2119 ἐμοῦ,

59 2129 180 2163 εὑρήσει
193 2128 303 2163 αὑτήν.
329 2130 350 2155 Τ
350 2130 360 2154 ι
376 2130 431 2163 γὰρ
444 2129 596 2163 ὠφελήσει
611 2129 777 2164 ἄνθρωπος,
795 2131 849 2158 ἐὰν

59 2175 112 2201 τζν
126 2175 242 2209 κόσμον
256 2174 333 2201 ὅλον
347 2174 493 2208 κερδήσῃ,
512 2175 570 2208 τὴν
585 2174 618 2201 δὲ
634 2175 741 2210 ψυχὴν
754 2178 849 2205 αὐτοῦ

59 2220 203 2256 ζημιωθῇ;
226 2221 242 2255 ἧ
259 2221 288 2248 τί
301 2221 390 2248 δώσει
406 2222 565 2255 ἄνθρωπος
581 2222 780 2258 ἀντάλλαγμα
796 2223 849 2256 τῆς

59 2267 163 2301 ψυχῆς
177 2267 290 2300 aurai);
307 2267 414 2301 μέλλει
431 2268 486 2302 γὰρ
503 2270 519 2295 ὁ
539 2269 605 2301 Υἱὸς
621 2269 675 2296 τοῦ
689 2268 848 2303 ἀνθρώπου

59 2312 198 2346 ἔρχεσθαι
215 2313 249 2339 ἐν
263 2313 299 2347 τῇ
312 2313 386 2348 δόξῃ
402 2314 455 2340 τοῦ
469 2314 584 2348 Πατρὸς
596 2315 690 2342 αὐτοῦ
701 2315 778 2349 μετὰ
792 2315 849 2342 τῶν

59 2358 151 2392 ἁγίων
170 2358 306 2394 ἀγγέλων
329 2359 442 2387 αὐτοῦ’
471 2361 537 2387 τότε
560 2360 712 2388 ἀποδώσει
731 2361 849 2394 ἑκάστῳ

60 2404 134 2431 κατὰ
145 2404 180 2431 τὰ
192 2405 263 2440 ἔργα
277 2406 381 2432 αὐτοῦ.

902 1721 933 1748 In
961 1677 1369 1758 Trunsﬁgurationijlbibailn-i
1396 1723 1479 1751 nostri
1492 1723 1555 1752 Iesu
1583 1724 1690 1752 Christi.

938 1810 957 1837 l.
975 1810 1115 1846 Beniguus
1131 1820 1162 1839 ac
1179 1813 1302 1840 demens
1317 1813 1409 1845 Jews,
1422 1813 1526 1840 bonum
1540 1821 1569 1840 sc
1589 1814 1692 1841 mundo

900 1862 1100 1891 praeceptorem
1119 1857 1255 1884 exhibens
1283 1858 1409 1892 (quippe
1429 1858 1476 1892 qui
1498 1858 1570 1885 Deus
1590 1860 1692 1892 pariter

899 1902 990 1936 esset)
1002 1922 1009 1933 ,
1025 1902 1064 1928 ait
1080 1902 1225 1936 discipulis
1245 1902 1303 1928 suis
1322 1911 1327 1928 :
1342 1902 1370 1928 Si
1388 1903 1447 1937 quis
1465 1902 1521 1929 rult
1533 1903 1622 1929 venire
1635 1907 1691 1937 post

900 1953 955 1977 me,
972 1946 1082 1981 abneget
1096 1947 1265 1981 semetipsum
1287 1950 1311 1972 et
1333 1946 1410 1973 tollat
1425 1955 1530 1973 crucem
1555 1956 1642 1980 suam,
1667 1952 1692 1974 et

899 1995 1027 2027 sequatur
1048 2000 1098 2018 me.
1124 1990 1153 2018 Si
1175 1991 1232 2026 quis
1252 1992 1322 2018 enim
1345 1991 1458 2019 voluerit
1479 1992 1600 2018 animum
1616 2001 1692 2019 suum

899 2036 1002 2064 salvam
1018 2037 1116 2072 facere,
1137 2037 1232 2072 perdat
1247 2044 1316 2064 eam.
1331 2035 1360 2064 Si
1372 2037 1429 2072 quis
1442 2041 1531 2064 autem
1547 2037 1692 2072 perdiderit

900 2083 1019 2110 animam
1039 2091 1117 2109 suam
1132 2087 1241 2118 propter
1257 2090 1309 2115 me,
1322 2083 1436 2110 inveniet
1451 2090 1521 2110 eant.
1538 2081 1607 2114 Quid
1622 2084 1692 2110 enim

900 2129 1017 2163 proderit
1029 2128 1140 2160 homini,
1153 2129 1176 2155 si
1187 2128 1338 2155 universum
1348 2128 1477 2156 mundum
1490 2129 1619 2160 lucretur,
1633 2130 1691 2156 ani-

901 2182 950 2201 ma:
964 2182 1025 2201 vero
1039 2182 1094 2201 sua:
1108 2174 1294 2201 detrimentum
1306 2174 1445 2210 patiatur?
1455 2175 1508 2202 Aut
1524 2183 1604 2210 quam
1619 2175 1691 2201 dabit

900 2220 977 2245 homo
990 2219 1222 2250 commutationem
1236 2229 1283 2255 pro
1301 2221 1393 2247 aninta
1415 2221 1490 2248 sua?
1516 2219 1600 2248 Filius
1621 2221 1692 2247 enim

900 2266 1013 2292 hominis
1027 2270 1152 2292 uenturus
1168 2271 1205 2293 est
1217 2267 1243 2293 in
1259 2265 1345 2302 gloria
1360 2267 1448 2294 Patris
1461 2268 1504 2294 sui
1516 2275 1575 2293 cum
1589 2266 1690 2301 angelis

899 2314 954 2340 suis
967 2321 975 2340 :
991 2317 1053 2339 tunc
1065 2312 1153 2339 reddet
1169 2313 1310 2348 unicuique
1322 2313 1467 2340 secundum
1481 2321 1562 2348 opera
1582 2313 1638 2349 ejus
1654 2313 1687 2341 ".

94 2451 130 2478 ει
143 2460 187 2484 τις
200 2453 255 2486 γὰρ
271 2453 350 2480 θέλει
365 2453 463 2480 ὀπίσω
474 2462 534 2487 μου
548 2453 660 2487 ἐλθεῖν,
674 2454 848 2488 ἀπαρνησά-

938 2448 970 2474 ll.
988 2447 1016 2474 Si
1039 2448 1097 2482 quis
1122 2446 1177 2473 vult
1203 2448 1290 2474 uenire
1313 2452 1370 2483 post
1390 2455 1440 2479 mc,
1460 2447 1570 2482 abneget
1598 2451 1690 2474 semet‘

60 2498 121 2523 σθω
137 2497 246 2524 ἑαυτόν
257 2507 263 2512 ·
283 2497 420 2531 taure/In,
439 2499 494 2525 πᾶν
511 2498 682 2534 ἀνθρώπινον
699 2500 846 2535 φρόνημα’

60 2544 108 2570 καὶ
121 2543 151 2570 οὑ
168 2544 259 2579 μόνον,
275 2545 343 2572 ἀλλά
359 2545 418 2577 καὶ,
440 2545 558 2580 Ὁμοίως
573 2545 649 2579 ἐμοὶ,
669 2545 780 2580 Ἀράτω
797 2546 850 2573 τὸν

61 2590 193 2624 σταιιοὸν
213 2591 322 2623 αὑτοῦ,
348 2591 395 2617 καὶ
419 2591 620 2619 ἀκολουθείτω
636 2600 700 2624 μοι.
723 2591 808 2618 Τοῦτο
821 2592 850 2618 δὲ

61 2635 106 2661 τὸν
123 2635 228 2663 Παῦλον
253 2638 286 2663 ἐκ
308 2637 361 2663 τῶν
379 2637 466 2670 λόγων
484 2636 566 2663 αὑτοῦ
589 2637 761 2671 πεποιηκότα
781 2647 848 2663 κατ-

61 2682 225 2718 ειλήφαμεν·
244 2683 274 2709 οὐ
291 2683 372 2717 μόνον
384 2684 439 2718 γὰρ
452 2682 613 2718 ἐσταυρώοη
629 2682 667 2717 τῷ
682 2682 788 2718 κόσμῳ,
800 2683 848 2709 καὶ

61 2728 107 2754 τὸν
121 2729 222 2763 κόσμον
241 2729 332 2764 ἐαυτῷ
346 2729 523 2764 ἐσταύρωσεν
535 2737 541 2743 ·
568 2728 635 2755 ἀλλὰ
651 2728 697 2755 καὶ
712 2728 760 2764 τὴν
775 2729 848 2762 ζωὴν

63 2774 146 2807 αὐτὴν
176 2775 358 2808 peremi-qua,
392 2775 492 2809 μηκέτι
517 2773 571 2806 ζῶν
590 2773 688 2806 αὐτὸς,
709 2775 755 2800 καὶ
775 2773 847 2805 ἰδίως

63 2817 223 2852 κινούμενος
242 2819 257 2853 ἢ
274 2820 394 2854 ἐνεργῶν
407 2829 414 2836 ·
443 2819 499 2845 ἀλλ’
519 2819 585 2845 αὐτὸ
610 2819 639 2845 τὸ
658 2818 707 2854 ζῇν
731 2819 848 2854 Χριστὸν

63 2860 135 2897 εἶχεν
159 2864 187 2889 ἐν
214 2864 289 2899 αὑτῴ
313 2865 486 2900 ἐνεργοῦντα.
522 2865 649 2899 ῐῖαρῆκεν
673 2864 726 2899 γὰρ
753 2864 848 2890 ἑαυτὸν

904 2495 990 2529 ipsum
1008 2514 1014 2525 ,
1036 2494 1087 2520 hoc
1097 2498 1154 2526 est,
1171 2501 1280 2520 omnem
1293 2493 1444 2520 humanum
1457 2501 1569 2520 sensum
1582 2502 1589 2525 ι
1603 2501 1653 2531 nec
1665 2493 1692 2520 id

904 2543 1023 2570 tantum,
1045 2539 1093 2565 sed
1109 2544 1137 2565 et
1151 2538 1248 2566 eadem
1263 2547 1370 2565 mecum
1391 2538 1511 2571 ratione,
1529 2538 1616 2566 Tollat
1631 2547 1677 2565 cru

903 2593 957 2611 rem
975 2593 1063 2617 suam,
1077 2589 1101 2611 et
1119 2589 1245 2620 sequatur
1267 2593 1316 2611 me.
1332 2584 1389 2611 Hoc
1405 2585 1484 2619 plane
1510 2585 1692 2620 intelligimus

902 2631 1001 2659 fecisse
1014 2630 1179 2658 Paulum‘cx
1199 2631 1258 2666 eius
1277 2631 1398 2666 scriptis.
1422 2631 1529 2658 Nedum
1547 2631 1620 2658 enim
1632 2640 1693 2658 cru-

902 2678 996 2712 cifixus
1009 2681 1046 2704 est
1057 2678 1154 2705 mundo
1163 2678 1195 2709 ",
1205 2677 1313 2712 sibique
1327 2677 1384 2712 ipse
1394 2677 1527 2705 mundum
1537 2677 1690 2705 cruciﬁxit:

901 2724 949 2752 sed
963 2728 991 2751 et
1008 2724 1094 2751 vitam
1111 2724 1202 2759 ipsam
1230 2723 1256 2750 in
1271 2723 1352 2750 aliam
1369 2723 1496 2755 mutavit,
1514 2727 1544 2750 ut
1565 2723 1612 2758 qui
1635 2724 1691 2758 jam

902 2771 961 2806 ipse
979 2779 1034 2798 non
1062 2770 1179 2801 viveret.
1210 2774 1258 2797 aut
1279 2769 1352 2797 velut
1377 2777 1391 2796 a
1419 2777 1448 2797 se
1467 2773 1625 2796 moveretur
1647 2770 1690 2796 vel

902 2820 1065 2851 operaretur
1077 2836 1084 2848 ,
1097 2816 1145 2843 sed
1161 2815 1250 2851 ipsum
1263 2816 1356 2843 vivere
1371 2816 1393 2831 ²¹¹
1419 2815 1560 2842 Christum
1575 2814 1692 2842 haberet

903 2863 931 2889 in
946 2862 1005 2896 ipso
1021 2867 1191 2897 operantem.
1222 2861 1327 2896 Quippe
1353 2870 1381 2888 sc
1397 2869 1429 2888 ex
1449 2865 1505 2887 toto
1521 2861 1664 2888 dimiserat
1684 2881 1690 2893 ,

97 2922 119 2938 ’⁸
135 2922 228 2950 Matth.
248 2932 300 2957 λιι,
318 2925 413 2951 ἳῖ-Ξῖ.
453 2924 575 2955 ⁷⁷,(ἒλῖ;ι1.
592 2932 626 2956 γι,
645 2924 682 2950 Η.
724 2924 744 2938 ²¹⁴
766 2922 883 2958 Philipp.
903 2930 920 2956 ι,
933 2921 980 2964 21ἶ
