1975 3189
243 177 310 209 lilii
877 174 1059 204 .XNTIOCllI
1079 174 1250 204 MONACHI
1805 175 1876 208 H16

241 291 344 305 ΖΜ·
330 292 332 294 ’
338 292 659 305 r_—~—"__.___.-"'——‘____~
614 291 668 295 —"
672 291 820 304 ,τερ-Δι’·
785 291 791 294 ·
795 291 807 295 ⁷
821 291 932 301 ῐῑΞ-λ
892 291 917 293 Α
922 291 1036 302 —._.__’
947 291 1001 294 AA
1007 291 1036 294 —

1623 293 1871 307 m

318 389 661 434 PANDECTES
703 388 1036 433 SCRIPTURA

1102 388 1422 433 DIVlNlTUS
1466 390 1806 437 ΙΝΞΡΙΒΑΤᾸΞ

244 495 336 526 VEN.
359 495 497 527 PATRIS
517 495 715 527 ANTIOCHI
732 496 840 526 ANTE
859 494 993 526 ANNOS
1011 495 1168 533 QUIDEM
1192 496 1340 527 ABHINC
1363 497 1606 531 NONGENTOS
1622 499 1673 530 AB
1690 501 1884 532 AUCTOBE

981 547 1125 577 EDITUS
1140 555 1147 583 ;

483 638 662 662 GODEFRIDO
677 639 839 661 TILEUANNO
859 636 1041 660 CARTHUSLE
1052 636 1243 659 PARISIENSIS
1259 636 1408 661 MONACHO
1424 639 1631 663 INTERPRETE.

488 716 611 751 (Decus
626 713 762 749 Supplem.
781 714 815 740 ml
831 713 954 740 Biblioth.
973 711 1096 739 Patrum.
1110 710 1156 738 ed.
1171 711 1256 740 Paris.
1276 712 1354 744 162i,
1375 716 1440 740 tom.
1457 714 1478 746 Ι,
1495 722 1523 749 p.
1543 713 1635 748 1019.)

1047 791 1081 798 -ο

278 867 342 896 Fuit
358 867 408 895 iste
432 866 585 894 Antiochus
601 866 751 892 monachus
768 863 930 892 Pal.estintts
944 866 1029 893 lauro:
1045 868 1067 896 Α
1083 867 1235 900 praesertim
1263 866 1290 893 in
1308 864 1512 903 Exomologesi.
1531 876 1593 904 qum
1607 874 1650 896 est
1673 869 1708 897 ad
1734 870 1818 898 ﬁnem
1834 873 1883 900 ho-

244 911 336 940 Sancti
367 913 444 940 Saba:
471 911 590 944 abbatis,
610 912 652 938 vir
679 911 824 938 sanctitate
851 916 879 938 et
907 912 1032 940 doctrina

243 959 370 994 insignis,
382 959 429 993 qui
445 958 496 985 sub
512 958 639 985 Heraclio
654 958 820 992 imperatore
837 958 916 987 vixit.
938 963 966 985 et
982 959 1034 985 sub

243 1006 349 1032 cladem
370 1005 656 1040 Ilierosolymilauam,
675 1013 727 1039 qua
742 1004 809 1031 urbe
823 1010 911 1039 capta,
925 1005 1034 1039 signum

242 1056 345 1078 sancta:
371 1051 461 1078 crucis
489 1059 504 1078 a
527 1050 648 1078 Chosroe
665 1050 692 1077 in
719 1050 858 1077 Persidem
885 1050 1036 1078 abductum

244 1102 286 1125 est
307 1098 422 1133 (incidit
437 1105 470 1124 ea
489 1097 517 1124 in
544 1104 646 1124 annum
672 1097 770 1123 salutis
796 1097 870 1131 6M).
890 1097 1035 1132 scripsisse

245 1144 365 1176 videtur,
379 1147 409 1170 ut
427 1147 541 1178 apparet
556 1151 588 1170 ex
616 1142 731 1170 homilia
752 1143 801 1170 107
825 1148 853 1170 et
871 1143 933 1170 aliis
953 1142 1033 1176 locis,

1088 911 1227 938 miliarum
1249 911 1275 938 in
1292 912 1407 948 epistola
1424 913 1602 941 dcdicatoria.
1619 915 1798 944 Occasionem
1816 926 1882 946 vero

1088 963 1116 985 ct
1142 957 1299 985 institutum
1317 959 1453 986 scribendi
1479 959 1531 987 hoc
1546 968 1616 994 opus
1642 960 1759 996 ipsemet
1783 964 1882 990 Antio-

1089 1004 1159 1031 chus
1175 1005 1288 1039 exponit
1309 1005 1388 1032 initio
1415 1006 1535 1033 humilia:
1552 1007 1596 1033 66.
1621 1007 1658 1034 De
1678 1008 1775 1035 eodem
1803 1010 1881 1044 plura

1090 1050 1222 1077 exhibent
1241 1050 1289 1077 tibi
1301 1051 1420 1078 Annales
1436 1052 1627 1086 ecclesiastici,
1641 1058 1708 1082 tom.
1727 1055 1796 1086 VIII.
1810 1063 1882 1083 anno

1089 1095 1151 1124 ΟΜ.

463 1223 504 1244 EX
521 1222 660 1245 EJUSDEM
672 1207 750 1244 ‘GOD.
766 1221 916 1244 TILMANNI
931 1220 1137 1243 PILEFATIONE
1153 1219 1185 1242 ΙΝ
1206 1219 1388 1243 ANTIOCHUM
1403 1221 1658 1246 NUNCUPATORIA.

281 1288 351 1316 Sunt
379 1289 425 1324 qui
449 1289 553 1324 majore
583 1289 741 1323 eloquentia
775 1288 947 1324 scripserint,
968 1296 1032 1323 per-

245 1335 323 1362 multi
341 1344 347 1362 :
367 1339 395 1362 at
411 1335 490 1369 pauci
510 1337 683 1370 perspicuam
699 1334 782 1370 hujus
798 1335 843 1370 (de
859 1340 955 1362 sancto
977 1334 1035 1362 An-

246 1381 339 1408 tiocho
355 1381 489 1417 loquitur)
510 1381 677 1408 brevitatem
694 1381 811 1408 feliciter
824 1381 942 1408 assecuti
959 1386 1034 1408 sunt.

246 1427 380 1454 Rarenter
395 1427 453 1454 Ι]ωο
472 1435 526 1454 una
545 1426 594 1454 dos
609 1427 779 1462 unicuipiam
792 1427 925 1462 contingit
940 1435 946 1452 ε
961 1434 1037 1453 ama-

245 1473 309 1500 bilis
339 1473 489 1508 pluritnum
515 1477 618 1501 nostrae,
649 1473 730 1500 istius
758 1473 847 1501 mtatis
867 1473 1035 1500 hominibus.

246 1519 333 1552 Quam
350 1519 451 1547 decore
474 1519 648 1547 conservavit
663 1519 693 1546 τὺ
710 1519 826 1554 πρέπον,
846 1519 899 1546 hoc
913 1524 955 1546 est
967 1539 974 1551 ,
992 1527 1038 1546 or-

246 1565 320 1592 dinis
344 1565 486 1597 decorum,
510 1565 538 1592 in
566 1565 611 1592 his
637 1565 797 1600 digerendis
820 1565 947 1592 llomiliis
969 1565 1036 1591 libet

246 1611 411 1646 compendio
432 1611 628 1647 perstringere.
651 1611 672 1638 A
696 1611 749 1639 ﬁde
772 1611 879 1638 orditur
895 1612 978 1639 telam
993 1611 1036 1639 sui

246 1656 440 1690 operiszqua:
472 1655 637 1684 Christiana:
673 1656 816 1691 religionis
845 1656 1034 1691 virtutumque

246 1701 370 1728 onmiutn
394 1702 560 1728 solidissima
582 1701 694 1736 crepido
719 1706 771 1734 est,
799 1706 827 1729 et
856 1702 930 1730 basis
952 1702 1037 1729 totius

247 1746 400 1781 spiritualis
418 1746 538 1773 fabriem.
560 1746 702 1781 Siquidem
719 1751 789 1774 teste
815 1747 928 1774 Aurelio
943 1749 1037 1782 Augu-

246 1792 331 1824 stino,
347 1792 393 1819 ubi
419 1792 497 1819 deest
513 1792 616 1830 agnitio
633 1792 758 1819 veritatis
773 1797 894 1825 mternm,
912 1793 978 1820 falsa
994 1797 1037 1820 est

247 1837 337 1864 virtus
351 1837 452 1868 otnnis,
464 1837 547 1865 etiam
567 1837 594 1864 in
616 1837 730 1872 optimis
746 1838 884 1871 moribus;
904 1838 967 1865 ﬁdei
986 1839 1036 1866 ad-

242 1882 335 1918 jungit
355 1882 525 1909 individuam
549 1882 690 1915 comitem,
710 1891 803 1918 spem;
824 1883 937 1910 fabricae
957 1884 1037 1911 istius

244 1927 398 1964 nastigium,
419 1926 541 1956 eharitas
568 1934 704 1964 estzquze
730 1929 870 1956 hominem
902 1934 977 1956 recta
1001 1929 1036 1957 ad

246 1982 361 2010 regnum
377 1975 521 2010 provehit;
535 1983 621 2010 quare
641 1975 805 2002 charitatem
819 1979 846 2002 et
859 1983 973 2010 regnum
1001 1975 1035 2002 ad

245 2020 348 2048 calcem
360 2020 454 2055 operis
476 2020 616 2055 relegavit.
628 2020 705 2047 Jacto
719 2020 836 2055 proinde
853 2019 917 2047 ﬁdei
932 2027 964 2047 ac
977 2020 1036 2055 spei

246 2066 436 2100 fundamento,
454 2066 610 2094 amolienda
627 2067 747 2101 primum
772 2066 887 2093 veniunt
908 2074 968 2101 qua:
983 2066 1036 2092 im-

1089 1286 1214 1314 tulerunt
1248 1287 1485 1316 sententiolatzct
1521 1289 1571 1317 has
1597 1289 1713 1324 absolvi,
1740 1297 1882 1322 mutuatus

1088 1332 1161 1367 quod
1183 1333 1301 1371 deerate
1324 1333 1417 1361 bibliis
1434 1335 1543 1363 Aldinis
1558 1344 1637 1371 :quae
1655 1338 1767 1372 quidem
1786 1339 1881 1368 Gneca

1089 1378 1216 1405 feruntur
1239 1386 1300 1406 esse
1325 1387 1342 1407 e
1368 1379 1438 1406 LXX
1450 1380 1574 1409 edilione
1589 1391 1596 1408 :
1612 1389 1664 1419 ego
1681 1384 1774 1411 verius
1788 1386 1880 1413 credi-

1089 1423 1179 1451 derim
1203 1425 1403 1453 Theodotionis
1429 1433 1501 1458 esse,
1524 1434 1558 1454 ex
1585 1428 1732 1457 collatione
1755 1430 1880 1459 locorum

1089 1469 1249 1505 Hieronymi
1272 1471 1299 1498 in
1316 1472 1464 1506 prophetas
1479 1473 1608 1501 maxime.
1639 1474 1673 1502 Et
1689 1473 1731 1503 ba:
1748 1484 1881 1512 perquam

1088 1524 1182 1551 pauca:
1197 1525 1203 1543 ε
1216 1521 1246 1544 ιιι
1260 1517 1306 1544 illa
1317 1522 1356 1546 est
1370 1525 1403 1545 ex
1419 1519 1515 1545 homil.
1529 1519 1559 1546 91
1577 1520 1686 1548 εοῃιηίι
1702 1530 1788 1549 sermo
1806 1525 1881 1558 ἐγκια

1088 1569 1148 1593 mg.
1170 1562 1204 1589 Et
1226 1563 1278 1590 sub
1295 1563 1417 1591 medium
1445 1566 1586 1600 sequentis
1599 1574 1632 1594 ex
1652 1567 1715 1600 Job,
1731 1568 1798 1602 deﬁt
1812 1577 1880 1596 non-

1088 1615 1229 1643 nunquam
1247 1610 1356 1645 negatio
1372 1611 1420 1645 μή.
1446 1611 1570 1639 Alterum
1585 1617 1638 1646 est,
1653 1614 1726 1648 quod
1743 1614 1799 1642 nisi
1814 1623 1882 1643 uan-

1089 1655 1208 1682 ciscetur
1230 1664 1340 1690 :equum
1362 1658 1540 1692 temporiset
1564 1667 1656 1687 rerum
1673 1661 1881 1695 aestimatorem.

1089 1705 1153 1727 nota
1169 1701 1208 1728 illi
1225 1701 1352 1729 inurctur
1368 1703 1509 1731 novitatis.
1526 1704 1584 1732 Duo
1599 1705 1735 1740 proferam
1749 1707 1884 1743 insignio-

1089 1753 1129 1773 ra.
1146 1747 1237 1779 Prius,
1255 1747 1351 1775 hotuil.
1378 1748 1423 1782 98,
1445 1750 1560 1786 οἰκέτην
1573 1750 1716 1785 famulum,
1731 1753 1774 1780 vel
1799 1762 1882 1789 rapu-

1089 1791 1143 1819 lum
1170 1801 1273 1820 servum
1285 1802 1293 1821 :
1305 1802 1354 1829 pro
1366 1803 1421 1830 quo
1441 1795 1538 1829 Aldus,
1556 1797 1649 1833 ἱκέτην
1664 1799 1811 1834 supplicem
1836 1801 1880 1827 ha-

1089 1838 1165 1865 bent.
1184 1838 1309 1866 Alterum
1325 1840 1421 1868 homil.
1444 1841 1496 1870 H9
1512 1842 1564 1870 sub
1582 1842 1676 1876 ﬁnem,
1691 1844 1785 1880 Θήραν
1802 1854 1880 1872 vena-

1089 1886 1186 1912 tionem
1203 1885 1259 1920 ejus
1280 1886 1443 1920 benedicens,
1457 1896 1513 1923 pro
1530 1897 1586 1924 quo
1607 1889 1704 1923 Aldus,
1722 1890 1820 1926 θύραν,
1833 1893 1878 1927 ja-

1089 1940 1184 1964 nuam,
1201 1932 1334 1969 Ecclesia.
1359 1935 1447 1969 χήραν
1473 1935 1592 1962 viduam.
1612 1936 1712 1964 Facilis
1736 1939 1880 1971 transitus,

1088 1976 1102 2003 θ
1133 1977 1161 2004 in
1184 1978 1300 2013 κλέεα
1318 1978 1429 2006 Hieron.
1445 1984 1473 2006 et
1489 1978 1606 2016 A‘ugust.
1629 1981 1752 2008 Tertium
1781 1991 1880 2010 oecur-

1088 2021 1125 2048 rit
1141 2031 1148 2048 :
1164 2023 1275 2056 propria
1291 2022 1436 2056 llebraica,
1449 2032 1531 2059 quam
1539 2033 1596 2052 nos
1611 2025 1700 2053 Latini
1721 2023 1880 2062 corruptius

1088 2065 1203 2094 inducit.
1217 2067 1251 2094 Et
1263 2067 1317 2095 hoc
1334 2068 1372 2095 illi
1388 2076 1533 2102 commune
1547 2075 1589 2098 est
1604 2079 1666 2098 cum
1679 2073 1785 2100 ueteris
1805 2073 1880 2101 Gne-

247 2113 404 2148 pcdimeuto
418 2120 478 2140 esse
502 2113 608 2147 possint
624 2122 630 2139 :
645 2113 671 2139 in
690 2120 807 2147 quorum
828 2119 913 2139 censu
932 2112 1035 2146 primas
1050 2120 1071 2149 c
1087 2112 1128 2143 cis
1141 2107 1313 2155 doctoribus.
1330 2114 1359 2141 ln
1375 2115 1502 2150 Prologo,
1515 2120 1543 2143 et
1554 2117 1654 2144 Homil.
1670 2118 1687 2145 2
1700 2118 1740 2144 De
1752 2127 1814 2153 spe;
1833 2119 1882 2147 Su-

247 2162 321 2185 tenet
345 2157 534 2193 gastrimargia
547 2178 554 2190 ,
579 2161 648 2185 teste
667 2157 799 2185 Cassiano
810 2164 870 2191 cap.
895 2157 921 2187 3,
942 2157 991 2184 lib.
1009 2166 1035 2184 v.

247 2204 401 2231 Remolitus
420 2205 539 2239 primum
557 2204 633 2236 vitia,
652 2212 714 2231 mox
736 2203 914 2239 progreditur
928 2203 961 2230 ad
983 2203 1038 2230 vir-

247 2255 335 2277 tutum
356 2250 601 2277 substructionem.
619 2250 670 2277 Sed
692 2253 720 2277 et
741 2250 793 2276 hoc
816 2249 855 2276 illi
873 2252 1037 2284 perpetuum

245 2302 297 2324 est.
323 2297 431 2324 Nullam
450 2306 503 2325 non
520 2298 616 2324 harum
634 2297 873 2324 lSOIlomiliarum
890 2296 951 2323 ﬁnit
966 2296 1040 2324 desi-

246 2351 316 2370 nens
333 2344 373 2374 εῐς
397 2343 442 2369 τοῦ
472 2344 539 2369 Θεοῦ
567 2343 732 2377 δοξολογίαν.
746 2343 780 2370 Et
798 2343 911 2378 quidem
932 2343 990 2370 lucc
1004 2343 1038 2371 de

246 2395 340 2423 opere.
352 2388 392 2414 Ad
410 2389 520 2415 tertiqu
537 2388 690 2415 ﬂectendus
703 2389 768 2416 mihi
784 2394 824 2416 est
842 2389 974 2416 calamus.
989 2388 1039 2417 Hic

247 2435 314 2461 nubi
330 2442 392 2461 cum
406 2435 502 2469 primis
513 2434 729 2461 commonendus
739 2434 844 2467 videre,
856 2435 951 2467 lector,
962 2439 991 2462 ut
1005 2442 1039 2462 ne

248 2488 451 2516 prmpropcram
467 2480 540 2507 feras
560 2480 725 2506 sententiam
738 2480 760 2507 si
777 2481 843 2513 quid
857 2481 929 2508 inter
945 2481 1039 2516 legen-

248 2526 312 2553 dum
327 2533 356 2552 se
372 2526 471 2553 oll'eret
485 2526 539 2553 tuis
557 2525 673 2552 auribus
701 2525 832 2558 insolens,
849 2526 921 2561 quod
936 2526 963 2553 in
977 2535 1040 2560 spe—

248 2572 318 2599 eiem
339 2572 466 2606 pra-feret
479 2576 571 2598 notati)
584 2572 701 2599 curiosa:
717 2572 860 2599 novitatis.
874 2572 978 2599 Habuit
994 2573 1040 2600 hic

248 2619 311 2655 pius
327 2627 388 2647 cum
419 2628 518 2655 magno
536 2620 685 2648 Athanasio
710 2628 856 2648 commune
880 2619 946 2646 illud
968 2619 1040 2646 διδα-

248 2666 359 2692 κτικόν⁸
387 2674 474 2701 genus
496 2666 590 2701 utique
620 2666 739 2693 docendi
766 2674 892 2701 pressum
915 2666 1038 2692 ctastri-

247 2715 334 2743 etum,
353 2711 387 2738 ab
405 2712 480 2739 omni
498 2712 682 2740 ostentatione
694 2717 718 2739 et
736 2712 911 2739 atlectatione
926 2720 1040 2747 prorsus

247 2758 412 2787 abhorrens.
432 2758 485 2785 Sex
504 2762 689 2785 occurrerunt
714 2766 746 2784 ex
769 2758 897 2785 versione
923 2762 951 2784 et
970 2758 1039 2785 rele-

247 2803 350 2836 ctioue,
366 2811 428 2838 quae
447 2803 542 2830 rudem
561 2803 660 2838 lingua:
681 2802 843 2830 Graecanica:
856 2808 883 2830 et
895 2801 1040 2830 crassioris

247 2849 342 2883 judicii
368 2851 500 2878 lectorem
530 2849 671 2877 oﬁ'enderc
694 2853 816 2884 possent.
832 2848 955 2876 Primum
971 2853 1014 2876 est
1030 2858 1037 2876 :

253 2893 388 2923 lutcrcisae
406 2896 518 2932 aliquot,
535 2896 686 2932 prudentes
708 2901 736 2924 et
754 2896 916 2923 inabsolutte
933 2903 961 2923 se
987 2896 1038 2923 0b-

1090 2159 1210 2190 "multis,
1222 2159 1329 2194 profert
1343 2164 1371 2186 et
1385 2160 1586 2196 interpretatur
1605 2162 1750 2196 Cat-leuem,
1764 2166 1844 2200 quasi
1865 2174 1880 2193 a

1089 2205 1238 2237 srlmmaiu,
1250 2206 1324 2238 cmli,
1347 2211 1468 2242 etymnm
1487 2209 1621 2236 sortiatur
1635 2218 1715 2237 :cutu
1733 2209 1881 2239 Sunann‘tis

1089 2250 1125 2277 sit
1152 2250 1301 2279 dicendum
1339 2260 1353 2279 a
1384 2252 1459 2280 Sana
1489 2254 1609 2288 oppedo,
1634 2259 1733 2290 nempe
1759 2257 1881 2293 Abymy;

1089 2297 1335 2333 £apagc0£a,‘hom.
1359 2298 1404 2330 ﬁt),
1432 2307 1481 2334 pro
1498 2299 1650 2336 Sareptena
1674 2302 1881 2336 lidua;Jol/10r

1090 2350 1141 2377 pro
1163 2343 1264 2371 let/iro.
1280 2343 1385 2371 Similia
1401 2345 1502 2379 passim
1526 2346 1597 2380 apud
1613 2346 1840 2383 Chrysostomum
1855 2354 1881 2376 et

1090 2388 1291 2415 Nazianzenum
1304 2397 1311 2421 ;
1329 2389 1402 2416 h‘om.
1413 2390 1457 2421 74,
1470 2389 1601 2422 Nabuthe,
1610 2399 1661 2426 pro
1675 2392 1779 2420 Nabal/1
1792 2401 1801 2419 :
1814 2399 1843 2420 ut
1855 2399 1881 2421 ct

1090 2434 1207 2461 Basilius
1221 2443 1226 2460 :
1240 2434 1290 2467 Qui
1303 2434 1424 2462 Nalmme
1443 2435 1615 2464 Jesraelitam
1639 2438 1776 2473 perdidit!
1788 2439 1881 2466 Nonne

1089 2481 1196 2507 Ac/maz
1217 2481 1348 2516 cupiditas
1370 2482 1473 2508 vinem?
1491 2482 1562 2516 Quin
1575 2488 1602 2510 ct
1618 2484 1794 2518 Ambrosius,
1805 2485 1881 2513 Gne-

1091 2526 1194 2553 canicte
1207 2526 1338 2554 dictionis
1358 2528 1486 2561 temulus,
1503 2529 1605 2556 librum
1624 2531 1735 2565 scripsit
1751 2531 1790 2558 De
1805 2533 1880 2558 vinea

1090 2571 1220 2598 Nabal/re.
1234 2571 1337 2599 Horum
1349 2574 1464 2608 gratiam
1476 2575 1597 2602 arbitror
1608 2583 1658 2604 nos
1669 2576 1771 2605 debere
1784 2586 1883 2606 secun—

1091 2617 1156 2645 dum
1174 2618 1260 2645 Deum
1285 2620 1331 2646 uni
1359 2620 1536 2657 Hieronymo.
1561 2621 1693 2655 Quartum
1709 2627 1761 2655 est.
1777 2625 1805 2651 in
1821 2632 1880 2652 am-

1092 2664 1246 2698 pliﬁcandis
1258 2665 1410 2693 virtutibus
1427 2672 1455 2694 et
1467 2668 1665 2703 exaggerandis
1681 2669 1757 2696 vitiis
1773 2670 1881 2697 censeri

1091 2710 1192 2744 poterit
1218 2710 1383 2739 immodicus
1403 2720 1409 2738 :
1431 2712 1478 2739 sed
1498 2719 1526 2740 et
1548 2713 1600 2740 hoc
1615 2714 1653 2740 illi
1678 2721 1825 2742 commune
1840 2718 1882 2742 est

1091 2764 1153 2783 cum
1163 2757 1263 2784 veteris
1279 2757 1410 2785 Ecclesia:
1422 2758 1595 2791 doctoribus,
1614 2761 1768 2795 praesertim
1779 2760 1881 2788 Joanne

1092 2803 1298 2839 Chrysostomo.
1313 2803 1486 2832 Crediderim
1501 2805 1668 2833 Antiochum
1680 2814 1695 2833 a
1707 2814 1794 2841 puero
1806 2813 1882 2836 crer-

1094 2849 1183 2876 cuisse
1200 2850 1341 2885 ingenium
1364 2850 1391 2877 in
1410 2851 1565 2879 scribendis
1591 2852 1775 2888 Panegyricis,
1792 2853 1881 2880 Enco-

1095 2896 1226 2923 miastiris
1237 2901 1263 2922 et
1284 2896 1452 2928 EpitiefliCiS
1474 2897 1655 2925 orationibus.
1674 2898 1803 2932 Quintum
1819 2903 1880 2925 est:
