1975 3189
105 179 172 211 1417

668 177 753 207 GOD.
783 175 1008 206 TILMANNUS
1033 173 1206 205 LECTORI.

1669 168 1734 200 1518

105 235 194 271 negari
206 241 261 262 non
275 237 366 268 potest
392 233 458 268 quin
485 232 585 260 alicubi
609 232 700 267 lapsus
725 232 762 259 sit
791 238 896 258 mcmo-
911 234 933 262 Α
948 230 1008 264 ipso
1024 229 1101 257 aditu
1118 229 1177 264 ejus
1193 234 1254 262 qua:
1281 226 1315 255 de
1332 226 1384 253 ﬁde
1397 231 1449 258 est,
1465 229 1588 271 actutum
1610 225 1732 271 impegit.

105 282 164 310 ria:
178 286 207 309 ut
217 289 280 308 cum
297 281 372 307 hom.
386 280 429 311 78,
444 287 495 314 pro
510 279 648 310 llabacuc,
667 278 773 307 inducit
786 277 894 312 Sopho-

105 329 196 360 niam;
213 334 262 362 pro
280 325 411 353 Malacltia
429 325 585 357 Michaaam;
602 324 655 351 sub
668 323 751 351 ﬁnem
770 323 830 355 107,
845 331 895 358 pro

106 373 298 401 Ecclesiastico
326 372 429 399 iterum
442 371 620 406 Sophoniam.
633 370 686 399 Sed
705 370 764 398 haec
778 370 895 397 levicula

105 419 268 446 ascribenda
295 417 458 446 amanuensi
488 417 587 445 scribae
612 421 641 444 et
666 416 820 451 excepturi,
850 416 896 444 cui

107 465 201 493 forsan
210 465 244 493 de
257 465 390 492 memoria
401 463 534 491 dictabat.
547 463 679 498 Superest
690 467 810 495 sextum,
821 462 896 497 quod

108 517 140 540 ut
152 513 215 547 plus
226 511 309 539 habet
324 511 433 538 caeteris
442 510 585 543 momenti,
594 517 682 545 eoque
691 510 753 545 plus
762 509 895 544 periculi:

109 560 147 587 ita
162 564 190 587 et
202 559 236 586 de
250 559 303 586 hoc
318 558 387 586 mihi
409 558 601 585 disserendum
616 562 657 585 est
668 557 830 585 consultius.
847 556 898 585 Ubi

109 605 183 632 enim
201 605 289 639 majus
308 604 426 631 vertitur
442 603 605 638 periculum,
621 603 659 630 ibi
670 603 755 638 magis
775 607 818 630 est
831 599 900 630 con-

111 649 257 676 sulendum
275 657 282 675 :
297 649 317 675 l.
328 648 358 676 ff.
379 648 412 675 14
424 648 462 675 De
478 647 652 675 Carboniano
663 647 765 680 edicto,
783 647 832 679 l.l,
847 647 899 682 ξιξ.

112 695 169 723 Nec
186 695 261 722 enim
282 693 512 729 praecipitandum
536 698 580 721 est
604 693 762 726 consilium,
789 693 900 728 quando

114 747 158 767 res
175 739 233 774 ipsa
248 739 334 774 exigit
351 742 380 766 ut
395 738 530 765 maturius
553 745 676 773 agamus,
691 738 755 765 dist.
773 738 807 766 50
827 738 901 765 Pan-

115 786 195 813 ἄπει.
208 785 315 812 Dixeris
324 793 331 812 :
340 784 411 817 Quid
424 783 492 811 illud
504 784 564 812 est?
576 784 672 812 Paucis
683 784 786 819 accipe.
800 783 900 816 Quanti

115 831 197 858 fuerit
212 830 329 866 periculi
342 838 391 865 per
402 826 499 857 omnes
518 829 642 857 omnium
661 834 773 857 tetatum
790 829 900 865 gradus,

948 276 1032 303 Lecto
1047 275 1182 310 siquidem
1198 274 1259 301 loco
1274 282 1279 299 :
1296 272 1372 299 Fides
1387 272 1455 299 enim
1467 272 1494 298 in
1507 270 1632 298 sacculum
1645 270 1733 301 stabit,

946 322 1120 358 apprehenso
1137 321 1277 348 mordicus
1290 319 1368 346 labro
1379 318 1511 346 inferiore
1525 317 1646 344 restabat
1656 316 1734 352 quasi

947 370 975 397 in
994 369 1102 396 salebra
1122 368 1248 395 haereret.
1262 367 1323 394 Mox
1335 365 1448 401 subjicit
1462 374 1468 391 :
1485 375 1493 391 ε
1506 365 1557 392 llic
1570 364 1649 391 locus
1665 363 1737 398 sapit

947 415 1093 447 haeresim;
1115 418 1192 441 certo
1215 413 1263 441 tibi
1287 411 1423 447 persuade
1441 418 1583 446 nunquam
1602 410 1738 437 admissu-

948 469 994 489 ros
1007 469 1069 489 esse
1078 469 1141 487 eum
1158 459 1310 494 theologos,
1321 466 1392 494 quos
1406 465 1492 493 penes
1505 457 1600 484 libella
1612 455 1740 484 consistit

946 506 1014 542 justi
1025 505 1159 533 examinis
1176 514 1182 531 :
1197 504 1378 540 quamobretn
1394 511 1409 530 e
1427 511 1456 530 re
1471 508 1517 530 tua
1533 501 1617 530 fuerit
1633 502 1738 537 tibique

949 552 1087 583 consules,
1105 551 1128 578 si
1145 550 1228 578 ducta
1242 550 1323 577 litura
1348 549 1532 576 interlcveris.
1553 557 1563 574 ι
1583 548 1653 576 iluie
1665 555 1738 584 ego:

953 607 962 624 ι
975 598 1134 633 Apostolum
1144 597 1200 624 scio
1212 596 1360 631 apostolice
1374 596 1516 631 scripsisse
1531 595 1613 623 ﬁdem
1628 600 1654 623 et
1663 603 1740 631 spem

949 651 1073 676 casuras,
1101 643 1263 671 charitatem
1281 651 1348 670 γει-ο
1369 647 1503 671 aeternum
1529 646 1737 670 constaturam:

951 689 1018 722 imo,
1038 689 1107 716 nulli
1130 689 1294 724 cxplicabile
1308 689 1507 716 incrementum
1522 692 1699 723 accepturam
1713 687 1740 716 in

951 736 1049 771 patria,
1060 735 1138 771 juxta
1151 734 1227 762 Isaia:
1240 735 1383 762 oraculum
1408 734 1526 761 dicentis
1544 743 1551 760 :
1568 733 1633 760 Viuit
1649 733 1752 768 Domi-l.

952 790 1001 808 nus
1023 781 1098 817 cujus
1127 781 1195 816 ignis
1224 782 1252 808 in
1274 780 1349 813 Sion,
1363 785 1387 807 et
1414 780 1532 807 canimus
1549 780 1576 806 in
1595 779 1753 810 Jerusalem=

953 829 1022 864 (lsa.
1040 829 1170 861 xxxt,9l.
1190 828 1267 856 Fidei
1282 829 1356 856 enim
1385 832 1463 856 actus
1486 832 1529 855 est
1559 827 1600 855 rei
1620 827 1754 856 nondutm

115 877 238 911 abusque
254 876 334 903 initio
355 876 533 911 primogenita
553 881 582 904 et
607 876 727 911 primum
752 876 903 904 exorientis
921 910 932 911 γ
952 875 1036 907 visre;
1056 875 1126 910 spei,
1149 874 1274 911 nondum
1291 874 1402 901 habitae.
1423 873 1603 908 Consequens
1618 881 1684 901 sane
1705 873 1754 900 sit:

116 910 245 950 Ecclesiae
262 910 371 956 quidvis
388 921 414 948 in
430 910 555 956 apricum
574 910 737 956 depromere
753 929 768 949 e
779 921 903 956 locuple-
920 910 940 937 Β
956 920 1029 956 quod
1042 928 1104 948 cum
1118 910 1258 948 videbiiur
1266 919 1345 948 sicuti
1361 924 1403 947 est
1417 923 1444 947 et
1458 919 1616 951 habebitur,
1627 927 1743 946 evacua-

116 968 223 995 tissimo
239 975 312 1002 penu
328 967 502 1002 eloquiorutn
522 967 690 998 divinorum,
704 968 799 995 testari
815 968 905 994 abun-

116 1014 151 1042 de
169 1018 259 1049 potest
272 1021 343 1041 untts
358 1013 404 1040 ille
418 1013 582 1041 Christiana
597 1013 737 1048 religionis
751 1013 905 1041 acerrimus

117 1065 304 1095 propugnator
332 1060 482 1095 Gregorius
502 1059 701 1090 Nazianzenus.
722 1067 777 1094 quo
804 1067 905 1094 [mece-

117 1110 196 1142 ptore
222 1112 315 1133 noster
334 1106 517 1142 Hieronymus
543 1105 656 1141 gloriari
681 1113 736 1133 non
761 1113 818 1133 uno
844 1106 904 1134 loco

119 1152 198 1178 solet.
213 1151 242 1178 In
256 1150 432 1186 Apologetico
443 1151 546 1178 etenim
560 1158 611 1178 suo
623 1150 704 1178 docet
716 1150 743 1177 id
757 1150 905 1185 perspicue

120 1197 219 1232 triplici
231 1204 265 1224 ex
280 1191 362 1224 modo
377 1197 456 1228 oriri,
470 1204 485 1223 e
499 1204 594 1229 sensu,
607 1204 622 1224 e
641 1204 780 1227 sermone,
797 1204 830 1223 ex
845 1196 905 1231 ipso

119 1243 228 1270 auditu.
251 1244 287 1270 At
309 1247 413 1277 quanto
435 1247 479 1270 est
500 1242 583 1269 hodie
606 1242 671 1269 alea:
698 1242 906 1277 periculosioris

119 1288 242 1315 scribere
257 1296 264 1314 :
285 1291 334 1315 aut
349 1287 422 1322 quod
438 1288 467 1314 in
478 1287 634 1322 antiquario
647 1287 778 1322 quopiam
789 1287 905 1316 doctore

119 1334 224 1365 editum
237 1335 293 1369 jam
310 1334 376 1361 olitn
394 1334 439 1367 sit,
457 1334 483 1362 in
502 1334 623 1361 alienam
638 1333 834 1361 transfundere
853 1333 908 1361 lin-

120 1387 211 1415 guam,
228 1387 261 1406 ac
280 1379 398 1414 proinde
424 1379 459 1407 ad
484 1386 658 1406 communem
677 1379 801 1406 omnium
825 1387 906 1406 usum

122 1425 194 1460 typis
223 1424 413 1457 committere,
438 1424 550 1459 quando
588 1423 724 1458 quidquid
754 1424 907 1459 quamlibet

121 1473 214 1496 sancte
236 1467 339 1496 dixeris
357 1469 415 1503 rapi
437 1468 464 1496 id
478 1468 566 1496 soleat
579 1468 607 1496 in
619 1469 766 1504 pessimam
782 1469 907 1504 partem?

120 1513 145 1541 Δ
161 1514 342 1543 novatoribus
360 1514 422 1541 istis
443 1518 569 1541 veterum
596 1513 751 1545 baereseon,
764 1513 834 1541 nihil
856 1521 908 1541 ne-

121 1567 199 1587 cesse
216 1559 252 1587 sit
278 1563 310 1586 ut
332 1559 446 1586 doceam
465 1567 547 1594 quam
562 1559 674 1594 oblique
694 1564 793 1587 cuncta
812 1559 906 1587 detor-

121 1610 270 1640 queantur,
285 1604 395 1639 quando
409 1612 464 1631 non
479 1605 571 1637 Petro,
587 1612 643 1632 non
666 1605 763 1632 Joanni
780 1609 908 1640 parcunt,

121 1659 177 1678 non
196 1651 288 1678 vivido
307 1651 347 1678 illi
363 1659 466 1687 organo
483 1651 604 1686 Spiritus
619 1652 707 1680 sancti
719 1651 814 1683 Paulo,
831 1659 863 1679 ac
876 1659 910 1679 ne

123 1698 272 1733 Evangelia
284 1698 405 1733 quidem.
420 1697 473 1725 Sed
485 1703 513 1725 et
528 1698 580 1726 hoc
597 1699 711 1731 malum,
725 1698 797 1733 quod
809 1699 843 1726 ad
860 1707 912 1726 nos

123 1744 232 1776 attinet,
259 1748 399 1779 utcunque
435 1744 577 1772 tolerabile
602 1744 691 1772 videri
718 1745 815 1780 possit.
842 1744 911 1772 Cum

122 1790 197 1817 enim
212 1790 269 1817 sint
286 1790 463 1822 insanabiles,
479 1790 613 1825 praecipiti
639 1790 703 1826 fuga
727 1790 911 1826 pmvertendi

123 1836 250 1868 veniunt,
268 1836 347 1871 juxta
365 1836 442 1865 Pauli
454 1836 621 1868 doctrinam,
637 1841 665 1864 et
679 1837 769 1864 modis
782 1837 912 1865 omnibus

123 1883 240 1911 vitandi.
258 1884 342 1919 Major
356 1891 452 1911 carum
470 1891 537 1911 cura
567 1888 621 1917 est,
652 1885 700 1920 qui
726 1886 832 1920 privata
856 1894 912 1913 non

125 1931 191 1957 item
204 1929 313 1964 publica
327 1930 493 1957 auctaritate
507 1937 609 1958 nomen
621 1931 673 1958 sibi
695 1936 808 1958 sumunt
832 1932 911 1959 theo-

123 1975 258 2010 logOrum,
277 1975 324 2010 qui
357 1975 475 2003 frontem
504 1976 607 2004 habent
628 1981 682 2004 tam
705 1977 850 2005 eﬂ‘rontem
880 1985 913 2006 ac

124 2016 305 2057 praefractam,
321 2025 347 2049 et
366 2029 400 2049 eo
425 2022 587 2050 reciderunt
606 2023 771 2052 temeritatis
788 2029 818 2051 ut
833 2025 911 2060 quasi

123 2067 235 2104 quidam
245 2068 396 2096 Aristarchi
407 2077 502 2096 eorum
518 2069 571 2096 sibi
587 2069 728 2098 vindicent
743 2070 912 2098 functionem

123 2115 313 2150 theologorum
327 2123 396 2150 quos
416 2121 503 2150 penes
525 2116 705 2144 honorarium
727 2117 829 2152 pendet
838 2117 913 2152 judi-

122 2164 197 2191 cium
224 2163 397 2198 expendendi
428 2163 597 2199 Scripturas,
619 2173 685 2192 num
711 2165 841 2201 legitimae
857 2165 913 2193 sint

122 2213 250 2241 monetae,
267 2217 300 2236 an
320 2208 485 2236 adulterina:
501 2214 548 2237 aut
564 2210 757 2244 supposititiaa.
769 2210 911 2245 Ejusmodi

958 966 1034 994 bitur
1048 966 1123 1002 quod
1152 971 1302 1001 utrumque
1322 974 1355 994 ex
1373 969 1449 1001 parte
1467 970 1519 998 est,
1537 970 1565 993 et
1586 965 1746 1001 perﬁcietur

957 1013 1032 1048 quod
1046 1017 1089 1040 est
1102 1013 1214 1040 fabrica:
1225 1012 1378 1047 spiritualis
1395 1020 1463 1048 apex
1477 1018 1504 1040 et
1519 1012 1683 1048 fastigiuma
1698 1012 1748 1040 Est

959 1059 1140 1086 nihilominus
1169 1059 1306 1086 catholica
1332 1059 1390 1086 haec
1421 1058 1684 1094 propositiozFides
1719 1059 1748 1085 in

958 1103 1085 1130 saeculum
1098 1103 1188 1130 stabit.
1204 1103 1282 1137 Quod
1297 1107 1340 1131 est
1364 1103 1487 1131 “obrutis
1504 1096 1628 1133 350.hoc
1646 1103 1748 1130 Graecis

959 1149 1036 1182 αἰών,
1053 1150 1134 1177 nobis
1149 1150 1284 1183 sarculum,
1301 1157 1354 1177 vox
1365 1150 1464 1185 cuique
1483 1150 1582 1185 lingua:
1597 1150 1746 1185 polysema,

960 1195 1076 1222 testibus
1093 1195 1259 1231 Hieronymo
1275 1196 1303 1223 in
1320 1196 1470 1231 prophetas
1487 1201 1515 1223 et
1525 1196 1632 1224 Joanne
1651 1196 1749 1222 Dama-

959 1247 1054 1272 sceno,
1068 1248 1128 1276 cap.
1148 1241 1159 1268 l
1176 1241 1242 1268 libri
1256 1249 1287 1272 ll,
1302 1249 1376 1269 nunc
1394 1241 1515 1269 hominis
1542 1246 1661 1273 attatem,
1675 1249 1751 1268 nunc

959 1287 1053 1314 saculi
1071 1286 1164 1319 ﬁnem,
1180 1291 1212 1314 ut
1226 1287 1279 1314 hoc
1303 1286 1376 1319 loco,
1401 1287 1500 1322 signat.
1525 1287 1578 1315 Sed
1602 1291 1630 1314 et
1658 1287 1749 1314 locum

961 1333 1054 1360 indico
1069 1333 1144 1361 unde
1164 1333 1335 1369 pmscriptis
1358 1333 1452 1361 verbis
1471 1333 1498 1360 id
1518 1334 1625 1360 axioma
1639 1333 1751 1360 desum-

960 1384 1038 1415 ptum
1056 1379 1101 1412 sit,
1118 1387 1218 1414 nempe
1245 1387 1261 1406 e
1276 1387 1309 1406 xt.
1326 1387 1386 1414 cap.
1408 1379 1514 1406 Eccles.
1536 1378 1614 1406 Tunc
1630 1379 1750 1414 primum

960 1426 995 1454 ab
1010 1434 1043 1454 eo
1062 1426 1224 1461 scrupulum
1241 1425 1316 1452 hunc
1332 1425 1452 1453 excussi.
1471 1425 1566 1460 Neque
1589 1425 1642 1452 hoc
1668 1425 1752 1452 velim

960 1474 1100 1501 existimes
1114 1480 1148 1500 eo
1166 1480 1182 1500 a
1202 1480 1245 1500 me
1260 1471 1376 1503 dictum.
1388 1471 1460 1506 quod
1474 1471 1602 1499 damnem
1617 1472 1648 1499 D.
1671 1472 1752 1499 theo-

960 1520 1085 1555 logorum
1103 1519 1164 1554 pios
1174 1519 1284 1546 labores
1297 1518 1324 1544 in
1336 1517 1513 1553 explorandis
1523 1517 1674 1552 Scripturis
1685 1525 1751 1544 num

961 1564 1090 1599 legitima:
1109 1565 1164 1592 sint
1186 1569 1214 1592 et
1245 1564 1351 1591 lectore
1374 1563 1533 1591 Christiano
1554 1563 1654 1598 dignae.
1678 1563 1750 1596 Quin

961 1610 1030 1638 adeo
1038 1618 1091 1638 non
1103 1610 1214 1643 damno,
1230 1615 1261 1638 ut
1273 1610 1356 1637 etiam
1378 1609 1487 1637 tuendae
1502 1609 1566 1637 ﬁdei
1581 1609 1751 1641 orthodoxae,

961 1661 1024 1684 ante
1054 1657 1325 1684 senatusconsultum
1339 1656 1366 1683 in
1388 1656 1459 1683 hanc
1483 1664 1541 1683 rem
1564 1655 1699 1683 sancitum
1725 1659 1751 1682 ct

961 1703 1076 1736 editum,
1104 1703 1260 1731 necessario
1295 1702 1452 1730 censuerim
1470 1710 1581 1737 semper
1605 1707 1633 1729 et
1655 1701 1751 1729 eadem

962 1750 1080 1783 ratione,
1107 1750 1181 1785 vulgi
1207 1755 1290 1785 atque
1319 1749 1539 1777 Lutheranorum
1575 1748 1752 1784 negligendos

962 1796 1142 1831 contemptim
1159 1796 1346 1827 rumusculos,
1363 1795 1526 1831 pervicacia:
1545 1799 1652 1822 tantum
1668 1799 1696 1822 et
1712 1799 1752 1821 tc-

962 1842 1099 1870 meritatis
1109 1842 1268 1869 Datbanicze
1285 1846 1314 1869 et
1328 1841 1485 1869 Abironicae
1498 1848 1630 1876 perquam
1645 1841 1759 1876 plenos.-

963 1888 1001 1916 De
1027 1896 1078 1916 suo
1101 1887 1213 1923 opiﬁcio
1240 1887 1402 1923 pronuntiat
1425 1887 1516 1922 quivis
1543 1886 1645 1922 opifex,
1663 1891 1751 1919 sutor,

962 1939 1061 1968 sartor,
1080 1935 1211 1970 piscator,
1224 1934 1326 1969 pellio;
1344 1934 1378 1962 de
1395 1928 1549 1968 theologica
1571 1941 1612 1966 re,
1627 1934 1751 1961 omnium

963 1989 1024 2017 quae
1035 1981 1063 2009 in
1075 1981 1157 2008 terris
1168 1985 1232 2008 sunt
1244 1980 1449 2016 augustissima,
1462 1980 1512 2008 soli
1528 1980 1574 2008 isti
1590 1980 1651 2016 ejus
1663 1981 1749 2008 rudis-

963 2027 1025 2056 simi
1045 2026 1197 2056 censebunt
1212 2027 1336 2062 opiﬁces,
1353 2027 1400 2055 uni
1425 2027 1552 2062 theologo
1586 2035 1641 2054 non
1656 2026 1752 2055 licebit

963 2075 991 2102 in
1007 2080 1115 2102 suomet
1132 2082 1228 2110 campo
1241 2075 1443 2110 pronuntiare?
1458 2075 1490 2102 Et
1503 2075 1562 2103 haec
1582 2080 1635 2103 tam
1657 2076 1751 2103 multis

962 2121 1047 2149 libuit
1057 2121 1194 2154 scribere,
1207 2126 1238 2148 ut
1254 2121 1393 2156 intelligas
1413 2122 1441 2149 in
1465 2122 1577 2157 quantis
1590 2122 1673 2151 hodie
1688 2130 1751 2150 ver-

962 2171 1040 2195 setur
1063 2167 1194 2203 periculis
1222 2168 1348 2203 quisquis
1374 2168 1481 2196 scribit.
1497 2168 1539 2196 Ad
1565 2176 1597 2196 ca
1621 2173 1649 2196 et
1665 2177 1750 2204 pauca

963 2213 1054 2246 venio,
1069 2221 1131 2248 quae
1146 2213 1272 2241 nonnihil
1287 2213 1526 2242 desiderantlucis
1540 2223 1594 2251 qua
1609 2206 1765 2242 illustren-l

121 2254 290 2291 pneproperi
314 2254 383 2282 adeo
403 2259 467 2282 sunt
488 2260 514 2282 et
531 2255 682 2290 praecipitis
700 2255 811 2291 judicii,
827 2259 858 2283 ut
875 2256 910 2284 de
927 2261 948 2288 D
964 2263 1008 2286 tur
1028 2263 1056 2286 et
1083 2259 1289 2295 splendescant,
1306 2265 1334 2288 et
1349 2261 1425 2293 inec,
1439 2261 1564 2297 inquam,
1586 2261 1751 2296 paucissima

120 2301 221 2336 quovis
247 2301 369 2328 nondum
400 2305 505 2328 malure
532 2300 603 2328 lecto
632 2309 745 2328 censere
770 2302 862 2329 ausint
879 2310 911 2330 ac

120 2354 219 2382 magna
240 2355 303 2374 cum
329 2347 458 2375 libertate
473 2347 664 2382 pronuntiare.
680 2347 792 2376 Liberet
805 2348 910 2376 dictum

120 2399 174 2420 noc
190 2401 281 2420 tneum
297 2393 401 2428 duplici
415 2394 607 2428 experimento
622 2394 796 2427 conﬁrmare,
814 2399 844 2422 ut
861 2395 907 2422 ad-

122 2439 245 2466 monitus
272 2439 359 2466 lector
375 2440 408 2475 (si
434 2440 496 2474 quis
529 2440 638 2468 tandem
668 2441 819 2476 continget)
851 2441 911 2476 pios

118 2484 196 2518 juxta
223 2491 255 2511 ac
282 2484 378 2512 doctos
404 2493 458 2512 non
478 2485 543 2512 satis
554 2493 633 2520 azquo
648 2485 745 2520 judicii
764 2486 911 2514 libramine

119 2537 257 2564 expensos
283 2531 435 2566 prospiciat
456 2539 492 2558 ne
510 2532 623 2558 damnet
640 2532 771 2559 immeriti
794 2533 910 2565 erroris,

119 2574 171 2601 hac
186 2576 338 2609 praesertim
361 2580 441 2603 aetate
456 2576 530 2604 omni
550 2577 812 2613 tragtndio-graphia
827 2585 911 2613 supe-

119 2620 202 2647 riore.
212 2620 289 2653 Quod
303 2621 396 2656 priore
413 2621 474 2648 loco
490 2622 535 2649 hic
547 2622 695 2650 dicendum
707 2623 806 2655 fuerat,
821 2623 910 2651 visum

117 2671 162 2693 est
194 2666 307 2694 diﬁ‘erre
328 2668 355 2694 in
382 2668 599 2703 recognitionem
629 2669 725 2704 operis
754 2670 909 2705 imperfecti

118 2712 235 2740 Joannis
257 2712 446 2748 Chrysostomi
463 2715 489 2741 in
508 2715 675 2742 Matthmum.
689 2715 749 2743 Jam
769 2716 802 2743 ad
820 2716 847 2743 id
863 2716 909 2744 de-

117 2757 224 2785 scendo
241 2759 315 2793 qttod
336 2767 380 2786 me
397 2761 512 2795 propius
528 2765 619 2796 urget.
642 2761 726 2788 Initio
743 2762 837 2789 statim
855 2763 911 2797 pri-

117 2812 190 2831 mam
209 2806 413 2841 αὑτοσχεδίατιν
427 2807 472 2834 vix
487 2815 606 2841 versam,
630 2808 750 2836 amiculo
782 2808 844 2836 dedi
868 2809 909 2836 le-

117 2850 246 2885 gendam,
265 2851 346 2879 docto
368 2852 493 2887 quidem,
508 2853 567 2886 sed,
585 2858 615 2881 ut
635 2854 726 2881 exitus
745 2853 850 2887 docuit,
866 2863 910 2882 ar-

116 2896 220 2931 gutiori
234 2905 316 2932 quam
341 2898 369 2925 in
394 2898 555 2926 evolvendis
573 2899 670 2927 Bibliis
684 2899 863 2937 diligentiori.
878 2901 908 2929 ln

240 2943 380 2983 _PATROL.
404 2945 459 2976 Gn.
481 2944 645 2979 LXXXIX.

961 2305 1114 2339 conferam,
1130 2305 1356 2341 quandoquidem
1373 2300 1459 2342 urget;
1479 2307 1589 2342 prelum
1601 2308 1751 2342 vehemen-

962 2356 1014 2379 ter.
1032 2351 1122 2379 Locus
1136 2351 1182 2387 qui
1198 2360 1227 2380 se
1245 2352 1325 2380 offert
1346 2353 1563 2384 discutiendum,
1576 2353 1683 2388 primus
1706 2354 1752 2381 ille

961 2402 1004 2425 est
1019 2398 1046 2425 in
1076 2398 1135 2433 ipso
1148 2399 1257 2434 Prologi
1276 2399 1414 2427 vestibulo
1430 2407 1445 2428 e
1459 2399 1582 2428 Canticis
1598 2400 1753 2428 Salomonis

961 2441 1153 2478 depromptus,
1178 2451 1234 2478 quo
1250 2444 1336 2473 libros
1360 2445 1513 2472 Bibliorum
1539 2445 1656 2481 (eximia:
1680 2446 1752 2473 inter

962 2492 1077 2515 caeteros
1093 2489 1279 2523 auctoritatis)
1295 2490 1454 2525 parabolica
1473 2491 1620 2519 collatione
1644 2491 1752 2519 confert

962 2533 1105 2568 sexaginta
1131 2534 1255 2569 reginis,
1283 2543 1345 2563 cum
1366 2536 1528 2570 neutiquam
1555 2536 1669 2564 totidem
1697 2537 1752 2564 sint

961 2579 1037 2607 libri.
1053 2580 1191 2609 Caeterum
1218 2589 1273 2609 non
1297 2589 1444 2609 nutnerum
1470 2582 1516 2610 hic
1545 2583 1674 2614 attendit.
1703 2584 1752 2611 sed

962 2626 1156 2655 auctoritatem
1185 2627 1243 2655 sire
1272 2627 1434 2663 dignitatem
1452 2637 1458 2655 ε
1476 2629 1550 2664 quod
1577 2634 1620 2658 sat
1647 2634 1690 2658 est
1718 2631 1752 2658 ad

961 2671 1124 2699 eliciendam
1148 2673 1291 2701 veritatem
1331 2673 1520 2708 liomteoscos,
1540 2675 1620 2710 cujus
1645 2675 1751 2710 species

962 2722 1019 2745 tres
1040 2723 1114 2752 sunt,
1134 2718 1226 2752 εἰκὼν,
1244 2720 1291 2746 καὶ
1319 2721 1505 2756 πειράδειγμα,
1528 2722 1576 2748 καὶ
1595 2721 1751 2756 παραϐολή.

962 2763 1064 2792 llomil.
1092 2764 1147 2798 26,
1178 2766 1252 2800 quod
1275 2766 1403 2794 hortatur
1427 2765 1595 2799 monachos,
1623 2767 1752 2795 manibus

961 2814 1074 2838 strenue
1095 2815 1125 2837 ut
1149 2811 1293 2846 laborent;
1315 2812 1388 2840 idem
1404 2813 1586 2848 llicronytnus
1610 2812 1643 2840 ad
1656 2813 1751 2840 Rusti-

960 2862 1034 2888 cum,
1052 2856 1218 2885 Benedictus
1240 2864 1267 2887 et
1281 2860 1383 2887 caeteri.
1400 2860 1499 2887 llomtl.
1518 2859 1552 2888 49
1568 2863 1643 2888 arcet
1663 2859 1751 2888 Simo—

961 2903 1056 2931 niacos
1084 2912 1099 2932 a
1128 2904 1242 2941 judicio,
1259 2913 1315 2934 non
1333 2907 1530 2944 qualicunque,
1542 2906 1590 2934 sed
1604 2911 1737 2943 usurpato

1553 2953 1591 2985 45
