1975 3189
240 201 307 232 illi)

872 191 1056 222 ANTIOCHI
1076 189 1248 222 MONACHI

1795 182 1872 216 1420

239 260 291 291 rio,
302 257 457 292 suspicioso
470 261 498 283 et
512 253 659 283 temerario
673 272 680 284 ,
697 250 816 278 maxime
835 255 850 276 a
866 248 971 284 judicio
986 255 1029 275 re-
1043 251 1065 279 Α
1082 247 1120 274 De
1137 247 1232 282 spiritu
1250 250 1274 273 et
1297 246 1387 272 anima
1409 244 1586 279 exsequitur;
1607 242 1781 278 Hippocratis
1797 249 1875 277 quo-

238 303 410 340 probationis
423 301 497 337 quod
512 301 599 329 solius
609 304 651 326 cst
664 298 712 325 Dei
731 307 737 324 :
749 304 803 324 non
817 295 883 323 item
899 295 1029 330 prohibet

239 348 381 384 publicum
401 347 459 374 sive
472 345 675 373 contentiosum
694 343 722 369 in
745 342 797 368 hoc
815 341 1029 372 institutum,ut

239 398 400 430 protegatur
414 392 584 423 innocentia,
598 394 626 417 et
640 389 745 416 malitia
766 388 907 423 puniatur,
919 387 947 419 2,
961 395 989 421 q.
1003 386 1028 418 l,

240 440 305 473 Qua:
330 439 482 466 Lotlmrius.
508 437 609 465 llomil.
643 436 695 468 65,
725 434 815 466 initio,
828 433 916 461 videri
942 432 1029 468 possit

239 486 314 514 onmi
328 493 442 520 prorsus
452 485 611 520 iuramento
637 481 804 510 interdicere
821 480 940 507 voluisse
951 479 1030 507 Chri-

240 533 346 565 stianis,
375 531 521 558 collatione
549 530 694 564 utriusque
719 528 798 563 legis,
834 534 898 554 cum
925 525 1028 560 alioqui

238 579 426 615 juramentum
453 577 496 605 sui
517 580 615 604 natura
643 575 745 602 malum
766 574 835 601 adeo
860 581 915 600 non
936 572 984 604 sit,
1000 576 1031 599 ut

240 629 319 654 actus
340 625 423 652 etiam
448 622 535 650 latria:
552 623 599 654 sit,
618 621 710 648 adsint
727 620 809 648 modo
833 623 889 646 tres
903 618 1029 650 comites,

239 671 353 700 veritas.
365 669 504 704 judicium
525 671 553 695 et
574 666 692 702 iustitia,
709 670 778 692 teste
798 665 830 691 D.
847 664 962 691 Thoma.
976 663 1030 690 Ve-

240 725 301 744 rum
317 716 427 751 quando
444 715 507 742 libri
524 714 594 750 juris
612 714 756 747 utriusque
769 711 906 738 fusissime
919 710 1030 740 docent,

241 763 343 798 quibus
354 762 388 789 de
404 761 496 789 causis
513 761 595 787 liceat
617 760 722 794 jurare,
740 757 842 792 quibus
859 763 925 787 non,
939 753 988 781 sed
1005 758 1033 781 et

241 809 336 838 schola
361 808 552 842 theologorum
575 804 629 832 illis
661 803 756 831 eadem
781 802 815 829 de
840 809 869 828 rc
889 799 1030 828 concinit:

241 855 309 883 satis
321 854 438 881 videbor
457 851 555 879 iecisse
566 850 589 877 si
601 850 721 876 docuero
732 846 899 874 Antiochum
913 845 1032 871 voluisse

242 908 258 927 a
273 899 392 934 reproba
417 894 620 924 consuetudine
643 891 754 928 iurandi
781 896 897 917 avocare
921 888 1031 919 fratres,

1081 302 1134 330 que
1146 292 1362 321 commentarius
1376 291 1513 319 fusissime
1530 291 1557 318 in
1569 290 1652 325 hujus
1664 289 1876 330 Apotelcsmata

1080 340 1114 367 de
1134 339 1259 368 somniis.
1273 338 1410 374 Apatbian
1427 345 1540 372 insuper
1551 337 1635 364 sumit
1648 344 1703 363 non
1717 328 1767 370 pro
1780 335 1877 363 omni-

1080 386 1159 414 moda
1187 386 1234 413 illa
1257 393 1321 420 erga
1347 385 1507 412 affectiones
1533 383 1591 410 sive
1616 383 1758 418 passiones
1781 381 1875 408 animi

1081 431 1274 460 immobilitate
1290 439 1296 457 :
1311 430 1358 465 qui
1382 437 1460 457 error
1480 429 1709 464 philosophorum
1725 433 1802 461 erat;
1819 428 1877 455 ad-

1080 485 1179 505 versus
1196 485 1277 512 quem
1300 476 1437 507 Laertius,
1467 475 1602 510 Diogenes
1625 480 1654 502 et
1681 475 1876 502 Plutarchus:

1081 532 1114 551 ex
1140 523 1257 554 Latinis,
1284 522 1370 549 Aulus
1395 521 1510 553 Gellius,
1535 525 1647 548 sanctus
1675 520 1877 556 Hieronymus,

1081 574 1162 605 atque
1179 568 1349 603 Augustinus
1375 567 1508 594 adversus
1522 567 1679 602 Pelagium;
1695 566 1743 593 sed
1760 574 1810 601 pro
1823 573 1879 593 eu-

1082 616 1197 651 thymia,
1212 615 1240 642 id
1252 619 1305 645 est,
1320 621 1370 649 pro
1386 618 1456 641 statu
1472 613 1618 647 compositi
1631 613 1726 644 animi,
1754 611 1878 646 requieti

1082 671 1114 690 ac
1132 661 1219 690 sedati
1247 661 1282 688 ab
1306 659 1469 694 intemperie
1495 659 1721 686 tumultuantium
1745 658 1878 685 affectio-

1083 715 1168 734 num:
1185 707 1238 733 hoc
1260 710 1313 738 est,
1338 713 1389 740 pro
1412 705 1621 739 tranquillitate.
1644 704 1746 731 Verum
1766 711 1810 730 me
1827 703 1879 729 hic

1083 753 1187 783 dicere,
1211 751 1270 785 ipse
1303 750 1355 777 sibi
1386 749 1466 776 testis
1495 753 1538 776 est
1560 748 1685 782 locuples
1711 748 1763 774 sub
1789 747 1878 774 linem

1083 798 1179 826 bomil.
1194 797 1237 828 79,
1253 804 1314 831 qua:
1327 796 1362 822 de
1376 802 1464 830 agone
1480 799 1532 821 est.
1547 794 1670 828 Denique
1689 793 1776 821 videri
1794 797 1878 827 pote-

1084 844 1120 870 rit
1140 842 1239 870 alicubi
1266 842 1361 869 varius
1386 841 1413 868 in
1439 840 1599 874 acceptione
1631 840 1795 871 dictionum,
1814 846 1881 874 quae

1084 894 1180 924 suapte
1199 893 1297 916 natura
1314 888 1461 922 polyscma-
1475 892 1548 914 sunt.
1564 887 1629 913 Dua:
1652 889 1804 913 occurrunt
1827 893 1881 920 po-

242 954 312 982 quos
322 945 398 972 nulla
415 943 530 978 urgebat
551 938 662 976 jurandi
685 936 837 965 necessitas
851 945 857 962 :
869 942 951 970 quam
967 942 1033 961 con-
1048 933 1069 960 Β
1085 937 1232 964 tissimum.
1245 934 1391 962 liomiliam
1406 933 1566 960 vicesimam
1589 932 1726 960 inscribit.
1739 932 1807 966 Περῖ
1822 940 1880 957 σω-

243 980 429 1022 suetudinem,
445 995 526 1015 nemo
550 986 613 1022 pius
638 984 685 1020 qui
712 991 767 1010 non
789 985 957 1010 exsecretur.
975 980 1034 1007 Hoc

243 1038 364 1066 voluisse
402 1034 587 1067 Antiochum,
632 1031 750 1059 verbum
792 1027 1031 1064 παρακελεύομαι,

243 1085 296 1112 hoc
309 1087 360 1115 est,
376 1081 580 1118 προτρέπομαι,
595 1078 731 1108 adhortor,
744 1075 883 1107 admoneo,
902 1074 982 1101 facile
993 1073 1036 1099 in-

244 1130 329 1157 dicat.
369 1127 490 1156 Proinde
521 1133 570 1161 per
605 1123 755 1160 juramcnti
792 1129 848 1148 non
884 1119 1035 1147 necessarii

244 1174 474 1204 consuetudinem
492 1172 544 1208 ipsi
559 1170 718 1206 experimur
734 1171 836 1203 quanta
862 1166 1036 1202 proclivitate

245 1223 389 1257 rapiantur
406 1219 439 1246 ad
463 1218 584 1253 perjuria
614 1215 751 1246 homines,
777 1218 805 1241 ct
836 1211 1035 1246 blasphemiam

246 1256 408 1302 sacrilegam
424 1274 429 1290 :
444 1271 529 1300 quare
547 1264 636 1290 locum
662 1261 707 1288 hic
730 1260 815 1287 habet
839 1258 912 1293 quod
929 1256 1037 1284 inducit

245 1314 321 1341 Glos.
336 1313 364 1339 in
379 1310 457 1343 illud,
473 1309 525 1336 Sed
542 1309 604 1344 quia
626 1307 756 1345 pejerare,
771 1305 815 1333 22,
841 1312 868 1339 q.
885 1304 911 1332 1,
926 1310 986 1337 cap.
1003 1301 1036 1328 In

245 1359 319 1386 Nouo
335 1357 510 1384 Testamento.
531 1355 730 1388 Argumentum
748 1354 800 1380 est,
820 1348 894 1384 quod
909 1346 1036 1382 quando-

247 1411 301 1439 que
319 1401 484 1438 prohibetur
511 1398 614 1433 aliquid
635 1405 690 1424 non
707 1400 821 1431 propter
838 1402 879 1426 se,
899 1393 947 1421 sed
970 1399 1035 1427 pro-

247 1438 309 1483 pter
325 1445 392 1473 illud
415 1444 489 1479 quod
519 1443 584 1470 inde
617 1441 695 1476 sequi
721 1448 776 1467 non
797 1443 897 1474 potest,
913 1439 993 1472 ll.q.
1008 1438 1035 1470 5,

247 1494 345 1524 Nolite,
359 1496 383 1520 et
403 1492 436 1519 27
452 1491 513 1517 dist.
531 1489 585 1516 Sed
598 1493 626 1516 ct
642 1486 814 1516 Venerabilis
834 1485 907 1513 Beda
922 1485 950 1512 in
968 1483 1037 1511 illud

248 1540 342 1568 Jacobi
361 1538 450 1566 :Ante
486 1536 575 1563 omnia
587 1554 596 1568 ,
629 1535 725 1570 fratres
743 1553 750 1565 ,
776 1536 843 1564 etc.,
861 1529 1039 1559 consuetudi-

248 1593 310 1612 nem
329 1583 459 1619 prohibet
474 1580 595 1616 jurandi,
613 1587 648 1606 nc
662 1587 695 1606 ex
707 1586 739 1605 ea
751 1577 915 1605 deveniatur
929 1576 956 1602 in
972 1583 1037 1610 per-

246 1630 361 1665 iurium.
377 1627 476 1656 Homil.
489 1626 533 1657 8L,
543 1633 603 1660 quze
617 1628 658 1652 est
671 1624 705 1651 de
721 1622 874 1655 insomniis,
891 1621 972 1649 tidem
987 1628 1042 1648 non

249 1675 406 1704 habendam
429 1673 574 1700 insomniis
589 1672 670 1698 docet
683 1670 809 1705 exemplo
820 1669 994 1700 luculenter;
1013 1667 1042 1694 id

249 1729 316 1749 vero
333 1718 553 1754 intelligendum,
569 1717 633 1744 nisi-
644 1716 774 1744 discretio
793 1715 941 1749 spirituum
959 1713 1041 1740 adsit.

250 1768 320 1796 Sunt
335 1767 409 1795 enim
426 1765 533 1800 species
549 1764 643 1796 varize,
661 1771 729 1798 quas
745 1761 914 1797 Augustinus
927 1761 955 1788 in
972 1761 1043 1788 libro

251 1859 329 1887 Liber
345 1858 393 1884 Dei
408 1860 539 1892 prazceptu
559 1855 705 1892 continens,
730 1853 891 1892 insunerque
912 1853 1043 1892 interpre-

287 1888 515 1923 tutionea'eorun't,
537 1898 637 1917 necnon
651 1888 800 1916 doctrinam
827 1889 860 1916 iis
886 1888 1043 1915 convenien-

287 1934 338 1956 tem
358 1932 382 1955 et
401 1930 597 1962 congruentem.

420 2017 602 2047 PROLOGUS
621 2016 728 2045 HUIUS
746 2015 880 2044 OPERIS.

289 2076 442 2105 Antiochus
462 2075 517 2108 ille,
532 2074 579 2110 qui
602 2073 704 2101 mundo
729 2073 840 2108 penitus
863 2071 1041 2103 renuntiavit,

251 2130 281 2151 et
294 2124 321 2151 in
339 2123 430 2158 magni
453 2121 527 2149 illius
553 2121 631 2148 Sabae
659 2118 827 2147 monasterio
855 2125 910 2145 non
945 2117 1062 2153 exiguo.

1083 983 1232 1018 φροσύνης.
1257 988 1340 1016 quam
1365 979 1574 1014 inscriptionem
1601 977 1761 1005 vertendam
1784 977 1879 1010 docet,

1083 1029 1124 1056 uti
1143 1028 1287 1059 vertimus,
1305 1025 1483 1053 subinductio
1504 1024 1694 1058 exemplorum
1709 1032 1716 1050 :
1734 1022 1774 1049 De
1797 1023 1881 1049 casti-

1084 1079 1139 1102 tate
1157 1074 1210 1101 sive
1240 1073 1379 1108 pudicitia.
1402 1071 1511 1098 lnducit
1533 1071 1606 1097 enim
1633 1069 1746 1104 Joseph,
1775 1069 1882 1096 Susan-

1084 1129 1158 1153 nam,
1173 1119 1374 1154 Sarephtanam
1405 1117 1527 1150 viduam,
1548 1116 1714 1151 Gregorium
1735 1115 1883 1142 Neocaesa-

1085 1167 1217 1198 riensem,
1231 1165 1343 1200 Cyrum,
1363 1164 1397 1191 de
1417 1171 1473 1198 quo
1487 1163 1560 1198 apud
1580 1162 1790 1197 Xenophontem
1808 1169 1881 1188 :nc«

1085 1219 1139 1247 que
1153 1211 1227 1239 enim
1247 1211 1427 1238 sobrietatem
1451 1214 1500 1236 aut
1526 1209 1673 1236 sanitatem
1702 1200 1803 1235 mentis
1826 1207 1882 1235 hoc

1085 1258 1146 1285 loco
1157 1258 1247 1285 solum
1267 1257 1381 1284 indicat.
1401 1255 1455 1283 Sed
1471 1259 1500 1282 et
1519 1255 1571 1282 sub
1584 1262 1645 1289 eius
1659 1254 1781 1281 homilia:
1794 1253 1879 1280 tinem

1085 1305 1176 1331 locum
1209 1303 1344 1330 inducens
1366 1310 1400 1330 ex
1421 1309 1482 1336 cap.
1498 1308 1516 1328 ,λ
1543 1300 1576 1328 ad
1610 1301 1713 1332 Titum,
1730 1299 1882 1334 σωφρόνως

1086 1351 1133 1378 καὶ
1149 1351 1261 1381 δικαίως
1273 1350 1321 1376 καὶ
1335 1349 1468 1380 εὐσεϐῶς,
1480 1347 1508 1375 ni
1523 1347 1603 1374 fallor
1619 1347 1765 1381 σωφρόνως
1781 1347 1879 1377 sumit,

1086 1405 1149 1432 pro,
1166 1401 1248 1428 caste.
1266 1396 1358 1431 pudice
1371 1404 1380 1423 :
1392 1399 1423 1422 ut
1443 1395 1480 1422 sit
1497 1393 1637 1421 acoluthia
1648 1393 1812 1420 sententiae:
1829 1399 1881 1419 nos

1087 1448 1179 1470 tamen
1205 1442 1363 1478 religiosum
1389 1441 1519 1469 duximus
1533 1440 1641 1467 variare
1662 1438 1880 1466 ecclesiasticam

1086 1491 1245 1521 lectionem,
1258 1488 1441 1523 interpretati,
1456 1487 1541 1513 sobrie
1552 1489 1579 1513 et
1589 1486 1670 1520 fuste.
1688 1484 1783 1512 Simile
1797 1484 1882 1519 quid-

1087 1537 1150 1564 dam
1180 1536 1207 1563 in
1230 1535 1341 1562 homilia
1371 1534 1422 1561 l06
1441 1533 1595 1568 comperies
1610 1540 1616 1558 :
1632 1532 1713 1566 εὐχὴν
1735 1531 1809 1558 enim
1830 1537 1882 1565 pro

1092 1582 1218 1609 oratione
1239 1582 1284 1608 ubi
1309 1579 1444 1615 sumpsit;
1462 1579 1513 1606 sub
1532 1578 1613 1605 linem
1626 1577 1736 1604 videtur
1751 1584 1801 1612 pro
1816 1581 1882 1603 voto

1094 1628 1220 1662 accipere
1239 1636 1245 1653 :
1262 1626 1290 1654 Si
1303 1626 1413 1656 noueris,
1428 1628 1482 1652 etc.
1508 1623 1561 1651 Sed
1578 1630 1610 1650 ea
1625 1630 1678 1650 vox
1689 1629 1752 1649 cum
1770 1627 1881 1648 utrum-

1093 1682 1147 1710 que
1172 1674 1285 1706 indicet,
1311 1673 1389 1700 locus
1416 1677 1459 1700 est
1485 1670 1666 1698 excusationi.
1685 1669 1719 1697 Et
1743 1669 1803 1696 hare
1816 1676 1883 1696 sane

1095 1723 1172 1752 sunt,
1193 1719 1312 1746 candide
1333 1719 1430 1750 lector,
1446 1724 1564 1752 quorum
1579 1715 1666 1751 gratia
1681 1715 1779 1743 anxius
1796 1715 1883 1742 haere—

1095 1766 1167 1794 bam.

1095 1857 1204 1890 Βίϐλος
1215 1857 1229 1875 ’⁸
1245 1857 1427 1891 περιέχουσα
1437 1855 1490 1888 τὰς
1503 1854 1554 1881 τοῦ
1562 1854 1672 1891 Κυρίου
1681 1852 1819 1891 ἑντολᾲς,
1842 1852 1882 1891 sq

1129 1901 1162 1926 γε
1185 1888 1249 1927 μὴν
1272 1888 1392 1923 iul—iac
1414 1891 1573 1927 ἐρμηῃείας
1596 1888 1712 1927 αὐτῷν·
1728 1889 1883 1927 πρὸς-τορν-

1129 1923 1192 1959 icta:
1214 1923 1261 1953 ita)
1278 1928 1330 1959 τὰς
1347 1923 1594 1960 συναρξιιοζούσας
1617 1924 1736 1956 ταύταις
1764 1925 1812 1950 καί
1835 1923 1883 1954 ἐξα

1127 1962 1358 1994 ακολουθούσιις
1374 1961 1582 1993 διδασκαλίας.

1112 2018 1290 2045 ΠΡΟΛΟΓΟΣ
1309 2018 1378 2044 ΤΟΥ
1398 2016 1582 2045 ΠΑΡΟΝΤΟΣ
1601 2014 1866 2042 ΣΥΝΤΑΓΜΑΤΟΣ.

1138 2074 1275 2109 Ἀντίοχος
1301 2074 1351 2109 μὲν
1378 2074 1481 2104 ἐκεῖνος
1494 2073 1508 2099 ὁ
1522 2061 1603 2098 naval.
1619 2071 1708 2106 πάντη
1729 2070 1769 2106 τῷ
1789 2071 1884 2106 κόσμῳ

1096 2120 1313 2156 ἀποταξάμενος,
1331 2120 1379 2147 καὶ
1395 2120 1428 2154 τῇ
1452 2118 1499 2145 τοῦ
1525 2117 1643 2153 μεγάλου
1664 2117 1739 2145 Σάὸα.
1754 2118 1784 2144 ὲν
1805 2117 1884 2152 Ἱερο-

255 2175 377 2204 tempore
403 2169 429 2194 in
457 2174 567 2195 secessu
595 2166 679 2194 vitam
707 2164 800 2196 duxit;
818 2163 884 2190 dum
907 2162 960 2189 sibi
992 2161 1038 2197 ipsi

1099 2167 1227 2201 σολύμοις
1243 2168 1310 2202 μονῇ
1327 2165 1501 2201 ὲφησυχάσας
1513 2164 1609 2199 χρόνον
1622 2164 1682 2199 οὐχὶ
1692 2162 1884 2199 μικρόν-οὕτω

253 2220 366 2243 vacaret
386 2219 415 2242 et
438 2213 606 2244 attenderet,
622 2212 740 2247 adeptus
761 2218 855 2237 rerum
879 2209 1044 2236 salutarium

254 2261 381 2289 notitiam
409 2259 561 2287 secundum
588 2257 656 2285 illud
683 2260 862 2292 praeceptum,
893 2254 990 2282 Vacate
1018 2258 1043 2281 et

253 2307 356 2339 scitote,
368 2305 491 2333 collectis
505 2303 625 2339 Spiritus
652 2302 740 2330 sancti
761 2300 877 2334 divitiis,
897 2308 984 2335 neque
1000 2307 1044 2327 se-

255 2352 316 2387 gnis
333 2351 366 2377 ad
391 2357 437 2377 eas
468 2348 616 2384 egentibus
632 2347 745 2382 largiter
772 2346 965 2378 ell‘undendas,
983 2353 1045 2373 eum

256 2394 446 2422 centenarium
461 2393 578 2419 fructum
598 2392 738 2419 retulisset
757 2396 785 2418 et
800 2391 931 2418 talentum
951 2391 1046 2418 multi-

257 2442 395 2476 plicasset,
413 2445 443 2467 ut
464 2443 593 2474 tanquam
621 2446 718 2466 servus
745 2438 845 2471 ﬁdelis,
872 2438 994 2473 prudens
1019 2442 1047 2465 et

258 2488 347 2515 bonus
363 2494 379 2513 a
402 2486 537 2513 clemente
559 2485 673 2512 domino
698 2484 922 2511 benedictionem
942 2484 1048 2519 accipe-

259 2533 387 2565 retzhic,
409 2533 531 2567 inquam,
550 2531 704 2558 Antiochus
727 2539 781 2566 quo
805 2536 930 2566 tempore
946 2531 1048 2558 ctfcrus

258 2581 406 2608 Persarum
419 2579 539 2610 animus,
552 2579 728 2613 impetusque
745 2586 841 2605 eorum
854 2578 1049 2614 sanguinarius

259 2631 345 2653 totam
360 2624 528 2653 Orientalcm
546 2625 653 2660 plagam
672 2620 796 2651 Romani)
818 2630 927 2660 sceptro
948 2632 1048 2659 pareit—

260 2677 315 2700 tem
327 2672 478 2699 miserabili
494 2671 569 2698 exitu
578 2671 612 2698 ad
624 2677 705 2698 suum
718 2671 800 2698 traxit
811 2670 969 2705 imperium.
985 2670 1049 2696 hinc

260 2721 443 2753 Opportunum
458 2721 555 2744 nactus
568 2716 754 2749 occasionem,
771 2723 881 2742 sacrum
904 2713 1049 2749 quemdam

260 2764 362 2792 librum
376 2765 417 2790 ex'
427 2762 529 2790 divinis
543 2762 661 2796 eloquiis
679 2760 834 2793 adornavit,
853 2764 882 2787 ut
895 2760 940 2787 ille
953 2759 1050 2787 eodem

261 2810 290 2837 in
312 2810 385 2837 libro
413 2809 638 2837 manifestissime
651 2807 769 2835 declarat
778 2828 784 2839 ,
795 2806 943 2841 eidemque
955 2806 1051 2841 hujus-

261 2857 336 2885 modi
355 2857 466 2884 titulum
478 2855 594 2888 indidit;
614 2854 747 2889 illumque
759 2853 786 2880 in
799 2852 921 2880 medium
934 2852 1050 2888 protulit

296 2938 315 2958 "
326 2939 523 2973 Nontlaucon.,
535 2936 686 2965 Bibliothec.
702 2934 825 2970 Cotum,
843 2942 872 2971 ρ.
893 2934 954 2963 189.

1096 2223 1126 2241 τε
1145 2213 1207 2241 καθ’
1223 2212 1321 2240 ἑαυτὸν
1335 2211 1465 2246 γεγονὼς,
1482 2211 1530 2237 καὶ
1545 2210 1679 2244 σχολάσας
1693 2210 1741 2236 καὶ
1753 2209 1836 2243 γνοὺς
1853 2209 1884 2235 τὸ

1097 2260 1218 2296 σωτήρια
1232 2259 1304 2286 κατὰ
1314 2259 1375 2293 τὴν.
1389 2258 1563 2292 Σχολάσατε
1575 2256 1622 2283 καὶ
1643 2255 1747 2291 γνῶτε,
1759 2255 1881 2282 κελεύου-

1096 2314 1146 2333 σαν
1173 2305 1304 2340 ὲντολήν·
1329 2303 1444 2330 πλοῦτόν
1470 2301 1502 2328 ’τε
1532 2301 1604 2328 οὕτω
1646 2301 1812 2336 συναγείρας
1841 2300 1885 2326 τοῦ

1097 2351 1266 2386 Πνεὺματος,
1278 2350 1326 2377 καὶ
1341 2348 1503 2385 μεταδοῦναι
1515 2347 1611 2374 τούτου
1624 2347 1761 2379 πλουσίως
1772 2348 1804 2373 οὐ
1820 2355 1884 2373 κατ-

1096 2398 1215 2432 οκνήσας
1235 2398 1291 2427 τοῖς
1310 2395 1452 2431 χρῄζουσι,
1466 2394 1680 2429 καρποφορήσας
1692 2393 1719 2419 δὲ
1735 2392 1836 2428 μᾶλλον
1850 2392 1884 2422 είς.

1097 2443 1205 2474 ἑκατὸν,
1222 2442 1268 2469 καὶ
1284 2440 1506 2472 πολυπλασιάσας
1521 2440 1551 2466 τὸ
1566 2439 1708 2471 τάλαντον,
1721 2439 1763 2465 ἶνα
1774 2437 1814 2468 ὼς
1827 2437 1883 2464 δοῦ-

1098 2489 1143 2520 λος
1166 2488 1261 2520 πιστός
1278 2496 1309 2514 τε
1334 2487 1381 2513 καὶ
1406 2486 1537 2521 φρόνιμος
1552 2486 1600 2512 καὶ
1617 2484 1719 2519 ἀγαθὸς
1748 2483 1826 2518 παρὰ
1841 2482 1885 2508 τοῦ

1099 2534 1251 2569 φιλαγάθου
1261 2533 1396 2560 Δεσπότου
1411 2526 1546 2567 εὐλογηῐὶῇ
1556 2539 1563 2545 ·
1579 2528 1656 2562 οὗτος
1670 2528 1716 2556 οὖν
1725 2531 1739 2556 ὁ
1754 2529 1884 2563 ’Δντὶοχος

1100 2581 1173 2608 κατὰ
1186 2581 1300 2616 καιροὺς
1313 2579 1444 2611 ἐκείνους,
1460 2579 1504 2605 ὅτε
1517 2579 1534 2613 ὴ
1553 2577 1608 2604 τῶν
1624 2576 1736 2611 Περσῶν
1752 2576 1884 2610 θηρεῶὸης

1099 2626 1195 2662 γνώμη
1208 2626 1254 2652 καὶ
1271 2624 1410 2660 μιαιφόνος
1425 2623 1499 2660 ὁρμὴ
1521 2624 1611 2650 πᾶσαν
1626 2621 1718 2657 χώραν
1731 2623 1816 2656 ὀρμδν
1828 2620 1885 2655 (εἰς)

1099 2672 1170 2708 πρὸς
1186 2671 1332 2706 ἀνίσχοντα
1359 2670 1435 2705 ἥλιον
1459 2669 1498 2704 τῷ
1522 2667 1669 2703 Ῥωμαϊκῷ
1695 2668 1883 2708 σκήπτρῳῆτε-

1100 2717 1199 2744 λοῦσαν
1225 2716 1343 2751 ὑποτελῆ
1374 2715 1497 2746 ἐλεεινῶς
1512 2713 1668 2745 είλκύσατο,
1682 2713 1778 2738 τούτου
1806 2704 1885 2738 αὗτοῦ

1101 2763 1196 2799 ὥσπερ
1211 2762 1341 2798 εὐκαίρου
1356 2762 1388 2797 δή
1399 2770 1471 2792 τινος
1483 2759 1652 2795 δραξάμενος
1665 2757 1805 2793 ἀφορμὴν,
1817 2757 1887 2790 ἱεράν

1101 2817 1162 2836 τινα
1175 2807 1267 2844 βίὸλον
1281 2809 1313 2834 ὲκ
1326 2807 1380 2833 τῶν
1395 2806 1473 2833 Θείων
1487 2805 1583 2840 λογίων
1600 2803 1779 2835 συνετάξατο,
1793 2801 1885 2834 ὥσπερ

1103 2855 1184 2888 αὐτὸς
1202 2855 1230 2883 ὲν
1247 2855 1317 2890 αὐτῇ
1348 2852 1529 2890 ἀριδηλότατα
1547 2850 1669 2886 παριοιᾷ
1683 2847 1754 2884 αὕτη
1767 2847 1828 2883 (sic)
1843 2847 1885 2872 ιπ-
