1975 3189
273 199 340 231 Ῑίὶὲὃ

908 199 1090 231 ANTIOCHI
1113 200 1284 230 MONACllI

1838 202 1907 235 142i

272 266 381 287 omnem
394 262 537 292 superent,
547 256 734 284 necessarium
746 262 891 291 propterea
898 256 962 283 duxi
974 257 1062 284 brevi-

1125 259 1148 284 :d
1162 258 1227 292 περὶ
1244 257 1344 289 αὐτῶν,
1360 255 1507 289 εἷθόὒτως
1522 257 1709 293 καθυποτάξαι
1721 259 1756 286 τὰ
1765 260 1813 296 τῆς
1829 261 1908 295 θείας

273 307 325 334 bus
340 305 388 332 tibi
400 305 478 340 prius
489 304 599 339 aperire
610 312 670 338 qua:
682 303 715 330 ad
729 304 790 331 illos
800 303 930 335 attinent,
940 311 973 330 ea
989 302 1063 329 dein-

273 359 336 387 ceps
342 351 554 386 subjicere,qu:e
561 350 680 377 diximus
686 357 769 377 sacra:
775 349 926 384 Scripturze
932 349 1061 384 capitula.

308 395 346 422 De
360 395 492 422 laudabili
510 399 602 422 autem
616 395 672 421 vita
688 402 784 421 eorum
810 394 836 421 in
855 395 1062 429 praesentiarum

273 450 353 478 agere
375 442 402 470 id
421 442 556 477 temporis
573 450 628 469 non
651 442 782 477 postulat,
804 449 856 469 nec
883 450 943 468 mea
969 442 1062 477 lingua

274 489 319 515 illa
332 492 426 523 posset
440 488 519 515 facile
544 495 710 522 percurrere
730 496 736 513 :
753 488 821 515 illud
838 491 944 514 tantum
961 488 1062 520 dicanti,

274 535 348 570 quod
381 542 478 561 revera
507 534 634 560 homines
661 537 741 561 erant
765 533 851 561 divini
879 534 912 569 (si
936 534 1064 561 homines

275 587 381 610 tantum
400 582 462 609 illos
475 585 602 616 oporteat
627 581 720 608 dicere
732 581 826 616 potius
837 589 919 616 quam
938 581 1062 616 angelos)

275 637 336 656 cum
353 629 380 656 in
395 628 594 656 exercitatione
609 628 748 663 spirituali
776 632 804 655 et
828 628 982 655 monastica
1006 627 1063 654 vita

274 675 454 702 ctlaboribus
470 682 540 710 quos
555 682 606 709 pro
623 674 724 709 pietate
742 674 928 706 sustulerunt,
939 682 952 700 a
963 674 1062 709 juven-

275 728 333 750 tute
358 731 406 750 sua
421 723 612 750 in‘sennerint:
626 731 706 750 senes
725 722 836 758 quidem
860 721 1020 752 venerandi,
1037 724 1064 748 et

274 778 358 797 canos
375 770 490 805 capillos
506 769 656 802 habebant,
670 769 716 796 scd
733 773 824 796 mente
838 768 924 803 magis
949 772 1064 802 praesta-

276 817 341 843 bant
358 820 384 843 et
397 815 564 846 humilitate,
577 814 697 844 honesti,
716 813 845 844 modesti,
858 811 984 843 veridici,
997 811 1064 837 irre-

275 861 487 895 prehensibiles,
508 859 587 894 justi,
610 859 658 893 pii,
677 858 711 885 ab
741 858 817 884 onmi
841 857 1012 892 turpitudine
1037 860 1065 883 et

275 908 411 942 pravitate
435 906 529 935 alieni.
545 904 675 932 omnibus
699 903 777 931 bonis
795 903 898 935 ornati,
918 907 945 929 et
969 901 1064 929 divino

1115 302 1225 337 Γραφῆς
1241 302 1385 336 κεφάλαια.

1149 389 1205 416 Καὶ
1217 390 1280 424 περὶ
1298 390 1346 424 μὲν
1356 389 1404 424 τῆς
1419 389 1548 425 ἐναρέτου
1558 390 1647 417 αὐτῶν
1662 391 1802 423 πολιτείας
1813 392 1848 419 οὗ
1863 388 1908 420 τοῦ

1115 436 1247 471 παρόντος
1256 436 1353 471 καιροῦ
1366 435 1426 462 οὐδὲ
1436 437 1485 471 τῆς
1495 436 1563 472 ἐμῆς
1577 436 1700 473 γλώττης
1711 437 1792 472 διηγή
1798 439 1908 466 quatiat.

1114 481 1200 508 Τοῦτο
1211 481 1239 507 δὲ
1258 482 1336 517 μόνον
1351 481 1433 515 λέγω,
1451 481 1491 508 ὅτι
1508 481 1546 514 ὡς
1560 482 1668 516 ἀληθῶς
1683 483 1824 518 ἄνθρωποι
1839 482 1908 520 ἦσαν

1115 527 1181 554 θεῖοι
1191 528 1258 562 (εἴγε
1271 528 1311 553 δεῖ
1323 527 1482 562 ἀνθρώπους
1493 528 1591 559 αὐτοὺς
1602 529 1706 561 καλεῖν,
1718 530 1765 556 καὶ
1776 530 1814 565 μὴ
1826 532 1909 564 ἀγγέ-

1114 573 1198 609 λους),
1214 575 1246 609 τῇ
1261 582 1290 600 τε
1305 574 1476 609 ἀσκήσεικαὶ
1493 574 1595 610 ἡσυχίᾳ
1611 575 1656 601 καὶ
1671 576 1727 607 τοῖς
1743 576 1815 611 ὑπὲρ
1832 577 1908 602 εὐσε-

1115 620 1190 651 6εἱας
1213 620 1303 650 πόνοις
1323 620 1356 645 ὲκ
1370 619 1496 654 νεότητος
1509 621 1740 655 ὲγγεγηρακὸτες,
1766 623 1908 656 γηραλέοι,

1116 666 1301 701 ἱεροπρεπεῖς,
1312 665 1398 691 πολιοὶ
1408 665 1457 700 τὴν
1470 665 1550 700 τρίχα
1559 666 1606 692 καὶ
1616 667 1665 701 τὴν
1673 667 1791 700 σύνεσιν,
1799 667 1906 701 ἀγαθοὶ,

1114 712 1338 747 ταπεινόφρονες,
1355 712 1474 745 κόσμιοι,
1490 712 1636 747 σώφρονες,
1660 713 1794 748 ἀληθινοὶ,
1819 715 1909 749 ἄμεμ-

1115 766 1187 789 πτοι,
1198 757 1306 789 δίκαιοι,
1318 756 1465 789 θεοσεϐεῖς,
1477 757 1641 792 ἀπεχόμενοι
1650 757 1703 783 ἀπὸ
1713 759 1815 789 παντὸς
1826 767 1908 795 πονη-

1117 805 1164 841 ροῦ
1179 805 1351 840 πράγματος,
1364 805 1517 835 ἀνελλιπεῖς
1537 805 1645 832 πάντων
1656 806 1710 831 τῶν
1720 805 1846 839 ἀγαθῶν,
1864 815 1908 832 περ

1115 852 1290 887 πληρωμένοι
1302 851 1329 877 δὲ
1346 852 1393 887 τῆς
1405 851 1480 882 θείας
1493 851 1613 886 ἀγάπης.
1630 852 1710 883 Τινὲς
1723 852 1816 878 αὐτῶν
1831 853 1909 887 ὑπερ-

1115 897 1262 933 ϐεϐηκότες
1272 898 1325 923 ἀπὸ
1333 898 1504 931 πεντήκοντα
1512 898 1557 924 καὶ
1565 898 1696 933 ἑξήκοντα
1703 898 1783 930 ἐτῶν,
1793 900 1832 933 μὴ
1842 899 1908 933 ἐξερ-

275 952 372 987 repleti
386 959 480 978 amore
495 959 500 977 :
515 950 640 977 nonnulli
655 950 779 984 ipsorum
802 953 914 975 centum
937 955 1057 975 excesse-

1125 945 1228 980 (όμενοι
1242 944 1378 975 παντοίως
1400 946 1451 979 τῆς
1470 943 1595 979 Δαύρας³
1613 945 1684 976 τινὲς
1700 945 1728 971 δὲ
1757 946 1829 981 μήτε
1841 946 1906 980 ὲντῇ

276 1003 340 1024 runt
355 1004 440 1024 annos
452 1001 480 1023 et
499 995 699 1030 quinquaginta
715 1003 774 1027 sex,
794 995 820 1021 in
838 994 933 1029 quieta
956 998 984 1020 et
1004 1001 1064 1020 mo-

275 1044 380 1070 nastica
392 1043 448 1070 vita
465 1050 528 1069 cum
543 1042 725 1077 peregissent,
741 1049 792 1068 nec
807 1049 823 1068 a
853 1041 930 1067 laura
944 1047 1065 1074 unquam

276 1093 451 1117 recesserunt
468 1097 474 1115 :
489 1089 613 1115 nonnulli
642 1096 707 1115 vero
735 1096 825 1122 neque
847 1087 885 1114 ad
920 1086 1065 1113 ecclesiam

276 1139 476 1169 processerant,
497 1142 546 1161 nec
560 1134 698 1161 civitatem
723 1133 843 1168 amplius
869 1131 1005 1162 viderant,
1031 1138 1065 1158 ex

1118 991 1253 1027 ἐκκλησίᾳ
1262 991 1414 1026 προϊόντες,
1427 991 1493 1026 μηδὲ
1502 991 1656 1026 ἑωρακότες
1667 992 1716 1027 τὴν
1725 993 1814 1024 πόλιν,
1827 993 1872 1026 ἀφ’
1880 990 1907 1021 οὗ

1118 1037 1264 1072 ἐμόνασαν,
1284 1038 1396 1072 ἀρεταῖς
1408 1037 1550 1069 παντοίαις
1564 1038 1777 1073 κεκοσμημένοι,
1795 1039 1908 1072 ἐπίγειοι

1119 1084 1239 1118 ἄγγελοι,
1247 1084 1294 1110 καὶ
1302 1085 1332 1110 οὐ
1338 1083 1423 1119 ράνιοι
1432 1083 1581 1119 ἄνθρωποι·
1589 1085 1650 1110 ὅθεν
1656 1085 1702 1111 καὶ
1708 1085 1830 1111 τοιοῦτον
1838 1085 1907 1116 τέλος

1119 1130 1319 1165 ἀπηνέγκαντο,
1333 1131 1380 1157 καὶ
1393 1131 1422 1156 τὸ
1438 1130 1564 1166 βραϐεῖον
1575 1132 1624 1166 τῆς
1640 1131 1718 1165 νίκης
1736 1131 1906 1166 ἐκομίσαντο.

275 1188 329 1214 quo
356 1181 438 1206 vitam
463 1178 640 1205 monasticam
657 1178 741 1205 semel
761 1179 870 1204 l'uerant
884 1176 1048 1210 amplexati;
1065 1176 1149 1202 variis
1169 1175 1252 1203 etiam
1277 1176 1434 1203 virtutibus
1451 1176 1616 1213 emicabant,
1637 1181 1782 1204 terrestres
1808 1177 1907 1204 scilicet

276 1228 363 1263 angeli
391 1232 418 1254 et
440 1227 564 1254 cmlcstcs
591 1225 921 1259 homineanuapropter
953 1224 1027 1251 hunc
1046 1223 1128 1250 ﬁnem
1149 1228 1214 1250 sunt
1237 1222 1347 1258 adepti,
1377 1228 1406 1250 et
1425 1223 1548 1251 victoria:
1564 1223 1708 1258 praemium
1731 1229 1798 1252 sunt
1816 1231 1907 1252 conse-

276 1281 340 1303 CUlI.

311 1322 378 1349 Cum
406 1321 479 1348 enim
511 1319 655 1347 Ismaelita:
681 1318 713 1346 ad
738 1323 864 1347 nostrum
886 1318 1068 1346 accessissent

276 1367 486 1396 monasterium,
512 1373 565 1392 una
605 1365 758 1399 septimana
785 1370 935 1399 antequam
972 1369 1067 1391 sancta

273 1414 375 1441 civitas
400 1412 498 1439 fuisset
533 1416 677 1445 occupata,
694 1416 723 1438 et
745 1411 875 1438 universa
901 1418 980 1438 sacra
1004 1418 1068 1437 vasa

272 1457 408 1484 Ecclesiae
424 1456 479 1491 jam
496 1455 686 1490 diripuissent,
700 1455 826 1490 plerique
848 1456 942 1482 Patres
954 1455 1069 1489 aufuge-

278 1506 344 1529 Γυιιι
367 1508 448 1536 quam
468 1501 600 1535 primunt,
611 1505 807 1527 remanserunt
825 1504 917 1527 autent
930 1500 957 1527 in
973 1507 1070 1527 mona-

278 1547 362 1574 sterio
385 1546 433 1581 qui
455 1545 587 1572 fortiores
607 1544 713 1572 Christi
736 1546 845 1572 l'uerant
861 1545 946 1578 Servi,
962 1552 1071 1572 sacrum

280 1594 356 1620 illiilli
372 1593 464 1619 locum
485 1592 637 1619 destituere
657 1591 733 1617 nullo
752 1596 832 1626 pacto
848 1591 985 1618 volentes.
1007 1591 1074 1618 Bar-

279 1639 338 1666 bari
355 1646 421 1665 vero
445 1646 508 1664 cum
529 1637 591 1664 illos
616 1636 905 1671 eomprehendissent,
920 1641 949 1664 et
969 1637 1072 1664 mullos
1086 1633 1106 1662 C

280 1686 339 1712 dies
354 1685 415 1711 illus
433 1684 582 1710 inhumane
597 1686 772 1715 tractassem,
790 1687 819 1710 et
841 1683 987 1710 tormentis
1003 1682 1071 1709 allii-

282 1732 395 1761 xissent,
412 1729 545 1764 pecunias
562 1729 612 1755 hoc
625 1733 706 1763 pacto
722 1736 781 1755 sese
800 1729 963 1756 inventuros
974 1733 1072 1763 putan-

282 1783 333 1809 tes,
353 1776 426 1811 apud
445 1782 515 1810 quos
536 1774 606 1801 nihil
628 1775 711 1809 hujus
736 1774 829 1802 saeculi
860 1774 1070 1809 reperiebatur:

279 1824 321 1851 i-lii
337 1823 419 1851 simul
436 1826 519 1857 atque
536 1821 744 1854 intellexerunt,
761 1829 810 1848 sua
834 1828 863 1848 se
886 1821 997 1848 tandem
1024 1828 1072 1856 spe

274 1879 315 1898 'ac
331 1869 473 1905 proposito
497 1868 642 1900 excidisse,
659 1868 685 1894 in
702 1867 924 1895 eﬁ‘eratissimam
939 1867 1012 1895 versi
1027 1875 1073 1894 ra-

284 1917 368 1946 biem,
384 1915 419 1942 ad
441 1922 526 1941 unum
551 1914 727 1941 membratim
751 1914 847 1941 beatos
867 1914 927 1941 illos
946 1913 1074 1941 concide-

273 1966 359 1994 ‘rnnt,
373 1960 421 1996 qui
437 1964 464 1987 et
483 1959 585 1986 lartitia
605 1958 761 1986 incredibili
786 1959 891 1994 perfusi
908 1967 941 1986 ac
957 1959 1073 1994 proinde

283 2008 367 2036 alacri
384 2007 463 2034 vultu
485 2006 656 2038 renidentes,
673 2005 747 2033 omni
762 2013 825 2032 cum
847 2005 956 2039 actione
975 2005 1075 2040 gratia-

286 2062 358 2086 rum,
382 2054 489 2081 animas
521 2052 704 2080 reddiderunt
735 2052 877 2079 Domino:
895 2052 998 2087 quippe
1027 2052 1074 2086 qui

285 2110 340 2128 non
357 2102 395 2127 ita
412 2099 518 2135 pridem
536 2099 563 2125 in
585 2099 660 2125 votis
680 2097 836 2125 habuerant
861 2097 960 2124 resolvi
972 2102 996 2123 et
1015 2105 1075 2123 cum

280 2147 388 2174 Christo
404 2154 459 2173 esse
474 2146 494 2172 ¹.
504 2144 627 2180 Corpora
652 2151 718 2172 vero
732 2144 876 2179 plusquam
892 2143 994 2178 tragice
1006 2150 1075 2170 caesa

285 2201 347 2220 cum
362 2200 416 2220 non
434 2199 536 2227 paucos
551 2190 612 2217 dies
628 2190 656 2217 in
678 2190 793 2216 humum
815 2189 940 2224 disjecta,
960 2188 1020 2215 sine
1032 2195 1076 2215 se-

286 2239 405 2274 pulturae
423 2237 560 2265 beneﬁcio
575 2237 737 2272 jaeuissent,
754 2235 789 2262 ab
805 2234 907 2262 Arabia
924 2234 971 2262 illo
988 2241 1075 2269 usque

284 2284 540 2321 approperavimus.
561 2283 595 2310 Et
614 2283 727 2318 quidem
747 2282 866 2309 eximius
892 2280 977 2308 abbas
996 2280 1077 2308 Nico-

1162 1316 1346 1345 Ἐπελθόντων
1370 1317 1424 1353 γὰρ
1449 1317 1505 1344 τῶν
1524 1317 1703 1352 Ἰσμαηλιτῶν
1726 1319 1759 1353 τῇ
1786 1318 1907 1353 ἡμετέρα

1120 1363 1217 1399 Λαύρᾳ
1238 1363 1292 1398 πρὸ
1308 1363 1372 1398 μιᾶς
1396 1362 1544 1396 ἑϐδομάδος
1563 1361 1608 1388 τοῦ
1628 1362 1843 1397 παραληφθῆναι
1862 1363 1907 1397 τὴν

1120 1410 1202 1444 ἁγίαν
1229 1410 1318 1442 πόλιν,
1350 1409 1397 1436 καὶ
1421 1410 1510 1436 πάντα
1534 1410 1568 1435 τὰ
1597 1409 1646 1444 τῆς
1672 1409 1823 1444 ἐκκλησίας
1851 1410 1907 1443 ίερὲ

1123 1455 1209 1490 σκεύη
1224 1456 1448 1491 διαρπασάντων,
1463 1455 1494 1482 τὸ
1515 1455 1565 1490 μὲν
1581 1455 1684 1490 πλῆθος
1701 1455 1758 1481 τῶν
1778 1455 1907 1489 Πατέρων

1123 1503 1295 1537 παραχρῆμα
1323 1502 1538 1536 ὑπανεχώρησεν
1547 1508 1553 1515 ⁸
1567 1500 1720 1535 ἀπέμειναν
1732 1499 1762 1527 δὲ
1776 1500 1802 1525 οἱ
1815 1507 1908 1534 καρτε-

1125 1548 1197 1584 ρικοὶ
1218 1547 1306 1574 δοῦλοι
1320 1548 1368 1575 τοῦ
1387 1547 1506 1584 Χριστοῦ
1518 1548 1546 1573 ὲν
1560 1548 1593 1582 τῇ
1607 1546 1713 1582 Λαύρα,
1730 1546 1768 1582 μὴ
1782 1546 1907 1581 βουλόμεο

1124 1604 1165 1621 νοι
1183 1594 1344 1622 καταλιπεῖν
1363 1593 1410 1620 τὸν
1424 1594 1518 1620 τόπον.
1539 1594 1570 1620 Οί
1585 1593 1612 1619 δὲ
1627 1592 1761 1627 βάρὸαροι
1784 1593 1908 1619 συλλιιῶ-

1126 1649 1202 1676 μενοι
1216 1641 1327 1674 αὑτοὺς,
1348 1640 1395 1666 καὶ
1414 1640 1536 1675 ἀνηλεῶς
1559 1640 1606 1665 ἐπὶ
1630 1639 1730 1671 πολλὰς
1743 1639 1854 1674 ἡμέρας
1867 1639 1908 1674 βι-

1125 1687 1292 1720 σανίζοντες,
1312 1687 1431 1722 οἰόμενοι
1451 1687 1582 1721 χρήματα
1600 1686 1750 1721 εὑρίσκειν,
1777 1686 1846 1721 παρ’
1872 1684 1907 1717 οἷς

1127 1733 1211 1770 μηδὲν
1223 1733 1270 1759 τοῦ
1289 1733 1387 1764 αἰῶνος
1400 1732 1496 1759 τούτου
1513 1732 1646 1767 ὑπῆρχεν,
1658 1731 1735 1763 τέλος
1746 1731 1794 1758 τοῦ
1813 1730 1908 1758 σκοποῦ

1126 1779 1300 1811 ἐκπεσόντες,
1328 1779 1464 1813 ἐμμανεῖς
1496 1779 1637 1813 γενόμενοι
1663 1778 1768 1809 πάντας
1800 1778 1908 1812 μεληδὸν

1125 1825 1305 1860 κατέτεμνον.
1322 1825 1353 1851 Ui
1374 1825 1405 1851 δὲ
1427 1824 1558 1859 μακάριοι
1581 1822 1728 1858 γεγηθότες
1747 1823 1855 1858 φαιδρῴ
1876 1822 1908 1856 τῷ

1127 1871 1280 1907 προσώπῳ,
1297 1871 1467 1906 εὐχαρίστως
1477 1871 1528 1902 τὰς
1540 1870 1629 1905 ψυχὰς
1638 1869 1676 1904 τῷ
1691 1870 1788 1904 Κυρίῳ
1812 1869 1910 1895 ἀπέδω-

1127 1927 1191 1951 καν,
1209 1918 1247 1950 ῶς
1260 1919 1292 1945 ἔκ
1306 1917 1405 1944 πολλοῦ
1420 1917 1470 1953 τὴν
1491 1916 1640 1952 ἐπιθυμίαν
1655 1916 1765 1951 ἔχοντες
1784 1915 1910 1942 ἀναλῦσαι

1127 1964 1175 1991 καὶ
1189 1964 1239 1991 σὺν
1254 1962 1365 1999 Χριστῷ
1382 1961 1461 1990 εἶναι.
1483 1961 1633 1997 Ῥιφέντων
1649 1961 1679 1988 δὲ
1702 1962 1758 1988 τῶν
1779 1961 1910 1995 σωμάτων

1129 2010 1220 2037 αὐτῶν
1244 2010 1290 2036 ἐπὶ
1306 2008 1408 2040 πολλὰς
1422 2008 1529 2044 ἡμέρας
1540 2009 1662 2043 ἀτάφων,
1681 2007 1910 2042 ὲπικατελάὸομεν

1128 2056 1208 2092 ἡμεῖς
1223 2055 1278 2083 ἀπὸ
1297 2054 1446 2090 Ἀραϐίας·
1471 2055 1520 2081 καὶ
1535 2055 1549 2081 ὁ
1566 2054 1616 2089 μὲν
1643 2053 1731 2085 ἀὸϐἰς
1752 2053 1908 2088 Νικομήδης

1130 2102 1300 2137 θεασάμενος
1315 2101 1348 2128 τὰ
1365 2101 1471 2128 ἐλεεινὰ
1484 2100 1610 2135 θεάματα
1624 2100 1678 2127 τῶν
1697 2099 1843 2136 Πατέρων,
1860 2099 1910 2125 λει-

1130 2148 1293 2183 ποθυμήσας
1309 2147 1403 2182 σχεδὸν
1419 2147 1507 2174 εἰπεῖν
1518 2147 1590 2182 ἠρθη
1601 2146 1707 2182 νεκρός.
1718 2146 1856 2177 Μόδεστος
1866 2145 1912 2172 δὲὸ

1129 2192 1278 2224 ὁσιώτατος
1303 2191 1461 2228 προσελθὼν
1487 2191 1578 2218 πάντα
1602 2191 1636 2218 τὰ
1661 2191 1831 2227 σκηνώματα
1863 2190 1911 2216 τῶν

1130 2239 1216 2273 ἁγίων
1241 2238 1396 2270 συστείλας,
1426 2237 1519 2264 ἔλουσε
1551 2237 1639 2264 πολλὰ
1665 2245 1695 2264 τε
1721 2236 1909 2273 ἐπιδακρύσας,

1130 2285 1177 2311 καὶ
1206 2283 1444 2318 περιπτυξάμενος
1463 2283 1498 2310 τὰ
1528 2284 1595 2317 ἅγια
1621 2284 1669 2310 καὶ
1685 2283 1841 2318 καρτερικὰ
1868 2283 1911 2308 αὖ·

277 2332 381 2359 -medes
396 2331 585 2366 spectaculum
603 2329 671 2357 illud
696 2329 854 2357 miserabile
877 2335 1010 2355 cassorum
1026 2327 1070 2354 Pa.

1128 2330 1182 2357 τῶν
1199 2317 1323 2365 λείψανα,
1334 2317 1469 2362 κατέθετο
1483 2331 1512 2356 ὲν
1529 2331 1590 2361 ταῖς
1603 2330 1701 2364 θήκαις
1711 2317 1766 2356 τῶν
1778 2330 1909 2365 Πατέρων.

288 2385 360 2405 trum
378 2377 593 2411 contemplatus,
610 2376 733 2410 deliquio
749 2375 833 2402 animi
851 2374 982 2407 concidit,
993 2379 1075 2409 atque

284 2425 363 2451 illinc
380 2425 483 2451 relatus
510 2428 637 2450 mortuus
660 2430 746 2457 prope
769 2427 820 2448 est.
847 2421 985 2448 Modestus
1006 2428 1076 2456 pra:-

287 2476 373 2504 terea,
401 2475 428 2497 et
458 2470 516 2505 ipse
551 2469 753 2500 sanctissimus,
777 2468 927 2495 adventum
951 2473 1078 2495 nostrum

287 2525 350 2545 cum
367 2516 573 2546 antevenisset.
598 2519 628 2542 et
652 2519 811 2542 sanctorum
835 2514 944 2540 illorum
965 2513 1080 2540 lustras-

287 2567 329 2590 set
353 2563 429 2597 prius
453 2561 609 2588 habitacula
630 2561 731 2592 omnia.
753 2560 846 2587 itidem
864 2567 969 2594 angore
993 2558 1076 2586 animi

288 2612 466 2640 contractus,
490 2607 584 2634 multis
611 2614 640 2634 se
668 2606 770 2641 proluit
796 2606 934 2641 laerymis,
960 2612 993 2632 ac
1019 2613 1078 2632 san-

284 2659 332 2682 cta
353 2662 414 2689 qua:
437 2658 554 2681 eatenus
582 2652 743 2680 resederant
762 2652 890 2686 lipsann'
914 2651 1079 2685 circumple-

286 2710 349 2734 xus,
367 2702 393 2729 in
416 2701 528 2728 Patrum
554 2700 729 2734 superiorum
752 2698 880 2733 deposuit
904 2697 1077 2724 conditoriis.

326 2748 431 2783 1023
447 2747 472 2774 ls
482 2746 516 2773 ad
528 2746 602 2777 h:ec,
621 2745 669 2773 ubi
685 2745 837 2772 solemnem
858 2743 992 2778 persolvit
1003 2748 1032 2770 et
1045 2750 1094 2770 ex-

288 2802 365 2822 more
389 2797 554 2821 consuetum
581 2791 733 2821 Canonem,
750 2789 819 2817 illud
845 2797 909 2816 mox
935 2789 1078 2816 oraculum

288 2841 366 2868 lsaiae
386 2844 495 2867 exserta
513 2846 580 2866 voce
608 2836 801 2872 deprompsit:
825 2844 834 2861 ‹
851 2835 908 2863 Viri
931 2835 998 2870 justi
1028 2835 1079 2862 tol-

327 2913 338 2928 ‘
345 2917 465 2953 Philipp.
481 2925 498 2950 l,
513 2917 558 2944 ‘23.

1133 2376 1292 2407 Ἐκτελέσας
1302 2376 1330 2402 δὲ
1339 2376 1479 2407 ἐπάὑτοῖς
1491 2376 1536 2402 τὸν
1549 2376 1650 2412 συνήθη
1663 2377 1773 2407 κανόνα..
1786 2377 1912 2409 sums:-

1129 2423 1192 2455 ξατο
1206 2423 1297 2454 αὐτοῖς
1305 2423 1334 2448 τὺ
1348 2422 1396 2449 τοῦ
1418 2423 1530 2449 Ἡσαΐου
1558 2422 1647 2456 λόγιον
1661 2423 1692 2449 τὸ
1706 2423 1812 2456 φάσκον
1822 2424 1911 2448 ·‹”Αν-

1128 2469 1191 2504 δρες
1202 2469 1302 2495 δίκαιοι
1314 2468 1448 2503 αἴρονται,
1458 2469 1505 2494 καὶ
1517 2469 1605 2500 οὐδεὶς
1618 2471 1761 2495 κατανοεῖ·
1775 2469 1830 2495 ἀπὸ
1839 2476 1912 2504 προσ-

1129 2514 1206 2540 ώπου
1232 2514 1339 2545 ἀδικίας
1362 2511 1447 2549 ἦρται
1470 2515 1485 2540 ὸ
1503 2514 1623 2546 δίκαιος’
1642 2515 1718 2541 ἔσται
1742 2515 1772 2541 ὲν
1793 2515 1910 2551 εὲρὴνῃὴ

1130 2560 1204 2595 ταφὴ
1222 2559 1316 2586 αὑτοῦ.
1339 2569 1349 2585 ι
1366 2560 1435 2586 Καὶ·
1455 2569 1463 2585 ι
1485 2560 1578 2594 Ψυχαὶ
1593 2560 1706 2587 δικαίων
1728 2561 1757 2587 ὲν
1771 2561 1846 2595 χειρὶ
1864 2560 1913 2586 Κυ-

1133 2607 1202 2641 ρίουσ
1219 2606 1267 2633 καὶ
1281 2606 1312 2633 οὺ
1332 2606 1369 2641 μὴ
1388 2605 1491 2642 ἅψηται
1506 2606 1597 2633 αὐτῶν
1618 2606 1744 2640 βάσανος.
1759 2606 1872 2639 Ἕδοξαν
1889 2605 1913 2631 ὲν

1132 2652 1281 2687 ὀφθαλμοῖς
1296 2652 1422 2687 ἀφρόνων
1439 2652 1576 2685 τεθνάναι,
1595 2653 1619 2678 οἱ
1630 2651 1659 2679 δέ
1676 2653 1745 2678 εἰσιν
1759 2653 1788 2678 ὲν
1806 2652 1911 2687 εἰρήνῃ.

1133 2698 1180 2724 καλ⁴
1194 2699 1210 2733 ἡ
1223 2697 1300 2729 ἐλπὶς
1311 2698 1400 2725 αὐτῶν
1414 2698 1563 2730 ἀθανασίας
1576 2698 1683 2733 πλήρης
1693 2706 1700 2712 ·
1713 2699 1760 2724 καὶ
1770 2698 1847 2732 ὀλίγα
1859 2705 1914 2724 παι-

1132 2742 1275 2774 δευθέντες
1303 2743 1432 2778 μεγάλως
1454 2743 1735 2778 εὐεργετηθήσονται,
1756 2744 1798 2770 ὅτι
1819 2745 1834 2770 ὁ
1854 2743 1912 2773 Θεὸς

1132 2789 1279 2824 ἐπείρασεν
1300 2789 1411 2821 αὐτοὺς,
1427 2789 1476 2815 καὶ
1492 2787 1571 2824 εὗρεν
1587 2789 1685 2821 αἰετοὺς
1703 2789 1795 2822 ἀξίους
1809 2788 1908 2819 ἑαυτοῦ,

1131 2835 1179 2862 καὶ
1192 2835 1229 2868 ὡς
1243 2835 1431 2872 ὁλοκάρπωμα
1444 2836 1539 2868 θυσίας
1555 2835 1738 2872 προσεδέξατο
1751 2837 1857 2870 αὐτοὺς,
1871 2834 1911 2861 καὶ

596 2916 606 2931 ¹
619 2914 659 2942 Τὰ
677 2914 741 2949 ἅγια
756 2912 881 2949 λείψανα,
906 2916 1015 2941 sanctas
1034 2913 1176 2948 reliquias.
