1975 3189
101 211 169 246 ΜΕὶὸ

666 217 848 247 ΕΡΙΞΤΟΙΛ
869 215 918 244 AD
937 215 1127 245 EUSTATHI
1133 215 1200 247 ΗΜ.

1665 188 1732 247 ιιέδ

101 274 128 298 ὲν
155 272 244 308 καιρῷ
270 273 426 309 ἐπισκοπῆς
455 275 545 302 αὐτῶν
571 275 772 311 ἁναλάμψουσι.
799 285 808 301 ι
833 274 888 301 Καὶ

951 277 1034 299 untur
1047 279 1075 301 et
1090 281 1172 300 nemo
1187 272 1332 308 recogitat.‘
1351 271 1451 300 Afacie
1467 262 1621 307 iniquitatis
1637 274 1733 300 sul-las.

99 318 187 345 ταῦτα
199 319 265 354 περὶ
284 319 339 346 τῶν
354 320 439 355 ἁγίων
452 321 582 355 Πατέρων
594 321 672 356 ἡμῶν
687 319 808 356 εἰρηκὼς
819 328 890 355 παρ·

99 365 191 392 ικάλει
200 366 325 401 πάνταςὴ
331 367 383 401 μᾶς
393 367 429 402 μὴ
442 367 637 402 ὲγκαταλεϊψαι
651 367 697 394 τον
707 367 788 394 τόπον
801 367 889 402 ἡμῶν,

99 409 158 436 ἀλλ’
175 410 322 445 ὑπομένειν
339 412 470 445 γενναίως
487 413 516 438 ἐν
531 414 588 444 τοῖς
604 414 770 447 πειρασμοῖς
787 420 891 447 μνημο-

100 448 227 487 νεύοντας
242 456 288 483 τοῦ
305 457 407 493 Κυρίου
423 458 558 492 λέγοντος·
577 467 587 484 1
610 459 670 485 Ὀτι
689 459 768 493 στενὴ
819 458 890 492 πύλη

102 502 149 529 καὶ
162 502 330 538 τεθλιμμένη
347 504 364 539 ἡ
378 504 437 535 ὁδὸς
452 506 468 540 ἡ
487 505 632 539 ἀπάγουσα
647 505 686 536 εἰς
702 504 751 540 τὴν
768 505 840 540 ζωήν
851 513 857 519 ·
880 513 888 530 ι

102 549 148 575 καὶ
171 549 217 575 τοῦ
246 549 420 582 Ἀποστόλου,
434 551 475 578 ὅτι
499 561 508 577 ι
529 552 580 578 Διά
601 551 707 578 πολλῶν
721 551 837 586 θλίψεων
853 551 893 577 δεῖ

101 597 176 630 ἡμᾶς
199 595 332 623 εἰσελθεῖν
353 597 393 628 είς
416 597 466 632 τὴν
487 597 627 632 βασιλείαν
651 597 704 623 τῶν
725 596 858 633 οὐρανῶν.
880 606 889 622 ι

104 643 231 675 Ιηζίξαντες
246 643 293 670 οὖν
315 645 348 678 τῇ
365 643 525 680 παραινέσει
543 644 624 671 αὐτοῦ
648 643 797 680 ἐμείναμεν
815 643 843 669 ἑν
857 644 891 678 τῇ

101 689 199 724 Λαύρᾳ
214 689 251 719 ὡς
267 689 313 715 ἐπὶ
332 689 379 715 δύο
397 690 496 724 μῆνας.
510 689 566 717 Καὶ
590 689 672 716 πάλιν
691 689 776 724 ἀκοῆς
792 687 893 724 βαρϐα-

104 735 184 771 ρικῆς
199 735 348 771 γενομένης
364 736 531 770 φοϐηθέντες
546 735 739 770 κατεφύγομεν
756 736 796 766 εἰς
810 743 893 770 μονα-

103 781 214 816 στήριον
230 780 343 815 πλησίον
357 780 408 815 τῆς
426 781 506 815 ἁγίας
523 781 639 814 πόλεως,
654 781 691 812 ὡς
705 780 759 806 ἀπὸ
779 779 893 806 σταδίων

103 827 191 854 εἴκοσι
208 827 378 862 ,λεγόμενον
397 827 443 854 τοῦ
470 827 544 854 ὰϐϐἂ
571 826 750 854 Ἀναστασίου
764 846 771 858 ,
791 825 894 861 μηδένα

102 873 132 900 τὸ
149 873 298 907 τηνικαῦτα
321 873 393 908 ἔχον.
416 873 471 900 Καὶ
488 874 651 908 ποιήσαντες
666 873 703 904 ὡς
715 872 763 898 δύο
782 872 894 907 χρόνους

102 921 132 947 ἑν
145 919 230 955 αὐτῷ,
247 919 328 946 πάλιν
355 919 585 954 παρεκαλούμεθα
609 919 662 946 ὑπὸ
681 919 728 946 τοῦ
746 919 893 955 εἰρημένου

101 966 251 992 ὁσιωτάτου
265 966 402 992 Μοδέστου
418 965 587 997 ἐπανελθεῖν,
604 966 651 992 καὶ
668 965 778 1000 οἰκῆσαι
794 966 834 996 είς
847 964 893 991 τὸν

102 1011 189 1038 τόπον
207 1011 296 1046 ήμῶν.
316 1011 478 1043 Πεισθέντες
500 1009 546 1038 οὖν
559 1012 592 1047 τῇ
610 1012 699 1047 ἀγαθῇ
721 1011 803 1038 αὑτοῦ
825 1020 895 1046 συμ-

103 1057 210 1093 ϐουλίᾳ,
228 1058 253 1084 οἱ
271 1057 320 1092 μὲν
343 1058 515 1093 παραχρῆμα
530 1058 738 1093 ἐπανήλθομεν,
756 1058 803 1084 καὶ
819 1057 895 1093 οἰκή-

104 1112 192 1138 σομεν
206 1105 246 1135 εἰς
260 1104 309 1139 τὴν
331 1103 450 1139 Λαῦραν,
467 1105 539 1136 τινὲς
561 1105 589 1130 δὲ
612 1104 658 1131 καὶ
675 1103 773 1139 μικρὸν
791 1103 893 1140 βραδύ-

103 1157 183 1184 τερον
198 1149 274 1184 φόϐῳ
284 1149 338 1175 τῶν
352 1149 532 1183 γειτνιώντων
547 1150 613 1185 ἡμῖν
628 1149 804 1184 Σαρακηνῶν,
821 1149 894 1180 τινὲς

103 1195 133 1221 δὲ
155 1196 201 1221 καὶ
217 1196 246 1221 ὲν
264 1194 341 1230 αὑτῷ
361 1195 400 1230 τῷ
423 1196 597 1231 μοναστηρίῳ
621 1195 812 1230 ἁπεμείναμεν
835 1195 895 1230 ἅμα

111 1241 248 1277 Ἰουστίνῳ
270 1241 309 1276 τῷ
321 1242 463 1277 ὁσιωτάτῳ
480 1241 570 1268 αὐτῶν
588 1241 742 1277 ἡγουμένῳ,
753 1241 895 1274 ἀποταξα-

107 1287 180 1322 μένῳ
203 1288 232 1313 ὲν
246 1289 279 1322 τῇ
296 1288 391 1323 Λαύρᾳ
404 1308 410 1320 ,
427 1289 473 1314 καὶ
490 1288 633 1318 πλείστους
647 1288 761 1323 χρόνους
781 1289 810 1315 ὲν
826 1289 894 1323 αὐτῇ

106 1333 281 1368 πεποιηκότι,
295 1333 342 1360 καὶ
357 1335 386 1361 ὲν
402 1334 511 1366 πολλαῖς
527 1335 639 1370 ἀρεταῖς
659 1334 847 1369 διαπρέψαντι,
858 1334 896 1366 ὡς

106 1379 154 1405 καὶ
182 1379 214 1414 τῇ
242 1378 289 1405 τοῦ
319 1379 505 1414 πρεσϐυτέρου
534 1379 598 1415 ἀξίᾳ
626 1379 708 1406 αὑτὸν
734 1378 894 1414 τιμηθῆναι.

106 1424 202 1456 Ὅστις
217 1424 425 1457 θεοσεϐέστατος
444 1426 587 1458 Ἰουστῖνος
607 1425 708 1460 πολλὴν
725 1425 849 1452 συνοδίαν
866 1426 896 1452 ἑν

105 1470 146 1505 τῷ
164 1470 238 1506 αὐτῷ
255 1472 428 1507 μοναστηρίῳ
442 1474 474 1508 τῇ
491 1472 538 1499 τοῦ
557 1472 678 1509 Χριστοῦ
702 1473 795 1507 χάριτι
815 1480 896 1505 περι-

106 1516 255 1548 εποιήσατο
280 1518 390 1553 κρατῶν
414 1518 461 1544 τὸν
476 1518 575 1545 κανόνα
601 1518 818 1553 ἀπαραλλάκτως
847 1519 897 1553 τῆς
915 1520 926 1530 '

107 1563 220 1597 Δαύρας
229 1564 275 1590 καὶ
290 1564 339 1599 τὴν
352 1564 448 1600 λοιπὴν
462 1566 641 1597 κατάστασιν,
654 1566 700 1592 καὶ
716 1565 766 1591 οὐκ
775 1564 808 1591 ἂν
820 1564 895 1599 εὖροι
925 1571 934 1576 ”

942 323 985 346 tus
1002 319 1156 354 estjustus.
1171 319 1231 347 Erit
1245 319 1273 346 in
1292 327 1357 354 pace
1376 319 1532 354 sepulcrum
1544 319 1603 354 ejus
1617 320 1637 346 '.
1653 329 1660 344 I
1679 319 1732 346 Et:

945 374 954 390 ι
973 364 1041 399 Spes
1055 365 1164 392 illorum
1186 365 1391 392 immortalitate
1409 365 1499 399 plena.
1524 365 1553 391 In
1573 364 1668 400 paucis
1685 373 1734 392 vc-

943 411 1008 442 xati,
1025 411 1052 438 in
1067 411 1163 438 multis
1178 411 1248 439 bene
1263 411 1447 447 disponentur
1458 431 1464 442 ,
1483 411 1548 446 quia
1560 411 1633 439 Deus
1646 417 1736 440 tenta-

941 456 980 483 vit
998 457 1059 484 illos
1073 477 1080 489 ,
1094 462 1123 485 et
1138 458 1243 485 invenit
1263 465 1312 485 eos
1334 457 1433 493 dignos
1450 465 1497 490 se,
1516 461 1543 484 et
1558 458 1636 492 quasi
1657 457 1736 485 holo-

942 503 1028 530 causti
1041 504 1158 531 hostiam
1168 505 1178 520 ⁸
1186 505 1292 540 accepit
1302 512 1359 536 eos,
1367 509 1392 531 et
1406 504 1433 531 in
1441 508 1563 539 tempore
1571 505 1735 532 visitationis

943 549 1079 584 ipsorum,
1099 550 1292 585 splendescent
1309 558 1341 578 ac
1355 550 1563 587 refulgebunt'.
1583 561 1592 577 ι
1616 551 1649 578 Et
1676 551 1734 578 hzce

943 595 978 623 de
993 596 1096 623 sanctis
1114 596 1169 623 illis
1191 604 1254 624 cum
1274 597 1469 624 edisseruisset
1483 618 1490 630 ,
1509 605 1734 631 unumquemque

943 646 1067 668 nostrqu
1084 641 1225 669 adhortari
1242 642 1327 676 erepit
1340 650 1373 669 ne
1390 651 1445 677 quo
1460 643 1669 678 emigraremus,
1682 643 1734 670 loci

944 687 1019 715 illius
1032 688 1120 715 nostri
1135 688 1292 715 desertores
1306 698 1312 715 :
1330 689 1416 724 magis
1427 697 1492 716 vero
1506 697 1553 718 eas
1567 697 1627 724 quae
1643 689 1735 715 immi-

944 734 1048 761 nebant
1063 734 1230 761 tentationes
1256 742 1390 769 generoso
1408 741 1518 770 pectore
1535 735 1733 770 perfer-remus.

944 779 1094 807 Dominicm
1115 780 1190 807 illius
1217 788 1354 807 memores
1378 781 1544 808 sentcntiae:
1571 791 1580 806 ι
1595 780 1664 814 Quia
1683 789 1734 808 an-

945 831 1023 862 gusta
1047 829 1090 853 est
1114 830 1192 860 porta
1205 847 1212 859 ,
1237 830 1264 853 et
1288 831 1364 854 arcta
1385 827 1428 854 via
1441 827 1451 843 '
1467 834 1528 862 quae
1550 827 1627 854 ducit
1642 827 1675 854 ad
1693 828 1733 854 vi-.

946 873 1035 906 tam";
1050 882 1058 898 ι
1076 872 1123 899 sed
1133 877 1160 900 et
1173 872 1296 907 Apostoli
1310 872 1448 900 dicentis:
1469 883 1477 898 ι
1493 872 1561 906 Quia
1577 881 1625 907 per
1637 873 1734 901 multas

946 918 1141 946 tribulationes
1150 923 1259 954 oportet
1273 927 1323 946 nos
1338 919 1453 946 introire
1465 919 1491 946 in
1506 928 1620 954 regnum
1633 919 1679 947 Dei
1695 920 1730 946 ⁸.»

947 965 1134 1000 Hujusitaque
1149 964 1330 992 admonitioni
1344 965 1431 992 visunt
1442 970 1484 992 est
1497 973 1593 1000 gerere
1612 973 1716 992 morem
1727 986 1735 997 ,

947 1019 1035 1047 eoque
1057 1012 1085 1038 in
1112 1012 1191 1039 laura
1219 1011 1400 1047 duos‘propc
1434 1019 1542 1039 menses
1574 1011 1735 1039 mansimus.

948 1057 1070 1085 Rumore
1084 1058 1157 1085 enim
1178 1065 1275 1085 rursus
1298 1058 1424 1085 exterriti
1451 1065 1529 1085 novae
1553 1057 1737 1084 Barbarorum

948 1104 1128 1135 excursionis.
1142 1104 1305 1140 suﬂ‘ugimus
1326 1105 1352 1131 in
1370 1104 1567 1132 monasterium
1583 1108 1684 1132 sancta:
1697 1103 1737 1131 ci-

948 1150 1026 1178 vitati
1044 1151 1227 1186 propinquum
1241 1171 1248 1184 ,
1265 1151 1339 1186 quod
1352 1151 1464 1186 quidem
1481 1151 1516 1178 ab
1529 1159 1561 1178 ea
1578 1151 1737 1186 disparatur

949 1197 1046 1225 stadiis
1059 1196 1116 1224 fere
1128 1197 1244 1232 viginti,
1263 1198 1308 1225 cui
1328 1205 1429 1224 nomen
1448 1197 1556 1225 abbatis
1572 1198 1709 1225 Anastasii
1729 1207 1736 1224 :

949 1244 996 1272 ubi
1008 1245 1146 1272 neminem
1169 1252 1283 1279 prorsus
1298 1249 1355 1271 tum
1371 1244 1423 1272 loci
1439 1244 1554 1272 incolam
1573 1244 1737 1271 invenimus.

950 1290 1003 1318 Sed
1017 1295 1046 1318 et
1061 1290 1165 1317 ibidem
1179 1290 1243 1323 loci,
1264 1290 1334 1317 duos
1349 1290 1418 1317 alios
1428 1297 1512 1325 prope
1523 1297 1586 1317 cum
1602 1289 1740 1317 demorati

949 1343 1074 1363 essemus
1090 1343 1199 1363 menses
1212 1355 1219 1367 ,
1236 1343 1346 1362 rursum
1360 1335 1494 1362 admoniti
1511 1343 1607 1362 sumus
1625 1335 1742 1362 sanctis!

951 1382 1012 1409 simi
1029 1382 1157 1417 superius
1172 1382 1238 1409 dicti
1255 1381 1369 1410 Modesti
1383 1381 1576 1409 adhortatione
1586 1402 1602 1414 ,.
1615 1385 1645 1408 ut
1666 1385 1744 1416 posts

949 1428 1057 1456 liminio
1072 1428 1177 1455 reversi
1195 1427 1222 1455 in
1236 1428 1350 1463 proprio
1368 1428 1558 1455 lialiilarernus
1573 1428 1644 1455 loco.
1659 1427 1741 1454 Tanti

951 1473 1043 1508 itaque
1067 1473 1158 1501 Patris
1175 1474 1264 1509 probo
1286 1481 1318 1501 ac
1334 1473 1447 1500 salutari
1469 1473 1586 1500 consilio
1602 1473 1745 1508 persuasi,

951 1524 979 1548 et
994 1520 1106 1555 quidem
1118 1518 1243 1548 nonnulli
1254 1528 1269 1547 e
1280 1520 1396 1555 vestigio
1413 1519 1439 1547 in
1455 1520 1595 1547 Laurense
1602 1519 1741 1546 concessi-

951 1575 1014 1595 mus
1026 1566 1223 1595 monasterium
1241 1567 1345 1595 ibidem
1364 1566 1416 1594 loci
1431 1565 1584 1594 habitaturi
1600 1573 1607 1598 ;
1629 1564 1741 1600 quidam

106 1617 150 1640 τις
166 1610 195 1635 ὲν
215 1610 263 1646 ὅλῃ
282 1611 438 1648 Παλαστίνῃ
454 1612 470 1647 ἢ
495 1613 524 1638 ὲν
541 1612 614 1647 ἄλλῳ
629 1611 755 1650 κοινοϐίῳ
768 1611 897 1645 τοιαύτην

951 1618 1041 1641 autem
1051 1614 1237 1650 remigrarunt
1247 1614 1388 1648 aliquanto
1407 1613 1497 1640 serius
1510 1612 1627 1641 lauram.
1642 1610 1741 1637 timore

108 1657 298 1692 πνευματικὴν
311 1657 488 1685 κατάστασιν.
509 1658 598 1684 Ἀνοεῖ
613 1658 641 1684 δὲ
654 1646 701 1685 καί
714 1657 825 1690 αὐξάνει
836 1656 898 1684 καθ’

108 1701 248 1737 ἑκάστην·
274 1703 320 1730 καὶ
342 1703 497 1739 προϐαίνων
528 1705 599 1732 κατὰ
621 1706 666 1731 τδν
699 1704 792 1731 Ἰσαὰκ
812 1704 900 1739 μέγας

108 1746 226 1781 γίνεται,
245 1747 283 1780 ὡς
300 1749 333 1774 ὲκ
346 1748 441 1775 τούτου
460 1743 568 1784 χαίρειν
590 1750 666 1784 ἡμᾶς
682 1749 900 1784 στοχαζομένους

109 1793 213 1826 καλῶς,
229 1795 270 1820 ὅτι
291 1794 320 1821 ὲν
335 1795 410 1830 πάσῃ
426 1795 503 1830 χώρᾳ
527 1795 676 1831 διαλάμπει
695 1796 847 1831 φωστήρων
862 1795 901 1822 δί-

109 1848 163 1874 κην
177 1840 207 1866 τὸ
224 1840 334 1876 σπέρμα
350 1841 397 1867 τοῦ
412 1842 488 1875 ἁγίου
499 1841 606 1878 Πατρὸς
622 1842 700 1877 ἡμῶν
712 1841 901 1876 Σάϐα.Ἡμεῖς

110 1885 139 1912 δὲ
154 1887 177 1912 οἱ
195 1887 318 1913 ταπεινοὶ
344 1889 375 1923 τῇ
393 1887 440 1913 τοῦ
459 1887 526 1914 Θεοῦ
554 1887 647 1923 χάριτι
669 1889 716 1916 καὶ
739 1888 842 1923 σπουδῇ
853 1888 900 1914 τοῦ

110 1934 311 1968 προειρημένου
334 1934 482 1961 ὁσιωτάτου
497 1935 635 1961 Μοδέστου
660 1935 690 1961 ὲν
708 1934 808 1970 ἠσυχίᾳ
835 1935 902 1961 καθ-

111 1979 202 2014 ήμεθα
218 1980 287 2015 ὑπὲρ
303 1980 337 2007 τὰ
346 1981 441 2016 πρώην
458 1981 515 2016 ἔτη,
528 1981 754 2016 εὐχαριστοῦντες
766 1981 813 2007 καὶ
824 1981 902 2014 605d-

111 2026 202 2058 ξοντες
228 2025 273 2053 τὸν
297 2026 363 2052 Θεὸν
378 2026 424 2053 τὸν
450 2027 623 2061 θανατοῦντα-
639 2028 686 2054 καὶ
705 2026 901 2060 ξωοποιοῦντα,

112 2073 160 2099 καὶ
174 2073 303 2100 ποιοῦντα
313 2073 451 2108 θαυμάσια
462 2074 568 2109 μεγάλα
579 2074 669 2109 μόνον.
679 2072 899 2109 Ἐσπλαγχνίσθη

111 2119 168 2154 γὰρ
178 2120 216 2150 εἰς
225 2120 299 2154 ἡμᾶς
314 2121 330 2154 ἡ
340 2119 422 2146 αὑτοῦ
435 2119 634 2155 ἀγαοότης,κα“ι
644 2121 684 2152 είς
697 2120 839 2156 προκοπὴν
854 2129 904 2156 με-

112 2166 199 2202 γάλην
214 2167 312 2202 ἠνεγκε
325 2167 370 2194 τὸν
387 2167 468 2194 τόπον
490 2167 581 2202 ἡμῶν,
597 2168 659 2194 ὅσον
679 2167 747 2204 πρὸς
761 2168 827 2198 τοὺς
841 2175 903 2194 και-

113 2213 189 2248 ροῖλς,
204 2213 247 2239 διὰ
255 2213 318 2244 τοὺς
330 2213 580 2246 προδουλεύσαντας
593 2213 668 2249 αὐτῷ
682 2214 801 2250 γνησίως
813 2215 841 2240 ὲν
855 2214 903 2240 αὐ-

112 2257 152 2291 τῷ
168 2257 264 2291 ἁγίους
286 2257 396 2289 δούλους
413 2257 507 2284 αὑτοῦ.
530 2257 692 2293 Ἐχαρίσατο
713 2257 740 2283 δὲ
762 2257 828 2292 ἡμῖν
846 2256 902 2283 Πα-

112 2303 182 2335 τέρα
207 2303 253 2328 καὶ
270 2302 387 2337 ποιμένα
410 2303 427 2338 ὴ
440 2302 522 2329 αὐτοῦ
536 2303 672 2338 ἀγαθά-της
682 2323 689 2335 ,
703 2303 777 2334 ἄξιον
790 2302 838 2336 τῆς
853 2302 902 2328 αὐ-

113 2345 162 2372 τοῦ
172 2346 312 2381 προνοίας,
333 2346 434 2381 Θωμᾶν
445 2346 491 2373 τὸν
506 2347 664 2380 ὁσιώτατον,
674 2346 825 2380 γνωστικόν
837 2347 903 2374 ὅντα

114 2393 163 2419 καὶ
185 2392 324 2424 παντοίαις
349 2393 460 2427 ἀρεταῖς
486 2393 778 2429 κατακεκοσμημένον,
802 2384 848 2420 τὸν
872 2393 905 2420 ἐκ

113 2439 214 2473 νεαρᾶς
224 2438 447 2474 ήλικίαςήσύχιον
457 2440 615 2474 ἀσκήσαντα
629 2439 696 2475 βίον·
707 2440 751 2467 τὸν
760 2440 848 2476 πρᾶον
860 2440 906 2466 καὶ

114 2485 276 2520 φιλάδελςρω
291 2486 338 2513 καὶ
350 2486 585 2521 συμπαθέστατον,
598 2487 643 2513 τὸν
653 2486 779 2514 ταπεινὸν
792 2488 824 2522 τῇ
839 2495 908 2522 καρ-

111 2531 170 2568 δίᾳ,
189 2531 234 2558 τὸν
249 2532 314 2567 περὶ
326 2532 377 2565 τὴν
390 2532 474 2568 εὐχὴν
488 2532 537 2559 καὶ
554 2533 654 2559 κανόνα
666 2533 844 2568 θερμότατον.
860 2532 906 2559 Διδ

114 2577 164 2605 καὶ
182 2579 196 2604 ὁ
208 2578 275 2609 Θεὸς
290 2578 335 2604 ἐπὶ
355 2578 404 2613 τῆς
418 2578 570 2613 ἡγητηρίας
586 2578 670 2605 αὑτοῦ
685 2580 725 2610 εἰς
746 2578 905 2613 πλατυσμὸν

114 2625 215 2660 ἤνεγκε
228 2625 290 2655 τοὺς
303 2623 386 2651 αὑτοῦ
398 2625 538 2659 φοιτητὰς,
546 2625 576 2652 '0
591 2624 618 2651 δὲ
632 2625 749 2661 ἀριθμὸς
763 2625 817 2651 τῶν
830 2625 907 2651 ἀναι-

116 2669 252 2703 ρεθέντων
263 2669 398 2704 Πατὲρων
425 2671 500 2697 ἐστὶν
527 2670 670 2706 ὀνομάτων
700 2671 906 2706 τεσσαράκοντα

112 2713 269 2749 τεσσάρων.
304 2714 485 2742 Ἐπιτελεῖται
510 2715 539 2741 δὲ
565 2717 582 2751 ἡ
610 2716 704 2751 μνήμη
724 2715 816 2742 αὐτῶν
831 2716 909 2750 -μηνὶ

112 2759 200 2793 Μαΐῳ
233 2760 476 2796 πεντεκαιδεκάτῃ.
515 2761 614 2796 Χάριτι
651 2761 680 2788 δὲ
713 2760 832 2795 Χριστοῦ
861 2759 908 2787 καὶ

115 2805 223 2841 σπονδῇ
240 2805 288 2832 τοῦ
316 2806 512 2841 προλεχθὺιτος
528 2806 677 2833 ὁσιωτάτου
692 2805 800 2841 lla-:96:
826 2805 908 2840 ἡμῶν

950 1660 1075 1688 exterriti
1101 1661 1189 1695 gentis
1218 1659 1388 1688 Saracenicze
1412 1659 1484 1685 haud
1502 1658 1597 1693 procul
1615 1656 1742 1684 habitan-

952 1707 1001 1739 tis;
1020 1706 1066 1733 alii
1082 1710 1179 1734 contra
1194 1707 1222 1733 iu
1246 1706 1342 1733 eodem
1359 1712 1534 1740 permansere
1549 1703 1718 1730 monasterio
1734 1723 1743 1732 .

952 1761 1007 1781 una
1025 1761 1087 1781 cum
1109 1752 1285 1780 sanctissimo
1301 1760 1352 1779 suo
1367 1750 1482 1786 praeside
1497 1750 1608 1778 Justino
1624 1770 1631 1782 ,
1649 1749 1696 1784 qui
1714 1749 1743 1776 in

951 1801 1028 1827 laura
1040 1800 1215 1827 renuntiarat
1233 1798 1336 1826 mundo
1355 1798 1431 1829 huic.
1452 1804 1507 1832 quo
1522 1796 1574 1824 loci
1591 1797 1743 1831 plurimum

950 1849 1082 1880 exegerat
1095 1844 1228 1879 temporis
1242 1865 1249 1876 ,
1264 1851 1295 1871 ac
1310 1847 1385 1870 tanto
1407 1842 1554 1877 splendore
1577 1841 1745 1868 inelaruerat

952 1892 1100 1923 virtutum,
1114 1895 1144 1918 ut
1158 1891 1292 1926 dignitate
1310 1889 1475 1925 presbyterii
1491 1887 1666 1915 eolmneslari
1680 1895 1744 1922 pro-

953 1936 1095 1963 meruerit.
1113 1935 1240 1963 Justinus
1257 1935 1312 1966 hic.
1332 1934 1379 1961 Dei
1393 1941 1456 1961 cum
1472 1934 1508 1961 sit
1520 1933 1747 1968 sapientissimus

953 1982 1054 2013 Cultor.
1084 1982 1112 2009 in
1136 1981 1183 2008 illo
1211 1988 1263 2008 suo
1288 1979 1477 2011 monasterio,
1503 1979 1590 2014 gratia
1617 1978 1745 2013 praaduec

953 2029 1068 2061 Christi,
1083 2035 1258 2056 numerosam
1274 2026 1420 2054 admodum
1436 2025 1636 2053 confluentium
1647 2032 1680 2051 eo
1692 2024 1746 2051 loci

954 2074 1052 2103 ascivit
1066 2073 1319 2109 congregationem,
1335 2073 1376 2100 sic
1389 2076 1471 2099 tenax
1489 2077 1518 2100 et
1532 2071 1684 2098 observans
1701 2078 1747 2098 ca-

954 2119 1037 2146 nonis
1056 2127 1089 2146 ac
1102 2122 1264 2146 caeterarum
1277 2117 1509 2145 constitutionum
1527 2116 1670 2144 Laurentii
1689 2123 1746 2143 co:-

954 2165 1042 2197 nobii.
1062 2169 1092 2192 ut
1104 2165 1138 2192 ab
1151 2165 1193 2192 his
1207 2164 1336 2192 neutrobi
1354 2163 1462 2191 evariet
1482 2163 1524 2191 sui
1540 2170 1649 2198 semper
1671 2162 1747 2189 simi-

954 2212 1000 2244 lis,
1018 2211 1087 2238 adeo
1103 2215 1135 2238 ut
1148 2218 1203 2237 non
1221 2210 1301 2238 facile
1315 2210 1378 2244 quis
1395 2209 1504 2244 uspiam
1530 2209 1653 2236 inveniat
1675 2208 1748 2235 inter

957 2258 1019 2284 vitae
1047 2256 1203 2284 communis
1219 2256 1229 2272 '
1246 2255 1418 2291 professores
1442 2254 1488 2289 qui
1516 2254 1556 2281 sic
1582 2257 1693 2280 tueatur
1715 2260 1748 2279 ac

957 2306 1048 2332 servet
1075 2302 1215 2330 mordicus
1242 2301 1416 2336 spiritualem
1437 2299 1548 2327 vivendi
1564 2298 1746 2326 sanctionem.

957 2348 1098 2380 Floret'is,
1117 2351 1145 2375 et
1164 2347 1328 2382 quotidiana
1350 2347 1484 2373 virtutum
1500 2345 1660 2373 accessione
1687 2352 1749 2371 suc-

959 2395 1070 2426 crescit,
1088 2393 1173 2429 ﬁtque
1185 2401 1299 2429 magnus
1317 2392 1450 2427 temporis
1467 2399 1627 2427 progressu,
1651 2395 1680 2417 ut
1701 2390 1749 2418 ille

960 2441 1025 2469 olim
1039 2440 1157 2468 eximius
1167 2440 1242 2466 lsaac
1258 2448 1265 2466 τ
1284 2439 1321 2465 ita
1343 2443 1374 2466 ut
1398 2443 1426 2465 et
1450 2445 1500 2465 nos
1527 2437 1637 2472 quoties
1661 2435 1748 2463 aciem

960 2485 1061 2513 mentis
1074 2485 1102 2512 in
1116 2485 1191 2512 hunc
1202 2492 1285 2512 unum
1297 2483 1420 2518 pressius
1430 2482 1611 2514 intendimus,
1625 2489 1657 2508 ac
1666 2481 1749 2508 veluti

961 2531 994 2559 ad
1006 2538 1121 2566 scopum
1141 2533 1214 2557 recta
1231 2529 1414 2556 collineamus
1427 2549 1434 2560 ,
1452 2527 1611 2555 incredibili
1634 2526 1749 2562 perfun-

959 2576 1059 2604 damur
1072 2575 1184 2611 gaudio.
1199 2575 1228 2602 In
1239 2575 1314 2602 omni
1328 2574 1433 2602 circum
1444 2574 1565 2609 regione,
1581 2573 1650 2600 tanti
1663 2572 1755 2600 Patris

960 2621 1107 2650 celebritas
1130 2622 1218 2649 instar
1243 2621 1387 2656 praelucidi
1409 2620 1556 2647 luminaris
1582 2619 1749 2649 intermicat.

961 2668 1193 2705 splendoremque
1209 2675 1290 2695 suum
1314 2667 1477 2703 ejacnlatur.
1510 2666 1611 2693 Semen
1638 2670 1681 2692 est
1706 2665 1751 2691 hic

961 2716 1048 2743 sancti
1061 2715 1150 2743 Patris
1164 2714 1252 2742 nostri
1279 2713 1369 2741 Sabae.
1386 2713 1442 2740 Nos
1458 2712 1573 2748 proinde
1593 2711 1712 2738 humiles
1724 2716 1752 2738 et

961 2761 1072 2796 abiecti,
1090 2760 1174 2795 gratia
1189 2760 1310 2795 primum
1324 2759 1385 2791 Dei,
1403 2758 1503 2785 deinde
1517 2757 1588 2785 seria
1603 2756 1751 2784 admodum

961 2811 988 2834 et
999 2812 1127 2834 accurata
1143 2805 1283 2841 diligentia
1297 2804 1498 2840 praememorati
1515 2802 1682 2830 sanctissimi
1695 2801 1753 2828 Me-

157 2895 168 2930 ξ
190 2894 242 2921 Isa.
257 2903 319 2927 Lvn,
338 2894 363 2921 Ι.
400 2894 410 2910 ⁸
426 2894 472 2923 Gr.
487 2895 562 2930 quasi
586 2895 719 2930 integram
745 2894 905 2922 oblationem
925 2895 1027 2922 hostire.
1066 2895 1074 2910 “
1088 2895 1151 2930 Sap.
1166 2903 1203 2927 ιιι,
1221 2894 1272 2922 ί-ϐ.
1312 2893 1370 2921 “Gr
1396 2894 1440 2920 i'iu
1466 2892 1645 2930 afﬂictionibus
1665 2897 1752 2929 septa.

119 2929 243 2958 ‘Matth.
268 2938 320 2962 vn,
346 2931 386 2958 Μ.
426 2931 435 2946 ⁸
458 2929 517 2958 Act.
545 2938 600 2963 xxv,
626 2929 670 2957 2|.
708 2930 920 2958 'Cmnobiticm.
