1975 3189
142 207 209 239 1429

854 213 1065 247 PROLOGUS.

1706 217 1772 247 1130

141 263 184 289 ῐκα
202 262 326 298 οερμάνῃ
347 262 443 289 αὐτόν·
463 273 472 290 ι
497 264 648 298 τουτέστιν,
668 266 783 301 οὐράνια
803 267 930 302 νοήματα

982 269 1120 298 delineare
1148 278 1227 298 novae
1255 271 1385 307 dogmata
1417 271 1639 306 praedicationis;
1676 280 1771 306 nempe

141 309 188 336 καὶ
201 307 328 343 μελῳδῶν
343 308 396 343 ἔπη
409 317 415 323 ”
435 318 445 334 ι
463 309 634 346 Ἐθερμάνθη
646 311 663 346 ἠ
675 312 774 347 καρδία
790 321 840 347 μου
854 314 930 346 ἐντός

141 363 204 390 μου,
220 355 267 380 καὶ
282 355 310 380 ὲν
326 355 358 390 τῇ
379 355 479 391 μελέτῃ
494 364 545 390 μου
561 357 762 392 ἐκκαυθήσεται
779 358 845 394 πῦρ.
867 369 875 385 ι
898 359 931 387 Ἦ

139 401 194 436 γὰρ
218 401 381 435 Σουμανῖτις
400 403 526 436 οὐρανία
542 403 737 439 ἑρμηνεύεται.
754 405 823 431 Καί·
843 405 929 438 Σῖτος

139 447 327 480 νεανίσκοις,
344 449 392 474 καὶ
409 446 492 481 οἶνος
505 448 629 479 ὀδιάζων
641 450 822 484 παρθένους.
831 451 862 477 Οἱ
875 451 930 485 γὰρ

139 493 283 528 ἀκίϐδηλοι
310 494 342 520 ἐκ
369 494 419 529 τῆς
443 494 598 530 ἐπομϐρίας
624 495 669 522 τοῦ
696 496 822 531 οὐρανίου
846 497 930 532 ἄρτου

139 539 297 573 τρέφονται,
314 541 364 575 τῆς
381 540 515 576 μενούσης
534 542 574 573 είς
595 542 667 577 ζωὴν
688 543 814 569 αἰώνιον·
836 543 883 570 καὶ
900 543 931 570 τὸ

140 585 217 620 πόμα
233 585 323 612 αὐτῶν
334 587 366 612 ἐκ
381 587 428 612 τοῦ
439 587 578 622 κρατῆρος
590 590 638 623 τῆς
651 588 783 623 ἀληθινῆς
794 589 929 624 ἀμπέλου.

140 631 196 658 Καὶ
219 631 310 665 ἁγνῶν
330 632 423 667 ῥήσεις
444 633 560 668 σεμναί·
578 634 637 665 καὶ,
655 643 664 660 ι
693 634 800 669 Ῥήσεις
817 635 931 662 δικαίων

141 677 232 710 ἁγναὶ,
247 685 256 702 ι
274 677 345 704 κατὰ
360 678 408 713 τὴν
420 679 544 714 Γραφήν,
563 679 757 715 Ἀναρίομητοι
768 680 796 706 δὲ
805 680 931 714 λέγονται

139 723 184 749 διὰ
198 723 228 750 τὸ
241 723 422 760 πληθυντιχδν
436 725 483 751 καὶ
495 725 613 760 ἄμετρον
627 725 675 752 τοῦ
687 726 766 758 λόγου
777 727 827 762 τῆς
840 727 931 754 αὐτῶν
953 739 955 742 ⁴

139 768 325 802 διδασκαλίας.
347 770 395 798 Ἐκ
419 771 465 797 τοῦ
484 771 559 798 ίατοῦ
584 772 631 798 οὖν
652 772 706 798 τῶν
725 772 858 807 ἑξήκοντα
882 774 932 809 βα-

140 812 249 839 σιλίδων
274 813 376 840 τούτων
403 815 511 849 ὀλίγους
543 817 678 851 στήμονας
703 817 860 852 ἀνείλαμεν,
886 819 932 845 καὶ

139 859 256 893 ἐποίησα
279 859 425 895 περίζωμα
451 862 491 894 εἰς
516 861 623 897 Θέρμην
647 863 703 894 τοῖς
723 863 794 898 μετᾶ
812 863 932 896 πίστεως

140 904 360 940 ἐντυγχάνουσιν.
379 907 486 943 Ὥσπερ
508 906 554 934 οὖν
578 908 592 934 ὁ
615 908 687 940 ἱστὸς
713 908 870 945 πολυμερὴς
894 909 932 936 ὢν

139 953 180 984 εις
198 955 334 990 μονομερῆ
350 954 450 989 χιτῶνα
465 955 655 982 ἀποτελεῖται·
672 955 759 988 οὕτως
774 956 821 982 καὶ
844 957 929 982 πᾶσαι
946 950 968 979 Β

140 998 169 1026 αἱ
189 1000 339 1034 προρήσεις
352 1000 406 1026 τῶν
426 1000 613 1028 θεοπνεύστων
635 1001 753 1036 Γραφῶν
768 1003 807 1033 εἰς
823 1002 869 1028 τὸν
881 1002 931 1037 τῆς

140 1045 298 1080 οἰκονομίας
309 1046 474 1073 Aac-troube
487 1047 589 1082 χιτῶνα
605 1048 770 1084 κατέληξαν,
784 1048 813 1074 ὃν
825 1048 932 1082 ἀνείλη-

140 1097 191 1122 φεν
207 1089 238 1115 ὲκ
252 1089 302 1124 τῆς
317 1090 400 1125 ἁγίας
412 1092 518 1125 ἐνδόξου
534 1092 582 1119 καὶ
601 1092 798 1127 ’Λειπαρθένου
810 1093 929 1128 Μαρίας-

140 1134 260 1169 φθαρτὸν
293 1137 342 1171 μὲν
370 1137 414 1164 διὰ
439 1138 470 1165 τὸ
481 1139 647 1174 ὁμοιοπαθὲς
673 1140 742 1176 ἡμῖν
765 1140 932 1172 ἀποτελέσας

141 1180 289 1216 ᾱφϐαρτον,
306 1182 349 1209 ἵνα
363 1184 437 1218 ἡμᾶς
449 1184 512 1216 τοὺς
527 1183 580 1212 ὑπὸ
596 1185 646 1220 τῆς
661 1185 763 1221 φθορᾶς
781 1186 932 1221 κατεχομέ-

141 1236 204 1259 νους
218 1227 407 1264 ἐλευθερώσας
428 1231 623 1267 μετασκευάσῃ
638 1233 677 1262 εἰς
695 1231 861 1268 ἁρθαρσίαν.
878 1232 931 1258 Πε-

143 1273 251 1308 ρῐζωμα
266 1274 295 1301 δὲ
316 1275 391 1310 λέγω
416 1276 467 1302 οὐκ
487 1277 576 1304 ἐκεῖνο
597 1278 629 1303 τὸ
655 1276 818 1311 Ἰουδαϊκὸν,
834 1277 864 1305 τδ
880 1278 932 1304 ὑπὸ

147 1320 279 1356 Ἱερεμίου
294 1322 398 1356 κρυφὲν
414 1322 462 1349 καὶ
477 1323 582 1358 φθαρὲν
597 1323 626 1350 ὲν
643 1323 682 1359 τῷ
699 1323 827 1360 Εὐφράτῃ
845 1332 932 1351 ποτα-

144 1366 196 1401 μῷ,
215 1367 284 1394 ἀλλὰ
294 1366 324 1394 τὸ
335 1368 384 1403 τῆς
403 1369 467 1400 νέας
483 1369 605 1405 χάριτος,
621 1370 689 1405 ὅπερ
711 1371 724 1396 ό
745 1371 849 1406 Κύριος
865 1371 933 1407 ἡμῖν

142 1412 293 1445 ὑπέδειξεν.
309 1413 536 1450 Περιζωσάμενος
553 1416 601 1443 καὶ
626 1416 788 1451 καταμάξας
803 1416 932 1448 τοὺςλπὸη

140 1459 191 1492 δας
205 1459 259 1486 τῶν
274 1461 372 1488 ἑαυτοῦ
394 1462 536 1498 μαθητῶν,
559 1462 603 1489 ῐνα
623 1462 669 1489 τοῦ
695 1462 784 1498 ῥύπου
805 1463 856 1497 τῆς
878 1471 932 1489 πα-

141 1506 221 1536 λαιᾶς
235 1507 324 1543 ζύμης
343 1508 557 1544 καθαρισθέντες
573 1509 706 1544 γένωνται
728 1509 788 1536 νέον
805 1509 930 1544 φύραμα,

142 1553 192 1580 καὶ
208 1550 274 1580 ὦσιν
289 1555 314 1581 οι
330 1554 409 1588 πόδες
433 1555 523 1582 αὐτῶν
543 1555 638 1590 ὡραῖοι
660 1555 697 1587 ὡς
717 1555 932 1590 εὑαγγελιζομέ-

141 1607 197 1627 νων
212 1600 336 1635 εἰρήνην,
352 1600 399 1627 καὶ
415 1601 536 1628 πατῶσιν
559 1601 652 1630 ἐπάνω
675 1600 764 1635 ὄψεων
782 1601 830 1628 καὶ
850 1609 933 1637 σκορ-

142 1645 225 1679 πίων,
237 1646 284 1673 καὶ
297 1646 343 1673 ἐπὶ
355 1647 444 1673 πᾶσαν
455 1647 506 1681 τὴν
519 1646 634 1681 δύναμιν
645 1646 692 1673 τοῦ
705 1646 814 1686 ἐχθροῦ.
828 1646 931 1673 Τούτου

141 1691 190 1718 τοῦ
206 1691 398 1727 περιζώματος
412 1692 461 1727 τὴν
475 1692 646 1728 εὐπρέπειαν
669 1691 788 1727 Χριστὸς
801 1691 851 1727 τὴν
867 1692 931 1719 ἑαυ-

141 1736 191 1763 τοῦ
210 1737 373 1774 Ἐκκλησίαν
390 1739 525 1771 ἐνέδυσεν,
544 1738 689 1771 σκεπάζων
704 1736 783 1774 ἡμῶν
797 1738 861 1770 τοὺς
876 1737 934 1772 μώ-

144 1792 226 1818 μους,
242 1785 288 1811 καὶ
309 1784 359 1819 τὴν
372 1785 524 1821 γενομένην
547 1785 579 1812 ἐκ
597 1785 647 1820 τῆς
661 1784 708 1812 τοῦ
734 1784 821 1820 Ἀδὰμ
843 1793 934 1819 παρα-

143 1829 250 1861 δάσεως
267 1830 416 1866 γύμνωσιν,
436 1831 506 1858 κατὰ
525 1831 555 1857 τὸ
573 1831 720 1866 είρημένον
732 1839 740 1846 ·
755 1839 765 1856 ι
781 1830 934 1866 Διέῥρηξας

143 1875 190 1901 τὴν
206 1875 308 1902 σάκκον
322 1885 383 1910 μου,
399 1877 448 1904 καὶ
469 1876 642 1912 περιέζωσάς
664 1885 699 1911 με
720 1875 903 1916 εὐφροσύνην.
923 1885 933 1902 ι

142 1920 230 1947 Τοῦτο
245 1921 395 1956 ὲνόυόμεθα
406 1923 437 1948 ὲκ
450 1921 503 1948 τῶν
514 1921 595 1948 θείων
606 1922 733 1957 Γραφῶν.
753 1921 936 1957 Ἐρευνῶντες

143 1966 198 2000 γὰρ
213 1966 299 1998 αὐτὸς
314 1966 479 2002 εὑρίσκομεν
495 1966 545 2001 τὴν
561 1965 670 1992 αἰώνιον
693 1965 776 2000 ζωὴν,
792 1965 873 1991 αὐτὸν
889 1964 935 1990 τὸν

142 2009 247 2045 Κύριον
271 2011 349 2046 ἡμῶν
371 2011 474 2046 Ὶησοῦν
501 2012 618 2049 Χριστὸν
645 2012 691 2038 τὸν
718 2010 845 2046 ἀληθινὸν
868 2011 934 2038 θεὸν

144 2056 234 2091 ὴμῶν.
255 2057 334 2084 Ἀλλὰ
348 2058 427 2084 καλεῖ
442 2058 515 2093 ἡμᾶς
528 2059 542 2085 6
556 2058 650 2093 καιρὸς
665 2058 758 2084 λοιπον
773 2057 932 2084 καθυποτά-

143 2102 188 2135 ξαι
206 2103 239 2129 τὰ
256 2103 389 2138 εἰρημένα
403 2104 540 2139 κεφάλαια
553 2105 594 2135 είς
608 2103 686 2136 δόξαν
700 2103 747 2130 καὶ
760 2103 873 2130 ἔπαινον
882 2103 933 2138 τῆς

143 2147 226 2181 ἁγίας
240 2149 285 2176 καὶ
301 2148 458 2184 ζωαρχικῆς
476 2149 602 2185 Τριάδος,
626 2149 675 2176 τοῦ
705 2149 823 2184 Πατρὸς,
849 2149 932 2184 φημὶ,

981 315 1128 344 doctorum
1146 318 1307 345 orthodoxa:
1326 318 1470 350 Ecclesiae,
1488 318 1524 345 ob
1547 318 1725 345 indelibatam
1745 322 1772 345 et

981 362 1135 390 absolutam
1164 365 1312 398 puritatem
1336 364 1472 392 sermonis
1503 364 1638 398 ipsorum.
1662 363 1771 390 Etenim

979 408 1134 442 juvenculte
1166 411 1401 438 nomenclatorum
1422 411 1578 438 sortiuntur
1598 418 1613 437 a
1634 409 1771 436 munditia

981 455 1118 490 virginali.
1133 456 1177 483 Ait
1189 456 1263 484 enim
1281 457 1423 492 Scriptura
1439 466 1445 483 :
1466 468 1474 482 ι
1489 457 1619 490 Qumrant
1632 457 1690 492 regi
1707 456 1774 484 ado-

981 499 1159 528 lescentulam
1184 502 1337 537 virginem;
1362 508 1389 529 et
1414 503 1579 529 invenerunt
1600 501 1771 529 Sunamitem

982 542 1042 581 quae
1067 547 1156 582 ipsum
1181 548 1429 581 excalel'aecret";
1458 558 1466 574 ι
1491 548 1544 575 hoc
1567 552 1624 580 est,
1646 548 1772 575 caelestes

982 599 1095 627 prorsus
1111 594 1273 620 sententias.
1289 593 1346 621 lloc
1361 594 1454 629 itaque
1470 594 1578 621 fervore
1595 602 1770 626 reaccensus,

982 639 1016 666 ad
1033 639 1158 667 melicam
1176 640 1309 667 citharam
1328 641 1492 668 cmodulans
1508 641 1619 668 dicebat
1639 649 1645 667 :
1670 651 1678 666 ι
1699 640 1772 668 Con—

983 686 1068 712 caluit
1084 694 1132 713 cor
1149 694 1240 713 meum
1261 686 1333 714 intra
1352 695 1406 718 me,
1422 692 1449 714 ct
1468 688 1494 714 in
1516 687 1696 714 meditatione
1712 695 1772 714 mea

982 731 1260 767 exardescetignis”.
1273 741 1282 757 ι
1297 731 1439 767 Siquidem
1452 732 1604 759 Sunaxnilis
1627 740 1674 759 sua
1688 732 1773 758 inter-

982 778 1135 813 pretatione
1149 782 1238 810 sonat,
1253 777 1385 805 lecstem
1397 799 1404 809 ,
1421 783 1450 805 et
1465 787 1471 805 :
1489 777 1661 804 Frumentum
1673 778 1774 812 jum’n-

982 823 1049 851 culis
1062 828 1086 850 et
1097 825 1185 851 vinum
1199 824 1274 850 suavi
1288 824 1366 850 odore
1380 823 1518 858 lmtiﬂcuns
1533 823 1662 858 virgines;
1679 823 1771 850 incor-

983 870 1056 904 rupti
1074 870 1148 897 enim
1165 870 1218 905 qui,
1229 875 1302 901 sunt,
1318 870 1412 905 pluvio
1430 870 1542 898 aluntur
1558 871 1675 897 humore
1692 878 1771 896 roru-

983 915 1050 943 lenti
1075 915 1148 942 illius
1171 916 1250 950 panis
1271 915 1319 950 qui
1341 915 1375 942 de
1399 916 1469 942 cmlo
1492 915 1652 947 descendit,
1669 915 1771 950 quique

984 964 1076 988 manet
1096 960 1124 987 in
1146 964 1277 988 aeternam
1297 961 1392 988 vitam.
1409 961 1471 988 istis
1491 961 1567 995 potio
1589 960 1718 987 hauritur
1739 968 1771 986 cx

983 1010 1090 1033 cratere
1108 1006 1196 1033 vineae
1218 1006 1292 1033 illius
1311 1006 1434 1039 veracis;
1452 1013 1514 1032 nam
1534 1010 1671 1032 castorum
1689 1005 1772 1032 verba

982 1050 1063 1086 plena
1089 1055 1154 1078 sunt
1179 1051 1305 1086 pudoris.
1326 1051 1361 1078 Et
1386 1060 1393 1078 :
1427 1061 1436 1076 ι
1466 1050 1613 1079 Sermones
1635 1051 1771 1085 iustorum

982 1093 1078 1121 mundi
1097 1098 1162 1122 sunt
1174 1095 1205 1127 “,
1227 1104 1235 1121 I
1257 1095 1334 1131 juxta
1355 1095 1536 1130 Scripturam.
1554 1096 1773 1123 Innumerabiles

982 1144 1116 1174 praeterea
1134 1146 1297 1168 asseruntur
1313 1149 1388 1174 esse,
1405 1142 1440 1168 ob
1457 1142 1597 1177 copiosam
1615 1142 1772 1169 multitudi-

982 1193 1046 1212 nem
1076 1185 1213 1213 sermonis
1237 1185 1370 1213 doctrinze
1395 1186 1517 1213 illorum.
1541 1186 1608 1214 Tam
1632 1186 1706 1213 enim
1731 1190 1773 1213 est

983 1231 1138 1266 multiplex,
1151 1235 1181 1258 ut
1191 1240 1252 1259 eam
1267 1232 1394 1259 admetiri
1407 1237 1454 1260 aut
1469 1233 1494 1259 in
1510 1240 1654 1260 numerum
1669 1232 1773 1260 referre

984 1285 1064 1305 nemo
1082 1283 1177 1313 queat.
1193 1278 1233 1305 Ex
1252 1279 1305 1306 tela
1324 1278 1408 1314 igitur
1425 1279 1523 1307 harum
1542 1279 1683 1314 sexaginta
1700 1279 1773 1314 regi-

982 1332 1092 1356 narum,
1104 1325 1218 1359 sparsim
1233 1324 1316 1360 selegi
1331 1333 1362 1353 ac
1375 1325 1513 1360 desumpsi
1527 1325 1643 1352 stamina
1656 1326 1772 1360 aliquot,

983 1378 1099 1398 orsurus
1116 1370 1281 1398 cinctorium
1300 1379 1409 1403 retium,
1427 1376 1484 1403 aut,
1501 1371 1522 1398 si
1543 1372 1641 1402 mavis,
1659 1371 1774 1398 sumbo-

983 1415 1051 1447 lum,
1067 1423 1122 1450 quo
1142 1424 1196 1443 una
1217 1423 1278 1443 cum
1299 1416 1352 1443 ﬁde
1371 1416 1563 1444 eircumcineti
1583 1416 1669 1444 futuri
1689 1417 1774 1444 lecto-

983 1469 1038 1493 res,
1053 1461 1139 1488 divini
1154 1462 1257 1490 amoris
1272 1463 1407 1490 fervorem
1422 1463 1592 1498 concipiant,
1610 1471 1641 1491 ac
1658 1463 1775 1499 proinde

984 1507 1165 1535 recalescant.
1181 1508 1216 1535 Ut
1229 1508 1303 1535 enim
1320 1509 1373 1535 tela
1389 1517 1422 1536 ex
1438 1509 1532 1536 multis
1547 1509 1663 1536 conﬂata
1679 1509 1774 1536 statui-

984 1561 1050 1580 num
1065 1554 1219 1589 particulis,
1232 1554 1259 1581 in
1274 1562 1355 1581 unam
1372 1558 1399 1581 et
1414 1554 1580 1590 impartilem
1596 1560 1655 1582 arte
1670 1555 1775 1581 tcxoria

984 1599 1116 1627 coalescit
1130 1600 1267 1633 tunicam;
1287 1600 1327 1628 sic
1345 1604 1372 1628 et
1389 1601 1519 1628 universa
1537 1599 1687 1635 Scriptura:
1702 1600 1774 1626 divi-

984 1645 1059 1673 nitus
1087 1646 1228 1681 inspirata:
1248 1646 1358 1674 oracula
1377 1647 1406 1674 in
1430 1647 1504 1674 hunc
1526 1646 1608 1674 tinem
1630 1646 1774 1681 conspira-

983 1696 1057 1724 runt,
1074 1692 1154 1727 plane
1173 1698 1203 1720 ut
1220 1693 1370 1720 Dominicze
1387 1692 1603 1728 dispensationis
1621 1693 1774 1719 inconsuti-

982 1737 1037 1765 lem
1054 1737 1173 1764 tunicam
1189 1737 1398 1772 praesignarent,
1412 1745 1494 1772 quam
1510 1745 1543 1764 ex
1560 1741 1639 1764 utero
1653 1737 1774 1771 suscepit

984 1783 1111 1819 glorioso:
1122 1791 1155 1810 ac
1166 1789 1267 1811 sancta:
1279 1784 1402 1818 Dciparae
1426 1791 1534 1818 semper
1544 1783 1660 1819 virginis
1675 1783 1774 1816 Mar-ire,

985 1837 1035 1864 pro
1055 1833 1177 1864 tempore
1195 1829 1307 1864 quidem
1327 1829 1494 1864 corruptiva:
1513 1829 1594 1856 morti
1615 1828 1772 1859 obnoxiam,

984 1874 1058 1909 quod
1080 1874 1179 1902 similis
1195 1875 1282 1902 nOstri
1298 1882 1359 1901 esse
1376 1875 1463 1901 voluit
1480 1874 1514 1900 ad
1534 1873 1690 1900 tolerandas
1713 1880 1774 1900 eor-

984 1920 1061 1955 poris
1087 1920 1222 1955 injurias;
1249 1921 1346 1948 eadem
1375 1926 1472 1948 rursus
1499 1920 1567 1946 nulli
1593 1920 1685 1946 futura
1715 1924 1775 1946 erat

983 1964 1102 1992 obnoxia
1128 1965 1306 2000 corruptelae,
1323 1968 1354 1992 ut
1372 1973 1421 1991 nos
1448 1965 1598 1992 miserabili
1617 1965 1774 2000 corruptela

983 2015 1126 2045 exemptos
1153 2011 1180 2037 in
1206 2011 1350 2046 pristinam
1378 2015 1520 2038 revocaret
1543 2012 1719 2042 libertatem,
1743 2018 1774 2037 ac

985 2057 1097 2084 demum
1110 2057 1176 2092 jugo
1188 2057 1376 2091 emancipatos
1391 2057 1458 2084 dirae
1473 2058 1615 2084 servitutis
1632 2057 1666 2084 ad
1684 2057 1776 2084 incor-

985 2102 1123 2137 ruptionis
1136 2102 1250 2137 gloriam
1264 2103 1478 2134 transcriberet;
1493 2103 1554 2130 vitm
1566 2104 1680 2138 insuper
1694 2102 1775 2129 resti-

985 2152 1069 2179 tutos,
1085 2148 1216 2175 donativo
1234 2148 1402 2175 convestirct
1422 2149 1522 2176 trabea:
1548 2148 1774 2175 immortalitatis.

143 2194 193 2220 καὶ
215 2194 260 2220 τοῦ
277 2194 344 2220 Υἱοῦ
363 2196 411 2221 καὶ
435 2195 482 2222 τοῦ
507 2195 585 2229 ἁγίου
615 2194 785 2229 ῐινεύματος,
812 2194 853 2226 εἰς
871 2193 932 2226 τοὺς

982 2193 1011 2220 ld
1033 2194 1144 2228 quidem
1165 2194 1282 2221 dixerim
1302 2195 1442 2230 perizoma
1466 2202 1520 2221 non
1541 2195 1608 2221 illud
1627 2194 1773 2222 Iudaicum

143 2239 246 2271 αξῶνας
261 2240 315 2269 τῶν
335 2240 451 2268 αἰώνων.
476 2241 570 2276 Ἀμήν,

982 2239 1055 2274 quod
1072 2240 1167 2274 jussus
1184 2244 1226 2266 est
1240 2240 1376 2267 Jercmias
1393 2240 1421 2266 in
1439 2247 1542 2266 arcano
1562 2240 1691 2275 quopiam
1712 2240 1773 2266 loco

144 2286 306 2319 recondere,
317 2293 345 2314 et
355 2287 427 2316 idem
438 2287 465 2314 in
475 2287 614 2322 Euphrate
640 2287 724 2314 ﬂuvio
747 2285 961 2321 computruit";
981 2286 1048 2320 quin
1070 2286 1137 2314 illud
1160 2287 1254 2314 verius
1276 2287 1397 2322 intelligo
1420 2287 1493 2321 quod
1520 2286 1554 2313 ad
1578 2294 1655 2313 nova:
1678 2287 1773 2319 gratia:

143 2332 231 2366 legem
249 2333 379 2367 pertinet,
412 2334 486 2368 quod
507 2333 587 2361 nobis
608 2334 665 2368 ipse
686 2333 820 2360 Dominus
840 2337 950 2359 suomet
968 2333 1192 2367 prtemonstravit
1213 2333 1349 2367 exemplo.
1383 2333 1492 2371 1026
1515 2332 1583 2360 Cum
1609 2332 1775 2367 praecinctus

144 2377 230 2412 pedes
246 2386 360 2406 suorum
375 2379 574 2414 discipulorum
591 2379 705 2407 extersit
720 2380 752 2411 “',
785 2383 816 2406 ut
832 2386 846 2406 a
865 2379 995 2406 sordibus
1011 2379 1113 2406 veteris
1146 2379 1276 2406 fer-menti
1295 2379 1403 2414 purgati
1438 2379 1536 2406 tierent
1553 2387 1625 2405 nova
1644 2385 1775 2414 consper-

143 2425 186 2452 sio
218 2422 250 2458 ",
273 2431 300 2453 et
323 2430 417 2455 essent
442 2427 526 2462 pedes
552 2435 648 2454 eorum
674 2426 791 2462 speciosi
821 2431 950 2461 tanquam
979 2426 1228 2461 evangelizantium
1254 2434 1370 2461 pacem,
1393 2430 1420 2454 et
1444 2426 1582 2453 calcarent
1606 2432 1689 2459 supra
1715 2432 1774 2450 ser-

144 2476 244 2506 pentes
261 2476 289 2499 et
305 2473 480 2508 scorpiones,
494 2477 521 2500 et
538 2480 621 2508 super
638 2465 756 2500 omnem
769 2476 932 2507 potestatem
952 2472 1055 2499 inimici
1070 2472 1101 2499 *'.
1116 2471 1203 2507 llujus
1219 2473 1321 2506 Cinguli
1354 2472 1454 2499 decore
1467 2472 1593 2499 Christus
1623 2470 1774 2498 Ecelesiam

145 2525 224 2545 suam
244 2517 344 2548 induit.
377 2519 499 2546 maculas
515 2519 650 2554 obtegens
667 2522 787 2549 nostras,
817 2523 845 2545 et
862 2522 1031 2545 contractam
1049 2526 1082 2545 ex
1099 2518 1163 2545 Atla:
1196 2518 1423 2553 prmvaricatione
1442 2517 1593 2546 nuditatem
1614 2527 1619 2544 :
1639 2517 1711 2544 sicut
1734 2515 1775 2542 (Ιί-

144 2569 221 2590 ctum
238 2567 301 2590 est:
321 2573 329 2588 ι
346 2562 510 2591 Conscidisti
526 2572 637 2592 saccum
655 2571 758 2596 meum,
790 2568 817 2591 et
849 2563 1057 2591 circumdedisti
1084 2572 1128 2592 me
1153 2564 1247 2592 laetitia
1278 2565 1309 2592 ".
1339 2575 1347 2589 ι
1377 2565 1433 2591 lloc
1459 2565 1596 2592 induimur
1631 2571 1665 2590 ex
1690 2562 1774 2590 sacris

145 2607 308 2643 Scripturis.
325 2609 394 2636 Dum
412 2610 486 2637 enim
523 2619 569 2638 eas
586 2615 753 2643 scrutamur,
787 2611 870 2637 vitam
890 2615 1020 2638 aeternam
1044 2611 1211 2643 invenimus,
1248 2611 1338 2647 ipsum
1360 2612 1506 2640 Dominum
1534 2616 1657 2638 nostrum
1680 2610 1774 2638 Jesum

143 2654 297 2689 Christum,
310 2656 358 2690 qui
370 2664 455 2684 verus
469 2660 511 2684 est.
541 2657 613 2684 Deus
646 2662 750 2685 noster.
782 2657 835 2684 Sed
850 2657 905 2692 jam
923 2661 1030 2692 tempus
1043 2657 1174 2692 deinceps
1189 2665 1238 2684 nos
1256 2658 1363 2690 invitat,
1375 2663 1449 2686 utea
1466 2666 1527 2693 qua.
1542 2658 1673 2687 diximus.
1684 2657 1775 2692 capita

144 2703 326 2736 suhjiciamus
346 2703 379 2731 ad
401 2705 516 2740 gloriam
535 2710 563 2732 et.
579 2705 687 2733 laudem
705 2710 805 2733 sanctae
822 2713 854 2732 ac
868 2705 931 2732 vita:
950 2705 1117 2740 principium
1139 2706 1283 2741 largientis
1302 2705 1456 2735 Trinitatis,
1474 2705 1573 2737 Patris,
1596 2704 1719 2738 inquam,
1742 2707 1771 2729 et

144 2748 208 2776 Filii
235 2754 263 2776 et
288 2749 408 2784 Spiritus
435 2751 539 2784 sancti,
569 2751 596 2779 in
625 2752 723 2780 sarcula
752 2753 926 2780 seculorum.
946 2753 1043 2780 Amen.

1323 2842 1343 2857 "
1354 2842 1432 2869 Joan.
1445 2841 1560 2875 xut,i,5.
1580 2840 1598 2854 ‘7
1612 2839 1696 2867 ICor.
1708 2848 1734 2874 ν,
1747 2841 1773 2868 7.

182 2838 358 2900 ’⁸11111οξ.1,
371 2839 397 2865 5.
437 2839 458 2855 ¹¹
470 2839 540 2866 Psal.
555 2848 663 2871 XXXVI",
675 2841 700 2868 ι.
741 2841 761 2856 “
774 2842 854 2869 Prov.
870 2841 932 2874 “,5

182 2873 247 2900 Luc.
262 2881 288 2900 π.
317 2874 343 2900 9.
385 2875 404 2890 ¹¹²
417 2875 487 2900 ινειιι⁴
503 2883 576 2900 nix.
591 2875 631 2900 l2.

1009 2842 1028 2856 "
1040 2841 1140 2869 Jercm.
1156 2849 1211 2874 xm,
1227 2842 1283 2869 ι-ῑ.

148 2873 168 2888 ’³
181 2873 247 2900 Luc.
262 2881 288 2905 π,
303 2873 343 2901 i9.
385 2875 404 2890 ¹¹²
417 2875 487 2901 [⁷5³1⁴
503 2883 576 2907 nix,
591 2875 631 2901 l2.
