1975 3189
251 197 318 230 1431

508 257 649 284 HOMIIJA
669 258 784 285 PRIMA.

589 316 626 343 De
644 316 706 350 fide.

286 375 402 401 Domino
422 379 602 409 cooperante,
618 379 646 401 et
664 381 821 401 sermonem
845 373 1040 406 confirmanto,

250 420 427 455 aggredimur
445 420 564 455 primum
582 420 657 447 hunc
673 421 720 455 qui
738 421 771 447 de
790 420 842 447 ﬁde
863 424 918 453 est,
937 428 1042 447 sermo-

251 472 329 497 nem,
345 469 429 500 atque
446 465 483 492 ita
499 465 631 500 deinceps
645 465 691 499 qui
709 469 873 500 sequentur,
887 466 961 493 serie
976 473 1043 493 con-

252 511 362 538 tinenti.
375 511 404 538 ln
421 511 518 546 primis
530 518 645 549 necesse
660 511 705 542 sit,
719 515 748 537 ut
760 511 857 538 credas
873 511 899 537 in
918 521 926 536 ι
942 511 1040 542 Deum,

251 557 315 591 quia
332 560 384 589 est,
401 561 429 583 et
445 556 656 591 exquirentibus
673 564 702 584 se
720 561 914 584 remuneratur
930 557 1010 584 sit".
1029 567 1037 582 ι

251 603 332 630 Fides
347 603 420 630 enim
438 603 465 629 in
481 603 612 630 szeculum
627 603 720 630 stabit.
734 604 767 630 Et
783 613 789 630 :
810 613 818 628 ι
835 603 930 630 Justus
941 610 974 630 ex
989 602 1042 630 ﬁde

250 649 368 676 vivet".
392 658 401 674 ι
426 649 522 676 Justus
546 653 638 676 autem
664 650 712 684 qui
735 649 827 677 veraci
853 649 906 677 ﬁde
931 649 1040 680 nititur,

250 695 332 722 ﬁdem
350 695 433 722 habet
449 695 519 722 mire
535 694 674 722 efﬁcacem
694 704 700 722 ε
721 695 813 726 ﬁdem,
833 696 956 730 inquam,
973 703 1042 730 quo-

253 742 357 770 tidiana
382 742 542 769 accessione
565 742 782 774 coalescentem;
808 741 888 768 ﬁdem
914 741 989 769 nulla
1008 748 1042 768 ex

251 792 328 822 parte
344 788 530 821 hmsitantem;
544 787 626 815 ﬁdem
641 788 674 815 ad
690 795 774 822 opera
789 787 869 814 laude
884 787 966 822 digna
980 787 1043 814 illu-

249 839 395 867 strantem,
409 839 440 861 ut
456 842 504 869 per
519 842 551 861 ea
566 834 736 869 gloriﬁcetur
748 834 942 861 universorum
957 834 1041 860 Deus.

252 881 333 908 Fides
354 881 522 916 principium
541 885 583 908 est
603 880 703 908 divina:
723 880 889 907 vocationis.
910 879 1042 914 Quisquis

891 205 1074 235 ANTIOCHI
1093 205 1267 238 MONACHI

1497 185 1502 198 ί
1819 210 1884 243 ιίριε

1365 262 1472 290 ΛΟΓΟΣ
1490 263 1624 291 ΠΡΩΤΟΣ

1374 321 1442 353 Περὶ
1460 321 1599 354 πίστεως.

1129 373 1182 400 Τοῦ
1198 375 1301 410 Κυρίου
1318 376 1513 411 συνεργοῦντος
1528 377 1575 404 καὶ
1586 377 1632 405 τὸν
1645 377 1723 412 λόγον
1737 378 1882 413 βεϐαιοῦν-

1092 429 1137 451 τος
1153 421 1303 456 ἀρχώμεθα
1334 422 1442 458 πρῶτον
1468 423 1523 449 τῶν
1549 423 1615 459 περὶ
1639 424 1755 456 πίστεως
1783 424 1882 458 λόγων,

1093 465 1143 494 εἷθ’
1156 467 1242 500 οὕτως
1263 469 1317 495 τῶν
1331 469 1458 504 καθεξῆς.
1476 470 1589 505 Πρῶτον
1617 471 1658 497 δεῖ
1679 471 1823 497 πιστεύειν
1846 473 1884 502 εἰς

1096 523 1104 539 ι
1119 513 1195 547 Θεὸν,
1206 515 1247 541 ὃτι
1259 514 1343 547 ἐστιν.
1359 515 1407 542 καὶ
1417 517 1473 547 τοῖς
1483 515 1644 551 ἐκζητοῦσιν
1657 516 1739 543 αὑτὸν
1749 517 1884 551 μισθαπο-

1092 559 1172 595 δότης
1185 559 1299 594 γίνεται.
1316 570 1325 586 ι
1342 561 1436 592 Πίστις
1450 561 1504 595 γὰρ
1519 562 1558 591 εἰς
1572 562 1617 588 τὸν
1632 562 1718 588 αἰῶνα
1738 563 1882 596 στήσεται.

1093 606 1159 638 Καὶ,
1179 605 1229 632 (Ὀ
1244 606 1347 638 δίκαιος
1363 607 1394 633 ὲκ
1407 607 1526 638 πίστεως
1544 607 1684 643 ζήσεται.»
1704 608 1734 635 '0
1749 608 1779 634 δὲ
1799 609 1884 640 ὅντως

1092 652 1196 684 δίκαιος
1212 652 1245 679 ὲκ
1263 653 1381 685 πίστεως
1401 652 1492 680 πίστιν
1515 645 1574 689 ἔχει
1595 654 1706 689 ὲνεργῆ,
1724 654 1820 680 πίστιν
1837 655 1884 681 αὺ-

1093 699 1237 732 ξάνουσαν,
1255 699 1346 726 πίστιν
1366 699 1664 735 πεπληροφορημένην,
1683 699 1777 726 πίστιν
1800 700 1884 734 φωτί-

1094 743 1193 776 ζουσαν
1216 745 1245 771 ἐν
1259 746 1316 776 τοῖς
1343 745 1438 777 καλοῖς
1466 745 1568 781 ἔργοις.
1594 746 1638 772 ἵνα
1660 745 1778 780 δοξασθῇ
1795 746 1810 772 6
1832 746 1883 772 τῶν

1093 791 1160 817 ὅλων
1176 790 1252 822 Θεός.
1268 790 1363 822 Πίστις
1380 790 1452 826 ἁρχὴ
1467 791 1621 825 κολλήσεως
1636 790 1714 817 Θεοῦ.
1735 790 1765 816 '0
1781 789 1881 821 τέλειος

1094 835 1189 867 πιστὸς
1203 835 1277 867 λίθος
1291 835 1356 861 ναοῦ
1373 841 1386 855 ⁸
1403 826 1477 862 ΘεοῦΔ
1488 836 1606 872 ὑπάρχει
1627 835 1835 871 ἡτοιμασμένος
1846 836 1883 866 είς

1094 882 1238 917 οἰκοδομὴν
1256 881 1324 908 Θεοῦ
1344 882 1462 915 Πατρὺς.
1484 882 1689 917 ἀναφερόμενος
1708 882 1749 913 είς
1768 882 1804 908 τὰ
1818 881 1880 915 ὕψη.

250 927 373 962 perfecte
387 927 485 958 credit.
498 927 568 961 lapis
579 931 620 954 est
632 926 726 962 templi
739 926 799 959 Dei,
810 927 880 961 lapis
892 931 934 953 est
946 925 1041 952 solerti

1097 928 1138 955 διὰ
1154 929 1202 964 τῆς
1228 929 1353 964 μηχανῆς
1375 928 1463 964 Ἰησοῦ
1484 929 1622 964 Χριστοῦ·
1645 929 1660 956 ὃ
1682 929 1742 955 ἔστι
1768 927 1882 962 σταυρδς

251 978 384 1008 apparatu
400 973 542 1008 laevigatus
554 978 582 1000 et
593 978 752 1008 exchuatus
765 973 793 1000 in
805 973 1041 1000 substructionem

250 1020 300 1047 Dei
317 1019 416 1050 Patris,
433 1019 502 1053 lapis
521 1019 548 1046 in
566 1019 686 1046 sublime
702 1024 815 1047 evectus
832 1019 959 1046 machina
975 1027 1044 1054 qua-

251 1066 326 1100 piam
346 1065 503 1092 admirabili
522 1066 587 1093 Jesu
607 1065 721 1098 Christi,
737 1073 798 1100 qure
816 1073 884 1092 crux
901 1065 962 1100 ejus
983 1069 1040 1097 est;

250 1111 381 1146 praesidio
397 1111 509 1147 adjutus
525 1111 642 1139 funiculi
661 1112 708 1146 qui
726 1111 846 1146 Spiritus
861 1116 971 1139 sanctus
988 1115 1040 1138 est.

251 1157 334 1185 Fides
354 1157 490 1189 hominis,
507 1157 620 1192 praedux
639 1157 702 1185 vita:
724 1163 767 1185 est
790 1167 797 1182 :
817 1157 944 1185 Charitas
965 1157 1040 1192 ipsa,

250 1203 295 1231 via
315 1208 372 1236 cst,
384 1203 418 1231 ad
437 1204 523 1231 Deum
541 1211 631 1238 usque
647 1203 805 1231 subvehens
822 1203 974 1231 hominem.
989 1203 1042 1236 Qui

250 1250 386 1284 ejusmodi
407 1253 460 1281 est,
475 1249 658 1284 Theophorus
679 1248 720 1279 ﬁt,
735 1249 793 1275 sive
813 1248 1040 1283 Christophorus,

251 1296 396 1330 Templum
413 1296 526 1331 insuper
539 1295 588 1322 Dei
603 1300 631 1323 et
642 1301 801 1322 sanctorum
817 1295 930 1322 sedula:
944 1295 1043 1322 lustra-

251 1345 296 1368 tor
312 1341 455 1373 locorum;
474 1341 549 1368 nulla
566 1349 621 1367 non
639 1340 681 1367 sui
699 1345 786 1375 parte,
803 1349 853 1375 per
868 1341 1042 1368 observatio‘

252 1395 314 1414 nem
330 1387 522 1414 mandatorum
537 1386 601 1413 Jesu
619 1386 734 1419 Christi,
753 1387 905 1421 perpolitus
920 1391 948 1413 et
962 1386 1043 1413 ador-

251 1436 343 1460 natus.
357 1431 425 1459 Vita:
441 1432 518 1466 origo
533 1435 575 1459 est
590 1439 621 1458 ea
638 1440 698 1466 quxe
714 1440 763 1466 per
778 1432 859 1458 ﬁdem
875 1437 902 1458 et
917 1431 1043 1459 dilectio-

250 1485 314 1504 nem
335 1480 477 1511 operatur,
495 1477 538 1504 cui
560 1476 628 1503 nihil
650 1476 839 1511 antcponitur.
860 1477 954 1503 Fidem
976 1485 1042 1504 sane

251 1523 368 1551 dixerim
390 1531 443 1550 non
465 1522 698 1558 qualemcunque,
716 1522 763 1550 sed
783 1531 867 1557 opere
889 1523 949 1558 ipso
968 1531 1043 1550 com—

251 1569 455 1601 mendabilem,
473 1577 536 1597 cum
562 1569 630 1596 ﬁdes
650 1569 710 1596 sine
732 1569 864 1604 operibus
883 1573 991 1597 mortua
1014 1570 1041 1597 in

1095 973 1193 1009 σχοίνῳ
1212 973 1353 1010 χρώμενος
1376 973 1415 1009 τῷ
1436 973 1591 1008 Πνεύματι.
1615 973 1646 1000 Ἠ
1674 973 1702 1000 δὲ
1725 973 1821 1005 πίστις
1837 974 1882 1000 ἁν-

1094 1017 1211 1054 θρώπου
1234 1017 1361 1052 ἀγωγεὺς
1376 1018 1461 1049 ἐστιν,
1479 1019 1496 1053 ἡ
1513 1018 1541 1044 δὲ
1557 1017 1652 1051 ἀγάπη
1665 1017 1725 1049 ὁδὸς
1741 1018 1759 1053 ἡ
1783 1017 1880 1052 ἀναφέ-

1094 1072 1178 1099 ρουσα
1191 1063 1230 1095 εἰς
1243 1064 1287 1090 τὸν
1299 1063 1375 1091 Θεόν.
1390 1063 1444 1090 Καὶ
1460 1064 1474 1090 ὁ
1485 1062 1605 1094 τοιοῦτος
1616 1062 1720 1096 γίνεται
1735 1063 1880 1097 Θεοφόρος,

1093 1110 1178 1145 ἧγουν
1194 1109 1382 1145 Χριστοφόρος
1400 1109 1447 1136 καὶ
1467 1109 1531 1140 ναὸς
1549 1108 1618 1135 Θεοῦ
1639 1108 1685 1135 καὶ
1709 1107 1880 1142 ἁγιοδρόμος,

1093 1156 1140 1182 καὶ
1157 1155 1192 1182 τὰ
1206 1156 1296 1182 πάντα
1309 1155 1518 1189 κεκοσμημένος
1533 1154 1562 1181 ὲν
1578 1155 1639 1185 ταῖς
1655 1153 1777 1184 ἐντολαῖς
1797 1151 1880 1186 Ἰησοῦ

1093 1202 1224 1237 Χριστοῦ.
1237 1201 1291 1228 Καὶ
1307 1201 1380 1236 ἀρχὴ
1393 1200 1467 1235 ζωῆς
1480 1200 1497 1235 ἢ
1514 1199 1558 1226 διὰ
1574 1199 1694 1230 πίστεως
1705 1198 1754 1225 καὶ
1774 1197 1880 1231 ἀγάπης

1093 1250 1133 1280 εἰς
1147 1248 1223 1275 οὐδὲν
1241 1247 1434 1283 προκέκριται.
1458 1245 1538 1272 Ἀλλὰ
1561 1245 1653 1272 πίστιν
1678 1244 1751 1278 λέγω
1772 1244 1878 1279 ἔνεργῆ.

1093 1295 1154 1321 ἐπεὶ
1173 1295 1190 1329 ἡ
1211 1293 1302 1324 πίστις
1328 1292 1414 1328 χωρὶς
1438 1291 1493 1318 τῶν
1519 1291 1610 1326 ἔργων
1636 1289 1721 1325 νεκρά
1747 1289 1807 1315 ἐστι
1824 1287 1880 1314 καθ’

1093 1342 1204 1376 ἑαυτήν.
1216 1341 1257 1367 Τὰ
1265 1340 1292 1366 δὲ
1303 1339 1372 1374 ἔργα
1387 1339 1435 1374 τῆς
1447 1331 1566 1370 πίστεως
1580 1337 1666 1367 ἔστιν,
1678 1335 1785 1369 ἀγάπη,
1801 1334 1877 1369 χαρὰ,

1093 1387 1201 1423 εἰρήνη,
1219 1384 1404 1421 μακροθυμία,
1417 1383 1581 1420 χρηστότης,
1598 1381 1769 1416 ἀγαθοσύνη,
1788 1387 1879 1406 ταπει-

1092 1432 1247 1468 νοφροσύνη
1264 1425 1311 1458 καὶ
1336 1430 1452 1465 αὕχησις
1476 1430 1505 1455 ὲν
1530 1428 1638 1463 Κυρίῳ,
1664 1427 1829 1461 πεποίθησις
1844 1423 1879 1456 είς

1092 1478 1170 1511 Θεὸν,
1192 1477 1349 1512 σταυρῶσαι
1372 1475 1421 1511 τὴν
1448 1475 1550 1510 σάρκα,
1574 1474 1604 1500 τὸ
1628 1472 1805 1500 καταπαῦσαι
1828 1470 1878 1498 ἀπὸ

1092 1527 1203 1552 πάντων
1234 1523 1287 1550 τῶν
1314 1522 1413 1558 ἔργων,
1441 1520 1533 1552 καθὼς
1551 1519 1721 1547 κατέπαυσεν
1749 1518 1806 1545 ἀπὸ
1829 1517 1878 1542 τῶν

1095 1571 1168 1598 ἰδίων
1185 1572 1198 1597 6
1212 1569 1288 1601 θεὸς,
1299 1568 1330 1595 τὸ
1344 1565 1410 1603 ἆραι
1423 1566 1469 1593 τὸν
1481 1566 1597 1600 σταυρὸν
1613 1564 1693 1591 αὺτοῦ
1705 1563 1754 1591 καὶ
1769 1562 1878 1589 ἀκολου-

252 1615 401 1650 semctipsa
423 1616 470 1642 sit.
486 1614 576 1650 Opera
597 1615 713 1650 proinde
732 1615 794 1642 ﬁdei
817 1615 897 1643 istius
916 1621 1044 1650 operato-

1097 1617 1196 1652 οῆσαι,
1225 1615 1362 1650 πνεύματι
1394 1613 1461 1649 ζῇν,
1491 1611 1648 1646 πνεύματος
1673 1610 1786 1644 τυχεῖν·
1815 1608 1878 1642 αὕτη

252 1661 301 1688 ria:
318 1667 383 1688 sunt
405 1670 410 1687 :
434 1661 565 1693 Charitas,
586 1661 728 1696 gaudium,
748 1661 870 1691 bonitas,
889 1662 1043 1696 humilitas,

251 1707 400 1734 exsultatio
413 1707 441 1733 in
453 1707 580 1739 Domino,
594 1707 694 1734 ﬁducia
708 1715 771 1742 erga
786 1707 885 1740 Deum;
900 1712 1043 1742 praeterea,

253 1761 365 1781 carnem
387 1753 498 1789 afﬁgere
519 1753 610 1786 cruci,
627 1753 700 1788 quod
724 1758 780 1785 est,
795 1761 855 1780 eam
876 1761 992 1781 avocare
1014 1762 1046 1781 ac

254 1800 352 1828 sedare
372 1801 407 1828 ab
427 1801 556 1828 omnibus
577 1800 637 1828 suis
655 1801 796 1835 operibus,
812 1802 1046 1836 quemadmodum

254 1855 270 1874 a
291 1847 351 1875 suis
373 1847 586 1882 interquievisse
605 1847 708 1882 legitur
726 1847 799 1874 Deus
819 1848 914 1875 tollere
934 1856 1046 1876 crucem

254 1901 332 1922 suam
347 1897 376 1921 et
388 1898 555 1921 sectatorem
571 1901 632 1922 esse
645 1894 748 1925 crucis,
760 1894 835 1929 quod
849 1899 902 1926 est,
916 1895 1048 1930 spiritua-

255 1939 318 1967 liter
337 1939 431 1966 vivere
451 1948 457 1966 :
477 1939 551 1974 quod
569 1940 591 1966 si
610 1939 738 1974 pmduce
757 1939 861 1974 Spiritu
883 1940 1046 1975 ingrederis,

259 1984 439 2019 imputabitur
452 1985 501 2012 tibi
517 1985 550 2012 ad
565 1985 711 2020 justitiam.
729 1985 836 2020 1027
852 1984 915 2012 llaec
933 1994 965 2013 ea
983 1991 1048 2013 sunt

257 2030 376 2058 cllicacis
392 2030 455 2057 ﬁdei
471 2038 565 2066 opera.
584 2031 637 2064 Qui
654 2031 708 2058 ﬁde
724 2031 864 2066 percurrit
880 2032 951 2058 viam
968 2040 1046 2059 man-

257 2077 404 2108 (latorum,
428 2077 571 2104 cmlestcm
596 2077 671 2105 illam
696 2082 862 2112 assequctur
882 2078 1047 2105 Jerusalem.

257 2123 342 2150 Plane
359 2123 382 2150 si
399 2122 482 2149 ﬁdem
500 2122 670 2155 habeamus,
684 2128 713 2150 et
730 2123 756 2150 in
776 2123 830 2150 ﬁde
847 2131 958 2155 sumus,
974 2127 1001 2150 ct
1020 2123 1046 2150 in

257 2169 354 2196 eadem
377 2169 460 2196 solidi
483 2169 665 2196 consistimus
683 2177 716 2196 ac
736 2169 862 2200 stabiles,
881 2169 908 2196 in
930 2169 1048 2196 Domino

257 2215 374 2250 pulchre
392 2215 561 2242 habitamus.
577 2215 686 2243 Etenim
706 2223 755 2250 per
773 2215 937 2250 l’rophetam
955 2215 1048 2250 loqui-

259 2267 304 2289 tur
317 2261 451 2289 Dominus
469 2271 476 2288 :
495 2272 504 2287 ι
521 2261 600 2289 Oculi
614 2261 667 2289 mei
682 2261 778 2289 ﬁdeles
797 2265 876 2288 teme
891 2265 921 2288 ut
933 2261 1048 2288 sedeant

258 2315 367 2335 mecum
379 2308 412 2335 “.
430 2317 439 2333 ι
459 2307 516 2335 Nec
533 2315 614 2335 secus
626 2307 779 2334 Jeremias:
795 2316 804 2332 ι
821 2306 903 2338 Ecce,
919 2306 1046 2339 Domine,

259 2354 331 2381 oculi
355 2354 394 2381 tui
419 2354 573 2389 respiciunt
592 2353 674 2380 ﬁdem
687 2353 720 2380 ".
743 2363 752 2379 ›
777 2353 848 2380 Dicit
868 2357 896 2380 et
919 2353 1019 2380 Petrus
1039 2359 1047 2378 :

262 2411 272 2427 ι
300 2400 456 2428 Ministrate
479 2400 507 2427 in
531 2399 586 2427 ﬁde
608 2404 700 2427 vestra
723 2400 855 2427 virtutem
877 2404 904 2426 et
927 2399 1045 2428 Charita-

260 2453 314 2475 tcm
325 2447 359 2474 “.
377 2456 386 2472 ι
405 2447 514 2474 Rursus
533 2455 540 2472 :
563 2455 571 2472 ι
591 2444 850 2481 Superaediﬁcantcs
866 2446 1050 2481 vosmetipsos

261 2494 287 2520 in
311 2492 381 2524 ﬁde,
402 2491 487 2519 sobrii
511 2495 616 2524 estote;
639 2491 764 2526 vigilate,
784 2491 850 2526 quia
873 2491 1051 2518 adversarius

261 2542 352 2565 vester
378 2537 507 2564 diabolus
539 2540 669 2572 tanquam
699 2535 744 2563 leo
777 2536 890 2572 rugiens
922 2537 1051 2564 circumit

261 2591 388 2618 (maerens
400 2592 482 2619 quem
495 2583 620 2617 devoret,
633 2584 677 2611 cui
689 2583 812 2611 resistite
825 2583 914 2611 fortes
927 2584 982 2611 ﬁde
991 2585 1024 2611 ".
1039 2594 1048 2610 ›

262 2630 296 2657 Et
309 2630 412 2658 Paulus
426 2638 433 2657 :
453 2639 462 2656 ι
479 2630 508 2657 ln
522 2638 577 2665 quo
590 2638 653 2658 cum
669 2629 855 2660 credideritis,
869 2629 970 2664 signati
983 2631 1052 2658 estis

262 2676 367 2710 Spiritu
392 2677 588 2712 promissionis
609 2680 705 2704 sancto
723 2676 757 2703 ".
782 2686 791 2701 ι
818 2675 922 2703 Iterum
947 2685 953 2702 :
985 2686 993 2701 ι
1021 2677 1050 2704 1η

262 2722 392 2750 omnibus
413 2727 556 2750 sumentes
575 2726 684 2750 scutum
706 2722 786 2755 ﬁdei,
805 2722 833 2749 in
860 2729 916 2757 quo
938 2723 1053 2758 possitis

1095 1663 1288 1698 λογισθήσεται
1306 1661 1346 1692 εἱς
1368 1658 1553 1693 δικαιοσύνην.
1571 1656 1665 1683 Ταῦτά.
1686 1656 1744 1682 ἔστι
1767 1655 1803 1681 τὰ
1819 1654 1880 1689 ἔργα

1095 1711 1146 1745 τῆς
1171 1709 1299 1739 πίστεως.
1323 1707 1352 1733 '0
1375 1705 1465 1732 πίστει
1489 1704 1595 1739 τρέχων
1619 1702 1664 1729 διὰ
1691 1701 1745 1728 τῶν
1772 1699 1880 1727 ἐντολῶν

1096 1756 1172 1783 κάτω
1186 1754 1320 1790 λαμϐάνει
1343 1751 1393 1787 τὴν
1410 1752 1467 1779 ἄνω
1487 1749 1677 1786 Ἰερουσαλήμ.
1697 1747 1764 1775 Ἐὰν
1781 1747 1880 1782 ἔχοιμεν

1097 1803 1199 1834 πίστιν,
1213 1800 1296 1836 ἐσμὲν
1315 1801 1344 1827 ὲν
1363 1800 1396 1834 τῇ
1417 1798 1519 1830 πίστει,
1543 1796 1590 1823 καὶ
1612 1796 1750 1830 στήκομεν
1774 1794 1804 1820 ὲν
1818 1793 1880 1826 αὑτῇ

1098 1849 1209 1885 ἑδραῖοι,
1224 1847 1272 1874 καὶ
1289 1848 1317 1873 ἐν
1335 1845 1429 1881 Κυρίῳ
1450 1843 1631 1878 κατοικοῦμεν
1652 1841 1752 1871 καλῶς.
1774 1838 1842 1874 Φησὶ
1856 1838 1880 1863 δὲ

1098 1894 1147 1921 καὶ
1175 1895 1189 1920 6
1219 1892 1319 1927 Κύριος
1333 1891 1376 1918 διὰ
1389 1890 1435 1918 τοῦ
1451 1889 1608 1925 Προφήτου·
1623 1897 1632 1913 ι
1642 1888 1673 1913 Oi
1685 1885 1822 1921 ὀφθαλμοί
1834 1891 1880 1918 μου

1098 1941 1144 1968 ἐπὶ
1168 1940 1233 1971 τοὺς
1248 1939 1361 1969 πιστοὺς
1375 1938 1424 1972 τῆς
1435 1936 1498 1970 γῆς,
1510 1934 1557 1962 τοῦ
1574 1933 1765 1968 συγκαθῆσθαι
1790 1930 1882 1961 αὐτοὺς

1100 1986 1158 2022 μετ’
1173 1985 1250 2021 ἐμοῦ.
1263 1994 1273 2011 ι
1295 1984 1411 2019 Ὁμοίως
1423 1983 1471 2010 καὶ
1483 1984 1497 2009 6
1513 1980 1658 2018 Ἱερεμίαςσ
1671 1989 1680 2005 ι
1697 1978 1776 2011 Ἰδοὺ,
1791 1977 1880 2011 Κύριε,

1098 2034 1123 2059 οἱ
1139 2031 1276 2067 ὀφθαλμοί
1294 2038 1342 2057 σου
1357 2030 1398 2061 εἰς
1412 2029 1514 2055 πίστιν.
1535 2037 1543 2053 ι
1561 2025 1677 2060 Λέγειδὲ
1685 2025 1733 2052 καὶ
1747 2026 1761 2050 6
1775 2024 1880 2058 Πέτρος,

1102 2089 1110 2104 ι
1129 2078 1309 2113 Χορηγήσατε
1335 2076 1364 2101 ὲν
1387 2076 1420 2110 τῇ
1438 2074 1529 2100 πίστει
1545 2072 1622 2107 ὑμῶν
1642 2071 1692 2107 τὴν
1712 2070 1823 2105 ἀρετὴν,
1840 2067 1882 2101 τὴν

1099 2125 1209 2160 ἀγάπην
1220 2131 1255 2148 ἰ»
1271 2122 1318 2149 καὶ
1335 2120 1423 2153 αὖθις,
1439 2130 1448 2146 ι
1468 2117 1727 2152 Ἐποικοδομοῦντες
1745 2117 1775 2142 ὲν
1795 2116 1827 2150 τῇ
1843 2113 1882 2139 πί-

1100 2180 1170 2203 στει,
1184 2170 1299 2205 νήψατε,
1315 2168 1522 2204 γρηγορήσατε,
1538 2166 1578 2192 ὅτι
1593 2163 1729 2194 ἀντίδικος
1742 2161 1820 2196 ὑμῶν
1831 2159 1883 2205 διά-

1100 2216 1187 2248 ϐολος,
1206 2203 1243 2246 ὧς
1266 2203 1509 2248 λέωνγώρυόμενος
1531 2209 1688 2245 περιπατεῖ,
1711 2206 1803 2250 ζητῶν
1828 2203 1882 2231 τίνα

1100 2260 1235 2296 καταπίῃ·
1259 2255 1281 2294 ᾧ
1301 2259 1446 2293 ἀντίστητε
1469 2256 1576 2292 στερεοί
1586 2256 1621 2290 τῇ
1638 2252 1729 2280 πίστει
1740 2253 1764 2278 1³.
1782 2261 1791 2277 ι
1807 2249 1883 2277 Καὶό

1102 2295 1223 2339 Παῦλος,
1248 2315 1257 2332 ι
1283 2306 1328 2332 'Ev
1351 2301 1373 2339 ᾧ
1403 2303 1600 2334 πιστεύσαντες
1625 2299 1828 2336 ἐσφραγίσθητε
1850 2295 1884 2330 τῷ

1101 2352 1244 2387 Πνεύματι
1266 2350 1315 2385 τῆς
1335 2347 1504 2383 ἐπαγγελίας
1524 2346 1562 2381 τῷ
1586 2346 1667 2380 ἁγίῳ.
1683 2354 1692 2370 ι
1716 2343 1772 2370 Καὶ
1795 2342 1884 2369 πάλιν

1105 2408 1114 2424 ι
1137 2397 1200 2424 Ἐπὶ
1217 2397 1302 2423 πᾶσιν
1321 2393 1503 2424 ἀναλαϐόντες
1521 2392 1567 2418 τὸν
1585 2390 1683 2427 θυρεὸν
1693 2390 1742 2424 τῆς
1757 2389 1883 2418 πίστεως·

1103 2447 1132 2473 ὲν
1147 2441 1170 2479 ᾧ
1183 2442 1329 2479 δυνήσεσθε
1345 2440 1434 2468 πάντα
1451 2439 1486 2466 τὰ
1504 2438 1568 2474 βέλη
1587 2437 1635 2464 τοῦ
1651 2434 1777 2471 Πονηροῦ
1795 2434 1828 2460 τὰ
1842 2441 1885 2458 πε-

1104 2490 1255 2527 πυρωμένα
1274 2488 1382 2526 σὸέσαι.
1396 2496 1405 2513 ι
1420 2485 1475 2513 Καὶ
1492 2483 1580 2516 αὖθις
1595 2493 1605 2509 ι
1620 2483 1699 2510 Ἔστι
1715 2481 1808 2512 πίστις
1821 2479 1886 2527 ἔλπι-

1104 2525 1225 2573 ζομένων
1242 2534 1401 2565 ὑπόστασις.
1421 2533 1466 2559 Ἐν
1481 2531 1567 2566 ταύτῃ
1582 2530 1607 2550 δ’
1623 2529 1678 2564 γὰρ
1700 2525 1886 2573 ἐμαρτυρήθη-

1107 2572 1155 2611 σαν
1179 2582 1204 2610 οἱ
1233 2580 1426 2617 πρεσδὺτεροι.
1458 2578 1538 2605 Κατὰ
1563 2577 1655 2603 πίστιν
1682 2575 1736 2610 γὰρ
1760 2572 1885 2617 ἀπέθανον

1105 2627 1178 2658 οὗτοι
1194 2614 1304 2659 πάντες.
1320 2636 1329 2653 ι
1355 2614 1411 2652 Καὶ
1430 2624 1512 2651 πάλιν
1523 2630 1531 2638 ’
1560 2632 1569 2648 ι
1585 2620 1765 2655 Δικαιοσύνην
1784 2618 1812 2645 δὶ
1825 2614 1885 2643 Θεοῦ

1103 2677 1147 2704 διὰ
1155 2675 1274 2705 πίστεως
1287 2673 1325 2704 εἰς
1335 2671 1440 2703 πάντας
1450 2670 1513 2701 τοὺς
1524 2667 1728 2698 πιστεύοντας,
1744 2664 1798 2691 Καὶ
1806 2661 1885 2691 αὖθις.

1108 2723 1181 2750 ι’Ίνα
1193 2721 1242 2756 τὴν
1250 2717 1418 2753 ἐπαγγελίαν
1429 2715 1476 2747 τοῦ
1485 2715 1644 2750 Πνεῦμα-τος
1653 2712 1782 2746 λᾶὃωμεν
1792 2709 1832 2735 διὰ
1842 2706 1885 2740 τῆς

299 2793 503 2830 '°llebr.xr,6.
542 2795 563 2830 ’j
575 2794 700 2830 Hebe},
713 2793 757 2821 58.
771 2793 966 2830 Fidescilicet,
993 2803 1054 2830 qua:
1081 2801 1131 2830 per
1148 2791 1324 2820 dilectionem
1350 2791 1490 2824 operatur.
1530 2784 1721 2818 "Psal.c,6.
1760 2782 1884 2810 "10mm-

265 2837 291 2861 v,
303 2830 331 2855 3.
360 2830 381 2844 “
394 2829 414 2856 ll
428 2829 502 2856 Petr.
515 2837 534 2861 ι,
546 2829 572 2856 5.
611 2829 652 2856 "I
668 2829 743 2856 Petr.
755 2837 781 2861 v,
793 2828 819 2861 8,
832 2828 858 2856 9.
897 2830 919 2844 “‘
931 2828 1032 2864 Ephes.
1046 2838 1066 2862 ι,
1078 2828 1122 2857 l5.

915 2884 1030 2912 VARle
1047 2882 1245 2912 LECTIONES.

302 2935 313 2949 ο
330 2929 402 2962 ναός.
441 2931 555 2966 ι’στεροὶ
583 2933 614 2967 τῇ
644 2931 741 2959 πίστει,
781 2931 808 2952 ιι⁴
826 2931 905 2967 αὐτῇ.
