  <div class='ocr_page' id='page_1' title='image "/cluster/home/n/w/nwhite01/storage/ocr_20150623/89/njp.32101064224908/726.png"; bbox 0 0 1969 3237; ppageno 0'>
   <div class='ocr_carea' id='block_1_1' title="bbox 53 218 123 254">
    <p class='ocr_par' dir='ltr' id='par_1_1' title="bbox 53 218 123 254">
     <span class='ocr_line' id='line_1_1' title="bbox 53 218 123 254; baseline 0 0"><span class='ocrx_word' id='word_1_1' title='bbox 53 218 123 254; x_wconf 68' lang='grc'><strong>1433</strong></span> 
     </span>
    </p>
   </div>
   <div class='ocr_carea' id='block_1_2' title="bbox 642 222 1083 253">
    <p class='ocr_par' dir='ltr' id='par_1_2' title="bbox 642 222 1083 253">
     <span class='ocr_line' id='line_1_2' title="bbox 642 222 1083 253; baseline 0.002 -1"><span class='ocrx_word' id='word_1_2' title='bbox 642 222 807 253; x_wconf 77' lang='lat' dir='ltr'><strong>HOMILIA</strong></span> <span class='ocrx_word' id='word_1_3' title='bbox 827 222 852 252; x_wconf 92' lang='grc' dir='ltr'><strong>Ι.</strong></span> <span class='ocrx_word' id='word_1_4' title='bbox 872 234 907 240; x_wconf 86' lang='grc'><strong>-</strong></span> <span class='ocrx_word' id='word_1_5' title='bbox 927 223 976 253; x_wconf 86' lang='lat' dir='ltr'><strong>DE</strong></span> <span class='ocrx_word' id='word_1_6' title='bbox 993 223 1083 253; x_wconf 86' lang='lat' dir='ltr'><strong>FIDE</strong></span> 
     </span>
    </p>
   </div>
   <div class='ocr_carea' id='block_1_3' title="bbox 1625 214 1693 247">
    <p class='ocr_par' dir='ltr' id='par_1_3' title="bbox 1625 214 1693 247">
     <span class='ocr_line' id='line_1_3' title="bbox 1625 214 1693 247; baseline -0.029 0"><span class='ocrx_word' id='word_1_7' title='bbox 1625 214 1693 247; x_wconf 69' lang='lat' dir='ltr'><strong>H34</strong></span> 
     </span>
    </p>
   </div>
   <div class='ocr_carea' id='block_1_4' title="bbox 53 273 863 314">
    <p class='ocr_par' dir='ltr' id='par_1_4' title="bbox 53 278 851 313">
     <span class='ocr_line' id='line_1_4' title="bbox 53 278 851 313; baseline 0 -7"><span class='ocrx_word' id='word_1_8' title='bbox 53 282 186 311; x_wconf 59' lang='grc' dir='ltr'>πίστεως.</span> <span class='ocrx_word' id='word_1_9' title='bbox 207 289 217 305; x_wconf 76' lang='grc' dir='ltr'><strong>ι</strong></span> <span class='ocrx_word' id='word_1_10' title='bbox 233 278 288 306; x_wconf 67' lang='grc' dir='ltr'><strong>Καὶ</strong></span> <span class='ocrx_word' id='word_1_11' title='bbox 298 278 429 313; x_wconf 76' lang='grc' dir='ltr'>ἀλλαχοῦ,</span> <span class='ocrx_word' id='word_1_12' title='bbox 451 287 460 304; x_wconf 76' lang='grc' dir='ltr'><strong>ι</strong></span> <span class='ocrx_word' id='word_1_13' title='bbox 475 278 530 306; x_wconf 74' lang='grc' dir='ltr'><strong>Καὶ</strong></span> <span class='ocrx_word' id='word_1_14' title='bbox 541 279 703 306; x_wconf 71' lang='grc' dir='ltr'><strong>ἐπίστευσεν</strong></span> <span class='ocrx_word' id='word_1_15' title='bbox 725 279 851 313; x_wconf 81' lang='grc' dir='ltr'>’Δϐραὰμ</span> 
     </span>
    </p>
   </div>
   <div class='ocr_carea' id='block_1_5' title="bbox 914 273 1694 314">
    <p class='ocr_par' dir='ltr' id='par_1_5' title="bbox 914 273 1694 314">
     <span class='ocr_line' id='line_1_5' title="bbox 914 273 1694 314; baseline -0.01 -7"><span class='ocrx_word' id='word_1_16' title='bbox 914 280 995 307; x_wconf 64' lang='grc' dir='ltr'>μηιιιία</span> <span class='ocrx_word' id='word_1_17' title='bbox 1010 280 1066 307; x_wconf 84' lang='lat' dir='ltr'><strong>tela</strong></span> <span class='ocrx_word' id='word_1_18' title='bbox 1081 278 1244 314; x_wconf 84' lang='lat' dir='ltr'><strong>nequissimi</strong></span> <span class='ocrx_word' id='word_1_19' title='bbox 1260 278 1340 314; x_wconf 75' lang='lat' dir='ltr'><strong>ignea</strong></span> <span class='ocrx_word' id='word_1_20' title='bbox 1355 276 1534 311; x_wconf 79' lang='lat' dir='ltr'><strong>exstinguere</strong></span> <span class='ocrx_word' id='word_1_21' title='bbox 1543 275 1577 301; x_wconf 84' lang='lat'><strong>&quot;’.</strong></span> <span class='ocrx_word' id='word_1_22' title='bbox 1594 283 1603 300; x_wconf 74' lang='grc' dir='ltr'><strong>ι</strong></span> <span class='ocrx_word' id='word_1_23' title='bbox 1624 273 1694 300; x_wconf 73' lang='grc' dir='ltr'>Βυι·‹</span> 
     </span>
    </p>
   </div>
   <div class='ocr_carea' id='block_1_6' title="bbox 52 324 852 361">
    <p class='ocr_par' dir='ltr' id='par_1_6' title="bbox 52 324 852 361">
     <span class='ocr_line' id='line_1_6' title="bbox 52 324 852 361; baseline -0.001 -8"><span class='ocrx_word' id='word_1_24' title='bbox 52 327 93 361; x_wconf 78' lang='grc' dir='ltr'><strong>τῷ</strong></span> <span class='ocrx_word' id='word_1_25' title='bbox 109 325 182 361; x_wconf 85' lang='grc' dir='ltr'>Θεῷ,</span> <span class='ocrx_word' id='word_1_26' title='bbox 199 326 246 352; x_wconf 74' lang='grc' dir='ltr'>καὶ</span> <span class='ocrx_word' id='word_1_27' title='bbox 258 324 387 361; x_wconf 70' lang='grc' dir='ltr'>ἐλογίσθη</span> <span class='ocrx_word' id='word_1_28' title='bbox 403 325 478 361; x_wconf 82' lang='grc' dir='ltr'>αύτῷ</span> <span class='ocrx_word' id='word_1_29' title='bbox 501 325 541 357; x_wconf 74' lang='grc' dir='ltr'><strong>εἰς</strong></span> <span class='ocrx_word' id='word_1_30' title='bbox 557 325 743 360; x_wconf 79' lang='grc' dir='ltr'>δικαιοσύνην.</span> <span class='ocrx_word' id='word_1_31' title='bbox 759 325 806 360; x_wconf 84' lang='grc' dir='ltr'><strong>Τῷ</strong></span> <span class='ocrx_word' id='word_1_32' title='bbox 824 326 852 352; x_wconf 74' lang='grc' dir='ltr'><strong>δὲ</strong></span> 
     </span>
    </p>
   </div>
   <div class='ocr_carea' id='block_1_7' title="bbox 55 370 854 408">
    <p class='ocr_par' dir='ltr' id='par_1_7' title="bbox 55 370 854 408">
     <span class='ocr_line' id='line_1_7' title="bbox 55 370 854 408; baseline -0.001 -9"><span class='ocrx_word' id='word_1_33' title='bbox 55 373 95 408; x_wconf 80' lang='grc' dir='ltr'>μὴ</span> <span class='ocrx_word' id='word_1_34' title='bbox 112 371 300 408; x_wconf 70' lang='grc' dir='ltr'>ἐργαζομένῳ,</span> <span class='ocrx_word' id='word_1_35' title='bbox 318 371 473 398; x_wconf 75' lang='grc' dir='ltr'><strong>πιστεύοντι</strong></span> <span class='ocrx_word' id='word_1_36' title='bbox 496 371 526 398; x_wconf 72' lang='grc' dir='ltr'><strong>δὲ</strong></span> <span class='ocrx_word' id='word_1_37' title='bbox 552 372 599 398; x_wconf 75' lang='grc' dir='ltr'><strong>ἐπὶ</strong></span> <span class='ocrx_word' id='word_1_38' title='bbox 621 371 668 398; x_wconf 78' lang='grc' dir='ltr'>τὸν</span> <span class='ocrx_word' id='word_1_39' title='bbox 696 370 854 398; x_wconf 82' lang='grc' dir='ltr'><strong>δικαιοῦντα</strong></span> 
     </span>
    </p>
   </div>
   <div class='ocr_carea' id='block_1_8' title="bbox 54 417 851 452">
    <p class='ocr_par' dir='ltr' id='par_1_8' title="bbox 54 417 851 452">
     <span class='ocr_line' id='line_1_8' title="bbox 54 417 851 452; baseline -0.003 -8"><span class='ocrx_word' id='word_1_40' title='bbox 54 419 102 444; x_wconf 71' lang='grc' dir='ltr'><strong>τὸν</strong></span> <span class='ocrx_word' id='word_1_41' title='bbox 115 418 214 452; x_wconf 80' lang='grc' dir='ltr'>ἀσεϐῆ,</span> <span class='ocrx_word' id='word_1_42' title='bbox 225 417 363 452; x_wconf 79' lang='grc' dir='ltr'>λογίζεται</span> <span class='ocrx_word' id='word_1_43' title='bbox 375 418 391 452; x_wconf 81' lang='grc' dir='ltr'><strong>ἡ</strong></span> <span class='ocrx_word' id='word_1_44' title='bbox 406 417 497 448; x_wconf 81' lang='grc' dir='ltr'>πίστις</span> <span class='ocrx_word' id='word_1_45' title='bbox 510 417 584 452; x_wconf 83' lang='grc' dir='ltr'><strong>αὗτῷ</strong></span> <span class='ocrx_word' id='word_1_46' title='bbox 595 418 635 448; x_wconf 77' lang='grc' dir='ltr'>εἰς</span> <span class='ocrx_word' id='word_1_47' title='bbox 648 417 851 452; x_wconf 72' lang='grc' dir='ltr'>δικαιοσύνην.»</span> 
     </span>
    </p>
   </div>
   <div class='ocr_carea' id='block_1_9' title="bbox 56 461 854 498">
    <p class='ocr_par' dir='ltr' id='par_1_9' title="bbox 56 461 854 498">
     <span class='ocr_line' id='line_1_9' title="bbox 56 461 854 498; baseline 0 -9"><span class='ocrx_word' id='word_1_48' title='bbox 56 463 114 489; x_wconf 73' lang='grc' dir='ltr'><strong>Καὶ</strong></span> <span class='ocrx_word' id='word_1_49' title='bbox 129 461 244 497; x_wconf 69' lang='grc' dir='ltr'>ὲπάγεί³</span> <span class='ocrx_word' id='word_1_50' title='bbox 260 472 269 488; x_wconf 76' lang='grc' dir='ltr'><strong>ι</strong></span> <span class='ocrx_word' id='word_1_51' title='bbox 286 462 335 489; x_wconf 79' lang='grc' dir='ltr'>Διὰ</span> <span class='ocrx_word' id='word_1_52' title='bbox 346 462 426 489; x_wconf 81' lang='grc' dir='ltr'>τοῦτο</span> <span class='ocrx_word' id='word_1_53' title='bbox 439 462 471 488; x_wconf 82' lang='grc' dir='ltr'><strong>ὲκ</strong></span> <span class='ocrx_word' id='word_1_54' title='bbox 485 462 614 495; x_wconf 81' lang='grc' dir='ltr'>πίστεως,</span> <span class='ocrx_word' id='word_1_55' title='bbox 631 463 674 489; x_wconf 81' lang='grc' dir='ltr'>ἵνα</span> <span class='ocrx_word' id='word_1_56' title='bbox 689 462 762 489; x_wconf 84' lang='grc' dir='ltr'>κατὰ</span> <span class='ocrx_word' id='word_1_57' title='bbox 774 462 854 498; x_wconf 81' lang='grc' dir='ltr'>χάριν</span> 
     </span>
    </p>
   </div>
   <div class='ocr_carea' id='block_1_10' title="bbox 55 505 855 543">
    <p class='ocr_par' dir='ltr' id='par_1_10' title="bbox 55 505 855 543">
     <span class='ocr_line' id='line_1_10' title="bbox 55 505 855 543; baseline 0 -9"><span class='ocrx_word' id='word_1_58' title='bbox 55 505 85 543; x_wconf 80' lang='grc' dir='ltr'>ᾖ,</span> <span class='ocrx_word' id='word_1_59' title='bbox 102 508 143 536; x_wconf 73' lang='grc' dir='ltr'><strong>εἰς</strong></span> <span class='ocrx_word' id='word_1_60' title='bbox 158 508 189 534; x_wconf 73' lang='grc' dir='ltr'><strong>τὸ</strong></span> <span class='ocrx_word' id='word_1_61' title='bbox 206 506 276 535; x_wconf 76' lang='grc' dir='ltr'>εἶναι</span> <span class='ocrx_word' id='word_1_62' title='bbox 303 507 416 543; x_wconf 79' lang='grc' dir='ltr'>βεϐαίαν</span> <span class='ocrx_word' id='word_1_63' title='bbox 432 508 515 535; x_wconf 77' lang='grc' dir='ltr'>παντὶ</span> <span class='ocrx_word' id='word_1_64' title='bbox 534 508 574 543; x_wconf 83' lang='grc' dir='ltr'>τῷ</span> <span class='ocrx_word' id='word_1_65' title='bbox 593 509 746 543; x_wconf 79' lang='grc' dir='ltr'>σπέρματι,</span> <span class='ocrx_word' id='word_1_66' title='bbox 769 509 801 535; x_wconf 82' lang='grc' dir='ltr'>οὐ</span> <span class='ocrx_word' id='word_1_67' title='bbox 816 508 855 543; x_wconf 87' lang='grc' dir='ltr'>τῷ</span> 
     </span>
    </p>
   </div>
   <div class='ocr_carea' id='block_1_11' title="bbox 58 553 854 589">
    <p class='ocr_par' dir='ltr' id='par_1_11' title="bbox 58 553 854 589">
     <span class='ocr_line' id='line_1_11' title="bbox 58 553 854 589; baseline 0.001 -9"><span class='ocrx_word' id='word_1_68' title='bbox 58 555 92 580; x_wconf 77' lang='grc' dir='ltr'>ἐκ</span> <span class='ocrx_word' id='word_1_69' title='bbox 107 553 192 588; x_wconf 84' lang='grc' dir='ltr'>νόμου</span> <span class='ocrx_word' id='word_1_70' title='bbox 210 553 302 588; x_wconf 80' lang='grc' dir='ltr'>μόνον,</span> <span class='ocrx_word' id='word_1_71' title='bbox 327 553 396 580; x_wconf 80' lang='grc' dir='ltr'>ἀλλὰ</span> <span class='ocrx_word' id='word_1_72' title='bbox 412 554 461 580; x_wconf 82' lang='grc' dir='ltr'>καὶ</span> <span class='ocrx_word' id='word_1_73' title='bbox 475 553 513 589; x_wconf 82' lang='grc' dir='ltr'>τῷ</span> <span class='ocrx_word' id='word_1_74' title='bbox 534 554 567 580; x_wconf 78' lang='grc' dir='ltr'><strong>ὲκ</strong></span> <span class='ocrx_word' id='word_1_75' title='bbox 581 554 700 585; x_wconf 79' lang='grc' dir='ltr'>πίστεως</span> <span class='ocrx_word' id='word_1_76' title='bbox 719 554 854 589; x_wconf 71' lang='grc' dir='ltr'>Ἁϐραάμ.</span> 
     </span>
    </p>
   </div>
   <div class='ocr_carea' id='block_1_12' title="bbox 57 599 855 635">
    <p class='ocr_par' dir='ltr' id='par_1_12' title="bbox 57 599 855 635">
     <span class='ocr_line' id='line_1_12' title="bbox 57 599 855 635; baseline 0.001 -10"><span class='ocrx_word' id='word_1_77' title='bbox 57 599 118 625; x_wconf 85' lang='grc' dir='ltr'><strong>Οὐκ</strong></span> <span class='ocrx_word' id='word_1_78' title='bbox 135 599 243 633; x_wconf 77' lang='grc' dir='ltr'>ἐγράφη</span> <span class='ocrx_word' id='word_1_79' title='bbox 257 599 286 625; x_wconf 78' lang='grc' dir='ltr'><strong>δὲ</strong></span> <span class='ocrx_word' id='word_1_80' title='bbox 300 599 333 625; x_wconf 71' lang='grc' dir='ltr'><strong>δι’</strong></span> <span class='ocrx_word' id='word_1_81' title='bbox 350 599 431 625; x_wconf 83' lang='grc' dir='ltr'>αύτδν</span> <span class='ocrx_word' id='word_1_82' title='bbox 457 599 548 634; x_wconf 88' lang='grc' dir='ltr'>μόνον,</span> <span class='ocrx_word' id='word_1_83' title='bbox 568 599 637 625; x_wconf 82' lang='grc' dir='ltr'>ἀλλὰ</span> <span class='ocrx_word' id='word_1_84' title='bbox 661 599 709 625; x_wconf 76' lang='grc' dir='ltr'><strong>καὶ</strong></span> <span class='ocrx_word' id='word_1_85' title='bbox 722 600 755 625; x_wconf 86' lang='grc' dir='ltr'>δι’</span> <span class='ocrx_word' id='word_1_86' title='bbox 769 600 855 635; x_wconf 77' lang='grc' dir='ltr'>ἡμᾶς,</span> 
     </span>
    </p>
   </div>
   <div class='ocr_carea' id='block_1_13' title="bbox 57 641 858 678">
    <p class='ocr_par' dir='ltr' id='par_1_13' title="bbox 57 641 858 678">
     <span class='ocr_line' id='line_1_13' title="bbox 57 641 858 678; baseline 0.001 -8"><span class='ocrx_word' id='word_1_87' title='bbox 57 641 101 674; x_wconf 79' lang='grc' dir='ltr'>οἷς</span> <span class='ocrx_word' id='word_1_88' title='bbox 118 644 212 678; x_wconf 82' lang='grc' dir='ltr'><strong>μέλλει</strong></span> <span class='ocrx_word' id='word_1_89' title='bbox 226 643 384 678; x_wconf 74' lang='grc' dir='ltr'>λογίζεσθαι</span> <span class='ocrx_word' id='word_1_90' title='bbox 398 645 456 676; x_wconf 86' lang='grc' dir='ltr'>τοῖς</span> <span class='ocrx_word' id='word_1_91' title='bbox 479 644 653 671; x_wconf 73' lang='grc' dir='ltr'><strong>πιστεύουσιν</strong></span> <span class='ocrx_word' id='word_1_92' title='bbox 669 645 715 671; x_wconf 76' lang='grc' dir='ltr'>ἐπὶ</span> <span class='ocrx_word' id='word_1_93' title='bbox 738 645 784 671; x_wconf 77' lang='grc' dir='ltr'>τὸν</span> <span class='ocrx_word' id='word_1_94' title='bbox 802 645 858 671; x_wconf 85' lang='grc' dir='ltr'><strong>Κύ-</strong></span> 
     </span>
    </p>
   </div>
   <div class='ocr_carea' id='block_1_14' title="bbox 62 689 858 725">
    <p class='ocr_par' dir='ltr' id='par_1_14' title="bbox 62 689 858 725">
     <span class='ocr_line' id='line_1_14' title="bbox 62 689 858 725; baseline 0.004 -10"><span class='ocrx_word' id='word_1_95' title='bbox 62 698 120 723; x_wconf 86' lang='grc' dir='ltr'>ριον</span> <span class='ocrx_word' id='word_1_96' title='bbox 139 689 218 724; x_wconf 75' lang='grc' dir='ltr'>ἡμῶν</span> <span class='ocrx_word' id='word_1_97' title='bbox 241 690 345 725; x_wconf 79' lang='grc' dir='ltr'><strong>Ἰησοῦν</strong></span> <span class='ocrx_word' id='word_1_98' title='bbox 367 690 495 725; x_wconf 84' lang='grc' dir='ltr'>Χριστόν.</span> <span class='ocrx_word' id='word_1_99' title='bbox 526 690 728 722; x_wconf 79' lang='grc' dir='ltr'>Δικαιωθέντες</span> <span class='ocrx_word' id='word_1_100' title='bbox 757 689 804 718; x_wconf 87' lang='grc' dir='ltr'>οὖν</span> <span class='ocrx_word' id='word_1_101' title='bbox 826 693 858 718; x_wconf 80' lang='grc' dir='ltr'><strong>ὲκ</strong></span> 
     </span>
    </p>
   </div>
   <div class='ocr_carea' id='block_1_15' title="bbox 60 735 858 771">
    <p class='ocr_par' dir='ltr' id='par_1_15' title="bbox 60 735 858 771">
     <span class='ocr_line' id='line_1_15' title="bbox 60 735 858 771; baseline 0.005 -11"><span class='ocrx_word' id='word_1_102' title='bbox 60 735 181 765; x_wconf 82' lang='grc' dir='ltr'>πίστεως</span> <span class='ocrx_word' id='word_1_103' title='bbox 195 735 307 770; x_wconf 73' lang='grc' dir='ltr'>εἰρήνην</span> <span class='ocrx_word' id='word_1_104' title='bbox 323 735 423 771; x_wconf 71' lang='grc' dir='ltr'>ἔχομεν</span> <span class='ocrx_word' id='word_1_105' title='bbox 446 736 514 771; x_wconf 76' lang='grc' dir='ltr'>πρὸς</span> <span class='ocrx_word' id='word_1_106' title='bbox 528 736 574 762; x_wconf 76' lang='grc' dir='ltr'>τὸν</span> <span class='ocrx_word' id='word_1_107' title='bbox 591 736 658 763; x_wconf 85' lang='grc' dir='ltr'>Θεδν</span> <span class='ocrx_word' id='word_1_108' title='bbox 669 737 720 764; x_wconf 81' lang='grc' dir='ltr'>διὰ</span> <span class='ocrx_word' id='word_1_109' title='bbox 736 737 785 764; x_wconf 89' lang='grc' dir='ltr'><strong>τοῦ</strong></span> <span class='ocrx_word' id='word_1_110' title='bbox 800 738 858 764; x_wconf 84' lang='grc' dir='ltr'>Κυ-</span> 
     </span>
    </p>
   </div>
   <div class='ocr_carea' id='block_1_16' title="bbox 61 779 858 817">
    <p class='ocr_par' dir='ltr' id='par_1_16' title="bbox 61 779 858 817">
     <span class='ocr_line' id='line_1_16' title="bbox 61 779 858 817; baseline 0.005 -11"><span class='ocrx_word' id='word_1_111' title='bbox 61 779 122 815; x_wconf 83' lang='grc' dir='ltr'>ρίου</span> <span class='ocrx_word' id='word_1_112' title='bbox 130 780 211 815; x_wconf 81' lang='grc' dir='ltr'>ὴμῶν</span> <span class='ocrx_word' id='word_1_113' title='bbox 236 781 324 816; x_wconf 79' lang='grc' dir='ltr'>Ἰησοῦ</span> <span class='ocrx_word' id='word_1_114' title='bbox 343 782 474 816; x_wconf 76' lang='grc' dir='ltr'><strong>Χριστοῦ.</strong></span> <span class='ocrx_word' id='word_1_115' title='bbox 491 791 500 807; x_wconf 72' lang='grc' dir='ltr'><strong>ι</strong></span> <span class='ocrx_word' id='word_1_116' title='bbox 517 782 574 809; x_wconf 79' lang='grc' dir='ltr'><strong>Καὶ</strong></span> <span class='ocrx_word' id='word_1_117' title='bbox 588 783 727 817; x_wconf 76' lang='grc' dir='ltr'>Τιμοθέῳο</span> <span class='ocrx_word' id='word_1_118' title='bbox 748 792 757 807; x_wconf 82' lang='grc' dir='ltr'><strong>ι</strong></span> <span class='ocrx_word' id='word_1_119' title='bbox 771 783 858 810; x_wconf 84' lang='grc' dir='ltr'>Δίωκε</span> 
     </span>
    </p>
   </div>
   <div class='ocr_carea' id='block_1_17' title="bbox 59 825 859 863">
    <p class='ocr_par' dir='ltr' id='par_1_17' title="bbox 59 825 859 863">
     <span class='ocr_line' id='line_1_17' title="bbox 59 825 859 863; baseline 0.005 -12"><span class='ocrx_word' id='word_1_120' title='bbox 59 825 250 861; x_wconf 79' lang='grc' dir='ltr'>δικαιοσύνην,</span> <span class='ocrx_word' id='word_1_121' title='bbox 268 827 369 859; x_wconf 81' lang='grc' dir='ltr'>πίστιν,</span> <span class='ocrx_word' id='word_1_122' title='bbox 385 827 508 862; x_wconf 72' lang='grc' dir='ltr'>ἀγάπην,</span> <span class='ocrx_word' id='word_1_123' title='bbox 532 829 645 863; x_wconf 74' lang='grc' dir='ltr'>εῑρήνην</span> <span class='ocrx_word' id='word_1_124' title='bbox 665 829 735 862; x_wconf 81' lang='grc' dir='ltr'>μετὰ</span> <span class='ocrx_word' id='word_1_125' title='bbox 751 829 859 856; x_wconf 81' lang='grc' dir='ltr'>πάντων</span> 
     </span>
    </p>
   </div>
   <div class='ocr_carea' id='block_1_18' title="bbox 59 871 859 909">
    <p class='ocr_par' dir='ltr' id='par_1_18' title="bbox 59 871 859 909">
     <span class='ocr_line' id='line_1_18' title="bbox 59 871 859 909; baseline 0.003 -11"><span class='ocrx_word' id='word_1_126' title='bbox 59 871 116 898; x_wconf 82' lang='grc' dir='ltr'><strong>τῶν</strong></span> <span class='ocrx_word' id='word_1_127' title='bbox 131 872 358 907; x_wconf 60' lang='grc' dir='ltr'>ἐπικαλουμένων</span> <span class='ocrx_word' id='word_1_128' title='bbox 373 873 418 899; x_wconf 76' lang='grc' dir='ltr'>τὸν</span> <span class='ocrx_word' id='word_1_129' title='bbox 433 873 547 908; x_wconf 86' lang='grc' dir='ltr'>Κύριον.</span> <span class='ocrx_word' id='word_1_130' title='bbox 564 883 573 900; x_wconf 72' lang='grc' dir='ltr'><strong>ι</strong></span> <span class='ocrx_word' id='word_1_131' title='bbox 593 874 659 900; x_wconf 79' lang='grc' dir='ltr'><strong>Καί’</strong></span> <span class='ocrx_word' id='word_1_132' title='bbox 681 884 691 900; x_wconf 88' lang='grc'><em>‹</em></span> <span class='ocrx_word' id='word_1_133' title='bbox 704 874 859 909; x_wconf 60' lang='grc' dir='ltr'>Χωρὶςπί-</span> 
     </span>
    </p>
   </div>
   <div class='ocr_carea' id='block_1_19' title="bbox 62 918 858 954">
    <p class='ocr_par' dir='ltr' id='par_1_19' title="bbox 62 918 858 954">
     <span class='ocr_line' id='line_1_19' title="bbox 62 918 858 954; baseline 0.003 -10"><span class='ocrx_word' id='word_1_134' title='bbox 62 926 149 950; x_wconf 86' lang='grc' dir='ltr'>στεως</span> <span class='ocrx_word' id='word_1_135' title='bbox 164 918 298 945; x_wconf 81' lang='grc' dir='ltr'>ἀδύνατον</span> <span class='ocrx_word' id='word_1_136' title='bbox 310 918 493 954; x_wconf 73' lang='grc' dir='ltr'><strong>εὐαρεστῆσαι</strong></span> <span class='ocrx_word' id='word_1_137' title='bbox 505 919 575 954; x_wconf 84' lang='grc' dir='ltr'><strong>Θεῷ.</strong></span> <span class='ocrx_word' id='word_1_138' title='bbox 591 929 600 945; x_wconf 82' lang='grc' dir='ltr'><strong>ι</strong></span> <span class='ocrx_word' id='word_1_139' title='bbox 615 919 693 946; x_wconf 69' lang='grc' dir='ltr'>Καὶό</span> <span class='ocrx_word' id='word_1_140' title='bbox 713 919 839 954; x_wconf 85' lang='grc' dir='ltr'>Ἰωάννης</span> <span class='ocrx_word' id='word_1_141' title='bbox 850 928 858 935; x_wconf 89' lang='grc'><strong>·</strong></span> 
     </span>
    </p>
   </div>
   <div class='ocr_carea' id='block_1_20' title="bbox 64 963 860 1000">
    <p class='ocr_par' dir='ltr' id='par_1_20' title="bbox 64 963 860 1000">
     <span class='ocr_line' id='line_1_20' title="bbox 64 963 860 1000; baseline 0.004 -11"><span class='ocrx_word' id='word_1_142' title='bbox 64 972 73 989; x_wconf 75' lang='grc' dir='ltr'><strong>ι</strong></span> <span class='ocrx_word' id='word_1_143' title='bbox 89 963 166 999; x_wconf 74' lang='grc' dir='ltr'>Αὕτη</span> <span class='ocrx_word' id='word_1_144' title='bbox 197 963 272 990; x_wconf 66' lang='grc' dir='ltr'>ἕστὶν</span> <span class='ocrx_word' id='word_1_145' title='bbox 293 964 414 999; x_wconf 79' lang='grc' dir='ltr'>ὴὲντολὴ</span> <span class='ocrx_word' id='word_1_146' title='bbox 436 964 537 996; x_wconf 82' lang='grc' dir='ltr'>αὐτοῦ,</span> <span class='ocrx_word' id='word_1_147' title='bbox 562 965 606 991; x_wconf 82' lang='grc' dir='ltr'>ἵνα</span> <span class='ocrx_word' id='word_1_148' title='bbox 629 965 804 1000; x_wconf 77' lang='grc' dir='ltr'><strong>πιστεύωμεν</strong></span> <span class='ocrx_word' id='word_1_149' title='bbox 822 965 860 1000; x_wconf 90' lang='grc' dir='ltr'>τῷ</span> 
     </span>
    </p>
   </div>
   <div class='ocr_carea' id='block_1_21' title="bbox 61 1007 862 1045">
    <p class='ocr_par' dir='ltr' id='par_1_21' title="bbox 61 1007 862 1045">
     <span class='ocr_line' id='line_1_21' title="bbox 61 1007 862 1045; baseline 0.002 -11"><span class='ocrx_word' id='word_1_150' title='bbox 61 1008 176 1043; x_wconf 80' lang='grc' dir='ltr'>ὀνόματι</span> <span class='ocrx_word' id='word_1_151' title='bbox 191 1013 203 1028; x_wconf 72' lang='grc' dir='ltr'><strong>ε</strong></span> <span class='ocrx_word' id='word_1_152' title='bbox 219 1008 266 1035; x_wconf 89' lang='grc' dir='ltr'><strong>τοῦ</strong></span> <span class='ocrx_word' id='word_1_153' title='bbox 296 1007 363 1035; x_wconf 76' lang='grc' dir='ltr'>Υἱοῦ</span> <span class='ocrx_word' id='word_1_154' title='bbox 380 1008 468 1036; x_wconf 83' lang='grc' dir='ltr'>αὐτοῦ</span> <span class='ocrx_word' id='word_1_155' title='bbox 490 1009 578 1044; x_wconf 82' lang='grc' dir='ltr'>Ἰησοῦ</span> <span class='ocrx_word' id='word_1_156' title='bbox 601 1009 731 1045; x_wconf 81' lang='grc' dir='ltr'><strong>Χριστοῦ,</strong></span> <span class='ocrx_word' id='word_1_157' title='bbox 752 1010 800 1036; x_wconf 75' lang='grc' dir='ltr'><strong>καὶ</strong></span> <span class='ocrx_word' id='word_1_158' title='bbox 818 1010 862 1036; x_wconf 77' lang='grc' dir='ltr'>ἵνα</span> 
     </span>
    </p>
   </div>
   <div class='ocr_carea' id='block_1_22' title="bbox 61 1053 862 1092">
    <p class='ocr_par' dir='ltr' id='par_1_22' title="bbox 61 1053 862 1092">
     <span class='ocr_line' id='line_1_22' title="bbox 61 1053 862 1092; baseline 0.002 -12"><span class='ocrx_word' id='word_1_159' title='bbox 61 1054 239 1085; x_wconf 79' lang='grc' dir='ltr'>πιστεύοντες</span> <span class='ocrx_word' id='word_1_160' title='bbox 264 1054 337 1089; x_wconf 78' lang='grc' dir='ltr'>ζωὴν</span> <span class='ocrx_word' id='word_1_161' title='bbox 363 1053 473 1082; x_wconf 82' lang='grc' dir='ltr'>αἰώνιον</span> <span class='ocrx_word' id='word_1_162' title='bbox 502 1055 594 1090; x_wconf 75' lang='grc' dir='ltr'>ἔχητε.</span> <span class='ocrx_word' id='word_1_163' title='bbox 614 1064 624 1081; x_wconf 80' lang='grc'><strong>›</strong></span> <span class='ocrx_word' id='word_1_164' title='bbox 654 1055 683 1083; x_wconf 92' lang='grc' dir='ltr'><strong>Ὀ</strong></span> <span class='ocrx_word' id='word_1_165' title='bbox 706 1055 734 1082; x_wconf 86' lang='grc' dir='ltr'><strong>δὲ</strong></span> <span class='ocrx_word' id='word_1_166' title='bbox 757 1055 862 1092; x_wconf 83' lang='grc' dir='ltr'>Κύριος</span> 
     </span>
    </p>
   </div>
   <div class='ocr_carea' id='block_1_23' title="bbox 61 1099 860 1136">
    <p class='ocr_par' dir='ltr' id='par_1_23' title="bbox 61 1099 860 1136">
     <span class='ocr_line' id='line_1_23' title="bbox 61 1099 860 1136; baseline 0.003 -10"><span class='ocrx_word' id='word_1_167' title='bbox 61 1099 145 1135; x_wconf 79' lang='grc' dir='ltr'>ἡμῶν</span> <span class='ocrx_word' id='word_1_168' title='bbox 162 1100 269 1135; x_wconf 74' lang='grc' dir='ltr'>Ἰησοῦς</span> <span class='ocrx_word' id='word_1_169' title='bbox 287 1100 405 1135; x_wconf 74' lang='grc' dir='ltr'>Χριστὸς</span> <span class='ocrx_word' id='word_1_170' title='bbox 421 1102 435 1127; x_wconf 85' lang='grc' dir='ltr'><strong>ό</strong></span> <span class='ocrx_word' id='word_1_171' title='bbox 448 1101 576 1136; x_wconf 67' lang='grc' dir='ltr'>ἀληθινὸς</span> <span class='ocrx_word' id='word_1_172' title='bbox 591 1101 669 1136; x_wconf 80' lang='grc' dir='ltr'>ἡμῶν</span> <span class='ocrx_word' id='word_1_173' title='bbox 683 1101 750 1133; x_wconf 84' lang='grc' dir='ltr'>θεός</span> <span class='ocrx_word' id='word_1_174' title='bbox 768 1110 860 1136; x_wconf 75' lang='grc' dir='ltr'>φησιν,</span> 
     </span>
    </p>
   </div>
   <div class='ocr_carea' id='block_1_24' title="bbox 65 1144 861 1182">
    <p class='ocr_par' dir='ltr' id='par_1_24' title="bbox 65 1144 861 1182">
     <span class='ocr_line' id='line_1_24' title="bbox 65 1144 861 1182; baseline 0.001 -9"><span class='ocrx_word' id='word_1_175' title='bbox 65 1156 75 1173; x_wconf 76' lang='grc' dir='ltr'><strong>ι</strong></span> <span class='ocrx_word' id='word_1_176' title='bbox 94 1146 124 1173; x_wconf 84' lang='lat'><strong>&#39;0</strong></span> <span class='ocrx_word' id='word_1_177' title='bbox 137 1146 273 1174; x_wconf 81' lang='grc' dir='ltr'>πιστεύων</span> <span class='ocrx_word' id='word_1_178' title='bbox 288 1148 329 1179; x_wconf 82' lang='grc' dir='ltr'>εἰς</span> <span class='ocrx_word' id='word_1_179' title='bbox 344 1144 539 1182; x_wconf 45' lang='lat' dir='ltr'><strong>Apsf-uorago!</strong></span> <span class='ocrx_word' id='word_1_180' title='bbox 552 1148 584 1174; x_wconf 73' lang='grc' dir='ltr'><strong>ἐκ</strong></span> <span class='ocrx_word' id='word_1_181' title='bbox 595 1147 644 1182; x_wconf 84' lang='grc' dir='ltr'>τῆς</span> <span class='ocrx_word' id='word_1_182' title='bbox 659 1147 764 1180; x_wconf 76' lang='grc' dir='ltr'>κοιλίας</span> <span class='ocrx_word' id='word_1_183' title='bbox 778 1148 861 1174; x_wconf 79' lang='grc' dir='ltr'>αὑτοῦ</span> 
     </span>
    </p>
   </div>
   <div class='ocr_carea' id='block_1_25' title="bbox 64 1192 861 1230">
    <p class='ocr_par' dir='ltr' id='par_1_25' title="bbox 64 1192 861 1230">
     <span class='ocr_line' id='line_1_25' title="bbox 64 1192 861 1230; baseline 0.001 -11"><span class='ocrx_word' id='word_1_184' title='bbox 64 1192 211 1229; x_wconf 78' lang='grc' dir='ltr'>ῥεύσουσιν</span> <span class='ocrx_word' id='word_1_185' title='bbox 226 1193 323 1224; x_wconf 84' lang='grc' dir='ltr'>ὓδατος</span> <span class='ocrx_word' id='word_1_186' title='bbox 343 1193 470 1225; x_wconf 76' lang='grc' dir='ltr'>ζῶντος.)</span> <span class='ocrx_word' id='word_1_187' title='bbox 481 1194 566 1220; x_wconf 88' lang='grc' dir='ltr'>Τοῦτο</span> <span class='ocrx_word' id='word_1_188' title='bbox 580 1193 610 1220; x_wconf 68' lang='grc' dir='ltr'><strong>δὲ</strong></span> <span class='ocrx_word' id='word_1_189' title='bbox 635 1193 712 1228; x_wconf 79' lang='grc' dir='ltr'>ἔλεγε</span> <span class='ocrx_word' id='word_1_190' title='bbox 736 1195 800 1230; x_wconf 70' lang='grc' dir='ltr'>περὶ</span> <span class='ocrx_word' id='word_1_191' title='bbox 815 1194 861 1221; x_wconf 82' lang='grc' dir='ltr'><strong>τοῦ</strong></span> 
     </span>
    </p>
   </div>
   <div class='ocr_carea' id='block_1_26' title="bbox 63 1237 864 1274">
    <p class='ocr_par' dir='ltr' id='par_1_26' title="bbox 63 1237 864 1274">
     <span class='ocr_line' id='line_1_26' title="bbox 63 1237 864 1274; baseline 0.001 -9"><span class='ocrx_word' id='word_1_192' title='bbox 63 1239 237 1274; x_wconf 81' lang='grc' dir='ltr'>Πνεύματος,</span> <span class='ocrx_word' id='word_1_193' title='bbox 256 1237 286 1266; x_wconf 69' lang='grc' dir='ltr'><strong>οὗ</strong></span> <span class='ocrx_word' id='word_1_194' title='bbox 300 1238 417 1274; x_wconf 76' lang='grc' dir='ltr'>ἤμελλον</span> <span class='ocrx_word' id='word_1_195' title='bbox 431 1239 582 1274; x_wconf 76' lang='grc' dir='ltr'>λαμϐάνειν</span> <span class='ocrx_word' id='word_1_196' title='bbox 595 1240 620 1266; x_wconf 90' lang='grc' dir='ltr'>οἱ</span> <span class='ocrx_word' id='word_1_197' title='bbox 635 1240 812 1272; x_wconf 78' lang='grc' dir='ltr'>πιστεύοντες</span> <span class='ocrx_word' id='word_1_198' title='bbox 823 1241 864 1272; x_wconf 67' lang='grc' dir='ltr'>εἰς</span> 
     </span>
    </p>
   </div>
   <div class='ocr_carea' id='block_1_27' title="bbox 63 1285 864 1320">
    <p class='ocr_par' dir='ltr' id='par_1_27' title="bbox 63 1285 864 1320">
     <span class='ocr_line' id='line_1_27' title="bbox 63 1285 864 1320; baseline 0 -8"><span class='ocrx_word' id='word_1_199' title='bbox 63 1285 157 1312; x_wconf 81' lang='grc' dir='ltr'>αὐτόν.</span> <span class='ocrx_word' id='word_1_200' title='bbox 203 1285 257 1311; x_wconf 72' lang='grc' dir='ltr'><strong>Καὶ</strong></span> <span class='ocrx_word' id='word_1_201' title='bbox 272 1285 365 1311; x_wconf 84' lang='grc' dir='ltr'>πάλιν·</span> <span class='ocrx_word' id='word_1_202' title='bbox 383 1294 393 1310; x_wconf 82' lang='grc'><em>‹</em></span> <span class='ocrx_word' id='word_1_203' title='bbox 408 1285 457 1317; x_wconf 84' lang='grc' dir='ltr'>Τίς</span> <span class='ocrx_word' id='word_1_204' title='bbox 474 1285 527 1320; x_wconf 79' lang='grc' dir='ltr'>ἄρα</span> <span class='ocrx_word' id='word_1_205' title='bbox 544 1285 618 1312; x_wconf 73' lang='grc' dir='ltr'>ἐστὶν</span> <span class='ocrx_word' id='word_1_206' title='bbox 632 1286 646 1312; x_wconf 90' lang='grc' dir='ltr'><strong>ό</strong></span> <span class='ocrx_word' id='word_1_207' title='bbox 662 1285 758 1317; x_wconf 81' lang='grc' dir='ltr'>πιστὸς</span> <span class='ocrx_word' id='word_1_208' title='bbox 770 1285 864 1317; x_wconf 83' lang='grc' dir='ltr'>δοῦλος</span> 
     </span>
    </p>
   </div>
   <div class='ocr_carea' id='block_1_28' title="bbox 63 1331 862 1366">
    <p class='ocr_par' dir='ltr' id='par_1_28' title="bbox 63 1331 862 1366">
     <span class='ocr_line' id='line_1_28' title="bbox 63 1331 862 1366; baseline -0.001 -8"><span class='ocrx_word' id='word_1_209' title='bbox 63 1331 112 1358; x_wconf 83' lang='grc' dir='ltr'>καὶ</span> <span class='ocrx_word' id='word_1_210' title='bbox 124 1331 277 1365; x_wconf 78' lang='grc' dir='ltr'>φρόνιμος;</span> <span class='ocrx_word' id='word_1_211' title='bbox 296 1340 304 1356; x_wconf 80' lang='grc' dir='ltr'><strong>ι</strong></span> <span class='ocrx_word' id='word_1_212' title='bbox 325 1331 372 1357; x_wconf 74' lang='grc' dir='ltr'><strong>καί</strong></span> <span class='ocrx_word' id='word_1_213' title='bbox 382 1331 451 1366; x_wconf 78' lang='grc' dir='ltr'><strong>ἄλλῃ</strong></span> <span class='ocrx_word' id='word_1_214' title='bbox 468 1331 493 1350; x_wconf 73' lang='grc' dir='ltr'><strong>ιι·</strong></span> <span class='ocrx_word' id='word_1_215' title='bbox 513 1340 522 1356; x_wconf 79' lang='grc' dir='ltr'><strong>ι</strong></span> <span class='ocrx_word' id='word_1_216' title='bbox 535 1331 568 1358; x_wconf 85' lang='grc' dir='ltr'><strong>Ἡ</strong></span> <span class='ocrx_word' id='word_1_217' title='bbox 584 1331 677 1362; x_wconf 78' lang='grc' dir='ltr'>πίστις</span> <span class='ocrx_word' id='word_1_218' title='bbox 693 1339 739 1358; x_wconf 88' lang='grc' dir='ltr'><strong>σου</strong></span> <span class='ocrx_word' id='word_1_219' title='bbox 759 1331 862 1357; x_wconf 77' lang='grc' dir='ltr'>σέσωκέ</span> 
     </span>
    </p>
   </div>
   <div class='ocr_carea' id='block_1_29' title="bbox 65 1376 863 1412">
    <p class='ocr_par' dir='ltr' id='par_1_29' title="bbox 65 1376 863 1412">
     <span class='ocr_line' id='line_1_29' title="bbox 65 1376 863 1412; baseline 0 -9"><span class='ocrx_word' id='word_1_220' title='bbox 65 1385 107 1409; x_wconf 85' lang='grc' dir='ltr'><strong>σε,</strong></span> <span class='ocrx_word' id='word_1_221' title='bbox 128 1376 245 1411; x_wconf 80' lang='grc' dir='ltr'>πορεύου</span> <span class='ocrx_word' id='word_1_222' title='bbox 263 1377 303 1408; x_wconf 85' lang='grc' dir='ltr'><strong>εἰς</strong></span> <span class='ocrx_word' id='word_1_223' title='bbox 317 1377 440 1412; x_wconf 78' lang='grc' dir='ltr'>εἰρήνην.</span> <span class='ocrx_word' id='word_1_224' title='bbox 459 1387 468 1403; x_wconf 76' lang='grc' dir='ltr'><strong>ι</strong></span> <span class='ocrx_word' id='word_1_225' title='bbox 487 1377 541 1404; x_wconf 64' lang='grc' dir='ltr'><strong>Καὶ⁴</strong></span> <span class='ocrx_word' id='word_1_226' title='bbox 554 1378 588 1412; x_wconf 85' lang='grc' dir='ltr'><strong>τῇ</strong></span> <span class='ocrx_word' id='word_1_227' title='bbox 603 1377 704 1412; x_wconf 73' lang='grc' dir='ltr'>Μάρθα</span> <span class='ocrx_word' id='word_1_228' title='bbox 716 1384 724 1392; x_wconf 61' lang='grc' dir='ltr'>ν</span> <span class='ocrx_word' id='word_1_229' title='bbox 742 1386 750 1403; x_wconf 80' lang='grc' dir='ltr'><strong>ι</strong></span> <span class='ocrx_word' id='word_1_230' title='bbox 774 1377 803 1403; x_wconf 90' lang='lat'><strong>&#39;0</strong></span> <span class='ocrx_word' id='word_1_231' title='bbox 817 1385 863 1403; x_wconf 79' lang='grc' dir='ltr'>πι-</span> 
     </span>
    </p>
   </div>
   <div class='ocr_carea' id='block_1_30' title="bbox 65 1422 864 1458">
    <p class='ocr_par' dir='ltr' id='par_1_30' title="bbox 65 1422 864 1458">
     <span class='ocr_line' id='line_1_30' title="bbox 65 1422 864 1458; baseline -0.001 -9"><span class='ocrx_word' id='word_1_232' title='bbox 65 1424 171 1449; x_wconf 79' lang='grc' dir='ltr'>στεύων</span> <span class='ocrx_word' id='word_1_233' title='bbox 195 1423 235 1454; x_wconf 82' lang='grc' dir='ltr'>εῑς</span> <span class='ocrx_word' id='word_1_234' title='bbox 256 1422 316 1457; x_wconf 80' lang='grc' dir='ltr'>ἐμὲ,</span> <span class='ocrx_word' id='word_1_235' title='bbox 337 1422 389 1449; x_wconf 75' lang='grc' dir='ltr'>κᾶν</span> <span class='ocrx_word' id='word_1_236' title='bbox 409 1422 544 1458; x_wconf 86' lang='grc' dir='ltr'>ἀποθάνῃ,</span> <span class='ocrx_word' id='word_1_237' title='bbox 570 1422 692 1458; x_wconf 78' lang='grc' dir='ltr'>ζήσεται.</span> <span class='ocrx_word' id='word_1_238' title='bbox 711 1432 721 1448; x_wconf 71' lang='grc' dir='ltr'><strong>ι</strong></span> <span class='ocrx_word' id='word_1_239' title='bbox 740 1422 794 1449; x_wconf 70' lang='grc' dir='ltr'><strong>Καὶ</strong></span> <span class='ocrx_word' id='word_1_240' title='bbox 808 1423 864 1453; x_wconf 82' lang='grc' dir='ltr'>τοῖς</span> 
     </span>
    </p>
   </div>
   <div class='ocr_carea' id='block_1_31' title="bbox 66 1467 862 1504">
    <p class='ocr_par' dir='ltr' id='par_1_31' title="bbox 66 1467 862 1504">
     <span class='ocr_line' id='line_1_31' title="bbox 66 1467 862 1504; baseline -0.001 -9"><span class='ocrx_word' id='word_1_241' title='bbox 66 1468 215 1504; x_wconf 80' lang='grc' dir='ltr'>μαθηταῖς,</span> <span class='ocrx_word' id='word_1_242' title='bbox 237 1477 246 1494; x_wconf 74' lang='grc' dir='ltr'><strong>ι</strong></span> <span class='ocrx_word' id='word_1_243' title='bbox 260 1467 348 1503; x_wconf 79' lang='grc' dir='ltr'>Ἀμὴν</span> <span class='ocrx_word' id='word_1_244' title='bbox 372 1468 445 1502; x_wconf 81' lang='grc' dir='ltr'>λέγω</span> <span class='ocrx_word' id='word_1_245' title='bbox 464 1469 539 1503; x_wconf 82' lang='grc' dir='ltr'>ὑμῖν.</span> <span class='ocrx_word' id='word_1_246' title='bbox 561 1469 576 1494; x_wconf 82' lang='grc' dir='ltr'>ὁ</span> <span class='ocrx_word' id='word_1_247' title='bbox 597 1468 733 1495; x_wconf 84' lang='grc' dir='ltr'>πιστεύων</span> <span class='ocrx_word' id='word_1_248' title='bbox 747 1469 788 1500; x_wconf 79' lang='grc' dir='ltr'><strong>εἰς</strong></span> <span class='ocrx_word' id='word_1_249' title='bbox 803 1468 862 1503; x_wconf 71' lang='grc' dir='ltr'>ἐμὲ,</span> 
     </span>
    </p>
   </div>
   <div class='ocr_carea' id='block_1_32' title="bbox 63 1513 864 1550">
    <p class='ocr_par' dir='ltr' id='par_1_32' title="bbox 63 1513 864 1550">
     <span class='ocr_line' id='line_1_32' title="bbox 63 1513 864 1550; baseline -0.001 -9"><span class='ocrx_word' id='word_1_250' title='bbox 63 1515 100 1541; x_wconf 78' lang='grc' dir='ltr'>τὰ</span> <span class='ocrx_word' id='word_1_251' title='bbox 117 1514 186 1550; x_wconf 78' lang='grc' dir='ltr'>ἔργα</span> <span class='ocrx_word' id='word_1_252' title='bbox 204 1514 221 1541; x_wconf 82' lang='grc' dir='ltr'>ἃ</span> <span class='ocrx_word' id='word_1_253' title='bbox 239 1513 294 1548; x_wconf 79' lang='grc' dir='ltr'><strong>ἐγὼ</strong></span> <span class='ocrx_word' id='word_1_254' title='bbox 310 1514 380 1540; x_wconf 86' lang='grc' dir='ltr'>ποιῶ</span> <span class='ocrx_word' id='word_1_255' title='bbox 404 1514 530 1545; x_wconf 81' lang='grc' dir='ltr'>κάκεῖνος</span> <span class='ocrx_word' id='word_1_256' title='bbox 546 1513 667 1549; x_wconf 85' lang='grc' dir='ltr'>ποιήσει,</span> <span class='ocrx_word' id='word_1_257' title='bbox 683 1515 731 1540; x_wconf 75' lang='grc' dir='ltr'><strong>καὶ</strong></span> <span class='ocrx_word' id='word_1_258' title='bbox 752 1514 864 1548; x_wconf 74' lang='grc' dir='ltr'>μείζονα</span> 
     </span>
    </p>
   </div>
   <div class='ocr_carea' id='block_1_33' title="bbox 63 1558 864 1594">
    <p class='ocr_par' dir='ltr' id='par_1_33' title="bbox 63 1558 864 1594">
     <span class='ocr_line' id='line_1_33' title="bbox 63 1558 864 1594; baseline 0 -9"><span class='ocrx_word' id='word_1_259' title='bbox 63 1559 170 1586; x_wconf 73' lang='grc' dir='ltr'>τούτων</span> <span class='ocrx_word' id='word_1_260' title='bbox 186 1559 306 1594; x_wconf 84' lang='grc' dir='ltr'>ποιήσει.</span> <span class='ocrx_word' id='word_1_261' title='bbox 322 1568 331 1584; x_wconf 84' lang='grc'><strong>›</strong></span> <span class='ocrx_word' id='word_1_262' title='bbox 357 1559 430 1585; x_wconf 81' lang='grc' dir='ltr'><strong>Καί·</strong></span> <span class='ocrx_word' id='word_1_263' title='bbox 450 1569 458 1584; x_wconf 78' lang='grc' dir='ltr'><strong>ι</strong></span> <span class='ocrx_word' id='word_1_264' title='bbox 481 1558 510 1585; x_wconf 85' lang='grc' dir='ltr'>Ὀ</span> <span class='ocrx_word' id='word_1_265' title='bbox 526 1559 663 1585; x_wconf 83' lang='grc' dir='ltr'>πιστεύων</span> <span class='ocrx_word' id='word_1_266' title='bbox 678 1560 718 1590; x_wconf 82' lang='grc' dir='ltr'>εἰς</span> <span class='ocrx_word' id='word_1_267' title='bbox 733 1559 793 1592; x_wconf 76' lang='grc' dir='ltr'>ἐμὲ.</span> <span class='ocrx_word' id='word_1_268' title='bbox 808 1559 864 1594; x_wconf 72' lang='grc' dir='ltr'>ἔχει</span> 
     </span>
    </p>
   </div>
   <div class='ocr_carea' id='block_1_34' title="bbox 904 320 1695 359">
    <p class='ocr_par' dir='ltr' id='par_1_34' title="bbox 904 320 1695 359">
     <span class='ocr_line' id='line_1_34' title="bbox 904 320 1695 359; baseline -0.01 -6"><span class='ocrx_word' id='word_1_269' title='bbox 904 333 951 353; x_wconf 89' lang='lat' dir='ltr'><strong>sus</strong></span> <span class='ocrx_word' id='word_1_270' title='bbox 970 333 978 352; x_wconf 91' lang='lat'>:</span> <span class='ocrx_word' id='word_1_271' title='bbox 1005 335 1013 350; x_wconf 84' lang='grc' dir='ltr'><strong>ι</strong></span> <span class='ocrx_word' id='word_1_272' title='bbox 1033 325 1117 353; x_wconf 81' lang='lat' dir='ltr'><strong>Fides</strong></span> <span class='ocrx_word' id='word_1_273' title='bbox 1134 328 1177 352; x_wconf 87' lang='lat' dir='ltr'><strong>est</strong></span> <span class='ocrx_word' id='word_1_274' title='bbox 1194 324 1396 359; x_wconf 87' lang='lat' dir='ltr'><strong>sperandarum</strong></span> <span class='ocrx_word' id='word_1_275' title='bbox 1415 320 1570 349; x_wconf 84' lang='lat' dir='ltr'><strong>substantia</strong></span> <span class='ocrx_word' id='word_1_276' title='bbox 1588 326 1695 346; x_wconf 85' lang='lat' dir='ltr'><strong>rerum.</strong></span> 
     </span>
    </p>
   </div>
   <div class='ocr_carea' id='block_1_35' title="bbox 903 363 1696 398">
    <p class='ocr_par' dir='ltr' id='par_1_35' title="bbox 903 363 1696 398">
     <span class='ocr_line' id='line_1_35' title="bbox 903 363 1696 398; baseline -0.013 1"><span class='ocrx_word' id='word_1_277' title='bbox 903 372 935 398; x_wconf 88' lang='lat' dir='ltr'><strong>ln</strong></span> <span class='ocrx_word' id='word_1_278' title='bbox 946 371 999 398; x_wconf 90' lang='lat' dir='ltr'><strong>hac</strong></span> <span class='ocrx_word' id='word_1_279' title='bbox 1013 371 1087 398; x_wconf 91' lang='lat' dir='ltr'><strong>enim</strong></span> <span class='ocrx_word' id='word_1_280' title='bbox 1103 370 1295 398; x_wconf 86' lang='lat' dir='ltr'><strong>testimonium</strong></span> <span class='ocrx_word' id='word_1_281' title='bbox 1311 367 1455 396; x_wconf 79' lang='lat' dir='ltr'><strong>consecuti</strong></span> <span class='ocrx_word' id='word_1_282' title='bbox 1470 370 1537 393; x_wconf 90' lang='lat' dir='ltr'><strong>sunt</strong></span> <span class='ocrx_word' id='word_1_283' title='bbox 1548 363 1674 392; x_wconf 85' lang='lat' dir='ltr'><strong>seniores</strong></span> <span class='ocrx_word' id='word_1_284' title='bbox 1687 371 1696 389; x_wconf 83' lang='lat'><strong>:</strong></span> 
     </span>
    </p>
   </div>
   <div class='ocr_carea' id='block_1_36' title="bbox 902 408 1699 451">
    <p class='ocr_par' dir='ltr' id='par_1_36' title="bbox 902 408 1699 451">
     <span class='ocr_line' id='line_1_36' title="bbox 902 408 1699 451; baseline -0.013 -8"><span class='ocrx_word' id='word_1_285' title='bbox 902 416 981 451; x_wconf 90' lang='lat' dir='ltr'><strong>juxta</strong></span> <span class='ocrx_word' id='word_1_286' title='bbox 994 415 1076 443; x_wconf 81' lang='lat' dir='ltr'><strong>ﬁdem</strong></span> <span class='ocrx_word' id='word_1_287' title='bbox 1088 415 1163 442; x_wconf 88' lang='lat' dir='ltr'><strong>enim</strong></span> <span class='ocrx_word' id='word_1_288' title='bbox 1176 414 1301 442; x_wconf 83' lang='lat' dir='ltr'><strong>defuncti</strong></span> <span class='ocrx_word' id='word_1_289' title='bbox 1315 416 1380 441; x_wconf 91' lang='lat' dir='ltr'><strong>sunt</strong></span> <span class='ocrx_word' id='word_1_290' title='bbox 1392 419 1489 439; x_wconf 90' lang='lat' dir='ltr'><strong>omnes</strong></span> <span class='ocrx_word' id='word_1_291' title='bbox 1500 410 1530 437; x_wconf 87' lang='lat' dir='ltr'><strong>hi</strong></span> <span class='ocrx_word' id='word_1_292' title='bbox 1540 409 1574 438; x_wconf 78' lang='grc'><strong>’⁸.</strong></span> <span class='ocrx_word' id='word_1_293' title='bbox 1591 418 1600 434; x_wconf 84' lang='grc'><strong>›</strong></span> <span class='ocrx_word' id='word_1_294' title='bbox 1615 408 1699 435; x_wconf 85' lang='lat' dir='ltr'><strong>ltem-</strong></span> 
     </span>
    </p>
   </div>
   <div class='ocr_carea' id='block_1_37' title="bbox 905 457 1700 496">
    <p class='ocr_par' dir='ltr' id='par_1_37' title="bbox 905 457 1700 496">
     <span class='ocr_line' id='line_1_37' title="bbox 905 457 1700 496; baseline -0.013 -7"><span class='ocrx_word' id='word_1_295' title='bbox 905 470 960 496; x_wconf 90' lang='lat' dir='ltr'><strong>que</strong></span> <span class='ocrx_word' id='word_1_296' title='bbox 981 471 988 489; x_wconf 91' lang='lat'>:</span> <span class='ocrx_word' id='word_1_297' title='bbox 1012 471 1022 487; x_wconf 73' lang='grc' dir='ltr'><strong>ι</strong></span> <span class='ocrx_word' id='word_1_298' title='bbox 1042 461 1182 489; x_wconf 83' lang='lat' dir='ltr'><strong>Justitiam</strong></span> <span class='ocrx_word' id='word_1_299' title='bbox 1203 465 1296 488; x_wconf 90' lang='lat' dir='ltr'><strong>autem</strong></span> <span class='ocrx_word' id='word_1_300' title='bbox 1316 459 1365 486; x_wconf 88' lang='lat' dir='ltr'><strong>Dei</strong></span> <span class='ocrx_word' id='word_1_301' title='bbox 1386 466 1436 494; x_wconf 89' lang='lat' dir='ltr'><strong>per</strong></span> <span class='ocrx_word' id='word_1_302' title='bbox 1454 457 1536 484; x_wconf 88' lang='lat' dir='ltr'><strong>ﬁdem</strong></span> <span class='ocrx_word' id='word_1_303' title='bbox 1557 457 1584 484; x_wconf 87' lang='lat' dir='ltr'><strong>in</strong></span> <span class='ocrx_word' id='word_1_304' title='bbox 1604 461 1700 481; x_wconf 90' lang='lat' dir='ltr'><strong>omnes</strong></span> 
     </span>
    </p>
   </div>
   <div class='ocr_carea' id='block_1_38' title="bbox 906 499 1700 542">
    <p class='ocr_par' dir='ltr' id='par_1_38' title="bbox 906 499 1700 542">
     <span class='ocr_line' id='line_1_38' title="bbox 906 499 1700 542; baseline -0.013 -8"><span class='ocrx_word' id='word_1_305' title='bbox 906 506 953 542; x_wconf 88' lang='lat' dir='ltr'><strong>qui</strong></span> <span class='ocrx_word' id='word_1_306' title='bbox 969 506 1099 539; x_wconf 86' lang='lat' dir='ltr'><strong>credunt,</strong></span> <span class='ocrx_word' id='word_1_307' title='bbox 1113 511 1143 533; x_wconf 90' lang='lat' dir='ltr'><strong>ut</strong></span> <span class='ocrx_word' id='word_1_308' title='bbox 1158 505 1372 541; x_wconf 85' lang='lat' dir='ltr'><strong>promissionem</strong></span> <span class='ocrx_word' id='word_1_309' title='bbox 1389 502 1560 538; x_wconf 84' lang='lat' dir='ltr'><strong>accipiamus</strong></span> <span class='ocrx_word' id='word_1_310' title='bbox 1577 499 1700 534; x_wconf 86' lang='lat' dir='ltr'><strong>Spiritus</strong></span> 
     </span>
    </p>
   </div>
   <div class='ocr_carea' id='block_1_39' title="bbox 906 546 1702 587">
    <p class='ocr_par' dir='ltr' id='par_1_39' title="bbox 906 546 1702 587">
     <span class='ocr_line' id='line_1_39' title="bbox 906 546 1702 587; baseline -0.013 -7"><span class='ocrx_word' id='word_1_311' title='bbox 906 560 956 587; x_wconf 88' lang='lat' dir='ltr'><strong>per</strong></span> <span class='ocrx_word' id='word_1_312' title='bbox 976 552 1059 579; x_wconf 86' lang='lat' dir='ltr'><strong>ﬁdem</strong></span> <span class='ocrx_word' id='word_1_313' title='bbox 1069 552 1103 578; x_wconf 85' lang='lat'><strong>&quot;.</strong></span> <span class='ocrx_word' id='word_1_314' title='bbox 1125 561 1134 578; x_wconf 85' lang='grc'><strong>›</strong></span> <span class='ocrx_word' id='word_1_315' title='bbox 1158 552 1193 578; x_wconf 87' lang='grc' dir='ltr'><strong>Ει</strong></span> <span class='ocrx_word' id='word_1_316' title='bbox 1213 560 1220 578; x_wconf 90' lang='lat'><strong>:</strong></span> <span class='ocrx_word' id='word_1_317' title='bbox 1245 560 1254 577; x_wconf 86' lang='grc'><strong>‹</strong></span> <span class='ocrx_word' id='word_1_318' title='bbox 1279 549 1404 578; x_wconf 92' lang='lat' dir='ltr'><strong>Credidit</strong></span> <span class='ocrx_word' id='word_1_319' title='bbox 1423 547 1564 575; x_wconf 82' lang='lat' dir='ltr'><strong>Abraham</strong></span> <span class='ocrx_word' id='word_1_320' title='bbox 1583 546 1656 575; x_wconf 86' lang='lat' dir='ltr'><strong>Deo,</strong></span> <span class='ocrx_word' id='word_1_321' title='bbox 1671 547 1702 570; x_wconf 86' lang='lat' dir='ltr'><strong>et</strong></span> 
     </span>
    </p>
   </div>
   <div class='ocr_carea' id='block_1_40' title="bbox 908 590 1701 633">
    <p class='ocr_par' dir='ltr' id='par_1_40' title="bbox 908 590 1701 633">
     <span class='ocr_line' id='line_1_40' title="bbox 908 590 1701 633; baseline -0.013 -8"><span class='ocrx_word' id='word_1_322' title='bbox 908 602 1067 633; x_wconf 89' lang='lat' dir='ltr'><strong>reputatum</strong></span> <span class='ocrx_word' id='word_1_323' title='bbox 1087 601 1138 633; x_wconf 40' lang='lat' dir='ltr'><strong>est.</strong></span> <span class='ocrx_word' id='word_1_324' title='bbox 1149 597 1174 624; x_wconf 89' lang='lat' dir='ltr'><strong>ei</strong></span> <span class='ocrx_word' id='word_1_325' title='bbox 1196 596 1230 623; x_wconf 89' lang='lat' dir='ltr'><strong>ad</strong></span> <span class='ocrx_word' id='word_1_326' title='bbox 1249 595 1395 631; x_wconf 82' lang='lat' dir='ltr'><strong>justitiam.</strong></span> <span class='ocrx_word' id='word_1_327' title='bbox 1436 594 1468 620; x_wconf 84' lang='lat' dir='ltr'><strong>Ei</strong></span> <span class='ocrx_word' id='word_1_328' title='bbox 1489 599 1557 619; x_wconf 87' lang='lat' dir='ltr'><strong>vero</strong></span> <span class='ocrx_word' id='word_1_329' title='bbox 1577 590 1625 625; x_wconf 91' lang='lat' dir='ltr'><strong>qui</strong></span> <span class='ocrx_word' id='word_1_330' title='bbox 1646 596 1701 616; x_wconf 88' lang='lat' dir='ltr'><strong>non</strong></span> 
     </span>
    </p>
   </div>
   <div class='ocr_carea' id='block_1_41' title="bbox 908 635 1701 678">
    <p class='ocr_par' dir='ltr' id='par_1_41' title="bbox 908 635 1701 678">
     <span class='ocr_line' id='line_1_41' title="bbox 908 635 1701 678; baseline -0.013 -7"><span class='ocrx_word' id='word_1_331' title='bbox 908 647 1058 678; x_wconf 80' lang='lat' dir='ltr'><strong>operatur,</strong></span> <span class='ocrx_word' id='word_1_332' title='bbox 1083 642 1210 671; x_wconf 86' lang='lat' dir='ltr'><strong>credenti</strong></span> <span class='ocrx_word' id='word_1_333' title='bbox 1235 645 1329 669; x_wconf 87' lang='lat' dir='ltr'><strong>autem</strong></span> <span class='ocrx_word' id='word_1_334' title='bbox 1354 640 1383 667; x_wconf 87' lang='lat' dir='ltr'><strong>in</strong></span> <span class='ocrx_word' id='word_1_335' title='bbox 1405 647 1469 666; x_wconf 89' lang='lat' dir='ltr'><strong>eum</strong></span> <span class='ocrx_word' id='word_1_336' title='bbox 1496 637 1544 673; x_wconf 88' lang='lat' dir='ltr'><strong>qui</strong></span> <span class='ocrx_word' id='word_1_337' title='bbox 1566 635 1701 672; x_wconf 84' lang='lat' dir='ltr'><strong>justiﬁcat</strong></span> 
     </span>
    </p>
   </div>
   <div class='ocr_carea' id='block_1_42' title="bbox 908 681 1702 724">
    <p class='ocr_par' dir='ltr' id='par_1_42' title="bbox 908 681 1702 724">
     <span class='ocr_line' id='line_1_42' title="bbox 908 681 1702 724; baseline -0.014 -7"><span class='ocrx_word' id='word_1_338' title='bbox 908 689 1037 724; x_wconf 83' lang='lat' dir='ltr'><strong>impium,</strong></span> <span class='ocrx_word' id='word_1_339' title='bbox 1054 689 1210 724; x_wconf 84' lang='lat' dir='ltr'><strong>imputatur</strong></span> <span class='ocrx_word' id='word_1_340' title='bbox 1230 687 1299 714; x_wconf 83' lang='lat' dir='ltr'><strong>ﬁdes</strong></span> <span class='ocrx_word' id='word_1_341' title='bbox 1318 686 1352 714; x_wconf 89' lang='lat' dir='ltr'><strong>ad</strong></span> <span class='ocrx_word' id='word_1_342' title='bbox 1369 685 1506 721; x_wconf 92' lang='lat' dir='ltr'><strong>justitiam</strong></span> <span class='ocrx_word' id='word_1_343' title='bbox 1518 683 1552 710; x_wconf 79' lang='lat'><strong>&quot;.</strong></span> <span class='ocrx_word' id='word_1_344' title='bbox 1573 692 1581 707; x_wconf 83' lang='grc' dir='ltr'><strong>ι</strong></span> <span class='ocrx_word' id='word_1_345' title='bbox 1606 681 1702 715; x_wconf 77' lang='lat' dir='ltr'><strong>Itaque</strong></span> 
     </span>
    </p>
   </div>
   <div class='ocr_carea' id='block_1_43' title="bbox 909 727 1702 771">
    <p class='ocr_par' dir='ltr' id='par_1_43' title="bbox 909 727 1702 771">
     <span class='ocr_line' id='line_1_43' title="bbox 909 727 1702 771; baseline -0.011 -9"><span class='ocrx_word' id='word_1_346' title='bbox 909 735 1018 771; x_wconf 73' lang='lat' dir='ltr'><strong>inducit</strong></span> <span class='ocrx_word' id='word_1_347' title='bbox 1044 744 1051 761; x_wconf 88' lang='lat'>:</span> <span class='ocrx_word' id='word_1_348' title='bbox 1081 744 1091 760; x_wconf 87' lang='grc'><strong><em>‹</em></strong></span> <span class='ocrx_word' id='word_1_349' title='bbox 1118 735 1236 769; x_wconf 81' lang='lat' dir='ltr'><strong>Propter</strong></span> <span class='ocrx_word' id='word_1_350' title='bbox 1260 733 1314 760; x_wconf 77' lang='lat' dir='ltr'><strong>hoc</strong></span> <span class='ocrx_word' id='word_1_351' title='bbox 1339 740 1372 759; x_wconf 81' lang='lat' dir='ltr'><strong>ex</strong></span> <span class='ocrx_word' id='word_1_352' title='bbox 1399 731 1470 763; x_wconf 90' lang='lat' dir='ltr'><strong>ﬁde,</strong></span> <span class='ocrx_word' id='word_1_353' title='bbox 1492 733 1523 757; x_wconf 88' lang='lat' dir='ltr'><strong>ut</strong></span> <span class='ocrx_word' id='word_1_354' title='bbox 1546 727 1702 756; x_wconf 88' lang='lat' dir='ltr'><strong>secundum</strong></span> 
     </span>
    </p>
   </div>
   <div class='ocr_carea' id='block_1_44' title="bbox 909 771 1703 816">
    <p class='ocr_par' dir='ltr' id='par_1_44' title="bbox 909 771 1703 816">
     <span class='ocr_line' id='line_1_44' title="bbox 909 771 1703 816; baseline -0.013 -8"><span class='ocrx_word' id='word_1_355' title='bbox 909 780 1025 816; x_wconf 73' lang='lat' dir='ltr'><strong>gratiam</strong></span> <span class='ocrx_word' id='word_1_356' title='bbox 1043 780 1122 807; x_wconf 86' lang='lat' dir='ltr'><strong>ﬁrma</strong></span> <span class='ocrx_word' id='word_1_357' title='bbox 1138 784 1212 807; x_wconf 87' lang='lat' dir='ltr'><strong>esset</strong></span> <span class='ocrx_word' id='word_1_358' title='bbox 1225 777 1375 814; x_wconf 85' lang='lat' dir='ltr'><strong>promissio</strong></span> <span class='ocrx_word' id='word_1_359' title='bbox 1389 776 1465 804; x_wconf 88' lang='lat' dir='ltr'><strong>omni</strong></span> <span class='ocrx_word' id='word_1_360' title='bbox 1481 773 1592 805; x_wconf 86' lang='lat' dir='ltr'><strong>semini,</strong></span> <span class='ocrx_word' id='word_1_361' title='bbox 1609 780 1663 799; x_wconf 90' lang='lat' dir='ltr'><strong>non</strong></span> <span class='ocrx_word' id='word_1_362' title='bbox 1676 771 1703 798; x_wconf 87' lang='lat' dir='ltr'><strong>ei</strong></span> 
     </span>
    </p>
   </div>
   <div class='ocr_carea' id='block_1_45' title="bbox 909 816 1704 862">
    <p class='ocr_par' dir='ltr' id='par_1_45' title="bbox 909 816 1704 862">
     <span class='ocr_line' id='line_1_45' title="bbox 909 816 1704 862; baseline -0.013 -8"><span class='ocrx_word' id='word_1_363' title='bbox 909 826 958 862; x_wconf 92' lang='lat' dir='ltr'><strong>qui</strong></span> <span class='ocrx_word' id='word_1_364' title='bbox 974 834 1013 853; x_wconf 87' lang='lat' dir='ltr'><strong>ex</strong></span> <span class='ocrx_word' id='word_1_365' title='bbox 1031 826 1091 861; x_wconf 79' lang='lat' dir='ltr'><strong>lege</strong></span> <span class='ocrx_word' id='word_1_366' title='bbox 1111 829 1156 852; x_wconf 82' lang='lat' dir='ltr'><strong>est’</strong></span> <span class='ocrx_word' id='word_1_367' title='bbox 1172 816 1344 854; x_wconf 28' lang='lat' dir='ltr'><strong>solumased</strong></span> <span class='ocrx_word' id='word_1_368' title='bbox 1366 827 1394 850; x_wconf 87' lang='lat' dir='ltr'><strong>et</strong></span> <span class='ocrx_word' id='word_1_369' title='bbox 1415 822 1441 849; x_wconf 87' lang='lat' dir='ltr'><strong>ei</strong></span> <span class='ocrx_word' id='word_1_370' title='bbox 1462 821 1510 856; x_wconf 91' lang='lat' dir='ltr'><strong>qui</strong></span> <span class='ocrx_word' id='word_1_371' title='bbox 1533 828 1566 847; x_wconf 83' lang='lat' dir='ltr'><strong>ex</strong></span> <span class='ocrx_word' id='word_1_372' title='bbox 1588 818 1642 846; x_wconf 88' lang='lat' dir='ltr'><strong>ﬁde</strong></span> <span class='ocrx_word' id='word_1_373' title='bbox 1660 821 1704 845; x_wconf 86' lang='lat' dir='ltr'><strong>est</strong></span> 
     </span>
    </p>
   </div>
   <div class='ocr_carea' id='block_1_46' title="bbox 910 865 1703 904">
    <p class='ocr_par' dir='ltr' id='par_1_46' title="bbox 910 865 1703 904">
     <span class='ocr_line' id='line_1_46' title="bbox 910 865 1703 904; baseline -0.011 -5"><span class='ocrx_word' id='word_1_374' title='bbox 910 871 1040 899; x_wconf 64' lang='lat' dir='ltr'><strong>Abrahae.</strong></span> <span class='ocrx_word' id='word_1_375' title='bbox 1058 872 1119 898; x_wconf 87' lang='lat' dir='ltr'><strong>Non</strong></span> <span class='ocrx_word' id='word_1_376' title='bbox 1139 876 1182 899; x_wconf 82' lang='lat' dir='ltr'><strong>est</strong></span> <span class='ocrx_word' id='word_1_377' title='bbox 1202 875 1296 898; x_wconf 89' lang='lat' dir='ltr'><strong>autem</strong></span> <span class='ocrx_word' id='word_1_378' title='bbox 1316 869 1452 904; x_wconf 90' lang='lat' dir='ltr'><strong>scriptum</strong></span> <span class='ocrx_word' id='word_1_379' title='bbox 1474 870 1590 902; x_wconf 82' lang='lat' dir='ltr'><strong>propter</strong></span> <span class='ocrx_word' id='word_1_380' title='bbox 1611 865 1703 899; x_wconf 70' lang='lat' dir='ltr'><strong>ipsum</strong></span> 
     </span>
    </p>
   </div>
   <div class='ocr_carea' id='block_1_47' title="bbox 911 909 1704 951">
    <p class='ocr_par' dir='ltr' id='par_1_47' title="bbox 911 909 1704 951">
     <span class='ocr_line' id='line_1_47' title="bbox 911 909 1704 951; baseline -0.014 -5"><span class='ocrx_word' id='word_1_381' title='bbox 911 918 1018 951; x_wconf 83' lang='lat' dir='ltr'><strong>solum,</strong></span> <span class='ocrx_word' id='word_1_382' title='bbox 1034 917 1082 945; x_wconf 91' lang='lat' dir='ltr'><strong>sed</strong></span> <span class='ocrx_word' id='word_1_383' title='bbox 1101 917 1187 944; x_wconf 87' lang='lat' dir='ltr'><strong>etiam</strong></span> <span class='ocrx_word' id='word_1_384' title='bbox 1206 919 1321 951; x_wconf 87' lang='lat' dir='ltr'><strong>propter</strong></span> <span class='ocrx_word' id='word_1_385' title='bbox 1335 922 1388 941; x_wconf 91' lang='lat' dir='ltr'><strong>nos</strong></span> <span class='ocrx_word' id='word_1_386' title='bbox 1405 913 1509 948; x_wconf 88' lang='lat' dir='ltr'><strong>quibus</strong></span> <span class='ocrx_word' id='word_1_387' title='bbox 1528 909 1704 945; x_wconf 84' lang='lat' dir='ltr'><strong>reputabitur</strong></span> 
     </span>
    </p>
   </div>
   <div class='ocr_carea' id='block_1_48' title="bbox 912 955 1695 991">
    <p class='ocr_par' dir='ltr' id='par_1_48' title="bbox 912 955 1695 991">
     <span class='ocr_line' id='line_1_48' title="bbox 912 955 1695 991; baseline -0.014 0"><span class='ocrx_word' id='word_1_388' title='bbox 912 962 1127 991; x_wconf 87' lang='lat' dir='ltr'><strong>credentibusin</strong></span> <span class='ocrx_word' id='word_1_389' title='bbox 1139 962 1287 988; x_wconf 92' lang='lat' dir='ltr'><strong>Dominum</strong></span> <span class='ocrx_word' id='word_1_390' title='bbox 1299 963 1426 987; x_wconf 90' lang='lat' dir='ltr'><strong>nostrum</strong></span> <span class='ocrx_word' id='word_1_391' title='bbox 1435 957 1529 985; x_wconf 82' lang='lat' dir='ltr'><strong>Jesum</strong></span> <span class='ocrx_word' id='word_1_392' title='bbox 1541 955 1695 983; x_wconf 83' lang='lat' dir='ltr'><strong>Christum.</strong></span> 
     </span>
    </p>
   </div>
   <div class='ocr_carea' id='block_1_49' title="bbox 911 1000 1704 1044">
    <p class='ocr_par' dir='ltr' id='par_1_49' title="bbox 911 1000 1704 1044">
     <span class='ocr_line' id='line_1_49' title="bbox 911 1000 1704 1044; baseline -0.016 -6"><span class='ocrx_word' id='word_1_393' title='bbox 911 1009 1059 1038; x_wconf 78' lang='lat' dir='ltr'><strong>Justiﬁcati</strong></span> <span class='ocrx_word' id='word_1_394' title='bbox 1074 1008 1159 1044; x_wconf 77' lang='lat' dir='ltr'><strong>igitur</strong></span> <span class='ocrx_word' id='word_1_395' title='bbox 1170 1016 1204 1035; x_wconf 80' lang='lat' dir='ltr'><strong>ex</strong></span> <span class='ocrx_word' id='word_1_396' title='bbox 1219 1007 1283 1038; x_wconf 89' lang='lat' dir='ltr'><strong>ﬁde,</strong></span> <span class='ocrx_word' id='word_1_397' title='bbox 1296 1013 1391 1041; x_wconf 87' lang='lat' dir='ltr'><strong>pacem</strong></span> <span class='ocrx_word' id='word_1_398' title='bbox 1405 1004 1560 1030; x_wconf 86' lang='lat' dir='ltr'><strong>habeamus</strong></span> <span class='ocrx_word' id='word_1_399' title='bbox 1569 1001 1603 1028; x_wconf 89' lang='lat' dir='ltr'><strong>ad</strong></span> <span class='ocrx_word' id='word_1_400' title='bbox 1616 1000 1704 1027; x_wconf 87' lang='lat' dir='ltr'><strong>Deum</strong></span> 
     </span>
    </p>
   </div>
   <div class='ocr_carea' id='block_1_50' title="bbox 911 1045 1704 1092">
    <p class='ocr_par' dir='ltr' id='par_1_50' title="bbox 911 1045 1704 1092">
     <span class='ocr_line' id='line_1_50' title="bbox 911 1045 1704 1092; baseline -0.018 -8"><span class='ocrx_word' id='word_1_401' title='bbox 911 1064 961 1092; x_wconf 88' lang='lat' dir='ltr'><strong>per</strong></span> <span class='ocrx_word' id='word_1_402' title='bbox 976 1055 1123 1083; x_wconf 90' lang='lat' dir='ltr'><strong>Dominum</strong></span> <span class='ocrx_word' id='word_1_403' title='bbox 1142 1058 1268 1081; x_wconf 89' lang='lat' dir='ltr'><strong>nostrum</strong></span> <span class='ocrx_word' id='word_1_404' title='bbox 1284 1052 1377 1080; x_wconf 85' lang='lat' dir='ltr'><strong>Jesum</strong></span> <span class='ocrx_word' id='word_1_405' title='bbox 1395 1049 1539 1077; x_wconf 90' lang='lat' dir='ltr'><strong>Christum</strong></span> <span class='ocrx_word' id='word_1_406' title='bbox 1551 1047 1584 1072; x_wconf 85' lang='grc'><strong>³¹.</strong></span> <span class='ocrx_word' id='word_1_407' title='bbox 1603 1055 1612 1071; x_wconf 80' lang='grc' dir='ltr'><strong>ι</strong></span> <span class='ocrx_word' id='word_1_408' title='bbox 1635 1045 1704 1072; x_wconf 90' lang='lat' dir='ltr'><strong>ltem</strong></span> 
     </span>
    </p>
   </div>
   <div class='ocr_carea' id='block_1_51' title="bbox 913 1092 1704 1134">
    <p class='ocr_par' dir='ltr' id='par_1_51' title="bbox 913 1092 1704 1134">
     <span class='ocr_line' id='line_1_51' title="bbox 913 1092 1704 1134; baseline -0.018 -4"><span class='ocrx_word' id='word_1_409' title='bbox 913 1102 1062 1130; x_wconf 85' lang='lat' dir='ltr'><strong>Timotheo</strong></span> <span class='ocrx_word' id='word_1_410' title='bbox 1081 1110 1088 1128; x_wconf 93' lang='lat'><strong>:</strong></span> <span class='ocrx_word' id='word_1_411' title='bbox 1107 1110 1116 1127; x_wconf 77' lang='grc' dir='ltr'><strong>ι</strong></span> <span class='ocrx_word' id='word_1_412' title='bbox 1133 1101 1247 1128; x_wconf 85' lang='lat' dir='ltr'><strong>Sectare</strong></span> <span class='ocrx_word' id='word_1_413' title='bbox 1261 1095 1407 1134; x_wconf 83' lang='lat' dir='ltr'><strong>justitiam,</strong></span> <span class='ocrx_word' id='word_1_414' title='bbox 1422 1095 1513 1126; x_wconf 87' lang='lat' dir='ltr'><strong>ﬁdem,</strong></span> <span class='ocrx_word' id='word_1_415' title='bbox 1528 1092 1704 1122; x_wconf 78' lang='lat' dir='ltr'><strong>charitatem,</strong></span> 
     </span>
    </p>
   </div>
   <div class='ocr_carea' id='block_1_52' title="bbox 911 1138 1701 1184">
    <p class='ocr_par' dir='ltr' id='par_1_52' title="bbox 911 1138 1701 1184">
     <span class='ocr_line' id='line_1_52' title="bbox 911 1138 1701 1184; baseline -0.018 -7"><span class='ocrx_word' id='word_1_416' title='bbox 911 1157 1008 1184; x_wconf 84' lang='lat' dir='ltr'><strong>pacem</strong></span> <span class='ocrx_word' id='word_1_417' title='bbox 1029 1156 1092 1176; x_wconf 93' lang='lat' dir='ltr'><strong>cum</strong></span> <span class='ocrx_word' id='word_1_418' title='bbox 1111 1147 1242 1175; x_wconf 91' lang='lat' dir='ltr'><strong>omnibus</strong></span> <span class='ocrx_word' id='word_1_419' title='bbox 1262 1145 1310 1180; x_wconf 87' lang='lat' dir='ltr'><strong>qui</strong></span> <span class='ocrx_word' id='word_1_420' title='bbox 1328 1145 1463 1172; x_wconf 81' lang='lat' dir='ltr'><strong>invocant</strong></span> <span class='ocrx_word' id='word_1_421' title='bbox 1482 1141 1629 1168; x_wconf 83' lang='lat' dir='ltr'><strong>Dominum</strong></span> <span class='ocrx_word' id='word_1_422' title='bbox 1639 1138 1673 1164; x_wconf 82' lang='lat'><strong>&quot;.</strong></span> <span class='ocrx_word' id='word_1_423' title='bbox 1693 1146 1701 1163; x_wconf 77' lang='grc' dir='ltr'><strong>ι</strong></span> 
     </span>
    </p>
   </div>
   <div class='ocr_carea' id='block_1_53' title="bbox 912 1184 1702 1227">
    <p class='ocr_par' dir='ltr' id='par_1_53' title="bbox 912 1184 1702 1227">
     <span class='ocr_line' id='line_1_53' title="bbox 912 1184 1702 1227; baseline -0.016 -5"><span class='ocrx_word' id='word_1_424' title='bbox 912 1195 947 1222; x_wconf 82' lang='grc' dir='ltr'>Ει</span> <span class='ocrx_word' id='word_1_425' title='bbox 967 1203 974 1221; x_wconf 88' lang='lat'><strong>:</strong></span> <span class='ocrx_word' id='word_1_426' title='bbox 997 1203 1007 1220; x_wconf 73' lang='grc' dir='ltr'><strong>ι</strong></span> <span class='ocrx_word' id='word_1_427' title='bbox 1030 1193 1096 1221; x_wconf 89' lang='lat' dir='ltr'><strong>Sine</strong></span> <span class='ocrx_word' id='word_1_428' title='bbox 1116 1193 1169 1220; x_wconf 88' lang='lat' dir='ltr'><strong>ﬁde</strong></span> <span class='ocrx_word' id='word_1_429' title='bbox 1190 1185 1361 1227; x_wconf 85' lang='lat' dir='ltr'><strong>impossibile</strong></span> <span class='ocrx_word' id='word_1_430' title='bbox 1380 1193 1423 1217; x_wconf 88' lang='lat' dir='ltr'><strong>est</strong></span> <span class='ocrx_word' id='word_1_431' title='bbox 1442 1189 1553 1223; x_wconf 82' lang='lat' dir='ltr'><strong>placere</strong></span> <span class='ocrx_word' id='word_1_432' title='bbox 1573 1186 1630 1212; x_wconf 88' lang='lat' dir='ltr'><strong>Deo</strong></span> <span class='ocrx_word' id='word_1_433' title='bbox 1640 1184 1674 1210; x_wconf 85' lang='grc'><strong>³¹.</strong></span> <span class='ocrx_word' id='word_1_434' title='bbox 1693 1192 1702 1208; x_wconf 69' lang='grc' dir='ltr'><strong>ι</strong></span> 
     </span>
    </p>
   </div>
   <div class='ocr_carea' id='block_1_54' title="bbox 913 1231 1707 1270">
    <p class='ocr_par' dir='ltr' id='par_1_54' title="bbox 913 1231 1707 1270">
     <span class='ocr_line' id='line_1_54' title="bbox 913 1231 1707 1270; baseline -0.018 -1"><span class='ocrx_word' id='word_1_435' title='bbox 913 1242 1033 1270; x_wconf 86' lang='lat' dir='ltr'><strong>Joannes</strong></span> <span class='ocrx_word' id='word_1_436' title='bbox 1048 1240 1201 1267; x_wconf 88' lang='lat' dir='ltr'><strong>etiamnum</strong></span> <span class='ocrx_word' id='word_1_437' title='bbox 1221 1247 1227 1265; x_wconf 85' lang='lat'><strong>:</strong></span> <span class='ocrx_word' id='word_1_438' title='bbox 1250 1248 1258 1263; x_wconf 75' lang='grc' dir='ltr'><strong>ι</strong></span> <span class='ocrx_word' id='word_1_439' title='bbox 1279 1237 1338 1264; x_wconf 78' lang='lat' dir='ltr'><strong>Hoc</strong></span> <span class='ocrx_word' id='word_1_440' title='bbox 1355 1240 1398 1263; x_wconf 89' lang='lat' dir='ltr'><strong>est</strong></span> <span class='ocrx_word' id='word_1_441' title='bbox 1413 1234 1573 1262; x_wconf 84' lang='lat' dir='ltr'><strong>mandatum</strong></span> <span class='ocrx_word' id='word_1_442' title='bbox 1590 1231 1662 1265; x_wconf 87' lang='lat' dir='ltr'><strong>ejus,</strong></span> <span class='ocrx_word' id='word_1_443' title='bbox 1675 1232 1707 1255; x_wconf 88' lang='lat' dir='ltr'><strong>ut</strong></span> 
     </span>
    </p>
   </div>
   <div class='ocr_carea' id='block_1_55' title="bbox 914 1277 1707 1317">
    <p class='ocr_par' dir='ltr' id='par_1_55' title="bbox 914 1277 1707 1317">
     <span class='ocr_line' id='line_1_55' title="bbox 914 1277 1707 1317; baseline -0.018 -2"><span class='ocrx_word' id='word_1_444' title='bbox 914 1287 1062 1316; x_wconf 86' lang='lat' dir='ltr'><strong>credamus</strong></span> <span class='ocrx_word' id='word_1_445' title='bbox 1083 1286 1111 1313; x_wconf 90' lang='lat' dir='ltr'><strong>in</strong></span> <span class='ocrx_word' id='word_1_446' title='bbox 1130 1284 1243 1312; x_wconf 87' lang='lat' dir='ltr'><strong>nomine</strong></span> <span class='ocrx_word' id='word_1_447' title='bbox 1260 1283 1322 1311; x_wconf 84' lang='lat' dir='ltr'><strong>Filii</strong></span> <span class='ocrx_word' id='word_1_448' title='bbox 1340 1283 1400 1317; x_wconf 85' lang='lat' dir='ltr'><strong>ejus</strong></span> <span class='ocrx_word' id='word_1_449' title='bbox 1414 1281 1478 1309; x_wconf 81' lang='lat' dir='ltr'><strong>Jesu</strong></span> <span class='ocrx_word' id='word_1_450' title='bbox 1497 1277 1614 1307; x_wconf 83' lang='lat' dir='ltr'><strong>Christi.</strong></span> <span class='ocrx_word' id='word_1_451' title='bbox 1631 1281 1660 1303; x_wconf 86' lang='lat' dir='ltr'><strong>et</strong></span> <span class='ocrx_word' id='word_1_452' title='bbox 1677 1279 1707 1302; x_wconf 87' lang='lat' dir='ltr'><strong>ut</strong></span> 
     </span>
    </p>
   </div>
   <div class='ocr_carea' id='block_1_56' title="bbox 914 1322 1707 1365">
    <p class='ocr_par' dir='ltr' id='par_1_56' title="bbox 914 1322 1707 1365">
     <span class='ocr_line' id='line_1_56' title="bbox 914 1322 1707 1365; baseline -0.018 -4"><span class='ocrx_word' id='word_1_453' title='bbox 914 1334 1076 1365; x_wconf 89' lang='lat' dir='ltr'><strong>credentes,</strong></span> <span class='ocrx_word' id='word_1_454' title='bbox 1091 1332 1174 1359; x_wconf 85' lang='lat' dir='ltr'><strong>vitam</strong></span> <span class='ocrx_word' id='word_1_455' title='bbox 1194 1336 1328 1358; x_wconf 59' lang='lat' dir='ltr'><strong>aeternam</strong></span> <span class='ocrx_word' id='word_1_456' title='bbox 1348 1327 1476 1356; x_wconf 72' lang='lat' dir='ltr'><strong>habeatis</strong></span> <span class='ocrx_word' id='word_1_457' title='bbox 1489 1326 1522 1352; x_wconf 75' lang='lat'><strong>“.</strong></span> <span class='ocrx_word' id='word_1_458' title='bbox 1542 1335 1551 1350; x_wconf 74' lang='grc' dir='ltr'><strong>ι</strong></span> <span class='ocrx_word' id='word_1_459' title='bbox 1573 1322 1707 1351; x_wconf 86' lang='lat' dir='ltr'><strong>Dominus</strong></span> 
     </span>
    </p>
   </div>
   <div class='ocr_carea' id='block_1_57' title="bbox 914 1368 1709 1409">
    <p class='ocr_par' dir='ltr' id='par_1_57' title="bbox 914 1368 1709 1409">
     <span class='ocr_line' id='line_1_57' title="bbox 914 1368 1709 1409; baseline -0.018 -2"><span class='ocrx_word' id='word_1_460' title='bbox 914 1383 1008 1406; x_wconf 86' lang='lat' dir='ltr'><strong>autem</strong></span> <span class='ocrx_word' id='word_1_461' title='bbox 1028 1383 1135 1409; x_wconf 87' lang='lat' dir='ltr'><strong>noster,</strong></span> <span class='ocrx_word' id='word_1_462' title='bbox 1151 1377 1232 1405; x_wconf 87' lang='lat' dir='ltr'><strong>Jesus</strong></span> <span class='ocrx_word' id='word_1_463' title='bbox 1253 1375 1381 1403; x_wconf 87' lang='lat' dir='ltr'><strong>Christus</strong></span> <span class='ocrx_word' id='word_1_464' title='bbox 1400 1373 1447 1408; x_wconf 81' lang='lat' dir='ltr'><strong>qui</strong></span> <span class='ocrx_word' id='word_1_465' title='bbox 1469 1378 1552 1399; x_wconf 84' lang='lat' dir='ltr'><strong>verus</strong></span> <span class='ocrx_word' id='word_1_466' title='bbox 1572 1373 1615 1397; x_wconf 90' lang='lat' dir='ltr'><strong>est</strong></span> <span class='ocrx_word' id='word_1_467' title='bbox 1635 1368 1709 1395; x_wconf 85' lang='lat' dir='ltr'><strong>Deus</strong></span> 
     </span>
    </p>
   </div>
   <div class='ocr_carea' id='block_1_58' title="bbox 914 1414 1708 1456">
    <p class='ocr_par' dir='ltr' id='par_1_58' title="bbox 914 1414 1708 1456">
     <span class='ocr_line' id='line_1_58' title="bbox 914 1414 1708 1456; baseline -0.018 -4"><span class='ocrx_word' id='word_1_468' title='bbox 914 1429 1021 1455; x_wconf 80' lang='lat' dir='ltr'><strong>noster.</strong></span> <span class='ocrx_word' id='word_1_469' title='bbox 1037 1423 1076 1451; x_wconf 88' lang='lat' dir='ltr'><strong>ait</strong></span> <span class='ocrx_word' id='word_1_470' title='bbox 1092 1432 1099 1450; x_wconf 88' lang='lat'><strong>:</strong></span> <span class='ocrx_word' id='word_1_471' title='bbox 1119 1432 1128 1448; x_wconf 76' lang='grc' dir='ltr'><strong>ι</strong></span> <span class='ocrx_word' id='word_1_472' title='bbox 1145 1422 1197 1456; x_wconf 87' lang='lat' dir='ltr'><strong>Qui</strong></span> <span class='ocrx_word' id='word_1_473' title='bbox 1214 1421 1304 1449; x_wconf 90' lang='lat' dir='ltr'><strong>credit</strong></span> <span class='ocrx_word' id='word_1_474' title='bbox 1320 1421 1348 1447; x_wconf 90' lang='lat' dir='ltr'><strong>in</strong></span> <span class='ocrx_word' id='word_1_475' title='bbox 1363 1427 1418 1451; x_wconf 80' lang='lat' dir='ltr'><strong>me,</strong></span> <span class='ocrx_word' id='word_1_476' title='bbox 1433 1417 1547 1445; x_wconf 82' lang='lat' dir='ltr'><strong>ﬁumina</strong></span> <span class='ocrx_word' id='word_1_477' title='bbox 1562 1414 1597 1442; x_wconf 88' lang='lat' dir='ltr'><strong>de</strong></span> <span class='ocrx_word' id='word_1_478' title='bbox 1611 1416 1708 1440; x_wconf 91' lang='lat' dir='ltr'><strong>ventre</strong></span> 
     </span>
    </p>
   </div>
   <div class='ocr_carea' id='block_1_59' title="bbox 915 1457 1709 1505">
    <p class='ocr_par' dir='ltr' id='par_1_59' title="bbox 915 1457 1709 1505">
     <span class='ocr_line' id='line_1_59' title="bbox 915 1457 1709 1505; baseline -0.015 -9"><span class='ocrx_word' id='word_1_479' title='bbox 915 1470 976 1505; x_wconf 88' lang='lat' dir='ltr'><strong>ejus</strong></span> <span class='ocrx_word' id='word_1_480' title='bbox 991 1468 1078 1496; x_wconf 83' lang='lat' dir='ltr'><strong>ﬂuent</strong></span> <span class='ocrx_word' id='word_1_481' title='bbox 1092 1475 1170 1502; x_wconf 58' lang='lat' dir='ltr'><strong>aqua:</strong></span> <span class='ocrx_word' id='word_1_482' title='bbox 1184 1466 1344 1496; x_wconf 63' lang='lat' dir='ltr'><strong>vivat.»Hoc</strong></span> <span class='ocrx_word' id='word_1_483' title='bbox 1353 1470 1445 1492; x_wconf 86' lang='lat' dir='ltr'><strong>autem</strong></span> <span class='ocrx_word' id='word_1_484' title='bbox 1466 1461 1577 1490; x_wconf 86' lang='lat' dir='ltr'><strong>dicebat</strong></span> <span class='ocrx_word' id='word_1_485' title='bbox 1594 1459 1628 1487; x_wconf 89' lang='lat' dir='ltr'><strong>de</strong></span> <span class='ocrx_word' id='word_1_486' title='bbox 1645 1457 1709 1492; x_wconf 89' lang='lat' dir='ltr'><strong>Spi-</strong></span> 
     </span>
    </p>
   </div>
   <div class='ocr_carea' id='block_1_60' title="bbox 913 1504 1680 1548">
    <p class='ocr_par' dir='ltr' id='par_1_60' title="bbox 913 1504 1680 1548">
     <span class='ocr_line' id='line_1_60' title="bbox 913 1504 1680 1548; baseline -0.014 -6"><span class='ocrx_word' id='word_1_487' title='bbox 913 1515 971 1542; x_wconf 82' lang='lat' dir='ltr'><strong>ritu</strong></span> <span class='ocrx_word' id='word_1_488' title='bbox 992 1522 1074 1548; x_wconf 85' lang='lat' dir='ltr'><strong>quem</strong></span> <span class='ocrx_word' id='word_1_489' title='bbox 1094 1512 1237 1548; x_wconf 88' lang='lat' dir='ltr'><strong>accepturi</strong></span> <span class='ocrx_word' id='word_1_490' title='bbox 1258 1515 1338 1538; x_wconf 86' lang='lat' dir='ltr'><strong>erant</strong></span> <span class='ocrx_word' id='word_1_491' title='bbox 1356 1510 1503 1538; x_wconf 85' lang='lat' dir='ltr'><strong>credentes</strong></span> <span class='ocrx_word' id='word_1_492' title='bbox 1522 1507 1550 1534; x_wconf 93' lang='lat' dir='ltr'><strong>in</strong></span> <span class='ocrx_word' id='word_1_493' title='bbox 1570 1512 1635 1533; x_wconf 93' lang='lat' dir='ltr'><strong>eum</strong></span> <span class='ocrx_word' id='word_1_494' title='bbox 1646 1504 1680 1531; x_wconf 83' lang='lat'><strong>&quot;.</strong></span> 
     </span>
    </p>
   </div>
   <div class='ocr_carea' id='block_1_61' title="bbox 915 1553 1710 1592">
    <p class='ocr_par' dir='ltr' id='par_1_61' title="bbox 915 1553 1710 1592">
     <span class='ocr_line' id='line_1_61' title="bbox 915 1553 1710 1592; baseline -0.014 -5"><span class='ocrx_word' id='word_1_495' title='bbox 915 1561 1024 1588; x_wconf 80' lang='lat' dir='ltr'><strong>Rursus</strong></span> <span class='ocrx_word' id='word_1_496' title='bbox 1043 1560 1116 1586; x_wconf 87' lang='lat' dir='ltr'><strong>idem</strong></span> <span class='ocrx_word' id='word_1_497' title='bbox 1139 1567 1146 1585; x_wconf 88' lang='lat'><strong>:</strong></span> <span class='ocrx_word' id='word_1_498' title='bbox 1172 1568 1182 1584; x_wconf 85' lang='grc'>‹</span> <span class='ocrx_word' id='word_1_499' title='bbox 1204 1557 1273 1592; x_wconf 90' lang='lat' dir='ltr'><strong>Quis</strong></span> <span class='ocrx_word' id='word_1_500' title='bbox 1294 1561 1375 1592; x_wconf 88' lang='lat' dir='ltr'><strong>putas</strong></span> <span class='ocrx_word' id='word_1_501' title='bbox 1396 1555 1485 1582; x_wconf 88' lang='lat' dir='ltr'><strong>ﬁdelis</strong></span> <span class='ocrx_word' id='word_1_502' title='bbox 1505 1558 1548 1581; x_wconf 91' lang='lat' dir='ltr'><strong>est</strong></span> <span class='ocrx_word' id='word_1_503' title='bbox 1567 1558 1663 1580; x_wconf 82' lang='lat' dir='ltr'><strong>servus</strong></span> <span class='ocrx_word' id='word_1_504' title='bbox 1681 1553 1710 1576; x_wconf 90' lang='lat' dir='ltr'><strong>et</strong></span> 
     </span>
    </p>
   </div>
   <div class='ocr_carea' id='block_1_62' title="bbox 65 1598 863 1644">
    <p class='ocr_par' dir='ltr' id='par_1_62' title="bbox 65 1602 862 1639">
     <span class='ocr_line' id='line_1_62' title="bbox 65 1602 862 1639; baseline -0.001 -9"><span class='ocrx_word' id='word_1_505' title='bbox 65 1605 141 1639; x_wconf 79' lang='grc' dir='ltr'>ζωὴν</span> <span class='ocrx_word' id='word_1_506' title='bbox 155 1604 290 1631; x_wconf 76' lang='grc' dir='ltr'>αἰώνιον.)</span> <span class='ocrx_word' id='word_1_507' title='bbox 307 1605 362 1631; x_wconf 83' lang='grc' dir='ltr'><strong>Καὶ</strong></span> <span class='ocrx_word' id='word_1_508' title='bbox 375 1604 462 1636; x_wconf 79' lang='grc' dir='ltr'>αὖθις·</span> <span class='ocrx_word' id='word_1_509' title='bbox 481 1613 490 1628; x_wconf 73' lang='grc' dir='ltr'><strong>ι</strong></span> <span class='ocrx_word' id='word_1_510' title='bbox 504 1604 652 1630; x_wconf 84' lang='grc' dir='ltr'>Πιστεύετε</span> <span class='ocrx_word' id='word_1_511' title='bbox 667 1604 707 1635; x_wconf 78' lang='grc' dir='ltr'>εἰς</span> <span class='ocrx_word' id='word_1_512' title='bbox 724 1602 769 1630; x_wconf 70' lang='grc' dir='ltr'><strong>τὸν</strong></span> <span class='ocrx_word' id='word_1_513' title='bbox 784 1603 862 1633; x_wconf 81' lang='grc' dir='ltr'>Θεὸν,</span> 
     </span>
    </p>
   </div>
   <div class='ocr_carea' id='block_1_63' title="bbox 914 1598 1709 1644">
    <p class='ocr_par' dir='ltr' id='par_1_63' title="bbox 915 1598 1709 1644">
     <span class='ocr_line' id='line_1_63' title="bbox 915 1598 1709 1644; baseline -0.013 -12"><span class='ocrx_word' id='word_1_514' title='bbox 915 1606 1091 1641; x_wconf 76' lang='lat' dir='ltr'><strong>prudens“?</strong></span> <span class='ocrx_word' id='word_1_515' title='bbox 1113 1615 1122 1631; x_wconf 75' lang='grc' dir='ltr'><strong>ι</strong></span> <span class='ocrx_word' id='word_1_516' title='bbox 1142 1605 1213 1632; x_wconf 80' lang='lat' dir='ltr'><strong>Aliis</strong></span> <span class='ocrx_word' id='word_1_517' title='bbox 1233 1611 1344 1638; x_wconf 87' lang='lat' dir='ltr'><strong>quoque</strong></span> <span class='ocrx_word' id='word_1_518' title='bbox 1362 1602 1432 1629; x_wconf 76' lang='lat' dir='ltr'><strong>dixit</strong></span> <span class='ocrx_word' id='word_1_519' title='bbox 1452 1610 1458 1628; x_wconf 90' lang='lat'><strong>:</strong></span> <span class='ocrx_word' id='word_1_520' title='bbox 1485 1610 1494 1625; x_wconf 77' lang='grc' dir='ltr'><strong>ι</strong></span> <span class='ocrx_word' id='word_1_521' title='bbox 1516 1598 1598 1627; x_wconf 84' lang='lat' dir='ltr'><strong>Fides</strong></span> <span class='ocrx_word' id='word_1_522' title='bbox 1616 1601 1709 1644; x_wconf 12' lang='lat' dir='ltr'><strong>tuajte</strong></span> 
     </span>
    </p>
   </div>
   <div class='ocr_carea' id='block_1_64' title="bbox 65 1646 864 1684">
    <p class='ocr_par' dir='ltr' id='par_1_64' title="bbox 65 1646 864 1684">
     <span class='ocr_line' id='line_1_64' title="bbox 65 1646 864 1684; baseline -0.004 -8"><span class='ocrx_word' id='word_1_523' title='bbox 65 1650 115 1682; x_wconf 72' lang='grc' dir='ltr'>καὶ</span> <span class='ocrx_word' id='word_1_524' title='bbox 130 1650 170 1681; x_wconf 83' lang='grc' dir='ltr'><strong>εἰς</strong></span> <span class='ocrx_word' id='word_1_525' title='bbox 187 1649 238 1684; x_wconf 73' lang='grc' dir='ltr'><strong>ἐμὲ</strong></span> <span class='ocrx_word' id='word_1_526' title='bbox 250 1649 405 1676; x_wconf 85' lang='grc' dir='ltr'>πιστεύετε.</span> <span class='ocrx_word' id='word_1_527' title='bbox 427 1659 436 1675; x_wconf 78' lang='grc' dir='ltr'><strong>ι</strong></span> <span class='ocrx_word' id='word_1_528' title='bbox 465 1648 579 1680; x_wconf 81' lang='grc' dir='ltr'>Ἰκανῶς</span> <span class='ocrx_word' id='word_1_529' title='bbox 603 1649 703 1682; x_wconf 68' lang='grc' dir='ltr'>τοίνυν,</span> <span class='ocrx_word' id='word_1_530' title='bbox 725 1648 763 1680; x_wconf 85' lang='grc' dir='ltr'>ὡς</span> <span class='ocrx_word' id='word_1_531' title='bbox 775 1646 864 1683; x_wconf 83' lang='grc' dir='ltr'>οἶμαι,</span> 
     </span>
    </p>
   </div>
   <div class='ocr_carea' id='block_1_65' title="bbox 67 1694 866 1730">
    <p class='ocr_par' dir='ltr' id='par_1_65' title="bbox 67 1694 866 1730">
     <span class='ocr_line' id='line_1_65' title="bbox 67 1694 866 1730; baseline -0.001 -9"><span class='ocrx_word' id='word_1_532' title='bbox 67 1695 247 1730; x_wconf 79' lang='grc' dir='ltr'>παρεθέμεθα</span> <span class='ocrx_word' id='word_1_533' title='bbox 258 1695 308 1726; x_wconf 77' lang='grc' dir='ltr'>τὰς</span> <span class='ocrx_word' id='word_1_534' title='bbox 322 1696 354 1721; x_wconf 84' lang='grc' dir='ltr'><strong>ὲκ</strong></span> <span class='ocrx_word' id='word_1_535' title='bbox 369 1694 423 1721; x_wconf 79' lang='grc' dir='ltr'>τῶν</span> <span class='ocrx_word' id='word_1_536' title='bbox 441 1695 521 1721; x_wconf 78' lang='grc' dir='ltr'>θείων</span> <span class='ocrx_word' id='word_1_537' title='bbox 536 1695 654 1729; x_wconf 75' lang='grc' dir='ltr'>Γραφῶν</span> <span class='ocrx_word' id='word_1_538' title='bbox 667 1694 731 1730; x_wconf 78' lang='grc' dir='ltr'>περὶ</span> <span class='ocrx_word' id='word_1_539' title='bbox 747 1694 866 1724; x_wconf 80' lang='grc' dir='ltr'>πίστεως</span> 
     </span>
    </p>
   </div>
   <div class='ocr_carea' id='block_1_66' title="bbox 68 1739 866 1776">
    <p class='ocr_par' dir='ltr' id='par_1_66' title="bbox 68 1739 866 1776">
     <span class='ocr_line' id='line_1_66' title="bbox 68 1739 866 1776; baseline -0.001 -9"><span class='ocrx_word' id='word_1_540' title='bbox 68 1740 223 1776; x_wconf 78' lang='grc' dir='ltr'>μαρτυρίας</span> <span class='ocrx_word' id='word_1_541' title='bbox 236 1748 242 1755; x_wconf 89' lang='grc'><strong>·</strong></span> <span class='ocrx_word' id='word_1_542' title='bbox 263 1740 354 1767; x_wconf 78' lang='grc' dir='ltr'>πίστιν</span> <span class='ocrx_word' id='word_1_543' title='bbox 378 1740 406 1767; x_wconf 84' lang='grc' dir='ltr'><strong>δὲ</strong></span> <span class='ocrx_word' id='word_1_544' title='bbox 422 1740 539 1775; x_wconf 78' lang='grc' dir='ltr'>λέγομεν</span> <span class='ocrx_word' id='word_1_545' title='bbox 562 1740 610 1775; x_wconf 84' lang='grc' dir='ltr'>τὴν</span> <span class='ocrx_word' id='word_1_546' title='bbox 629 1740 670 1771; x_wconf 76' lang='grc' dir='ltr'><strong>εις</strong></span> <span class='ocrx_word' id='word_1_547' title='bbox 685 1739 794 1775; x_wconf 81' lang='grc' dir='ltr'>Πατέρα</span> <span class='ocrx_word' id='word_1_548' title='bbox 818 1739 866 1766; x_wconf 76' lang='grc' dir='ltr'>καὶ</span> 
     </span>
    </p>
   </div>
   <div class='ocr_carea' id='block_1_67' title="bbox 65 1785 866 1821">
    <p class='ocr_par' dir='ltr' id='par_1_67' title="bbox 65 1785 866 1821">
     <span class='ocr_line' id='line_1_67' title="bbox 65 1785 866 1821; baseline -0.004 -8"><span class='ocrx_word' id='word_1_549' title='bbox 65 1787 132 1813; x_wconf 70' lang='grc' dir='ltr'>Υἰὸν</span> <span class='ocrx_word' id='word_1_550' title='bbox 149 1787 196 1812; x_wconf 75' lang='grc' dir='ltr'>καὶ</span> <span class='ocrx_word' id='word_1_551' title='bbox 217 1786 293 1820; x_wconf 69' lang='grc' dir='ltr'>ἅγιον</span> <span class='ocrx_word' id='word_1_552' title='bbox 306 1786 432 1821; x_wconf 84' lang='grc' dir='ltr'>Πνεῦμα,</span> <span class='ocrx_word' id='word_1_553' title='bbox 443 1785 493 1821; x_wconf 78' lang='grc' dir='ltr'>τὴν</span> <span class='ocrx_word' id='word_1_554' title='bbox 509 1785 652 1820; x_wconf 83' lang='grc' dir='ltr'>ὁμοούσιον</span> <span class='ocrx_word' id='word_1_555' title='bbox 667 1785 714 1812; x_wconf 77' lang='grc' dir='ltr'><strong>καὶ</strong></span> <span class='ocrx_word' id='word_1_556' title='bbox 734 1785 866 1817; x_wconf 72' lang='grc' dir='ltr'>ζωοποιὸν</span> 
     </span>
    </p>
   </div>
   <div class='ocr_carea' id='block_1_68' title="bbox 66 1831 866 1869">
    <p class='ocr_par' dir='ltr' id='par_1_68' title="bbox 66 1831 866 1869">
     <span class='ocr_line' id='line_1_68' title="bbox 66 1831 866 1869; baseline -0.004 -10"><span class='ocrx_word' id='word_1_557' title='bbox 66 1833 172 1869; x_wconf 82' lang='grc' dir='ltr'>Τριάὸα</span> <span class='ocrx_word' id='word_1_558' title='bbox 187 1832 406 1867; x_wconf 80' lang='grc' dir='ltr'>ἀναφερομένην,</span> <span class='ocrx_word' id='word_1_559' title='bbox 420 1832 460 1863; x_wconf 89' lang='grc' dir='ltr'><strong>εἰς</strong></span> <span class='ocrx_word' id='word_1_560' title='bbox 468 1831 502 1867; x_wconf 74' lang='grc' dir='ltr'>ἢν</span> <span class='ocrx_word' id='word_1_561' title='bbox 514 1831 561 1858; x_wconf 78' lang='grc' dir='ltr'><strong>καὶ</strong></span> <span class='ocrx_word' id='word_1_562' title='bbox 573 1831 750 1866; x_wconf 83' lang='grc' dir='ltr'>πιστεύομεν.</span> <span class='ocrx_word' id='word_1_563' title='bbox 767 1831 866 1864; x_wconf 80' lang='grc' dir='ltr'>Ἀναγ-</span> 
     </span>
    </p>
   </div>
   <div class='ocr_carea' id='block_1_69' title="bbox 67 1877 865 1913">
    <p class='ocr_par' dir='ltr' id='par_1_69' title="bbox 67 1877 865 1913">
     <span class='ocr_line' id='line_1_69' title="bbox 67 1877 865 1913; baseline -0.004 -7"><span class='ocrx_word' id='word_1_564' title='bbox 67 1881 145 1906; x_wconf 79' lang='grc' dir='ltr'>καῖον</span> <span class='ocrx_word' id='word_1_565' title='bbox 167 1878 196 1904; x_wconf 78' lang='grc' dir='ltr'>δὲ</span> <span class='ocrx_word' id='word_1_566' title='bbox 222 1879 270 1905; x_wconf 67' lang='grc' dir='ltr'>καὶ</span> <span class='ocrx_word' id='word_1_567' title='bbox 284 1878 334 1909; x_wconf 83' lang='grc' dir='ltr'><strong>τὰς</strong></span> <span class='ocrx_word' id='word_1_568' title='bbox 349 1878 413 1913; x_wconf 79' lang='grc' dir='ltr'>περὶ</span> <span class='ocrx_word' id='word_1_569' title='bbox 436 1877 531 1904; x_wconf 82' lang='grc' dir='ltr'>τούτου</span> <span class='ocrx_word' id='word_1_570' title='bbox 555 1880 669 1913; x_wconf 81' lang='grc' dir='ltr'>χρήσεις</span> <span class='ocrx_word' id='word_1_571' title='bbox 691 1877 740 1904; x_wconf 74' lang='grc' dir='ltr'>καὶ</span> <span class='ocrx_word' id='word_1_572' title='bbox 760 1886 865 1912; x_wconf 83' lang='grc' dir='ltr'>μαρτυ-</span> 
     </span>
    </p>
   </div>
   <div class='ocr_carea' id='block_1_70' title="bbox 69 1923 866 1960">
    <p class='ocr_par' dir='ltr' id='par_1_70' title="bbox 69 1923 866 1960">
     <span class='ocr_line' id='line_1_70' title="bbox 69 1923 866 1960; baseline -0.003 -9"><span class='ocrx_word' id='word_1_573' title='bbox 69 1925 132 1960; x_wconf 75' lang='grc' dir='ltr'>ρίας</span> <span class='ocrx_word' id='word_1_574' title='bbox 146 1925 197 1959; x_wconf 81' lang='grc' dir='ltr'>τῆς</span> <span class='ocrx_word' id='word_1_575' title='bbox 213 1924 289 1954; x_wconf 75' lang='grc' dir='ltr'>θείας</span> <span class='ocrx_word' id='word_1_576' title='bbox 305 1924 425 1958; x_wconf 79' lang='grc' dir='ltr'>Γραφῆς’</span> <span class='ocrx_word' id='word_1_577' title='bbox 441 1923 613 1959; x_wconf 80' lang='grc' dir='ltr'>παραθέσθαι</span> <span class='ocrx_word' id='word_1_578' title='bbox 631 1923 700 1958; x_wconf 76' lang='grc' dir='ltr'>πρὸς</span> <span class='ocrx_word' id='word_1_579' title='bbox 727 1923 866 1957; x_wconf 75' lang='grc' dir='ltr'>φωτισμὸν</span> 
     </span>
    </p>
   </div>
   <div class='ocr_carea' id='block_1_71' title="bbox 67 1968 868 2004">
    <p class='ocr_par' dir='ltr' id='par_1_71' title="bbox 67 1968 868 2004">
     <span class='ocr_line' id='line_1_71' title="bbox 67 1968 868 2004; baseline -0.005 -7"><span class='ocrx_word' id='word_1_580' title='bbox 67 1971 124 1997; x_wconf 82' lang='grc' dir='ltr'><strong>τῶν</strong></span> <span class='ocrx_word' id='word_1_581' title='bbox 140 1969 372 2004; x_wconf 77' lang='grc' dir='ltr'>ἐντυγχανόντων.</span> <span class='ocrx_word' id='word_1_582' title='bbox 391 1968 440 1995; x_wconf 76' lang='grc' dir='ltr'>Διὰ</span> <span class='ocrx_word' id='word_1_583' title='bbox 460 1969 551 2003; x_wconf 85' lang='grc' dir='ltr'>πάσης</span> <span class='ocrx_word' id='word_1_584' title='bbox 567 1969 656 1994; x_wconf 83' lang='grc' dir='ltr'>τοίνυν</span> <span class='ocrx_word' id='word_1_585' title='bbox 678 1968 728 2001; x_wconf 76' lang='grc' dir='ltr'>τῆς</span> <span class='ocrx_word' id='word_1_586' title='bbox 748 1968 868 2002; x_wconf 78' lang='grc' dir='ltr'>θεολογι-</span> 
     </span>
    </p>
   </div>
   <div class='ocr_carea' id='block_1_72' title="bbox 67 2013 867 2050">
    <p class='ocr_par' dir='ltr' id='par_1_72' title="bbox 67 2013 867 2050">
     <span class='ocr_line' id='line_1_72' title="bbox 67 2013 867 2050; baseline -0.004 -8"><span class='ocrx_word' id='word_1_587' title='bbox 67 2015 122 2050; x_wconf 80' lang='grc' dir='ltr'><strong>κῆς</strong></span> <span class='ocrx_word' id='word_1_588' title='bbox 137 2014 333 2050; x_wconf 76' lang='grc' dir='ltr'>πραγματείας</span> <span class='ocrx_word' id='word_1_589' title='bbox 345 2014 396 2049; x_wconf 88' lang='grc' dir='ltr'>τὴν</span> <span class='ocrx_word' id='word_1_590' title='bbox 407 2014 538 2050; x_wconf 84' lang='grc' dir='ltr'>θεαρχῑαν</span> <span class='ocrx_word' id='word_1_591' title='bbox 551 2014 659 2049; x_wconf 83' lang='grc' dir='ltr'>ὁρῶμεν</span> <span class='ocrx_word' id='word_1_592' title='bbox 673 2013 752 2048; x_wconf 84' lang='grc' dir='ltr'>ῑερῶς</span> <span class='ocrx_word' id='word_1_593' title='bbox 767 2013 867 2047; x_wconf 79' lang='grc' dir='ltr'>ὑμνου-</span> 
     </span>
    </p>
   </div>
   <div class='ocr_carea' id='block_1_73' title="bbox 70 2058 868 2096">
    <p class='ocr_par' dir='ltr' id='par_1_73' title="bbox 70 2058 868 2096">
     <span class='ocr_line' id='line_1_73' title="bbox 70 2058 868 2096; baseline -0.004 -9"><span class='ocrx_word' id='word_1_594' title='bbox 70 2061 168 2096; x_wconf 81' lang='grc' dir='ltr'>μένην,</span> <span class='ocrx_word' id='word_1_595' title='bbox 187 2061 225 2092; x_wconf 84' lang='grc' dir='ltr'>ὡς</span> <span class='ocrx_word' id='word_1_596' title='bbox 239 2061 341 2096; x_wconf 82' lang='grc' dir='ltr'>μονάδα</span> <span class='ocrx_word' id='word_1_597' title='bbox 360 2060 409 2096; x_wconf 81' lang='grc' dir='ltr'>μὲν</span> <span class='ocrx_word' id='word_1_598' title='bbox 431 2061 478 2087; x_wconf 77' lang='grc' dir='ltr'>καὶ</span> <span class='ocrx_word' id='word_1_599' title='bbox 495 2060 578 2087; x_wconf 81' lang='grc' dir='ltr'>ὲνάδα</span> <span class='ocrx_word' id='word_1_600' title='bbox 592 2059 637 2086; x_wconf 84' lang='grc' dir='ltr'>διὰ</span> <span class='ocrx_word' id='word_1_601' title='bbox 657 2059 707 2093; x_wconf 81' lang='grc' dir='ltr'>τὴν</span> <span class='ocrx_word' id='word_1_602' title='bbox 728 2058 868 2093; x_wconf 82' lang='grc' dir='ltr'>ἁπλότητα</span> 
     </span>
    </p>
   </div>
   <div class='ocr_carea' id='block_1_74' title="bbox 68 2101 868 2141">
    <p class='ocr_par' dir='ltr' id='par_1_74' title="bbox 68 2101 868 2141">
     <span class='ocr_line' id='line_1_74' title="bbox 68 2101 868 2141; baseline -0.004 -9"><span class='ocrx_word' id='word_1_603' title='bbox 68 2106 117 2133; x_wconf 81' lang='grc' dir='ltr'><strong>καὶ</strong></span> <span class='ocrx_word' id='word_1_604' title='bbox 131 2105 245 2140; x_wconf 76' lang='grc' dir='ltr'>ἑνότητα</span> <span class='ocrx_word' id='word_1_605' title='bbox 257 2106 307 2140; x_wconf 83' lang='grc' dir='ltr'>τῆς</span> <span class='ocrx_word' id='word_1_606' title='bbox 327 2105 485 2141; x_wconf 79' lang='grc' dir='ltr'>ὑπερφυοῦς</span> <span class='ocrx_word' id='word_1_607' title='bbox 503 2104 647 2140; x_wconf 77' lang='grc' dir='ltr'>ἀμερείας,</span> <span class='ocrx_word' id='word_1_608' title='bbox 663 2104 692 2136; x_wconf 70' lang='grc' dir='ltr'><strong>ἐξ</strong></span> <span class='ocrx_word' id='word_1_609' title='bbox 707 2101 740 2139; x_wconf 84' lang='grc' dir='ltr'>ἦς</span> <span class='ocrx_word' id='word_1_610' title='bbox 755 2103 793 2135; x_wconf 82' lang='grc' dir='ltr'>ὡς</span> <span class='ocrx_word' id='word_1_611' title='bbox 811 2105 868 2130; x_wconf 84' lang='grc' dir='ltr'>ὲνο-</span> 
     </span>
    </p>
   </div>
   <div class='ocr_carea' id='block_1_75' title="bbox 69 2149 868 2186">
    <p class='ocr_par' dir='ltr' id='par_1_75' title="bbox 69 2149 868 2186">
     <span class='ocr_line' id='line_1_75' title="bbox 69 2149 868 2186; baseline -0.004 -8"><span class='ocrx_word' id='word_1_612' title='bbox 69 2151 150 2178; x_wconf 86' lang='grc' dir='ltr'>ποιοῦ</span> <span class='ocrx_word' id='word_1_613' title='bbox 167 2151 310 2186; x_wconf 84' lang='grc' dir='ltr'>δυνάμεως</span> <span class='ocrx_word' id='word_1_614' title='bbox 332 2150 497 2185; x_wconf 78' lang='grc' dir='ltr'>ὲνιζόμεθα·</span> <span class='ocrx_word' id='word_1_615' title='bbox 520 2150 558 2182; x_wconf 82' lang='grc' dir='ltr'><strong>ὡς</strong></span> <span class='ocrx_word' id='word_1_616' title='bbox 586 2150 690 2184; x_wconf 83' lang='grc' dir='ltr'>Τριάδα</span> <span class='ocrx_word' id='word_1_617' title='bbox 705 2149 734 2176; x_wconf 86' lang='grc' dir='ltr'><strong>δὲ</strong></span> <span class='ocrx_word' id='word_1_618' title='bbox 753 2149 798 2176; x_wconf 78' lang='grc' dir='ltr'><strong>διὰ</strong></span> <span class='ocrx_word' id='word_1_619' title='bbox 818 2149 868 2184; x_wconf 85' lang='grc' dir='ltr'><strong>τὴν</strong></span> 
     </span>
    </p>
   </div>
   <div class='ocr_carea' id='block_1_76' title="bbox 68 2195 867 2232">
    <p class='ocr_par' dir='ltr' id='par_1_76' title="bbox 68 2195 867 2232">
     <span class='ocr_line' id='line_1_76' title="bbox 68 2195 867 2232; baseline -0.003 -9"><span class='ocrx_word' id='word_1_620' title='bbox 68 2197 287 2232; x_wconf 80' lang='grc' dir='ltr'>τρισυπόστατον</span> <span class='ocrx_word' id='word_1_621' title='bbox 302 2197 351 2231; x_wconf 80' lang='grc' dir='ltr'><strong>τῆς</strong></span> <span class='ocrx_word' id='word_1_622' title='bbox 366 2196 528 2232; x_wconf 77' lang='grc' dir='ltr'>ὑπερουσίου</span> <span class='ocrx_word' id='word_1_623' title='bbox 545 2195 724 2231; x_wconf 81' lang='grc' dir='ltr'>γονιμότητος</span> <span class='ocrx_word' id='word_1_624' title='bbox 738 2195 867 2230; x_wconf 74' lang='grc' dir='ltr'>ἔμφασιν.</span> 
     </span>
    </p>
   </div>
   <div class='ocr_carea' id='block_1_77' title="bbox 68 2242 868 2279">
    <p class='ocr_par' dir='ltr' id='par_1_77' title="bbox 68 2242 868 2279">
     <span class='ocr_line' id='line_1_77' title="bbox 68 2242 868 2279; baseline -0.005 -8"><span class='ocrx_word' id='word_1_625' title='bbox 68 2245 159 2271; x_wconf 79' lang='grc' dir='ltr'>Τοῦτο</span> <span class='ocrx_word' id='word_1_626' title='bbox 175 2242 221 2270; x_wconf 77' lang='grc' dir='ltr'><strong>οὗν</strong></span> <span class='ocrx_word' id='word_1_627' title='bbox 242 2253 333 2279; x_wconf 77' lang='grc' dir='ltr'>φαμεν</span> <span class='ocrx_word' id='word_1_628' title='bbox 359 2244 397 2275; x_wconf 84' lang='grc' dir='ltr'>ὡς</span> <span class='ocrx_word' id='word_1_629' title='bbox 422 2244 511 2270; x_wconf 83' lang='grc' dir='ltr'>πάντα</span> <span class='ocrx_word' id='word_1_630' title='bbox 531 2243 566 2269; x_wconf 83' lang='grc' dir='ltr'>τὰ</span> <span class='ocrx_word' id='word_1_631' title='bbox 585 2242 721 2278; x_wconf 76' lang='grc' dir='ltr'>θεαρχικὰ</span> <span class='ocrx_word' id='word_1_632' title='bbox 747 2242 868 2277; x_wconf 82' lang='grc' dir='ltr'>ὀνόματα</span> 
     </span>
    </p>
   </div>
   <div class='ocr_carea' id='block_1_78' title="bbox 917 1642 1708 1684">
    <p class='ocr_par' dir='ltr' id='par_1_78' title="bbox 917 1642 1708 1684">
     <span class='ocr_line' id='line_1_78' title="bbox 917 1642 1708 1684; baseline -0.015 -4"><span class='ocrx_word' id='word_1_633' title='bbox 917 1652 1019 1680; x_wconf 82' lang='lat' dir='ltr'><strong>salvam</strong></span> <span class='ocrx_word' id='word_1_634' title='bbox 1036 1650 1190 1683; x_wconf 83' lang='lat' dir='ltr'><strong>fecit,vade</strong></span> <span class='ocrx_word' id='word_1_635' title='bbox 1206 1650 1232 1677; x_wconf 91' lang='lat' dir='ltr'><strong>in</strong></span> <span class='ocrx_word' id='word_1_636' title='bbox 1248 1657 1315 1684; x_wconf 83' lang='lat' dir='ltr'><strong>pace</strong></span> <span class='ocrx_word' id='word_1_637' title='bbox 1326 1649 1358 1675; x_wconf 88' lang='grc'><strong>³⁷.</strong></span> <span class='ocrx_word' id='word_1_638' title='bbox 1372 1658 1381 1674; x_wconf 87' lang='grc'><strong>›</strong></span> <span class='ocrx_word' id='word_1_639' title='bbox 1399 1646 1513 1675; x_wconf 64' lang='lat' dir='ltr'><strong>Martha:</strong></span> <span class='ocrx_word' id='word_1_640' title='bbox 1526 1646 1591 1672; x_wconf 89' lang='lat' dir='ltr'><strong>item</strong></span> <span class='ocrx_word' id='word_1_641' title='bbox 1607 1652 1614 1670; x_wconf 91' lang='lat'>:</span> <span class='ocrx_word' id='word_1_642' title='bbox 1633 1653 1642 1668; x_wconf 77' lang='grc' dir='ltr'><strong>σ</strong></span> <span class='ocrx_word' id='word_1_643' title='bbox 1656 1642 1708 1675; x_wconf 88' lang='lat' dir='ltr'><strong>Qui</strong></span> 
     </span>
    </p>
   </div>
   <div class='ocr_carea' id='block_1_79' title="bbox 917 1688 1706 1729">
    <p class='ocr_par' dir='ltr' id='par_1_79' title="bbox 917 1688 1706 1729">
     <span class='ocr_line' id='line_1_79' title="bbox 917 1688 1706 1729; baseline -0.011 -5"><span class='ocrx_word' id='word_1_644' title='bbox 917 1697 1006 1725; x_wconf 81' lang='lat' dir='ltr'><strong>credit</strong></span> <span class='ocrx_word' id='word_1_645' title='bbox 1029 1697 1056 1724; x_wconf 93' lang='lat' dir='ltr'><strong>in</strong></span> <span class='ocrx_word' id='word_1_646' title='bbox 1080 1705 1138 1729; x_wconf 89' lang='lat' dir='ltr'><strong>me,</strong></span> <span class='ocrx_word' id='word_1_647' title='bbox 1160 1696 1269 1724; x_wconf 84' lang='lat' dir='ltr'><strong>etiamsi</strong></span> <span class='ocrx_word' id='word_1_648' title='bbox 1294 1699 1421 1722; x_wconf 87' lang='lat' dir='ltr'><strong>mortuus</strong></span> <span class='ocrx_word' id='word_1_649' title='bbox 1442 1691 1542 1722; x_wconf 79' lang='lat' dir='ltr'><strong>fuerit.</strong></span> <span class='ocrx_word' id='word_1_650' title='bbox 1559 1690 1635 1717; x_wconf 83' lang='lat' dir='ltr'><strong>vivet</strong></span> <span class='ocrx_word' id='word_1_651' title='bbox 1645 1688 1677 1715; x_wconf 76' lang='grc'><strong>³³.</strong></span> <span class='ocrx_word' id='word_1_652' title='bbox 1697 1697 1706 1712; x_wconf 83' lang='grc' dir='ltr'><strong>ι</strong></span> 
     </span>
    </p>
   </div>
   <div class='ocr_carea' id='block_1_80' title="bbox 916 1735 1711 1778">
    <p class='ocr_par' dir='ltr' id='par_1_80' title="bbox 916 1735 1711 1778">
     <span class='ocr_line' id='line_1_80' title="bbox 916 1735 1711 1778; baseline -0.013 -8"><span class='ocrx_word' id='word_1_653' title='bbox 916 1743 1068 1778; x_wconf 87' lang='lat' dir='ltr'><strong>Discipulis</strong></span> <span class='ocrx_word' id='word_1_654' title='bbox 1083 1743 1121 1769; x_wconf 86' lang='lat' dir='ltr'><strong>ait</strong></span> <span class='ocrx_word' id='word_1_655' title='bbox 1137 1751 1143 1769; x_wconf 70' lang='grc' dir='ltr'><strong>ε</strong></span> <span class='ocrx_word' id='word_1_656' title='bbox 1162 1751 1170 1767; x_wconf 77' lang='grc' dir='ltr'><strong>ι</strong></span> <span class='ocrx_word' id='word_1_657' title='bbox 1190 1742 1288 1772; x_wconf 78' lang='lat' dir='ltr'><strong>Amen,</strong></span> <span class='ocrx_word' id='word_1_658' title='bbox 1305 1747 1384 1767; x_wconf 88' lang='lat' dir='ltr'><strong>amen</strong></span> <span class='ocrx_word' id='word_1_659' title='bbox 1401 1739 1463 1766; x_wconf 88' lang='lat' dir='ltr'><strong>dico</strong></span> <span class='ocrx_word' id='word_1_660' title='bbox 1477 1737 1568 1768; x_wconf 83' lang='lat' dir='ltr'><strong>vobis,</strong></span> <span class='ocrx_word' id='word_1_661' title='bbox 1582 1735 1629 1770; x_wconf 92' lang='lat' dir='ltr'><strong>qui</strong></span> <span class='ocrx_word' id='word_1_662' title='bbox 1649 1741 1711 1761; x_wconf 88' lang='lat' dir='ltr'><strong>cre-</strong></span> 
     </span>
    </p>
   </div>
   <div class='ocr_carea' id='block_1_81' title="bbox 917 1781 1708 1824">
    <p class='ocr_par' dir='ltr' id='par_1_81' title="bbox 917 1781 1708 1824">
     <span class='ocr_line' id='line_1_81' title="bbox 917 1781 1708 1824; baseline -0.014 -7"><span class='ocrx_word' id='word_1_663' title='bbox 917 1790 988 1817; x_wconf 91' lang='lat' dir='ltr'><strong>didit</strong></span> <span class='ocrx_word' id='word_1_664' title='bbox 1008 1790 1036 1816; x_wconf 94' lang='lat' dir='ltr'><strong>in</strong></span> <span class='ocrx_word' id='word_1_665' title='bbox 1056 1797 1111 1821; x_wconf 88' lang='lat' dir='ltr'><strong>me,</strong></span> <span class='ocrx_word' id='word_1_666' title='bbox 1123 1796 1208 1824; x_wconf 87' lang='lat' dir='ltr'><strong>opera</strong></span> <span class='ocrx_word' id='word_1_667' title='bbox 1224 1795 1286 1824; x_wconf 65' lang='lat' dir='ltr'><strong>qua:</strong></span> <span class='ocrx_word' id='word_1_668' title='bbox 1301 1794 1352 1822; x_wconf 80' lang='lat' dir='ltr'><strong>ego</strong></span> <span class='ocrx_word' id='word_1_669' title='bbox 1367 1785 1438 1813; x_wconf 78' lang='lat' dir='ltr'><strong>facio</strong></span> <span class='ocrx_word' id='word_1_670' title='bbox 1453 1788 1481 1811; x_wconf 89' lang='lat' dir='ltr'><strong>et</strong></span> <span class='ocrx_word' id='word_1_671' title='bbox 1495 1784 1541 1811; x_wconf 90' lang='lat' dir='ltr'><strong>ille</strong></span> <span class='ocrx_word' id='word_1_672' title='bbox 1557 1783 1638 1809; x_wconf 81' lang='lat' dir='ltr'><strong>faciet</strong></span> <span class='ocrx_word' id='word_1_673' title='bbox 1648 1781 1681 1807; x_wconf 84' lang='lat'><strong>&quot;.</strong></span> <span class='ocrx_word' id='word_1_674' title='bbox 1698 1788 1708 1806; x_wconf 71' lang='grc' dir='ltr'><strong>ι</strong></span> 
     </span>
    </p>
   </div>
   <div class='ocr_carea' id='block_1_82' title="bbox 916 1828 1708 1869">
    <p class='ocr_par' dir='ltr' id='par_1_82' title="bbox 916 1828 1708 1869">
     <span class='ocr_line' id='line_1_82' title="bbox 916 1828 1708 1869; baseline -0.013 -6"><span class='ocrx_word' id='word_1_675' title='bbox 916 1837 951 1863; x_wconf 90' lang='lat' dir='ltr'><strong>Et</strong></span> <span class='ocrx_word' id='word_1_676' title='bbox 966 1845 972 1862; x_wconf 72' lang='grc' dir='ltr'><strong><em>τ</em></strong></span> <span class='ocrx_word' id='word_1_677' title='bbox 995 1845 1004 1861; x_wconf 78' lang='grc' dir='ltr'><strong>ι</strong></span> <span class='ocrx_word' id='word_1_678' title='bbox 1020 1835 1072 1869; x_wconf 85' lang='lat' dir='ltr'><strong>Qui</strong></span> <span class='ocrx_word' id='word_1_679' title='bbox 1087 1835 1177 1863; x_wconf 88' lang='lat' dir='ltr'><strong>credit</strong></span> <span class='ocrx_word' id='word_1_680' title='bbox 1191 1835 1218 1861; x_wconf 90' lang='lat' dir='ltr'><strong>in</strong></span> <span class='ocrx_word' id='word_1_681' title='bbox 1235 1841 1289 1866; x_wconf 91' lang='lat' dir='ltr'><strong>me,</strong></span> <span class='ocrx_word' id='word_1_682' title='bbox 1301 1833 1387 1860; x_wconf 84' lang='lat' dir='ltr'><strong>habet</strong></span> <span class='ocrx_word' id='word_1_683' title='bbox 1403 1832 1488 1858; x_wconf 87' lang='lat' dir='ltr'><strong>vitam</strong></span> <span class='ocrx_word' id='word_1_684' title='bbox 1504 1834 1635 1857; x_wconf 63' lang='lat' dir='ltr'><strong>aeternam</strong></span> <span class='ocrx_word' id='word_1_685' title='bbox 1649 1828 1682 1853; x_wconf 72' lang='grc' dir='ltr'><strong>⁸ο.</strong></span> <span class='ocrx_word' id='word_1_686' title='bbox 1698 1836 1708 1852; x_wconf 76' lang='grc' dir='ltr'><strong>ι</strong></span> 
     </span>
    </p>
   </div>
   <div class='ocr_carea' id='block_1_83' title="bbox 917 1874 1708 1914">
    <p class='ocr_par' dir='ltr' id='par_1_83' title="bbox 917 1874 1708 1914">
     <span class='ocr_line' id='line_1_83' title="bbox 917 1874 1708 1914; baseline -0.013 -4"><span class='ocrx_word' id='word_1_687' title='bbox 917 1883 1045 1910; x_wconf 82' lang='lat' dir='ltr'><strong>Rursus:</strong></span> <span class='ocrx_word' id='word_1_688' title='bbox 1065 1891 1074 1907; x_wconf 88' lang='grc'><strong>‹</strong></span> <span class='ocrx_word' id='word_1_689' title='bbox 1089 1881 1210 1909; x_wconf 88' lang='lat' dir='ltr'><strong>Creditis</strong></span> <span class='ocrx_word' id='word_1_690' title='bbox 1227 1881 1253 1907; x_wconf 90' lang='lat' dir='ltr'><strong>in</strong></span> <span class='ocrx_word' id='word_1_691' title='bbox 1268 1880 1370 1914; x_wconf 79' lang='lat' dir='ltr'><strong>Deum,</strong></span> <span class='ocrx_word' id='word_1_692' title='bbox 1390 1883 1418 1905; x_wconf 89' lang='lat' dir='ltr'><strong>et</strong></span> <span class='ocrx_word' id='word_1_693' title='bbox 1431 1878 1459 1904; x_wconf 92' lang='lat' dir='ltr'><strong>in</strong></span> <span class='ocrx_word' id='word_1_694' title='bbox 1474 1885 1517 1903; x_wconf 92' lang='lat' dir='ltr'><strong>me</strong></span> <span class='ocrx_word' id='word_1_695' title='bbox 1531 1875 1636 1903; x_wconf 83' lang='lat' dir='ltr'><strong>credite</strong></span> <span class='ocrx_word' id='word_1_696' title='bbox 1647 1874 1681 1901; x_wconf 66' lang='grc' dir='ltr'><strong>δι.</strong></span> <span class='ocrx_word' id='word_1_697' title='bbox 1699 1883 1708 1899; x_wconf 76' lang='grc' dir='ltr'><strong>ι</strong></span> 
     </span>
    </p>
   </div>
   <div class='ocr_carea' id='block_1_84' title="bbox 917 1920 1712 1962">
    <p class='ocr_par' dir='ltr' id='par_1_84' title="bbox 917 1920 1712 1962">
     <span class='ocr_line' id='line_1_84' title="bbox 917 1920 1712 1962; baseline -0.011 -7"><span class='ocrx_word' id='word_1_698' title='bbox 917 1925 953 1955; x_wconf 83' lang='lat' dir='ltr'><strong>Et</strong></span> <span class='ocrx_word' id='word_1_699' title='bbox 975 1927 1088 1962; x_wconf 87' lang='lat' dir='ltr'><strong>quidem</strong></span> <span class='ocrx_word' id='word_1_700' title='bbox 1110 1928 1245 1954; x_wconf 89' lang='lat' dir='ltr'><strong>hactenus</strong></span> <span class='ocrx_word' id='word_1_701' title='bbox 1269 1924 1303 1952; x_wconf 86' lang='lat' dir='ltr'><strong>de</strong></span> <span class='ocrx_word' id='word_1_702' title='bbox 1321 1925 1373 1951; x_wconf 87' lang='lat' dir='ltr'><strong>ﬁde</strong></span> <span class='ocrx_word' id='word_1_703' title='bbox 1394 1923 1504 1951; x_wconf 85' lang='lat' dir='ltr'><strong>abunde</strong></span> <span class='ocrx_word' id='word_1_704' title='bbox 1522 1920 1712 1949; x_wconf 86' lang='lat' dir='ltr'><strong>testimonium</strong></span> 
     </span>
    </p>
   </div>
   <div class='ocr_carea' id='block_1_85' title="bbox 918 1967 1712 2004">
    <p class='ocr_par' dir='ltr' id='par_1_85' title="bbox 918 1967 1712 2004">
     <span class='ocr_line' id='line_1_85' title="bbox 918 1967 1712 2004; baseline -0.011 -5"><span class='ocrx_word' id='word_1_705' title='bbox 918 1972 1039 1999; x_wconf 88' lang='lat' dir='ltr'><strong>arbitror</strong></span> <span class='ocrx_word' id='word_1_706' title='bbox 1061 1979 1106 1998; x_wconf 90' lang='lat' dir='ltr'><strong>me</strong></span> <span class='ocrx_word' id='word_1_707' title='bbox 1127 1969 1334 2004; x_wconf 86' lang='lat' dir='ltr'><strong>deprompsisse</strong></span> <span class='ocrx_word' id='word_1_708' title='bbox 1359 1976 1374 1996; x_wconf 92' lang='lat' dir='ltr'><strong>e</strong></span> <span class='ocrx_word' id='word_1_709' title='bbox 1396 1967 1615 2002; x_wconf 88' lang='lat' dir='ltr'><strong>locupletissimo</strong></span> <span class='ocrx_word' id='word_1_710' title='bbox 1639 1972 1712 1999; x_wconf 89' lang='lat' dir='ltr'><strong>penu</strong></span> 
     </span>
    </p>
   </div>
   <div class='ocr_carea' id='block_1_86' title="bbox 918 2010 1712 2050">
    <p class='ocr_par' dir='ltr' id='par_1_86' title="bbox 918 2010 1712 2050">
     <span class='ocr_line' id='line_1_86' title="bbox 918 2010 1712 2050; baseline -0.01 -6"><span class='ocrx_word' id='word_1_711' title='bbox 918 2017 1077 2045; x_wconf 85' lang='lat' dir='ltr'><strong>divinarum</strong></span> <span class='ocrx_word' id='word_1_712' title='bbox 1103 2016 1324 2050; x_wconf 83' lang='lat' dir='ltr'><strong>Scripturarum.</strong></span> <span class='ocrx_word' id='word_1_713' title='bbox 1341 2014 1499 2041; x_wconf 84' lang='lat' dir='ltr'><strong>Astruimus</strong></span> <span class='ocrx_word' id='word_1_714' title='bbox 1522 2019 1606 2047; x_wconf 85' lang='lat' dir='ltr'><strong>porro</strong></span> <span class='ocrx_word' id='word_1_715' title='bbox 1631 2010 1712 2037; x_wconf 90' lang='lat' dir='ltr'><strong>ﬁdem</strong></span> 
     </span>
    </p>
   </div>
   <div class='ocr_carea' id='block_1_87' title="bbox 918 2057 1714 2098">
    <p class='ocr_par' dir='ltr' id='par_1_87' title="bbox 918 2057 1714 2098">
     <span class='ocr_line' id='line_1_87' title="bbox 918 2057 1714 2098; baseline -0.011 -7"><span class='ocrx_word' id='word_1_716' title='bbox 918 2071 995 2093; x_wconf 80' lang='lat' dir='ltr'><strong>esse,</strong></span> <span class='ocrx_word' id='word_1_717' title='bbox 1012 2071 1067 2098; x_wconf 85' lang='lat' dir='ltr'><strong>qua</strong></span> <span class='ocrx_word' id='word_1_718' title='bbox 1089 2062 1141 2097; x_wconf 92' lang='lat' dir='ltr'><strong>ipsi</strong></span> <span class='ocrx_word' id='word_1_719' title='bbox 1163 2061 1303 2089; x_wconf 87' lang='lat' dir='ltr'><strong>credimus</strong></span> <span class='ocrx_word' id='word_1_720' title='bbox 1326 2061 1352 2087; x_wconf 91' lang='lat' dir='ltr'><strong>in</strong></span> <span class='ocrx_word' id='word_1_721' title='bbox 1372 2061 1499 2091; x_wconf 86' lang='lat' dir='ltr'><strong>Patrem,</strong></span> <span class='ocrx_word' id='word_1_722' title='bbox 1515 2063 1544 2085; x_wconf 92' lang='lat' dir='ltr'><strong>et</strong></span> <span class='ocrx_word' id='word_1_723' title='bbox 1563 2057 1664 2085; x_wconf 89' lang='lat' dir='ltr'><strong>Filium</strong></span> <span class='ocrx_word' id='word_1_724' title='bbox 1686 2059 1714 2082; x_wconf 90' lang='lat' dir='ltr'><strong>et</strong></span> 
     </span>
    </p>
   </div>
   <div class='ocr_carea' id='block_1_88' title="bbox 919 2101 1712 2144">
    <p class='ocr_par' dir='ltr' id='par_1_88' title="bbox 919 2101 1712 2144">
     <span class='ocr_line' id='line_1_88' title="bbox 919 2101 1712 2144; baseline -0.01 -9"><span class='ocrx_word' id='word_1_725' title='bbox 919 2109 1054 2144; x_wconf 89' lang='lat' dir='ltr'><strong>Spiritum</strong></span> <span class='ocrx_word' id='word_1_726' title='bbox 1075 2111 1213 2139; x_wconf 87' lang='lat' dir='ltr'><strong>sanctum,</strong></span> <span class='ocrx_word' id='word_1_727' title='bbox 1230 2104 1494 2133; x_wconf 88' lang='lat' dir='ltr'><strong>consubstantialem</strong></span> <span class='ocrx_word' id='word_1_728' title='bbox 1517 2107 1546 2131; x_wconf 86' lang='lat' dir='ltr'><strong>et</strong></span> <span class='ocrx_word' id='word_1_729' title='bbox 1566 2101 1712 2129; x_wconf 79' lang='lat' dir='ltr'><strong>viviﬁcan-</strong></span> 
     </span>
    </p>
   </div>
   <div class='ocr_carea' id='block_1_89' title="bbox 920 2148 1710 2186">
    <p class='ocr_par' dir='ltr' id='par_1_89' title="bbox 920 2148 1710 2186">
     <span class='ocr_line' id='line_1_89' title="bbox 920 2148 1710 2186; baseline -0.011 -5"><span class='ocrx_word' id='word_1_730' title='bbox 920 2159 975 2181; x_wconf 87' lang='lat' dir='ltr'><strong>tem</strong></span> <span class='ocrx_word' id='word_1_731' title='bbox 996 2153 1162 2180; x_wconf 75' lang='lat' dir='ltr'><strong>Trinitatem</strong></span> <span class='ocrx_word' id='word_1_732' title='bbox 1186 2152 1296 2179; x_wconf 86' lang='lat' dir='ltr'><strong>cunctis</strong></span> <span class='ocrx_word' id='word_1_733' title='bbox 1314 2151 1422 2186; x_wconf 79' lang='lat'><strong>1028</strong></span> <span class='ocrx_word' id='word_1_734' title='bbox 1445 2148 1710 2184; x_wconf 79' lang='lat' dir='ltr'><strong>supereminentem.</strong></span> 
     </span>
    </p>
   </div>
   <div class='ocr_carea' id='block_1_90' title="bbox 919 2194 1712 2234">
    <p class='ocr_par' dir='ltr' id='par_1_90' title="bbox 919 2194 1712 2234">
     <span class='ocr_line' id='line_1_90' title="bbox 919 2194 1712 2234; baseline -0.013 -7"><span class='ocrx_word' id='word_1_735' title='bbox 919 2200 1111 2227; x_wconf 89' lang='lat' dir='ltr'><strong>Necessarium</strong></span> <span class='ocrx_word' id='word_1_736' title='bbox 1134 2198 1251 2234; x_wconf 87' lang='lat' dir='ltr'><strong>proinde</strong></span> <span class='ocrx_word' id='word_1_737' title='bbox 1270 2197 1318 2230; x_wconf 87' lang='lat' dir='ltr'><strong>sit,</strong></span> <span class='ocrx_word' id='word_1_738' title='bbox 1335 2197 1437 2224; x_wconf 82' lang='lat' dir='ltr'><strong>divinae</strong></span> <span class='ocrx_word' id='word_1_739' title='bbox 1458 2194 1610 2229; x_wconf 73' lang='lat' dir='ltr'><strong>Scriptura:</strong></span> <span class='ocrx_word' id='word_1_740' title='bbox 1632 2199 1712 2218; x_wconf 85' lang='lat' dir='ltr'><strong>usnm</strong></span> 
     </span>
    </p>
   </div>
   <div class='ocr_carea' id='block_1_91' title="bbox 920 2237 1714 2277">
    <p class='ocr_par' dir='ltr' id='par_1_91' title="bbox 920 2237 1714 2277">
     <span class='ocr_line' id='line_1_91' title="bbox 920 2237 1714 2277; baseline -0.011 -4"><span class='ocrx_word' id='word_1_741' title='bbox 920 2253 952 2273; x_wconf 86' lang='lat' dir='ltr'><strong>ac</strong></span> <span class='ocrx_word' id='word_1_742' title='bbox 967 2245 1127 2273; x_wconf 83' lang='lat' dir='ltr'><strong>testimonia</strong></span> <span class='ocrx_word' id='word_1_743' title='bbox 1142 2245 1195 2271; x_wconf 83' lang='lat' dir='ltr'><strong>hac</strong></span> <span class='ocrx_word' id='word_1_744' title='bbox 1207 2244 1241 2271; x_wconf 88' lang='lat' dir='ltr'><strong>de</strong></span> <span class='ocrx_word' id='word_1_745' title='bbox 1256 2251 1284 2270; x_wconf 91' lang='lat' dir='ltr'><strong>re</strong></span> <span class='ocrx_word' id='word_1_746' title='bbox 1299 2243 1463 2277; x_wconf 84' lang='lat' dir='ltr'><strong>depromere</strong></span> <span class='ocrx_word' id='word_1_747' title='bbox 1481 2240 1516 2268; x_wconf 89' lang='lat' dir='ltr'><strong>ad</strong></span> <span class='ocrx_word' id='word_1_748' title='bbox 1535 2237 1714 2267; x_wconf 85' lang='lat' dir='ltr'><strong>illustrandas</strong></span> 
     </span>
    </p>
   </div>
   <div class='ocr_carea' id='block_1_92' title="bbox 69 2284 863 2327">
    <p class='ocr_par' dir='ltr' id='par_1_92' title="bbox 69 2288 863 2325">
     <span class='ocr_line' id='line_1_92' title="bbox 69 2288 863 2325; baseline -0.004 -8"><span class='ocrx_word' id='word_1_749' title='bbox 69 2292 111 2322; x_wconf 81' lang='grc' dir='ltr'><strong>εις</strong></span> <span class='ocrx_word' id='word_1_750' title='bbox 131 2290 182 2325; x_wconf 83' lang='grc' dir='ltr'>τὴν</span> <span class='ocrx_word' id='word_1_751' title='bbox 200 2289 365 2324; x_wconf 86' lang='grc' dir='ltr'>ὑπερούσιον</span> <span class='ocrx_word' id='word_1_752' title='bbox 379 2290 425 2315; x_wconf 67' lang='grc' dir='ltr'><strong>καὶ</strong></span> <span class='ocrx_word' id='word_1_753' title='bbox 437 2288 580 2324; x_wconf 83' lang='grc' dir='ltr'>ὁμοούσιον</span> <span class='ocrx_word' id='word_1_754' title='bbox 596 2288 699 2323; x_wconf 87' lang='grc' dir='ltr'>Τριάδα</span> <span class='ocrx_word' id='word_1_755' title='bbox 710 2289 734 2314; x_wconf 76' lang='grc' dir='ltr'>οἱ</span> <span class='ocrx_word' id='word_1_756' title='bbox 746 2288 863 2322; x_wconf 79' lang='grc' dir='ltr'>θεολόγοι</span> 
     </span>
    </p>
   </div>
   <div class='ocr_carea' id='block_1_93' title="bbox 914 2284 1715 2327">
    <p class='ocr_par' dir='ltr' id='par_1_93' title="bbox 919 2284 1715 2327">
     <span class='ocr_line' id='line_1_93' title="bbox 919 2284 1715 2327; baseline -0.011 -8"><span class='ocrx_word' id='word_1_757' title='bbox 919 2292 1070 2327; x_wconf 81' lang='lat' dir='ltr'><strong>legentium</strong></span> <span class='ocrx_word' id='word_1_758' title='bbox 1087 2291 1202 2318; x_wconf 87' lang='lat' dir='ltr'><strong>animas.</strong></span> <span class='ocrx_word' id='word_1_759' title='bbox 1219 2290 1313 2324; x_wconf 85' lang='lat' dir='ltr'><strong>Itaque</strong></span> <span class='ocrx_word' id='word_1_760' title='bbox 1333 2297 1382 2324; x_wconf 87' lang='lat' dir='ltr'><strong>per</strong></span> <span class='ocrx_word' id='word_1_761' title='bbox 1398 2295 1508 2315; x_wconf 89' lang='lat' dir='ltr'><strong>omnem</strong></span> <span class='ocrx_word' id='word_1_762' title='bbox 1527 2286 1573 2321; x_wconf 91' lang='lat' dir='ltr'><strong>qui</strong></span> <span class='ocrx_word' id='word_1_763' title='bbox 1592 2285 1625 2312; x_wconf 87' lang='lat' dir='ltr'><strong>de</strong></span> <span class='ocrx_word' id='word_1_764' title='bbox 1643 2284 1715 2311; x_wconf 84' lang='lat' dir='ltr'><strong>divi-</strong></span> 
     </span>
    </p>
   </div>
   <div class='ocr_carea' id='block_1_94' title="bbox 69 2331 870 2369">
    <p class='ocr_par' dir='ltr' id='par_1_94' title="bbox 69 2331 870 2369">
     <span class='ocr_line' id='line_1_94' title="bbox 69 2331 870 2369; baseline -0.002 -7"><span class='ocrx_word' id='word_1_765' title='bbox 69 2334 292 2369; x_wconf 74' lang='grc' dir='ltr'>ὲκλαμϐἀνουσιν</span> <span class='ocrx_word' id='word_1_766' title='bbox 305 2343 311 2350; x_wconf 90' lang='grc'>·</span> <span class='ocrx_word' id='word_1_767' title='bbox 326 2331 382 2361; x_wconf 77' lang='grc' dir='ltr'>οἷον</span> <span class='ocrx_word' id='word_1_768' title='bbox 396 2335 436 2368; x_wconf 65' lang='grc' dir='ltr'><strong>τὸ,</strong></span> <span class='ocrx_word' id='word_1_769' title='bbox 455 2335 520 2364; x_wconf 80' lang='grc' dir='ltr'>Θεὸς</span> <span class='ocrx_word' id='word_1_770' title='bbox 536 2334 649 2369; x_wconf 87' lang='grc' dir='ltr'>Κύριος,</span> <span class='ocrx_word' id='word_1_771' title='bbox 666 2334 773 2368; x_wconf 73' lang='grc' dir='ltr'>’Λγιο;,</span> <span class='ocrx_word' id='word_1_772' title='bbox 788 2334 870 2368; x_wconf 85' lang='grc' dir='ltr'>’Λγα-</span> 
     </span>
    </p>
   </div>
   <div class='ocr_carea' id='block_1_95' title="bbox 70 2380 870 2416">
    <p class='ocr_par' dir='ltr' id='par_1_95' title="bbox 70 2380 870 2416">
     <span class='ocr_line' id='line_1_95' title="bbox 70 2380 870 2416; baseline 0 -9"><span class='ocrx_word' id='word_1_773' title='bbox 70 2381 130 2413; x_wconf 77' lang='grc' dir='ltr'>θος,</span> <span class='ocrx_word' id='word_1_774' title='bbox 149 2380 222 2412; x_wconf 83' lang='grc' dir='ltr'>Φῶς,</span> <span class='ocrx_word' id='word_1_775' title='bbox 236 2381 308 2416; x_wconf 83' lang='grc' dir='ltr'>Ζωὴ,</span> <span class='ocrx_word' id='word_1_776' title='bbox 318 2381 458 2416; x_wconf 82' lang='grc' dir='ltr'>Ἀλήθεια,</span> <span class='ocrx_word' id='word_1_777' title='bbox 471 2380 684 2416; x_wconf 81' lang='grc' dir='ltr'>Παντοκράτωρ,</span> <span class='ocrx_word' id='word_1_778' title='bbox 698 2381 870 2408; x_wconf 80' lang='grc' dir='ltr'>Παντοόύνα-</span> 
     </span>
    </p>
   </div>
   <div class='ocr_carea' id='block_1_96' title="bbox 73 2426 870 2462">
    <p class='ocr_par' dir='ltr' id='par_1_96' title="bbox 73 2426 870 2462">
     <span class='ocr_line' id='line_1_96' title="bbox 73 2426 870 2462; baseline 0 -9"><span class='ocrx_word' id='word_1_779' title='bbox 73 2436 134 2462; x_wconf 77' lang='grc' dir='ltr'><strong>μος1</strong></span> <span class='ocrx_word' id='word_1_780' title='bbox 156 2426 259 2462; x_wconf 80' lang='grc' dir='ltr'>Κύριος</span> <span class='ocrx_word' id='word_1_781' title='bbox 283 2426 415 2459; x_wconf 85' lang='grc' dir='ltr'>Σαϐαὼθ,</span> <span class='ocrx_word' id='word_1_782' title='bbox 445 2427 459 2453; x_wconf 80' lang='grc' dir='ltr'><strong>ὃ</strong></span> <span class='ocrx_word' id='word_1_783' title='bbox 487 2428 545 2453; x_wconf 79' lang='grc' dir='ltr'>ἐστι</span> <span class='ocrx_word' id='word_1_784' title='bbox 567 2426 726 2462; x_wconf 75' lang='grc' dir='ltr'>στρατιῶν,</span> <span class='ocrx_word' id='word_1_785' title='bbox 751 2427 801 2453; x_wconf 77' lang='grc' dir='ltr'><strong>καὶ</strong></span> <span class='ocrx_word' id='word_1_786' title='bbox 821 2427 870 2454; x_wconf 83' lang='grc' dir='ltr'>ὅσα</span> 
     </span>
    </p>
   </div>
   <div class='ocr_carea' id='block_1_97' title="bbox 69 2473 872 2508">
    <p class='ocr_par' dir='ltr' id='par_1_97' title="bbox 69 2473 872 2508">
     <span class='ocr_line' id='line_1_97' title="bbox 69 2473 872 2508; baseline 0.001 -8"><span class='ocrx_word' id='word_1_787' title='bbox 69 2473 140 2500; x_wconf 77' lang='grc' dir='ltr'>ἄλλα</span> <span class='ocrx_word' id='word_1_788' title='bbox 154 2473 231 2508; x_wconf 79' lang='grc' dir='ltr'>παρὰ</span> <span class='ocrx_word' id='word_1_789' title='bbox 249 2473 304 2500; x_wconf 85' lang='grc' dir='ltr'>τῶν</span> <span class='ocrx_word' id='word_1_790' title='bbox 334 2473 469 2507; x_wconf 84' lang='grc' dir='ltr'>θεολόγων</span> <span class='ocrx_word' id='word_1_791' title='bbox 493 2473 574 2508; x_wconf 81' lang='grc' dir='ltr'>ὶερῶς</span> <span class='ocrx_word' id='word_1_792' title='bbox 598 2473 736 2508; x_wconf 83' lang='grc' dir='ltr'>ὑμνεῖται,</span> <span class='ocrx_word' id='word_1_793' title='bbox 752 2473 790 2505; x_wconf 86' lang='grc' dir='ltr'><strong>ὡς</strong></span> <span class='ocrx_word' id='word_1_794' title='bbox 813 2474 872 2501; x_wconf 81' lang='grc' dir='ltr'>ἐστι</span> 
     </span>
    </p>
   </div>
   <div class='ocr_carea' id='block_1_98' title="bbox 73 2517 872 2555">
    <p class='ocr_par' dir='ltr' id='par_1_98' title="bbox 73 2517 872 2555">
     <span class='ocr_line' id='line_1_98' title="bbox 73 2517 872 2555; baseline 0.001 -11"><span class='ocrx_word' id='word_1_795' title='bbox 73 2517 171 2553; x_wconf 85' lang='grc' dir='ltr'>μαθεῖν</span> <span class='ocrx_word' id='word_1_796' title='bbox 189 2518 256 2552; x_wconf 74' lang='grc' dir='ltr'>παρ’</span> <span class='ocrx_word' id='word_1_797' title='bbox 272 2518 357 2552; x_wconf 85' lang='grc' dir='ltr'>αὐτῆς</span> <span class='ocrx_word' id='word_1_798' title='bbox 375 2518 425 2552; x_wconf 84' lang='grc' dir='ltr'>τῆς</span> <span class='ocrx_word' id='word_1_799' title='bbox 447 2518 578 2554; x_wconf 75' lang='grc' dir='ltr'>θεαρχῐας</span> <span class='ocrx_word' id='word_1_800' title='bbox 598 2518 684 2554; x_wconf 84' lang='grc' dir='ltr'>αὐτὴν</span> <span class='ocrx_word' id='word_1_801' title='bbox 704 2520 769 2555; x_wconf 70' lang='grc' dir='ltr'>περὶ</span> <span class='ocrx_word' id='word_1_802' title='bbox 785 2519 872 2555; x_wconf 78' lang='grc' dir='ltr'>αὐτῆς</span> 
     </span>
    </p>
   </div>
   <div class='ocr_carea' id='block_1_99' title="bbox 71 2563 872 2599">
    <p class='ocr_par' dir='ltr' id='par_1_99' title="bbox 71 2563 872 2599">
     <span class='ocr_line' id='line_1_99' title="bbox 71 2563 872 2599; baseline -0.011 -1"><span class='ocrx_word' id='word_1_803' title='bbox 71 2563 286 2598; x_wconf 68' lang='grc' dir='ltr'>ὑφηγουμένην·</span> <span class='ocrx_word' id='word_1_804' title='bbox 303 2572 312 2588; x_wconf 80' lang='grc' dir='ltr'><strong>ι</strong></span> <span class='ocrx_word' id='word_1_805' title='bbox 328 2563 361 2589; x_wconf 72' lang='lat' dir='ltr'><strong>Tt</strong></span> <span class='ocrx_word' id='word_1_806' title='bbox 391 2566 424 2598; x_wconf 76' lang='grc' dir='ltr'><strong>με</strong></span> <span class='ocrx_word' id='word_1_807' title='bbox 453 2564 560 2599; x_wconf 78' lang='grc' dir='ltr'>ἐρωτᾷς</span> <span class='ocrx_word' id='word_1_808' title='bbox 583 2564 649 2599; x_wconf 73' lang='grc' dir='ltr'>περὶ</span> <span class='ocrx_word' id='word_1_809' title='bbox 672 2564 720 2591; x_wconf 81' lang='grc' dir='ltr'><strong>τοῦ</strong></span> <span class='ocrx_word' id='word_1_810' title='bbox 747 2564 872 2599; x_wconf 84' lang='grc' dir='ltr'>ἀγαθοῦ;</span> 
     </span>
    </p>
   </div>
   <div class='ocr_carea' id='block_1_100' title="bbox 70 2606 874 2645">
    <p class='ocr_par' dir='ltr' id='par_1_100' title="bbox 70 2606 874 2645">
     <span class='ocr_line' id='line_1_100' title="bbox 70 2606 874 2645; baseline 0.001 -10"><span class='ocrx_word' id='word_1_811' title='bbox 70 2609 162 2641; x_wconf 76' lang='grc' dir='ltr'>οὐδεὶς</span> <span class='ocrx_word' id='word_1_812' title='bbox 175 2609 290 2643; x_wconf 73' lang='grc' dir='ltr'>ἀγαθὸς,</span> <span class='ocrx_word' id='word_1_813' title='bbox 314 2609 339 2635; x_wconf 77' lang='grc' dir='ltr'>εἰ</span> <span class='ocrx_word' id='word_1_814' title='bbox 364 2609 400 2643; x_wconf 79' lang='grc' dir='ltr'>μὴ</span> <span class='ocrx_word' id='word_1_815' title='bbox 426 2606 465 2642; x_wconf 71' lang='grc' dir='ltr'>εἷς</span> <span class='ocrx_word' id='word_1_816' title='bbox 478 2610 492 2636; x_wconf 87' lang='grc' dir='ltr'><strong>ό</strong></span> <span class='ocrx_word' id='word_1_817' title='bbox 511 2610 588 2642; x_wconf 87' lang='grc' dir='ltr'>Θεός.</span> <span class='ocrx_word' id='word_1_818' title='bbox 604 2620 612 2636; x_wconf 83' lang='grc' dir='ltr'><strong>ι</strong></span> <span class='ocrx_word' id='word_1_819' title='bbox 635 2611 692 2637; x_wconf 75' lang='grc' dir='ltr'><strong>Καὶ</strong></span> <span class='ocrx_word' id='word_1_820' title='bbox 711 2612 768 2642; x_wconf 77' lang='grc' dir='ltr'>τοῖς</span> <span class='ocrx_word' id='word_1_821' title='bbox 783 2612 813 2637; x_wconf 85' lang='grc' dir='ltr'>ὲν</span> <span class='ocrx_word' id='word_1_822' title='bbox 834 2610 874 2645; x_wconf 86' lang='grc' dir='ltr'>τῷ</span> 
     </span>
    </p>
   </div>
   <div class='ocr_carea' id='block_1_101' title="bbox 71 2653 875 2690">
    <p class='ocr_par' dir='ltr' id='par_1_101' title="bbox 71 2653 875 2690">
     <span class='ocr_line' id='line_1_101' title="bbox 71 2653 875 2690; baseline 0 -9"><span class='ocrx_word' id='word_1_823' title='bbox 71 2654 236 2690; x_wconf 64' lang='grc' dir='ltr'>ἀμπελῶνιθ</span> <span class='ocrx_word' id='word_1_824' title='bbox 255 2664 264 2680; x_wconf 72' lang='grc' dir='ltr'><strong>ι</strong></span> <span class='ocrx_word' id='word_1_825' title='bbox 280 2654 344 2681; x_wconf 71' lang='grc' dir='ltr'><strong>Ὀτι</strong></span> <span class='ocrx_word' id='word_1_826' title='bbox 374 2653 429 2687; x_wconf 83' lang='grc' dir='ltr'><strong>ἐγὼ</strong></span> <span class='ocrx_word' id='word_1_827' title='bbox 458 2655 561 2689; x_wconf 81' lang='grc' dir='ltr'>ἀγαθός</span> <span class='ocrx_word' id='word_1_828' title='bbox 586 2656 655 2690; x_wconf 79' lang='grc' dir='ltr'>εἰμι.</span> <span class='ocrx_word' id='word_1_829' title='bbox 675 2665 684 2680; x_wconf 81' lang='grc' dir='ltr'><strong>ι</strong></span> <span class='ocrx_word' id='word_1_830' title='bbox 708 2655 779 2681; x_wconf 82' lang='grc' dir='ltr'>Καί·</span> <span class='ocrx_word' id='word_1_831' title='bbox 809 2664 818 2680; x_wconf 79' lang='grc' dir='ltr'><strong>ι</strong></span> <span class='ocrx_word' id='word_1_832' title='bbox 838 2655 875 2681; x_wconf 82' lang='grc' dir='ltr'>Τὸ</span> 
     </span>
    </p>
   </div>
   <div class='ocr_carea' id='block_1_102' title="bbox 73 2699 875 2736">
    <p class='ocr_par' dir='ltr' id='par_1_102' title="bbox 73 2699 875 2736">
     <span class='ocr_line' id='line_1_102' title="bbox 73 2699 875 2736; baseline 0 -9"><span class='ocrx_word' id='word_1_833' title='bbox 73 2700 188 2734; x_wconf 85' lang='grc' dir='ltr'>Πνεῦμά</span> <span class='ocrx_word' id='word_1_834' title='bbox 211 2709 258 2727; x_wconf 87' lang='grc' dir='ltr'><strong>σου</strong></span> <span class='ocrx_word' id='word_1_835' title='bbox 283 2700 314 2727; x_wconf 78' lang='grc' dir='ltr'>τὸ</span> <span class='ocrx_word' id='word_1_836' title='bbox 332 2699 446 2734; x_wconf 77' lang='grc' dir='ltr'>ἀγαθόν.</span> <span class='ocrx_word' id='word_1_837' title='bbox 470 2710 479 2726; x_wconf 73' lang='grc' dir='ltr'><strong>ι</strong></span> <span class='ocrx_word' id='word_1_838' title='bbox 498 2701 554 2727; x_wconf 76' lang='grc' dir='ltr'><strong>Καὶ</strong></span> <span class='ocrx_word' id='word_1_839' title='bbox 571 2701 610 2736; x_wconf 83' lang='grc' dir='ltr'>τῷ</span> <span class='ocrx_word' id='word_1_840' title='bbox 627 2702 739 2728; x_wconf 83' lang='grc' dir='ltr'>Μωῡσεῐ</span> <span class='ocrx_word' id='word_1_841' title='bbox 752 2709 758 2716; x_wconf 92' lang='grc'><strong>·</strong></span> <span class='ocrx_word' id='word_1_842' title='bbox 778 2711 786 2727; x_wconf 73' lang='grc' dir='ltr'><strong>ι</strong></span> <span class='ocrx_word' id='word_1_843' title='bbox 802 2701 875 2736; x_wconf 83' lang='grc' dir='ltr'><strong>Ἐγώ</strong></span> 
     </span>
    </p>
   </div>
   <div class='ocr_carea' id='block_1_103' title="bbox 110 2768 700 2803">
    <p class='ocr_par' dir='ltr' id='par_1_103' title="bbox 110 2768 700 2803">
     <span class='ocr_line' id='line_1_103' title="bbox 110 2768 700 2803; baseline 0.002 -7"><span class='ocrx_word' id='word_1_844' title='bbox 110 2770 132 2786; x_wconf 81' lang='grc'><strong>’⁷</strong></span> <span class='ocrx_word' id='word_1_845' title='bbox 146 2768 358 2803; x_wconf 72' lang='lat' dir='ltr'><strong>Ephcs.vt,16.</strong></span> <span class='ocrx_word' id='word_1_846' title='bbox 397 2769 418 2785; x_wconf 78' lang='grc'><strong>’⁸</strong></span> <span class='ocrx_word' id='word_1_847' title='bbox 432 2769 518 2797; x_wconf 86' lang='lat' dir='ltr'><strong>Hebr.</strong></span> <span class='ocrx_word' id='word_1_848' title='bbox 529 2778 566 2802; x_wconf 86' lang='lat' dir='ltr'><strong>xt,</strong></span> <span class='ocrx_word' id='word_1_849' title='bbox 579 2769 604 2802; x_wconf 82' lang='lat' dir='ltr'><strong>l,</strong></span> <span class='ocrx_word' id='word_1_850' title='bbox 616 2771 643 2802; x_wconf 72' lang='grc'>2,</span> <span class='ocrx_word' id='word_1_851' title='bbox 658 2770 700 2797; x_wconf 74' lang='grc'><strong>15.</strong></span> 
     </span>
    </p>
   </div>
   <div class='ocr_carea' id='block_1_104' title="bbox 73 2804 701 2838">
    <p class='ocr_par' dir='ltr' id='par_1_104' title="bbox 73 2804 701 2838">
     <span class='ocr_line' id='line_1_104' title="bbox 73 2804 701 2838; baseline 0.002 -7"><span class='ocrx_word' id='word_1_852' title='bbox 73 2813 104 2836; x_wconf 87' lang='grc' dir='ltr'><strong>ιι,</strong></span> <span class='ocrx_word' id='word_1_853' title='bbox 115 2805 162 2831; x_wconf 62' lang='grc' dir='ltr'>ἓὲ.</span> <span class='ocrx_word' id='word_1_854' title='bbox 203 2805 226 2820; x_wconf 86' lang='grc'><strong>³³</strong></span> <span class='ocrx_word' id='word_1_855' title='bbox 238 2804 322 2831; x_wconf 81' lang='lat' dir='ltr'><strong>Hebr.</strong></span> <span class='ocrx_word' id='word_1_856' title='bbox 337 2811 374 2835; x_wconf 86' lang='lat' dir='ltr'><strong>xl,</strong></span> <span class='ocrx_word' id='word_1_857' title='bbox 386 2804 412 2831; x_wconf 77' lang='grc' dir='ltr'><strong>(ἰ.</strong></span> <span class='ocrx_word' id='word_1_858' title='bbox 451 2805 495 2832; x_wconf 66' lang='grc'><strong>⁸³1</strong></span> <span class='ocrx_word' id='word_1_859' title='bbox 510 2805 590 2832; x_wconf 80' lang='lat' dir='ltr'><strong>Joan.</strong></span> <span class='ocrx_word' id='word_1_860' title='bbox 605 2813 643 2838; x_wconf 87' lang='grc' dir='ltr'>ιιι,</span> <span class='ocrx_word' id='word_1_861' title='bbox 656 2806 701 2832; x_wconf 75' lang='grc'><strong>25.</strong></span> 
     </span>
    </p>
   </div>
   <div class='ocr_carea' id='block_1_105' title="bbox 739 2769 1233 2801">
    <p class='ocr_par' dir='ltr' id='par_1_105' title="bbox 739 2769 1233 2801">
     <span class='ocr_line' id='line_1_105' title="bbox 739 2769 1233 2801; baseline 0.002 -5"><span class='ocrx_word' id='word_1_862' title='bbox 739 2771 761 2786; x_wconf 72' lang='grc'><strong>’³</strong></span> <span class='ocrx_word' id='word_1_863' title='bbox 772 2770 851 2797; x_wconf 80' lang='lat' dir='ltr'><strong>Rom.</strong></span> <span class='ocrx_word' id='word_1_864' title='bbox 864 2778 903 2801; x_wconf 89' lang='grc' dir='ltr'>ιιι,</span> <span class='ocrx_word' id='word_1_865' title='bbox 915 2769 960 2797; x_wconf 70' lang='lat'><strong>22.</strong></span> <span class='ocrx_word' id='word_1_866' title='bbox 999 2771 1021 2786; x_wconf 87' lang='grc'>³⁰</span> <span class='ocrx_word' id='word_1_867' title='bbox 1034 2770 1114 2797; x_wconf 85' lang='lat' dir='ltr'><strong>Rom.</strong></span> <span class='ocrx_word' id='word_1_868' title='bbox 1127 2778 1164 2800; x_wconf 81' lang='grc' dir='ltr'><strong>ιν,</strong></span> <span class='ocrx_word' id='word_1_869' title='bbox 1174 2770 1233 2797; x_wconf 78' lang='grc'><strong>5-5.</strong></span> 
     </span>
    </p>
   </div>
   <div class='ocr_carea' id='block_1_106' title="bbox 740 2805 1278 2838">
    <p class='ocr_par' dir='ltr' id='par_1_106' title="bbox 740 2805 1278 2838">
     <span class='ocr_line' id='line_1_106' title="bbox 740 2805 1278 2838; baseline 0.002 -7"><span class='ocrx_word' id='word_1_870' title='bbox 740 2805 762 2821; x_wconf 78' lang='grc'>³⁵</span> <span class='ocrx_word' id='word_1_871' title='bbox 773 2806 852 2832; x_wconf 85' lang='lat' dir='ltr'><strong>Joan.</strong></span> <span class='ocrx_word' id='word_1_872' title='bbox 864 2813 910 2832; x_wconf 59' lang='lat' dir='ltr'><strong>vn.</strong></span> <span class='ocrx_word' id='word_1_873' title='bbox 924 2805 968 2831; x_wconf 80' lang='lat'><strong>38.</strong></span> <span class='ocrx_word' id='word_1_874' title='bbox 1007 2805 1030 2821; x_wconf 80' lang='grc'><strong>³⁸</strong></span> <span class='ocrx_word' id='word_1_875' title='bbox 1040 2805 1137 2832; x_wconf 84' lang='lat' dir='ltr'><strong>Matth.</strong></span> <span class='ocrx_word' id='word_1_876' title='bbox 1150 2813 1221 2838; x_wconf 78' lang='lat' dir='ltr'><strong>xxiv,</strong></span> <span class='ocrx_word' id='word_1_877' title='bbox 1233 2805 1278 2832; x_wconf 65' lang='grc'><strong>45.</strong></span> 
     </span>
    </p>
   </div>
   <div class='ocr_carea' id='block_1_107' title="bbox 921 2333 1713 2371">
    <p class='ocr_par' dir='ltr' id='par_1_107' title="bbox 921 2333 1713 2371">
     <span class='ocr_line' id='line_1_107' title="bbox 921 2333 1713 2371; baseline -0.009 -6"><span class='ocrx_word' id='word_1_878' title='bbox 921 2338 967 2366; x_wconf 88' lang='lat' dir='ltr'><strong>nis</strong></span> <span class='ocrx_word' id='word_1_879' title='bbox 986 2343 1040 2370; x_wconf 87' lang='lat' dir='ltr'><strong>est,</strong></span> <span class='ocrx_word' id='word_1_880' title='bbox 1056 2341 1214 2367; x_wconf 85' lang='lat' dir='ltr'><strong>tractatum.</strong></span> <span class='ocrx_word' id='word_1_881' title='bbox 1230 2335 1455 2371; x_wconf 83' lang='lat' dir='ltr'><strong>augustissimam</strong></span> <span class='ocrx_word' id='word_1_882' title='bbox 1474 2333 1523 2361; x_wconf 93' lang='lat' dir='ltr'><strong>Dei</strong></span> <span class='ocrx_word' id='word_1_883' title='bbox 1545 2333 1713 2368; x_wconf 78' lang='lat' dir='ltr'><strong>majestatem</strong></span> 
     </span>
    </p>
   </div>
   <div class='ocr_carea' id='block_1_108' title="bbox 922 2376 1714 2417">
    <p class='ocr_par' dir='ltr' id='par_1_108' title="bbox 922 2376 1714 2417">
     <span class='ocr_line' id='line_1_108' title="bbox 922 2376 1714 2417; baseline -0.009 -7"><span class='ocrx_word' id='word_1_884' title='bbox 922 2383 1008 2410; x_wconf 89' lang='lat' dir='ltr'><strong>sacris</strong></span> <span class='ocrx_word' id='word_1_885' title='bbox 1025 2381 1213 2417; x_wconf 88' lang='lat' dir='ltr'><strong>conspicimus</strong></span> <span class='ocrx_word' id='word_1_886' title='bbox 1229 2380 1364 2408; x_wconf 77' lang='lat' dir='ltr'><strong>celebrari</strong></span> <span class='ocrx_word' id='word_1_887' title='bbox 1380 2379 1500 2415; x_wconf 77' lang='lat' dir='ltr'><strong>hymnis,</strong></span> <span class='ocrx_word' id='word_1_888' title='bbox 1511 2385 1586 2405; x_wconf 90' lang='lat' dir='ltr'><strong>nunc</strong></span> <span class='ocrx_word' id='word_1_889' title='bbox 1601 2376 1714 2413; x_wconf 87' lang='lat' dir='ltr'><strong>quidem</strong></span> 
     </span>
    </p>
   </div>
   <div class='ocr_carea' id='block_1_109' title="bbox 922 2422 1715 2462">
    <p class='ocr_par' dir='ltr' id='par_1_109' title="bbox 922 2422 1715 2462">
     <span class='ocr_line' id='line_1_109' title="bbox 922 2422 1715 2462; baseline -0.009 -6"><span class='ocrx_word' id='word_1_890' title='bbox 922 2433 952 2456; x_wconf 90' lang='lat' dir='ltr'><strong>ut</strong></span> <span class='ocrx_word' id='word_1_891' title='bbox 965 2428 1135 2462; x_wconf 69' lang='lat' dir='ltr'><strong>singularem</strong></span> <span class='ocrx_word' id='word_1_892' title='bbox 1150 2427 1296 2459; x_wconf 86' lang='lat' dir='ltr'><strong>unitatem,</strong></span> <span class='ocrx_word' id='word_1_893' title='bbox 1312 2430 1426 2461; x_wconf 86' lang='lat' dir='ltr'><strong>propter</strong></span> <span class='ocrx_word' id='word_1_894' title='bbox 1439 2424 1645 2460; x_wconf 89' lang='lat' dir='ltr'><strong>simplicitatem</strong></span> <span class='ocrx_word' id='word_1_895' title='bbox 1662 2422 1715 2449; x_wconf 92' lang='lat' dir='ltr'><strong>im-</strong></span> 
     </span>
    </p>
   </div>
   <div class='ocr_carea' id='block_1_110' title="bbox 922 2470 1717 2511">
    <p class='ocr_par' dir='ltr' id='par_1_110' title="bbox 922 2470 1717 2511">
     <span class='ocr_line' id='line_1_110' title="bbox 922 2470 1717 2511; baseline -0.009 -9"><span class='ocrx_word' id='word_1_896' title='bbox 922 2474 1102 2511; x_wconf 82' lang='lat' dir='ltr'><strong>partialitatis</strong></span> <span class='ocrx_word' id='word_1_897' title='bbox 1116 2479 1214 2501; x_wconf 89' lang='lat' dir='ltr'><strong>natura</strong></span> <span class='ocrx_word' id='word_1_898' title='bbox 1230 2473 1304 2500; x_wconf 90' lang='lat' dir='ltr'><strong>omni</strong></span> <span class='ocrx_word' id='word_1_899' title='bbox 1320 2472 1482 2507; x_wconf 80' lang='lat' dir='ltr'><strong>superioris,</strong></span> <span class='ocrx_word' id='word_1_900' title='bbox 1496 2478 1585 2505; x_wconf 82' lang='lat' dir='ltr'><strong>eoque</strong></span> <span class='ocrx_word' id='word_1_901' title='bbox 1603 2470 1717 2497; x_wconf 88' lang='lat' dir='ltr'><strong>inenar-</strong></span> 
     </span>
    </p>
   </div>
   <div class='ocr_carea' id='block_1_111' title="bbox 922 2515 1715 2553">
    <p class='ocr_par' dir='ltr' id='par_1_111' title="bbox 922 2515 1715 2553">
     <span class='ocr_line' id='line_1_111' title="bbox 922 2515 1715 2553; baseline -0.008 -7"><span class='ocrx_word' id='word_1_902' title='bbox 922 2519 1018 2547; x_wconf 91' lang='lat' dir='ltr'><strong>rabilis</strong></span> <span class='ocrx_word' id='word_1_903' title='bbox 1036 2518 1112 2546; x_wconf 84' lang='lat' dir='ltr'><strong>illius</strong></span> <span class='ocrx_word' id='word_1_904' title='bbox 1131 2526 1181 2553; x_wconf 85' lang='lat' dir='ltr'><strong>per</strong></span> <span class='ocrx_word' id='word_1_905' title='bbox 1197 2525 1278 2553; x_wconf 87' lang='lat' dir='ltr'><strong>quam</strong></span> <span class='ocrx_word' id='word_1_906' title='bbox 1298 2523 1428 2552; x_wconf 86' lang='lat' dir='ltr'><strong>tanquam</strong></span> <span class='ocrx_word' id='word_1_907' title='bbox 1441 2517 1570 2544; x_wconf 89' lang='lat' dir='ltr'><strong>virtutem</strong></span> <span class='ocrx_word' id='word_1_908' title='bbox 1587 2515 1715 2542; x_wconf 89' lang='lat' dir='ltr'><strong>uniﬁcam</strong></span> 
     </span>
    </p>
   </div>
   <div class='ocr_carea' id='block_1_112' title="bbox 922 2562 1716 2598">
    <p class='ocr_par' dir='ltr' id='par_1_112' title="bbox 922 2562 1716 2598">
     <span class='ocr_line' id='line_1_112' title="bbox 922 2562 1716 2598; baseline -0.008 -6"><span class='ocrx_word' id='word_1_909' title='bbox 922 2565 975 2598; x_wconf 91' lang='lat' dir='ltr'><strong>ipsi</strong></span> <span class='ocrx_word' id='word_1_910' title='bbox 991 2565 1019 2592; x_wconf 92' lang='lat' dir='ltr'><strong>in</strong></span> <span class='ocrx_word' id='word_1_911' title='bbox 1035 2572 1120 2592; x_wconf 88' lang='lat' dir='ltr'><strong>unum</strong></span> <span class='ocrx_word' id='word_1_912' title='bbox 1136 2564 1319 2591; x_wconf 87' lang='lat' dir='ltr'><strong>coalescimus</strong></span> <span class='ocrx_word' id='word_1_913' title='bbox 1333 2567 1361 2590; x_wconf 88' lang='lat' dir='ltr'><strong>et</strong></span> <span class='ocrx_word' id='word_1_914' title='bbox 1379 2562 1528 2589; x_wconf 88' lang='lat' dir='ltr'><strong>counimur</strong></span> <span class='ocrx_word' id='word_1_915' title='bbox 1542 2570 1548 2588; x_wconf 92' lang='lat'><strong>:</strong></span> <span class='ocrx_word' id='word_1_916' title='bbox 1565 2568 1638 2588; x_wconf 88' lang='lat' dir='ltr'><strong>nunc</strong></span> <span class='ocrx_word' id='word_1_917' title='bbox 1650 2566 1716 2586; x_wconf 81' lang='lat' dir='ltr'><strong>vero</strong></span> 
     </span>
    </p>
   </div>
   <div class='ocr_carea' id='block_1_113' title="bbox 923 2606 1714 2644">
    <p class='ocr_par' dir='ltr' id='par_1_113' title="bbox 923 2606 1714 2644">
     <span class='ocr_line' id='line_1_113' title="bbox 923 2606 1714 2644; baseline -0.005 -7"><span class='ocrx_word' id='word_1_918' title='bbox 923 2610 1067 2637; x_wconf 87' lang='lat' dir='ltr'><strong>Trinitatis</strong></span> <span class='ocrx_word' id='word_1_919' title='bbox 1079 2609 1190 2636; x_wconf 88' lang='lat' dir='ltr'><strong>nomine</strong></span> <span class='ocrx_word' id='word_1_920' title='bbox 1203 2608 1379 2644; x_wconf 72' lang='lat' dir='ltr'><strong>praedicatur,</strong></span> <span class='ocrx_word' id='word_1_921' title='bbox 1388 2612 1419 2634; x_wconf 91' lang='lat' dir='ltr'><strong>ut</strong></span> <span class='ocrx_word' id='word_1_922' title='bbox 1430 2611 1504 2636; x_wconf 87' lang='lat' dir='ltr'><strong>tanta</strong></span> <span class='ocrx_word' id='word_1_923' title='bbox 1518 2607 1563 2634; x_wconf 87' lang='lat' dir='ltr'><strong>illa</strong></span> <span class='ocrx_word' id='word_1_924' title='bbox 1577 2606 1714 2641; x_wconf 84' lang='lat' dir='ltr'><strong>majestas.</strong></span> 
     </span>
    </p>
   </div>
   <div class='ocr_carea' id='block_1_114' title="bbox 923 2650 1714 2691">
    <p class='ocr_par' dir='ltr' id='par_1_114' title="bbox 923 2650 1714 2691">
     <span class='ocr_line' id='line_1_114' title="bbox 923 2650 1714 2691; baseline -0.006 -9"><span class='ocrx_word' id='word_1_925' title='bbox 923 2655 1109 2691; x_wconf 85' lang='lat' dir='ltr'><strong>qualicunque</strong></span> <span class='ocrx_word' id='word_1_926' title='bbox 1129 2654 1318 2682; x_wconf 89' lang='lat' dir='ltr'><strong>dclineatione</strong></span> <span class='ocrx_word' id='word_1_927' title='bbox 1339 2653 1498 2681; x_wconf 86' lang='lat' dir='ltr'><strong>declaretur</strong></span> <span class='ocrx_word' id='word_1_928' title='bbox 1515 2653 1604 2680; x_wconf 88' lang='lat' dir='ltr'><strong>tribus</strong></span> <span class='ocrx_word' id='word_1_929' title='bbox 1624 2650 1714 2678; x_wconf 84' lang='lat' dir='ltr'><strong>subsi-</strong></span> 
     </span>
    </p>
   </div>
   <div class='ocr_carea' id='block_1_115' title="bbox 924 2699 1714 2736">
    <p class='ocr_par' dir='ltr' id='par_1_115' title="bbox 924 2699 1714 2736">
     <span class='ocr_line' id='line_1_115' title="bbox 924 2699 1714 2736; baseline -0.006 -8"><span class='ocrx_word' id='word_1_930' title='bbox 924 2706 998 2729; x_wconf 88' lang='lat' dir='ltr'><strong>stere</strong></span> <span class='ocrx_word' id='word_1_931' title='bbox 1026 2701 1171 2736; x_wconf 89' lang='lat' dir='ltr'><strong>personis,</strong></span> <span class='ocrx_word' id='word_1_932' title='bbox 1196 2701 1299 2736; x_wconf 85' lang='lat' dir='ltr'><strong>alioqui</strong></span> <span class='ocrx_word' id='word_1_933' title='bbox 1325 2700 1538 2736; x_wconf 89' lang='lat' dir='ltr'><strong>proliﬁcationis</strong></span> <span class='ocrx_word' id='word_1_934' title='bbox 1565 2699 1714 2726; x_wconf 57' lang='lat' dir='ltr'><strong>immensa.</strong></span> 
     </span>
    </p>
   </div>
   <div class='ocr_carea' id='block_1_116' title="bbox 1271 2764 1714 2798">
    <p class='ocr_par' dir='ltr' id='par_1_116' title="bbox 1271 2764 1714 2798">
     <span class='ocr_line' id='line_1_116' title="bbox 1271 2764 1714 2798; baseline -0.016 -2"><span class='ocrx_word' id='word_1_935' title='bbox 1271 2769 1292 2785; x_wconf 77' lang='grc'><strong>³¹</strong></span> <span class='ocrx_word' id='word_1_936' title='bbox 1308 2768 1377 2796; x_wconf 84' lang='lat' dir='ltr'><strong>ibid.</strong></span> <span class='ocrx_word' id='word_1_937' title='bbox 1392 2768 1473 2798; x_wconf 74' lang='lat'><strong>1.17.</strong></span> <span class='ocrx_word' id='word_1_938' title='bbox 1486 2767 1531 2794; x_wconf 71' lang='grc'><strong>23.</strong></span> <span class='ocrx_word' id='word_1_939' title='bbox 1570 2766 1591 2781; x_wconf 84' lang='grc'><strong>³¹</strong></span> <span class='ocrx_word' id='word_1_940' title='bbox 1604 2765 1626 2792; x_wconf 86' lang='lat' dir='ltr'><strong>ll</strong></span> <span class='ocrx_word' id='word_1_941' title='bbox 1642 2764 1714 2791; x_wconf 84' lang='lat' dir='ltr'><strong>Tim.</strong></span> 
     </span>
    </p>
   </div>
   <div class='ocr_carea' id='block_1_117' title="bbox 1318 2799 1715 2834">
    <p class='ocr_par' dir='ltr' id='par_1_117' title="bbox 1318 2799 1715 2834">
     <span class='ocr_line' id='line_1_117' title="bbox 1318 2799 1715 2834; baseline -0.018 -3"><span class='ocrx_word' id='word_1_942' title='bbox 1318 2805 1339 2820; x_wconf 86' lang='grc'><strong>³⁷</strong></span> <span class='ocrx_word' id='word_1_943' title='bbox 1351 2803 1420 2830; x_wconf 83' lang='lat' dir='ltr'><strong>Luc.</strong></span> <span class='ocrx_word' id='word_1_944' title='bbox 1439 2811 1485 2834; x_wconf 77' lang='lat' dir='ltr'><strong>vn,</strong></span> <span class='ocrx_word' id='word_1_945' title='bbox 1510 2801 1555 2829; x_wconf 86' lang='grc'><strong>50.</strong></span> <span class='ocrx_word' id='word_1_946' title='bbox 1603 2799 1715 2827; x_wconf 74' lang='lat' dir='ltr'><strong>&quot;Joan.</strong></span> 
     </span>
    </p>
   </div>
   <div class='ocr_carea' id='block_1_118' title="bbox 74 2839 863 2872">
    <p class='ocr_par' dir='ltr' id='par_1_118' title="bbox 74 2839 856 2872">
     <span class='ocr_line' id='line_1_118' title="bbox 74 2839 856 2872; baseline -0.001 -5"><span class='ocrx_word' id='word_1_947' title='bbox 74 2840 175 2872; x_wconf 63' lang='lat' dir='ltr'><strong>xLZb&#39;.</strong></span> <span class='ocrx_word' id='word_1_948' title='bbox 210 2840 232 2855; x_wconf 80' lang='grc'><strong>³⁹</strong></span> <span class='ocrx_word' id='word_1_949' title='bbox 243 2839 322 2866; x_wconf 79' lang='lat' dir='ltr'><strong>.loun.</strong></span> <span class='ocrx_word' id='word_1_950' title='bbox 334 2847 389 2871; x_wconf 77' lang='lat' dir='ltr'><strong>xiv,</strong></span> <span class='ocrx_word' id='word_1_951' title='bbox 405 2839 446 2866; x_wconf 72' lang='lat' dir='ltr'><strong>l2.</strong></span> <span class='ocrx_word' id='word_1_952' title='bbox 486 2840 508 2856; x_wconf 69' lang='grc' dir='ltr'><strong>’δ’</strong></span> <span class='ocrx_word' id='word_1_953' title='bbox 522 2840 601 2868; x_wconf 80' lang='lat' dir='ltr'><strong>loan.</strong></span> <span class='ocrx_word' id='word_1_954' title='bbox 614 2849 648 2872; x_wconf 78' lang='lat' dir='ltr'><strong>Vl,</strong></span> <span class='ocrx_word' id='word_1_955' title='bbox 661 2841 705 2868; x_wconf 70' lang='grc'><strong>47.</strong></span> <span class='ocrx_word' id='word_1_956' title='bbox 746 2840 766 2856; x_wconf 71' lang='grc'><strong>⁸³</strong></span> <span class='ocrx_word' id='word_1_957' title='bbox 777 2839 856 2866; x_wconf 79' lang='lat' dir='ltr'><strong>Joan.</strong></span> 
     </span>
    </p>
   </div>
   <div class='ocr_carea' id='block_1_119' title="bbox 914 2839 963 2872">
    <p class='ocr_par' dir='ltr' id='par_1_119' title="bbox 917 2840 963 2871">
     <span class='ocr_line' id='line_1_119' title="bbox 917 2840 963 2871; baseline 0 -5"><span class='ocrx_word' id='word_1_958' title='bbox 917 2840 963 2871; x_wconf 81' lang='grc'>,1.</span> 
     </span>
    </p>
   </div>
   <div class='ocr_carea' id='block_1_120' title="bbox 727 2895 1066 2924">
    <p class='ocr_par' dir='ltr' id='par_1_120' title="bbox 727 2895 1066 2924">
     <span class='ocr_line' id='line_1_120' title="bbox 727 2895 1066 2924; baseline -0.003 -1"><span class='ocrx_word' id='word_1_959' title='bbox 727 2895 844 2923; x_wconf 52' lang='grc' dir='ltr'>γλιιοιῑ</span> <span class='ocrx_word' id='word_1_960' title='bbox 863 2895 1006 2924; x_wconf 68' lang='lat' dir='ltr'><strong>LECTION</strong></span> <span class='ocrx_word' id='word_1_961' title='bbox 1013 2896 1066 2924; x_wconf 66' lang='lat' dir='ltr'><strong>es.</strong></span> 
     </span>
    </p>
   </div>
   <div class='ocr_carea' id='block_1_121' title="bbox 112 2929 497 2966">
    <p class='ocr_par' dir='ltr' id='par_1_121' title="bbox 112 2929 497 2966">
     <span class='ocr_line' id='line_1_121' title="bbox 112 2929 497 2966; baseline 0 -8"><span class='ocrx_word' id='word_1_962' title='bbox 112 2932 173 2962; x_wconf 74' lang='grc' dir='ltr'>εείς</span> <span class='ocrx_word' id='word_1_963' title='bbox 189 2931 218 2957; x_wconf 67' lang='lat' dir='ltr'><strong>:a</strong></span> <span class='ocrx_word' id='word_1_964' title='bbox 237 2931 332 2966; x_wconf 64' lang='grc' dir='ltr'>ὂνομα.</span> <span class='ocrx_word' id='word_1_965' title='bbox 371 2929 382 2948; x_wconf 63' lang='grc' dir='ltr'>ιι</span> <span class='ocrx_word' id='word_1_966' title='bbox 397 2930 497 2963; x_wconf 70' lang='grc' dir='ltr'>ἄλλοις.</span> 
     </span>
    </p>
   </div>
  </div>
