1975 3189
261 204 329 236 H39

895 208 1080 238 ANTIOCHI
1098 208 1270 239 MONACHI

1835 204 1870 235 14
1877 204 1919 235 £0

261 271 270 287 ε
287 262 315 288 ln
345 268 405 296 Ipso
436 261 560 295 speravit
582 268 630 288 cor
650 268 751 293 meum,
780 266 808 289 et
832 261 946 297 adjutus
970 270 1044 295 sum,

1103 273 1109 289 ι
1132 262 1303 296 Ἦλπισαμεν
1327 260 1373 288 ἐπὶ
1394 260 1434 296 τῷ
1454 260 1569 295 ὀνόματι
1590 258 1700 294 κυρίου
1722 259 1770 286 καὶ
1795 260 1849 285 ἐπὶ
1873 262 1915 295 τῇ

257 312 286 334 et
311 306 436 334 reﬂoruit
452 314 516 334 caro
532 315 603 339 mea,
619 311 646 334 et
659 315 691 334 ex
705 307 816 342 propria
834 308 977 335 voluntate
989 309 1022 335 ⁷⁸.
1036 318 1045 334 ι

259 351 313 379 Sed
337 356 366 379 ct
383 352 452 379 alios
471 353 546 380 velut
574 361 655 379 manu
680 353 785 380 ducens
804 354 977 387 instituebat,
1008 355 1050 382 in-

259 398 349 425 vitans
377 398 412 425 ad
439 399 613 433 complexum
637 399 733 426 solida
759 400 828 432 spei,
863 400 929 427 dum
955 401 1046 428 dicit:

262 453 271 469 ι
287 444 403 478 Sperate
426 445 455 472 in
477 453 540 472 cum
561 445 652 472 omnis
669 447 848 481 congregatio
867 447 1046 482 populorum;

258 489 396 517 edundite
412 497 505 517 coram
522 490 568 517 illo
586 491 669 517 corda
681 495 783 521 vestra,
799 491 863 526 quia
877 492 951 519 Deus
968 492 1048 527 adju«

260 540 303 562 tor
323 540 417 563 noster
431 536 464 562 ⁷⁷.
478 546 486 561 ι
506 537 561 563 Ει;
582 546 590 561 ‹
607 535 693 570 Spera
718 537 746 563 in
775 537 933 569 Dominum,
954 541 982 564 et
1006 539 1048 566 fac

259 580 410 607 bonitatem
426 581 460 607 ".
481 590 490 605 ι
510 581 542 608 Et
559 591 565 607 :
580 590 588 606 ι
600 581 700 608 Revela
712 582 829 608 Domino
843 582 915 609 viam
931 587 1005 609 tuam
1021 586 1049 610 et

259 633 340 660 spera
361 625 389 652 in
413 633 488 658 eum,
516 631 543 652 et
561 626 620 660 ipse
644 626 728 654 faciet
751 628 785 654 ⁷⁸.
804 637 814 653 ι
845 628 929 655 Isaias
958 629 1047 656 item:

263 679 272 695 ι
293 670 472 704 Speravimus
498 671 525 698 in
552 672 665 699 nomine
682 676 728 699 tuo
754 677 782 699 et
803 673 831 700 in
859 674 993 700 memoria
1008 674 1048 701 tui

260 715 430 742 desiderium
449 721 576 744 nostrqu
597 717 630 744 ⁸⁰.
647 727 656 742 ι
682 718 802 744 Rursum
826 718 929 745 Paulus
951 728 958 745 :
974 729 982 744 ‹
996 719 1049 754 Spe

260 760 327 787 salvi
353 760 420 788 facti
441 768 554 793 sumus;
570 769 634 796 spes
658 766 751 788 autem
778 769 839 796 quae
857 762 977 794 videtur,
992 770 1049 789 non

260 811 302 833 est
317 813 400 840 spes:
423 807 496 841 quod
514 807 588 834 enim
605 807 680 834 videt
697 807 769 841 quis,
793 807 861 841 quid
887 808 1003 841 sperat?
1021 807 1050 835 Si

261 858 353 880 autem
376 853 448 887 quod
478 861 534 880 non
549 854 686 885 videmus,
701 862 857 888 speramus,
875 862 925 889 per
941 855 1050 889 patien-

262 898 327 925 tiam
355 905 548 934 exspectamus
565 900 599 926 δι.
620 909 629 925 ι
649 900 753 927 lterum
771 909 776 926 :
797 910 806 925 ι
822 900 903 927 Forte
920 901 1048 927 solatium

1106 307 1185 343 μνείᾳ.
1199 305 1284 334 αὐτοῦ
1296 308 1309 326 Ι
1323 306 1341 342 ἡ
1356 305 1489 340 ἐπιθυμία
1503 304 1612 340 ἡμῶν.»
1627 304 1684 331 Kal
1697 305 1780 331 πάλιν
1797 305 1814 331 ὁ
1826 305 1917 331 Παϋ-

1103 353 1162 384 λος·
1179 362 1187 378 ι
1202 353 1241 387 Τῇ
1254 352 1308 387 γὰρ
1322 351 1411 378 ἐλπίδι
1425 350 1584 386 ἐσώθημεν·
1600 351 1681 382 ὲλπὶς
1692 351 1720 377 δὲ
1736 350 1912 386 βλεπομένη

1103 399 1153 424 οὐκ
1169 398 1242 424 ἑστιν
1257 397 1346 429 ἐλπίς.
1369 398 1402 424 Ὃ
1417 396 1471 432 γὰρ
1489 396 1584 431 βλέπει
1596 405 1650 428 τις,
1666 396 1693 422 τί
1709 397 1756 423 καὶ
1769 395 1913 429 ἐλπίζεις

1103 443 1127 469 εί
1143 443 1171 469 δὲ
1185 443 1199 469 ὃ
1213 443 1243 469 οὐ
1260 442 1397 477 βλέπομεν
1414 441 1561 476 ἐλπίζομεν
1573 461 1580 472 ,
1599 441 1634 468 δι’
1650 441 1795 477 ὑπομονῆς
1811 442 1915 468 ἀπει-

1102 488 1247 523 δεχόμεθα.
1264 498 1273 514 ι
1305 488 1360 514 Kal.
1386 488 1488 521 πάλιν,
1526 497 1535 514 ‹
1565 487 1691 522 ’ἰσχυρὰν
1717 488 1913 523 παράκλησιν

1103 533 1201 568 ἔχομεν
1222 535 1247 560 οἱ
1265 533 1472 567 καταφυγόντες
1486 533 1624 569 κρατῆσαι
1639 534 1691 568 τῆς
1705 534 1911 569 προκειμένης

1103 579 1231 611 ἐλπίδος,
1266 579 1301 614 ἢν
1329 579 1367 610 ὡς
1390 578 1516 614 ἄγκυραν
1540 577 1639 613 ἔχομεν
1660 577 1770 613 ἀσφαλῆ
1790 586 1827 604 τε
1853 580 1911 604 καὶ

1104 624 1226 659 βεϐαίαν.
1239 634 1248 650 ι
1273 624 1328 650 Kal.
1343 624 1453 658 ἐπάγει,
1473 633 1482 649 (
1500 624 1561 650 ’Ότι
1577 623 1668 650 ὲλπίδι
1683 623 1786 658 ὀφείλει
1800 624 1817 649 ὁ
1832 624 1910 659 ἀρο-

1103 670 1189 705 τριῶν
1213 670 1362 705 ἀροτριᾷν,
1390 669 1439 696 καὶ
1460 669 1474 695 ὁ
1495 668 1583 696 ἀλοῶν
1607 669 1658 703 τῆς
1682 669 1789 701 ἐλπίδος
1813 669 1909 696 αὐτοῦ

1105 716 1230 751 μετέχειν
1239 716 1263 741 1³.
1280 725 1289 741 ι
1322 715 1379 742 Kal.
1402 716 1431 742 ὲν
1452 715 1491 750 τῷ
1513 714 1585 742 κατὰ
1602 715 1712 742 Λουκᾶν
1731 715 1908 750 Εὐαγγελξῳ

1094 761 1168 799 κπερὶ
1182 760 1229 788 τοῦ
1244 761 1356 795 Συμεών
1372 769 1467 796 φησιν,
1486 770 1496 787 ι
1508 759 1562 787 Ἦν
1577 761 1652 796 αὐτῷ
1667 761 1908 796 κεχρηματισμὲς-

1101 800 1147 834 νον
1164 807 1218 834 ὑπὸ
1233 806 1280 833 τοῦ
1297 807 1457 842 Πνεὺματος
1474 806 1522 833 τοῦ
1537 806 1628 840 ἁγίου.
1646 806 1692 832 τοῦ
1711 806 1749 841 μὴ
1765 806 1835 833 ἰδεῖν
1852 806 1907 833 θά-

1103 862 1182 880 νατον
1194 875 1202 886 ,
1228 854 1281 884 ἕως
1297 851 1327 880 οὗ
1345 853 1387 888 ίδῃ
1401 853 1448 879 τὸν
1461 853 1579 888 Χριστὸν
1593 853 1710 888 Κυρίου.
1724 862 1733 878 ι
1765 853 1824 879 Kal.
1848 853 1906 879 οὐκ

1103 899 1240 935 ὲνέκρωσε
1256 899 1305 935 τὴν
1318 900 1426 932 ἐλπίδα,
1444 899 1501 926 ἀλλ’
1514 897 1548 935 ἦν
1561 899 1721 936 προσδοκῶν
1736 899 1782 925 τὸν
1795 898 1906 925 ποθεν

261 945 407 978 habemus,
425 946 472 980 qui
487 945 662 981 confugimus
673 945 706 973 ad
719 946 865 973 tenendam
880 946 1048 980 propositam

1103 954 1182 981 μενον
1198 945 1348 980 Λυτρωτὴν
1364 945 1412 971 xal.
1425 944 1542 980 Σωτῆρα
1556 944 1604 971 τοῦ
1617 945 1735 980 κόσμου,
1752 945 1799 972 καὶ
1814 944 1905 977 δεξά-

261 998 337 1024 spem
367 999 448 1025 quam
475 991 548 1018 sicut
572 992 722 1020 anchoram
744 992 879 1019 habemus
901 995 989 1019 tutam
1019 999 1049 1019 ac

1103 1000 1182 1027 μενος
1194 991 1276 1018 αὑτὸν
1289 990 1415 1025 γεγηθὼς
1430 991 1458 1016 ὲν
1471 992 1532 1021 ταῖς
1544 990 1680 1024 ἀγκάλαις
1694 990 1802 1024 ἔλεγεν·
1812 990 1903 1016 ’Δπόο

261 1035 368 1063 ﬁrmam
384 1037 418 1063 ".
432 1046 440 1062 ι
458 1037 567 1064 lndueit
584 1047 590 1064 :
613 1047 622 1063 ι
642 1037 712 1070 Quia
730 1038 813 1065 debet
825 1038 852 1064 in
870 1045 918 1072 spe
930 1038 978 1072 qui
991 1042 1049 1065 arat

1103 1038 1182 1064 λυσόν
1206 1046 1255 1072 με,
1280 1037 1420 1068 Δέσποτα,
1445 1036 1575 1064 ἀπελθεῖν
1601 1036 1671 1073 πρὸς
1690 1036 1740 1070 τὴν
1755 1035 1899 1070 ποθουμέ-

261 1089 354 1115 arare,
367 1086 394 1109 et
408 1083 454 1117 qui
469 1083 591 1115 triturat,
604 1083 631 1110 in
641 1091 689 1118 spe.
703 1083 989 1118 l‘ructuspercipiendi
999 1085 1047 1111 ⁵³⁸.»

1103 1092 1151 1119 νην
1180 1092 1226 1118 μοι
1254 1082 1395 1118 βασιλείαν
1418 1091 1478 1109 σου.
1501 1081 1719 1118 ’Δπέλαὸονγὰρ
1734 1082 1783 1117 τὴν
1797 1082 1901 1108 ἐλπίδα

262 1127 294 1154 Et
315 1127 343 1154 in
360 1128 442 1156 Luca.
469 1129 617 1164 Evangelio
643 1129 678 1156 de
700 1129 853 1156 Simeoue:
875 1139 884 1155 ‹
899 1129 1049 1164 Acceperat

1104 1138 1172 1165 μου,
1198 1129 1244 1155 τὸν
1269 1128 1389 1163 Χριστὸν
1413 1127 1518 1163 Κυρίου
1532 1136 1539 1144 ι
1569 1127 1644 1163 αὐτῷ
1666 1129 1682 1163 ή
1698 1128 1762 1161 δόξα
1777 1128 1817 1159 εἰς
1833 1128 1901 1159 τοὺς

261 1173 335 1200 enim
355 1182 517 1209 responsum
535 1183 549 1201 a
567 1175 672 1210 Spiritu
687 1180 793 1207 sancto,
811 1183 865 1203 non
879 1176 1002 1202 visurum
1022 1183 1049 1202 se

1103 1174 1214 1205 αἰῶνας.
1234 1173 1332 1208 Ἀμήν.

262 1223 378 1245 mortem
403 1219 565 1254 priusquam
582 1219 690 1246 videret
704 1219 844 1247 Christum
879 1220 987 1247 Domini
1001 1220 1034 1246 “.
1050 1229 1060 1246 ι
1083 1219 1180 1254 Neque
1200 1218 1247 1246 hic
1263 1217 1442 1245 mortiﬁcavit
1456 1225 1545 1252 spem,
1565 1217 1613 1245 sed
1645 1223 1706 1246 erat
1729 1223 1899 1252 exspectata

262 1272 319 1292 rem
346 1273 428 1300 quam
451 1273 618 1300 magnopere
643 1265 830 1298 desiderabat,
859 1266 991 1293 nimirum
1017 1270 1049 1294 ut
1065 1265 1175 1293 videret
1205 1264 1422 1298 Redemptorem
1454 1270 1487 1291 ac
1503 1263 1673 1291 Salvatorem
1688 1263 1794 1290 mundi.
1810 1263 1899 1291 Cum.

261 1319 315 1347 que
332 1312 484 1346 accepisset
497 1316 526 1339 et
547 1313 724 1340 astrinxisset
754 1313 838 1345 ulnis,
856 1313 951 1341 laetitia
984 1313 1114 1348 perfusus
1148 1312 1282 1339 dicebat:
1311 1311 1425 1339 Dimitte
1462 1319 1517 1344 me,
1542 1311 1671 1345 Domine,
1688 1311 1786 1339 venire
1805 1311 1842 1339 ad
1870 1316 1897 1340 te

262 1364 354 1392 regem
367 1364 470 1390 meum,
484 1365 575 1391 neque
587 1357 662 1384 enim
678 1357 826 1385 frustratus
840 1365 902 1386 sum
913 1364 962 1394 spe
975 1366 1046 1386 mea.
1066 1358 1121 1393 lpsi
1146 1358 1234 1393 gloria
1257 1357 1286 1384 in
1307 1357 1418 1385 saecula.
1439 1357 1538 1384 Amen.

546 1412 688 1440 HOMILIA
714 1413 760 1440 ΙΙΙ.

566 1469 605 1496 De
617 1470 742 1497 convivio.

295 1523 334 1551 De
346 1524 450 1558 epulari
463 1525 591 1552 convivio
602 1526 796 1553 Parmmiastes
807 1525 845 1553 ait
859 1535 865 1552 ε
881 1536 888 1551 ι
899 1525 927 1554 Si
943 1527 1050 1554 sederis

260 1568 294 1595 ad
312 1569 479 1597 ctenandum
503 1571 531 1597 in
557 1578 652 1598 mensa
676 1572 842 1606 potentium,
861 1577 965 1599 attente
981 1581 1049 1600 con-

261 1612 352 1641 sidera
365 1622 426 1649 quae
441 1620 619 1649 apponuntur
631 1616 692 1648 tibi,
705 1620 733 1643 et
744 1616 826 1651 injice
838 1625 949 1644 manum
964 1622 1047 1650 tuam,
1063 1609 1085 1640 (ἶ

260 1659 352 1686 sciens
377 1660 508 1694 quoniam
526 1665 638 1695 oportet
654 1665 681 1688 te
698 1662 761 1689 talia
777 1670 933 1697 praeparare
950 1672 957 1690 :
975 1664 1049 1698 quod

261 1705 283 1732 si
307 1705 492 1732 insatiabilior
513 1714 554 1738 es,
584 1715 618 1733 ne
645 1707 788 1735 desideres
805 1708 882 1736 cibos
908 1709 969 1744 ejus
982 1710 1017 1737 ".
1034 1719 1044 1736 ›

260 1750 338 1777 Alter
351 1751 432 1778 item:
447 1761 455 1776 ι
471 1751 511 1778 Ad
530 1760 653 1780 mensam
669 1761 794 1789 magnam
807 1755 923 1782 sedisti?
935 1764 969 1783 ne
985 1764 1050 1791 ape-

262 1795 317 1823 rias
342 1800 437 1831 guttur
455 1801 531 1824 tuum
553 1806 636 1832 super
660 1799 746 1832 illam,
763 1805 903 1827 memento
918 1802 1050 1836 quoniam

261 1841 376 1874 malum,
400 1843 498 1870 oculus
518 1852 660 1879 nequam:
688 1853 857 1881 quocunque
883 1847 1048 1883 inspexeris,

261 1896 297 1915 ne
323 1890 456 1917 extendas
481 1898 592 1917 manum
621 1895 707 1923 tuam,
724 1897 752 1919 et
779 1900 814 1920 ne
838 1894 1009 1929 conjungere
1024 1895 1049 1921 ei

262 1935 291 1962 in
305 1935 397 1962 catino
416 1945 422 1962 :
445 1937 565 1971 intellige
581 1945 642 1971 quae
671 1943 736 1965 sunt
756 1939 875 1973 proximi
891 1948 924 1967 ex
949 1941 1049 1975 teipso,

261 1984 289 2008 et
305 1981 383 2016 quasi
400 1982 426 2008 in
440 1983 514 2009 omni
528 1991 556 2010 re
572 1985 680 2019 cogita;
698 1985 811 2013 comede
830 1991 860 2014 ut
875 1988 969 2019 homo,
987 1996 1049 2023 quae

262 2031 440 2062 apponuntur
456 2028 515 2060 tibi,
541 2033 616 2056 etne
639 2030 722 2057 nimis
738 2031 865 2064 devores,
886 2036 916 2059 ut
933 2041 967 2060 ne
984 2034 1048 2061 odio

262 2073 406 2106 habearis;
423 2074 519 2101 desine
531 2075 607 2109 prior
620 2076 706 2111 gratia
720 2076 885 2112 disciplinze,
901 2082 929 2106 et
944 2079 1048 2114 1031

262 2126 297 2146 ne
322 2119 360 2146 sis
381 2119 581 2153 insaturabilis,
599 2129 633 2148 ne
660 2121 731 2150 forte
758 2123 884 2151 oll‘endas
902 2133 909 2152 :
927 2125 1002 2160 quod
1025 2126 1048 2153 si

263 2165 291 2192 in
319 2166 411 2193 modio
436 2167 584 2194 multorum
601 2169 718 2201 sederis,
734 2169 810 2203 prior
828 2170 883 2198 illis
900 2179 935 2198 ne
950 2175 1050 2199 exten-

263 2211 312 2239 das
335 2220 446 2240 manum
474 2217 559 2241 tuam.
588 2215 674 2248 Quam
708 2217 849 2245 sutliciens
874 2222 918 2245 est
942 2218 1049 2246 homini

263 2258 384 2291 erudito,
410 2260 538 2295 exiguum
566 2261 599 2287 ⁸⁵.
619 2271 628 2287 ›
658 2262 765 2298 Moyses
787 2272 794 2290 :
823 2273 831 2289 ι
850 2264 970 2292 Attende
998 2265 1049 2292 tibi

263 2304 315 2338 ipsi
333 2312 377 2336 ne,
395 2305 460 2332 dum
487 2306 643 2334 comederis
657 2312 686 2334 et
700 2313 842 2336 saturatus
863 2309 961 2342 lueris,
979 2310 1053 2338 obli-

263 2349 379 2377 viscaris
396 2350 506 2377 Domini
524 2352 571 2378 Dei
590 2352 628 2378 tui
644 2352 678 2379 ⁸⁷.
699 2362 708 2378 ι
726 2352 856 2380 Concinit
877 2354 1028 2388 Apostolus
1043 2363 1051 2383 :

268 2405 278 2420 ι
293 2395 356 2423 Sive
371 2397 528 2429 comeditis,
549 2398 607 2425 sive
632 2398 739 2431 bibitis,
763 2400 822 2427 sive
840 2400 906 2434 quid
923 2401 997 2428 aliud
1013 2401 1053 2430 fa-

264 2441 338 2473 citis,
363 2442 456 2469 omnia
471 2443 505 2470 ad
531 2443 646 2478 gloriam
672 2444 720 2471 Dei
746 2444 828 2472 facite
843 2444 876 2472 ⁸⁸.
896 2455 970 2472 ι-‹
992 2447 1053 2475 Non

265 2487 331 2515 item
357 2488 389 2515 ad
407 2488 624 2524 disceptationes
643 2491 851 2525 cogitationum.
877 2492 924 2520 lllc
939 2493 1052 2528 quidem

265 2534 354 2562 credit
381 2535 466 2563 licere
487 2537 561 2564 vesci
586 2537 724 2569 omnibus,
747 2538 793 2565 hic
818 2544 910 2566 autem
926 2539 1052 2568 inﬁrmus

266 2587 328 2606 cum
344 2581 390 2612 sit,
407 2581 483 2609 olera
496 2581 645 2610 manducat
654 2583 687 2610 λ’.
704 2592 712 2608 ι
732 2583 862 2611 lnducit:
884 2594 893 2610 ι
909 2584 961 2617 Qui
973 2593 1053 2612 man-

267 2626 359 2659 ducat,
373 2635 426 2654 non
444 2628 656 2656 manducantem
672 2637 706 2656 ne
721 2629 843 2664 judicet;
860 2634 889 2656 tu
901 2630 974 2657 enim
991 2631 1054 2666 quis

267 2678 296 2698 cs
310 2672 357 2706 qui
377 2672 486 2707 iudicas
499 2673 622 2700 alienum
646 2675 779 2701 servum?
805 2682 855 2701 suo
870 2674 984 2702 domino
999 2679 1055 2702 stat

301 2738 324 2753 "'
344 2738 414 2765 Psal.
446 2747 528 2771 xxv",
553 2741 579 2767 'l.
618 2741 640 2756 ⁷⁷
658 2740 730 2767 Psal.
755 2748 807 2770 LXI,
837 2741 864 2767 9.

1433 1411 1543 1438 ΛΟΓΟΣ
1557 1410 1596 1438 1".

1364 1467 1434 1502 Περὶ
1450 1468 1626 1502 ἑστιάσεως.

1138 1526 1206 1560 Περὶ
1220 1525 1270 1560 τῆς
1284 1524 1430 1556 ἐστιὰσεώς
1446 1533 1528 1560 φησιν
1540 1525 1555 1551 ὁ
1569 1526 1779 1560 Παροιμιαστής
1789 1534 1795 1540 ·
1806 1535 1815 1551 ι
1827 1526 1893 1552 Ἐὰν

1103 1571 1220 1608 καθίσῃς
1232 1571 1377 1606 δειπνῆσαι
1395 1571 1441 1597 ἐπὶ
1456 1571 1597 1606 τραπέζης
1611 1571 1767 1604 δυναστῶν,
1786 1571 1892 1605 von-.6;

1101 1618 1156 1644 νόει
1181 1618 1215 1644 τὰ
1241 1617 1449 1652 παρατιθέμενα
1472 1626 1533 1649 σοι,
1558 1617 1606 1644 καὶ
1621 1617 1733 1644 ἐπίϐαλε
1748 1618 1797 1653 τὴν
1811 1619 1893 1652 χεῖρά

1102 1672 1165 1696 σου,
1184 1663 1262 1694 εἰδὼς
1277 1663 1318 1690 ὅτι
1333 1663 1373 1689 δεῖ
1390 1671 1419 1689 σε
1433 1663 1548 1690 τοιαῦτα
1564 1663 1798 1702 παρασκευάζειν.
1817 1664 1849 1690 Εἰ
1863 1664 1892 1690 δὲ

1100 1709 1303 1744 ἀπληστότερος
1314 1706 1350 1742 εἴ,
1360 1709 1397 1744 μὴ
1403 1706 1536 1745 ἒπιθύμει
1545 1710 1599 1736 τῶν
1610 1709 1765 1744 ἐδεσμάτων
1777 1710 1889 1736 αὑτοῦ.»

1100 1756 1156 1783 Καὶ
1177 1756 1270 1792 ἕτερός
1280 1763 1379 1790 φησιν’
1397 1765 1407 1782 ‹
1431 1756 1498 1782 Ἐπὶ
1513 1755 1655 1790 τραπέζης
1671 1755 1793 1790 μεγάλης
1808 1756 1892 1782 ἐκάθ-

1102 1810 1180 1833 ισας,
1216 1801 1253 1836 μὴ
1278 1801 1388 1836 ἀνοίξῃς
1423 1801 1554 1836 φάρυγγὰ
1570 1809 1616 1827 σου
1634 1801 1787 1836 ὲπάὑτῆς.
1814 1801 1892 1836 Μνή-

1101 1846 1179 1882 σθητι
1202 1847 1244 1873 ὁτι
1266 1846 1351 1873 κακὸν
1368 1847 1509 1881 ὀφθαλμδς
1524 1847 1654 1882 πονηρὸς,
1670 1843 1701 1873 οὗ
1717 1847 1765 1873 ἐὰν
1781 1847 1892 1873 ἐπιϐλέ-

1099 1893 1169 1928 ψῃς,
1191 1893 1227 1928 μὴ
1243 1893 1367 1929 ὲκτείνῃς
1380 1893 1430 1928 τὴν
1443 1893 1523 1928 χεῖρά
1537 1901 1584 1920 σου
1594 1914 1601 1926 ,
1626 1893 1674 1919 καὶ
1696 1893 1733 1928 μὴ
1750 1892 1891 1919 συνθλίὸου

1101 1938 1176 1973 αὐτῷ
1190 1940 1219 1964 ἐν
1230 1938 1268 1973 τῷ
1277 1938 1398 1974 τρυϐλίῳ
1407 1947 1413 1953 ·
1430 1939 1486 1965 νόει
1499 1938 1534 1965 τὰ
1547 1939 1600 1965 τῶν
1612 1939 1726 1974 πλησίον
1740 1938 1770 1970 ἒξ
1781 1938 1891 1971 ἑαυτοῦ,

1101 1985 1149 2012 καὶ
1163 1985 1209 2011 ἐπὶ
1223 1986 1304 2011 παντὶ
1317 1985 1461 2020 πράγματι
1474 1985 1592 2012 διανοοῦ,
1610 1985 1683 2018 om
1697 1985 1734 2016 ὡς
1748 1985 1893 2020 ἄνθρωπος

1100 2030 1136 2057 τὰ
1152 2029 1342 2065 παρακείμενα
1360 2038 1419 2061 σοι,
1445 2032 1495 2056 καὶ
1513 2029 1551 2064 μὴ
1566 2029 1696 2064 διαμασῶ
1708 2049 1716 2060 ,
1731 2029 1776 2056 ἵνα
1793 2030 1830 2064 μὴ
1846 2037 1893 2064 μι-

1102 2076 1202 2111 σηθῇς·
1232 2075 1336 2102 παῦσαι
1352 2075 1461 2111 πρῶτος
1477 2076 1557 2112 χάριν
1574 2075 1714 2107 παιδείας,
1740 2075 1789 2101 xal.
1803 2074 1892 2109 ἀπλη-

1102 2122 1207 2154 στεὺου,
1227 2121 1263 2157 μὴ
1277 2122 1411 2157 πρότερος
1427 2121 1514 2157 κόψῃς
1526 2130 1533 2138 ⁶
1561 2122 1610 2148 καὶ
1631 2123 1654 2148 εἰ
1670 2121 1723 2148 ἀνὰ
1740 2121 1824 2156 μέσον
1838 2121 1892 2147 τῶν

1101 2170 1233 2196 πλειόνων
1259 2169 1410 2201 ὲκάθισας,
1440 2169 1576 2204 πρότερος
1598 2169 1689 2195 αὐτῶν
1713 2168 1751 2203 μὴ
1768 2169 1892 2203 ἐκτείνῃς

1100 2215 1151 2251 τὴν
1171 2215 1254 2251 χεῖρά
1275 2224 1333 2243 σου.
1356 2216 1400 2247 Ὠς
1417 2216 1511 2242 ἱκανὸν
1527 2215 1664 2250 ἀνθρώπῳ
1681 2214 1892 2249 πεπαιδευμένῳ

1103 2262 1132 2288 τὸ
1146 2262 1261 2296 ὀλίγον.»
1279 2262 1308 2288 Ὀ
1320 2261 1349 2289 δὲ
1361 2261 1493 2297 Μωῦσῆς,
1510 2271 1519 2287 ι
1531 2261 1652 2297 Πρόσεχε
1666 2260 1783 2296 σεαυτῷ,
1793 2260 1891 2295 λέγων,

1105 2306 1143 2342 μὴ
1159 2307 1254 2342 φαγὼν
1268 2307 1315 2334 καὶ
1329 2306 1499 2342 ἐμπλησθεὶς
1514 2306 1632 2342 enoan
1649 2306 1752 2342 Κυρίου
1766 2306 1814 2332 τοῦ
1826 2305 1891 2332 Θεοῦ

1103 2362 1162 2380 σου.
1178 2362 1187 2379 ι
1220 2354 1275 2380 Kal
1299 2354 1313 2380 ὁ
1331 2353 1450 2384 Παῦλος·
1479 2361 1488 2378 ι
1508 2352 1571 2379 Εἴτε
1585 2353 1701 2384 ἐσθίετε,
1718 2353 1774 2379 είτε
1789 2352 1890 2382 πίνετε,

1101 2400 1157 2427 εἴτε
1173 2408 1199 2426 τι
1217 2400 1336 2431 ποιεῖτε,
1361 2399 1452 2426 πάντα
1468 2400 1508 2430 είς
1525 2398 1606 2431 δόξαν
1619 2398 1688 2426 Θεοῦ
1704 2399 1818 2425 ποιεῖτε.
1837 2407 1846 2423 ι
1859 2412 1892 2418 -

1104 2456 1114 2473 ι
1138 2447 1195 2473 Καὶ
1225 2447 1263 2482 μὴ
1291 2447 1332 2478 εἰς
1354 2446 1461 2482 κρίσεις
1486 2445 1684 2480 διαλογισμῶν.
1713 2445 1743 2472 '0
1770 2444 1821 2479 μὲν
1839 2444 1892 2479 γὰρ

1108 2492 1231 2519 πιστεύει
1245 2493 1342 2527 φαγεῖν
1353 2492 1453 2525 πάντα,
1466 2493 1479 2518 ὁ
1490 2491 1517 2518 δὲ
1530 2491 1653 2518 ἀσθενῶν
1664 2491 1769 2525 λάχανα
1780 2489 1888 2516 ἐσθίει.»

1106 2537 1163 2564 Kal.
1176 2538 1290 2572 ἐπάγει·
1313 2547 1323 2563 ί
1337 2537 1367 2564 '0
1383 2537 1494 2569 ἐσθίων,
1510 2537 1555 2563 τὸν
1572 2537 1609 2572 μὴ
1623 2536 1749 2562 ἐσθίοντα
1767 2535 1804 2571 μὴ
1817 2534 1892 2567 ἐξου-

1107 2584 1234 2610 Θενείτω·
1250 2583 1298 2610 καὶ
1312 2584 1326 2610 ὁ
1340 2582 1378 2618 μὴ
1392 2582 1502 2615 ἐσθίων,
1517 2583 1563 2609 τδν
1577 2582 1704 2608 ἐσθίοντα
1716 2581 1755 2617 μὴ
1768 2581 1890 2616 κρινέτω·

1109 2631 1140 2658 σὺ
1155 2630 1211 2665 γὰρ
1228 2630 1270 2662 τίς
1285 2629 1311 2656 εἷ
1327 2631 1342 2656 ὁ
1357 2630 1459 2665 κρίνων
1472 2629 1613 2664 ἀλλότριον
1629 2628 1756 2664 οἰκέτην;
1781 2626 1821 2662 τῷ
1837 2627 1892 2660 ἰδίῖρ

1108 2676 1195 2712 κυρίῳ
1220 2676 1317 2711 στήκει
1334 2675 1351 2711 ἢ
1369 2676 1474 2702 πίπτει.
1490 2684 1499 2702 ι
1521 2675 1577 2702 Kal.
1593 2675 1690 2701 πάλιν·
1717 2682 1726 2698 ι
1742 2673 1771 2699 ’0
1787 2672 1890 2702 ἐσθίων,

902 2741 925 2757 ⁷⁵
941 2742 1011 2769 Psnl.
1031 2750 1121 2774 xxxvt,
1138 2744 1164 2770 3.
1211 2743 1234 2760 τ’
1254 2743 1321 2770 ibid.
1348 2743 1375 2770 5.
1412 2743 1436 2759 '°
1455 2743 1508 2770 lsa.
1535 2750 1607 2773 xxvi,
1627 2742 1652 2770 8.
1690 2741 1711 2757 "
1739 2741 1819 2768 Rom.
1835 2748 1888 2772 vnn,

268 2772 312 2810 ἓξ,
336 2774 381 2810 25.
413 2775 440 2810 7'"
461 2775 541 2802 Hebr.
563 2783 600 2805 νι.
619 2775 661 2806 18,
680 2776 722 2802 19.
760 2775 782 2791 ⁸³
804 2775 890 2803 lCor.
911 2785 948 2806 ix.
972 2777 1014 2804 10.

1103 2772 1160 2805 λιιο.
1189 2786 1218 2810 ιι,
1245 2778 1292 2805 26.
1329 2777 1352 2794 ⁸⁸
1373 2778 1455 2806 Prov.
1481 2786 1556 2810 unt,
1582 2777 1638 2805 1-5.
1676 2777 1700 2792 ⁸⁸
1719 2775 1805 2804 Eccli.
1822 2783 1889 2807 mi,

272 2808 359 2835 l2-l6.
398 2809 419 2824 “'
447 2810 524 2837 Deut.
546 2819 582 2841 vi,
609 2810 651 2842 12,
670 2810 713 2837 15.
752 2810 774 2826 ⁵⁸
793 2810 802 2837 l
818 2810 882 2838 Cor.
903 2819 929 2845 x,
950 2812 994 2838 5t.
1032 2813 1049 2829 ⁸ε

1103 2821 1151 2840 ιιιι.
1168 2808 1222 2846 xlvi,
1243 2814 1269 2846 1,
1293 2813 1321 2840 9..

903 2870 922 2897 V
932 2871 1019 2898 “IL/['3
1040 2871 1241 2899 LECTIONES.

309 2915 319 2931 ί
331 2923 384 2940 σου.
424 2916 434 2934 δν
449 2916 494 2942 τοῦ
507 2916 641 2951 λιι-ἐχειν,
655 2916 844 2952 participandi.
