1975 3189
59 191 148 241 ἰιιι

642 210 791 240 IOMILIA
812 209 955 240 “Ir—DE
973 209 1160 240 CONVIVIO.

1639 212 1711 245 1“!

72 265 176 301 Κυρίῳ
198 263 303 297 ἐσθίει,
329 264 378 291 καὶ
399 263 559 300 εὐχαριστεῖ
578 265 618 301 τῷ
632 265 709 301 Θεῷ·
737 265 785 293 καὶ
800 266 814 292 ό
829 265 867 300 μὴ

920 269 967 292 aut
991 265 1066 292 cadit
1087 265 1120 291 '°.
1137 274 1147 290 ι
1167 264 1271 292 lterum
1288 273 1295 291 :
1313 273 1322 290 ι
1340 263 1392 298 Qui
1411 264 1571 298 manducat,
1594 267 1713 296 Domino

73 311 193 343 ἐσθίων,
217 309 314 345 Κυρίῳ
336 310 387 337 οὐκ
409 311 506 337 ἐσθίει.
520 319 530 336 ι
549 325 583 330 -—
602 320 612 337 ι
626 310 673 346 Μὴ
688 311 782 337 ἕνεκεν
796 309 868 345 βρώ-

75 365 167 391 ματος
195 355 283 382 κώλυε
310 354 341 382 τὸ
363 355 445 390 ἔργον
469 355 516 382 τοῦ
540 355 619 382 Θεοῦ.
634 365 643 381 ι
675 356 729 382 Καὶ
751 355 868 389 ἑπάγει’

78 413 88 429 ι
116 402 210 429 Πάντα
235 401 286 437 μὲν
313 402 442 436 καθαρά.
471 402 539 428 ἀλλὰ
563 402 649 429 κακὸν
672 401 711 437 τῷ
733 401 870 437 ἀνθρώπῳ

73 448 116 483 τῷ
141 447 186 474 διὰ
208 447 422 482 προσκόμματος
446 447 574 474 ἐσθίοντι.
590 456 599 472 ι
615 447 681 479 Καὶ,
701 456 711 472 ι
726 447 870 482 Μακάριος

73 494 90 520 ὸ
108 494 149 530 μὴ
166 493 266 528 κρίνων
280 493 376 520 ἑαυτὸν
394 494 423 518 ὲν
435 489 458 526 ᾧ
473 492 625 527 δοκιμάζει.
647 492 676 519 '0
691 492 719 518 δὲ
733 491 870 526 διακρινό-

77 547 163 574 μενος
177 538 224 565 ὲὰν
237 538 324 573 φάγῃ,
340 538 553 573 κατακέκριται,
567 538 608 564 ὅτι
621 538 670 565 οὐκ
681 539 712 564 ὲκ
723 537 866 568 πίστεως.»

75 598 112 604 —
127 593 137 609 ι
154 584 257 620 Βρῶμα
270 584 298 610 δὲ
313 584 388 619 ἡμᾶς
403 583 554 619 παρίστησι
568 584 575 604 ἰ
594 583 633 618 τῷ
646 583 716 618 Θεῷ.
734 583 802 609 Οῦτε
815 582 870 618 γὰρ

76 630 128 657 ὲάν
153 630 303 664 φάγωμεν.
332 630 553 665 περισσεύομεν,
592 629 654 656 οὕτε
681 629 729 656 ἐὰν
756 629 794 665 μὴ
819 629 870 665 φά-

76 684 186 710 γωμεν,
199 674 388 711 ὑστερούμεθα
399 676 406 700 ί
416 685 439 702 ,ι
459 675 514 702 Καὶ
529 676 543 702 ό
557 677 762 711 Παροιμιαστής
772 684 780 691 ·
801 685 810 701 ι
824 675 869 711 Μὴ

76 722 226 757 ἀπατηθῇς
250 722 406 759 χορτασίᾳιι
421 722 538 754 κοιλίας.
567 723 647 758 Ψυχὴ
664 723 719 758 γὰρ
749 723 777 749 ὲν
801 723 870 757 πλη-

77 770 169 803 σμονῇ
185 767 253 795 οὖσα
264 768 372 804 κηρίοις
388 768 519 804 ἐμπαίζει
531 767 540 787 ι
551 777 557 784 '
576 768 650 804 ψυχῇ
666 769 694 795 δὲ
709 769 802 798 ἐνδεεῖ.
821 769 869 795 καὶ

74 814 112 841 τὰ
137 815 226 850 πικρὰ
253 815 358 849 γλυκέα
395 815 531 849 φαίνεται.
550 824 559 840 ›
591 815 620 841 '0
642 815 671 841 δὲ
698 814 867 846 ’Λπόστο),ος,

76 860 238 895 καθαρίζων
253 862 287 888 τὰ
304 861 447 897 βρώματα,
462 861 560 896 φησίν·
583 869 592 886 ι
609 862 642 887 Ἀ
658 862 672 887 ὁ
685 861 750 892 Θεὸς
763 860 869 887 ἔκτισιν

77 907 119 938 εἰς
141 907 293 942 μετάληψιν
322 908 390 942 μετὰ
409 907 588 942 εὐχαριστίας
603 908 659 938 τοῖς
671 907 794 939 πιστοῖς,
819 907 867 934 καὶ

76 953 276 986 ἐπεγνωκόσιω
300 953 350 986 τὴν
373 952 521 987 “riemanr,
549 953 589 979 ὅτι
609 953 664 980 πᾶν
678 953 782 988 κτίσμα
795 953 864 980 Θεοῦ

76 997 164 1024 καλὸν
173 1019 180 1030 ,
204 998 253 1024 καὶ
265 998 342 1024 οὐδὲν
355 997 508 1033 ἀπόϐλητον
524 997 594 1033 μετά
606 999 784 1034 εὐχαριστίας
796 999 865 1034 λαμ-

77 1043 242 1079 ϐανόμενον.
265 1043 424 1096 Ἀγιάῑεται
447 1044 503 1079 γὰρ
530 1043 575 1070 διὰ
597 1044 678 1078 λόγου
705 1045 750 1071 καὶ
774 1044 865 1071 ἑντεύ·

76 1089 158 1123 ξεως.
173 1099 183 1115 ι
205 1089 270 1120 Καὶ,
293 1099 302 1115 ι
314 1089 409 1116 Πάντα
422 1089 530 1124 καθαρὰ
543 1091 600 1120 τοῖς
615 1089 756 1125 καθαροῖς.
770 1100 779 1116 ι
799 1091 864 1122 Καὶ,

79 1145 88 1160 ι
109 1135 156 1166 Εἰς
177 1135 206 1160 τὸ
222 1129 325 1168 ’φαγεῖν
344 1134 478 1169 ἀλλήλους
492 1134 650 1170 ἐκδέχεσθε.
665 1144 674 1160 ι
693 1136 763 1170 Φησὶ
776 1135 804 1162 δὲ
819 1136 866 1162 καὶ

75 1180 90 1205 ὁ
101 1179 199 1213 νόμος·
217 1188 226 1204 ι
240 1178 339 1213 Φαγὼν
351 1180 399 1206 κα)⁵
414 1179 594 1214 ἐμπλησθεὶς,
606 1180 753 1215 εὑλόγησον
765 1181 866 1215 Κύριον

75 1225 123 1251 τὸν
136 1225 203 1251 Θεόν
221 1232 280 1251 σου.
297 1233 306 1250 ι
335 1216 392 1251 Καὶ
415 1225 430 1251 ό
448 1225 531 1252 Δαὸἱδ
556 1226 727 1261 εὐχαριστῶν
753 1226 864 1259 ἔλεγεν·

80 1279 89 1296 ι
108 1271 234 1302 Ἕδωκας
257 1271 429 1306 εὐφροσύνην
457 1272 497 1302 είς
519 1271 569 1306 τὴν
590 1272 705 1307 καρδίαν
726 1281 795 1307 μου,
813 1272 867 1299 ἀπὺ

75 1315 188 1350 καρποῦ
217 1315 292 1342 σίτου
321 1316 370 1342 καὶ
390 1316 463 1342 οῐνου
480 1316 527 1342 καὶ
543 1316 646 1343 ἐλαίου.
663 1326 672 1342 ι
695 1317 749 1343 Καὶ
765 1317 846 1343 πάλιν
858 1325 865 1333 ’

79 1369 90 1385 1
106 1360 169 1386 '(rn
185 1360 316 1395 ὲχόρτασε
331 1360 422 1396 ψυχὴν
435 1361 517 1396 κενὴν
527 1380 534 1392 ,
561 1361 610 1388 καὶ
624 1361 713 1397 ψυχὴν
729 1361 867 1388 πεινῶσαν

75 1404 228 1439 ἐνέπλησεν
239 1405 360 1439 ἀγαθῶν.
368 1414 378 1431 ι
389 1405 418 1432 'U
427 1405 454 1432 δὲ
465 1405 567 1437 ἀγαθὸς
577 1406 688 1440 Κύριος,
700 1405 784 1432 θέλων
795 1407 868 1441 ἡμᾶς

81 1452 297 1486 μετριοφρονεῖν,
308 1451 392 1486 φησίν
401 1459 408 1467 ⁸
423 1461 432 1477 ι
445 1451 530 1478 ὀταν
545 1451 678 1487 καθίσῃςι
691 1453 730 1484 είς
744 1452 866 1487 ἄριστον,

77 1497 120 1531 μὴ
135 1497 302 1532 κατακλιθῇς
318 1497 357 1528 είς
371 1497 573 1532 πρωτοκλισίαν
583 1517 592 1530 ,
625 1499 663 1532 μή
679 1506 744 1524 ποτε
759 1499 866 1532 ὲντιμό‹

79 1541 159 1577 τερός
175 1549 222 1568 σου
272 1542 439 1576 κεκλημένος
457 1543 504 1569 ὑπ’
519 1541 605 1569 αὐτοῦ
618 1550 625 1558 ·
645 1543 693 1569 καὶ
708 1543 792 1569 ἐλθὼν
809 1543 823 1569 ό
838 1542 868 1569 σὲ

76 1587 129 1613 καὶ
154 1588 259 1614 ἐκεῖνον
282 1587 402 1619 καλέσας
413 1607 422 1620 ,
446 1587 506 1622 ἐρεῖ
523 1595 583 1614 σοι·
607 1589 656 1619 Δὸς
673 1587 760 1623 τούτῳ
775 1588 866 1622 τόπον,
881 1598 902 1626 c

79 1632 128 1659 καὶ
152 1633 212 1671 τότε
240 1633 310 1668 ἄρξῃ
339 1633 398 1668 μετ’
420 1633 553 1668 αἰσχύνης
579 1634 625 1660 τὸν
652 1633 766 1668 ἔσχατον
790 1635 871 1661 τόπον

77 1679 218 1714 μετέχειν.
251 1679 322 1705 Ἀλλ’
344 1679 409 1706 ὅταν
433 1679 618 1714 κατακλιθῇς,
645 1679 789 1714 πορευθεὶς
806 1681 871 1707 ἀνά-

82 1732 149 1750 πεσε
176 1725 216 1755 είς
239 1725 285 1751 τὸν
313 1725 427 1759 ἔσχατον
447 1725 547 1755 τόπον.
575 1725 607 1751 ἵν’
622 1725 686 1751 ὅταν
719 1725 871 1761 ἒλθῃόκε-

77 1769 191 1804 κληκώς
204 1778 245 1802 σε,
265 1771 328 1806 εῐπῃ
347 1779 388 1797 σοι
400 1778 408 1787 ο
419 1770 499 1802 Φίλε,
519 1770 708 1806 προσανάϐηθι
723 1771 869 1806 ἀνώτερον,

81 1815 148 1842 Τότε
176 1816 253 1842 ἔσται
277 1824 318 1842 σοι
339 1815 406 1848 δόξα
425 1815 542 1842 ἐνώπιον
559 1817 669 1843 πάντων
684 1815 738 1842 τῶν
754 1824 869 1843 συνανα-

80 1860 214 1895 κειμένων
239 1869 301 1892 σοι,
329 1861 370 1887 ὃτι
386 1861 439 1891 πᾶς
455 1861 469 1886 ό
485 1860 560 1894 ὑψῶν
574 1860 684 1893 ἑαυτὸν,
699 1860 870 1895 ταπεινωθή-

81 1914 177 1938 σεται,
203 1907 250 1932 καὶ
268 1907 282 1932 ὁ
296 1906 435 1933 ταπεινῶν
451 1906 559 1938 ἑαυτὸν,
579 1905 764 1940 ὑψωθήσεται.
779 1915 789 1932 ι
815 1906 870 1932 Καὶ

80 1951 166 1979 ταῦτα
181 1952 231 1987 μὲν
248 1952 290 1982 είς
302 1952 411 1978 σύνεσιν
425 1951 472 1978 καὶ
485 1950 622 1985 ὠφέλειαν
635 1951 726 1978 ἱκανά.
740 1950 830 1978 Καλὸν
840 1951 868 1977 δὲ

79 1998 128 2024 καὶ
141 1998 345 2033 ἐπιμνησθῆναι
361 1997 470 2024 καὶτοῦ
488 1997 559 2024 Ἰώό.
585 1996 655 2032 Φησὶ
671 1997 725 2032 γάρ
737 2005 744 2012 ·
771 2005 781 2022 ι
796 1996 829 2024 Et
841 1996 868 2022 δὲ

81 2043 128 2070 καὶ
142 2043 188 2070 τὸν
203 2043 302 2079 ψωμόν
318 2043 398 2078 μόνος
414 2044 527 2079 ἔφαγον,
545 2044 592 2070 καὶ
607 2043 669 2078 οὐχὶ
681 2043 792 2080 ὀρφανῷ
805 2051 869 2078 μετ-

80 2090 184 2122 έδωκα,
210 2090 252 2116 ὅτι
267 2091 299 2116 ὲκ
313 2089 442 2125 νεότητός
457 2099 508 2125 μου
523 2089 670 2125 ἐξέτρεφον
685 2089 723 2121 ὡς
736 2090 838 2124 πατήρ.
856 2098 866 2115 ι

80 2135 135 2161 Καὶ
153 2134 234 2161 πάλιν
255 2135 270 2160 ὁ
285 2134 388 2169 Κύριος
400 2143 407 2150 ⁴
438 2144 446 2160 ι
463 2135 549 2162 Ὅταν
574 2136 637 2170 ποιῇ
654 2135 766 2170 ἀριστον
782 2135 799 2170 ἢ
814 2134 868 2161 δεῖ-

80 2188 155 2212 πνον,
171 2180 209 2215 μὴ
223 2179 306 2214 φώνει
319 2180 384 2212 τοὺς
397 2179 492 2214 φίλους
505 2188 563 2211 σου,
578 2179 646 2214 μηδὲ
658 2180 722 2211 τοὺς
732 2179 867 2214 ἀδελφούς

76 2233 138 2263 σου,
156 2225 223 2259 μηδὲ
236 2225 299 2256 τοὺς
314 2226 457 2259 συγγενεῖς
472 2233 530 2256 σου,
556 2224 624 2260 μηδὲ
647 2224 774 2258 γείτονας
799 2224 868 2259 πλη-

920 310 1080 342 manducat,
1095 315 1123 338 et
1137 311 1239 346 gratias
1258 310 1313 346 agit
1325 311 1382 338 Deo
1402 311 1436 337 ".
1455 321 1464 337 ι
1482 311 1609 340 Rursus:
1628 323 1637 338 ι
1649 314 1711 341 Noli

920 360 1035 390 propter
1058 355 1152 383 cibum
1181 355 1298 390 perdere
1318 363 1388 390 opus
1412 356 1460 382 Dei
1485 357 1519 383 ".
1536 366 1546 382 ι
1576 357 1711 385 lnducit:

925 409 934 426 ι
949 400 1048 428 Omnia
1072 401 1185 436 quidem
1203 400 1316 433 munda,
1339 401 1388 427 sed
1414 401 1516 427 malum
1532 406 1585 432 est.
1600 407 1714 438 propter

920 445 1119 474 offendiculum
1146 445 1315 473 manducare
1335 446 1368 471 ”.
1389 455 1397 471 ι
1420 446 1453 472 Et
1475 454 1481 472 :
1510 455 1518 470 ι
1539 446 1638 474 Beatus
1664 449 1712 483 qui

921 498 977 517 non
1000 491 1107 525 judicat
1124 491 1256 526 scipsutn,
1281 491 1308 518 in
1326 498 1360 518 eo
1379 491 1451 526 quod
1468 492 1578 526 probat.
1595 493 1646 525 Qui
1662 501 1712 521 au-

921 539 976 562 tem
999 535 1144 566 discernit,
1160 536 1182 562 si
1195 536 1334 567 comedat,
1357 536 1563 563 damnationem
1583 537 1711 570 incurrit,

920 581 986 616 quia
1012 589 1067 608 non
1084 589 1117 608 ex
1135 581 1187 608 fide
1205 581 1238 608 “.
1257 591 1311 607 μ-
1325 591 1334 607 ι
1357 582 1552 610 Verumtamen
1571 590 1634 610 esca
1661 591 1713 612 nos

919 626 1098 658 commendat
1123 626 1196 658 Deo;
1222 633 1312 661 neque
1331 626 1353 653 si
1377 626 1566 659 comedamus,
1586 627 1714 655 abunda-

920 670 1024 701 bimus,
1051 678 1142 705 neque
1159 670 1182 697 si
1201 678 1256 698 non
1282 671 1496 703 comederimus,
1515 673 1607 700 minus
1627 672 1709 701 habe-

920 715 1014 743 bimus
1028 716 1063 743 ".
1078 725 1087 741 ι
1107 716 1299 743 Parcemiastes
1312 725 1318 742 :
1338 726 1347 742 ι
1361 716 1401 743 Ne
1413 721 1439 744 te
1450 717 1571 752 decipiat
1583 719 1713 745 saturitas

922 759 1039 786 ventris.
1063 759 1161 786 Anima
1178 761 1252 787 enim
1269 765 1362 787 satura
1378 761 1471 788 illudit
1496 762 1585 794 favis;
1613 763 1713 790 animat

920 810 1014 832 autem
1025 806 1170 837 esurienti,
1184 806 1268 832 etiatn
1281 814 1385 837 amara,
1399 807 1491 834 dulcia
1504 808 1635 835 videntur
1650 809 1682 836 ".
1699 818 1709 834 ι

919 849 1069 884 Apostolus
1096 850 1242 877 insinuans
1261 851 1367 877 nullum
1385 859 1440 878 non
1461 852 1517 879 cibi
1542 860 1629 887 genus
1651 861 1712 881 esse

921 895 1066 927 mundum,
1083 895 1121 922 ait
1137 904 1145 922 :
1171 905 1180 921 ι
1197 896 1272 929 Quos
1288 897 1362 923 Deus
1379 898 1485 924 creavit
1505 898 1539 925 ad
1557 899 1713 934 percipien-

919 941 984 968 dum
1001 940 1064 968 cum
1091 942 1242 977 gratiarum
1270 943 1379 970 actione
1399 943 1530 971 fidelibus
1547 949 1576 971 et
1602 945 1636 972 iis
1663 945 1709 979 qui

918 991 1092 1021 agnoverunt
1116 987 1275 1019 veritatem,
1300 987 1365 1021 quia
1392 988 1483 1015 omnis
1509 993 1637 1016 creatura
1662 990 1710 1017 Dci

919 1031 991 1058 bona
1016 1036 1069 1064 est,
1097 1037 1124 1059 et
1152 1033 1221 1059 nihil
1247 1033 1445 1067 abjiciendum.
1471 1034 1545 1068 quod
1570 1043 1632 1062 cutn
1649 1043 1712 1070 gra-

921 1077 1022 1104 tiarum
1049 1078 1157 1105 actione
1185 1078 1330 1104 sumitur:
1352 1079 1542 1106 sanctilicatur
1559 1080 1631 1106 cnim
1662 1088 1712 1116 per

919 1123 1035 1150 verbum
1047 1123 1095 1150 Dei
1110 1128 1137 1150 et
1150 1123 1304 1150 orationem
1317 1124 1351 1150 ".
1373 1134 1382 1149 ι
1402 1125 1436 1151 Et
1453 1133 1460 1151 :
1474 1134 1482 1150 ι
1494 1124 1591 1152 Omnia
1608 1126 1710 1154 munda

919 1169 1032 1196 mundis
1047 1170 1081 1197 ".
1099 1180 1108 1195 ι
1128 1170 1162 1197 Et
1178 1178 1186 1197 :
1208 1179 1216 1195 ι
1233 1170 1274 1197 Ad
1294 1170 1515 1197 manducandum
1529 1171 1647 1198 invicem
1662 1179 1712 1199 ex-

920 1219 1045 1250 spectate
1070 1216 1103 1242 ".
1126 1225 1136 1241 ι
1162 1215 1217 1243 Lex
1237 1217 1372 1250 insuper:
1397 1225 1406 1241 ι
1423 1217 1492 1243 Dum
1513 1218 1667 1245 comederis
1683 1222 1711 1245 et

917 1266 1056 1289 saturatus
1066 1262 1162 1293 fueris,
1170 1261 1328 1289 benedicito
1336 1262 1481 1289 Dominum
1491 1263 1575 1290 Deum
1586 1268 1663 1290 tuum
1671 1264 1707 1291 ³.»

917 1307 1015 1338 David,
1028 1308 1083 1335 Deo
1093 1308 1254 1343 neutiquam
1287 1308 1410 1343 ingratus
1423 1317 1429 1334 ε
1444 1319 1453 1334 ι
1471 1309 1587 1340 Dedisti.
1605 1310 1708 1344 inquit,

917 1353 1040 1381 laetitiam
1053 1354 1080 1381 in
1097 1354 1179 1381 corde
1193 1362 1264 1385 meo.
1280 1362 1295 1381 a
1311 1354 1403 1381 fruclu
1417 1355 1549 1382 frumenti
1562 1360 1590 1382 et
1600 1355 1654 1382 olei
1665 1357 1686 1384 '.
1696 1365 1707 1383 ι

918 1400 1020 1427 lterum
1040 1409 1047 1428 :
1069 1410 1078 1426 ι
1096 1401 1165 1434 Quia
1196 1402 1440 1429 satiavitanimam
1453 1402 1575 1435 inanem,
1600 1408 1629 1430 et
1645 1403 1709 1431 ani-

920 1454 992 1474 mam
1008 1447 1178 1474 esurientctn
1189 1448 1323 1475 saturavit
1335 1448 1417 1475 bonis
1429 1449 1448 1474 ³.
1460 1458 1470 1474 ι
1489 1448 1611 1483 Cupiens
1626 1457 1711 1484 porro

919 1492 1064 1526 Dominus.
1077 1493 1195 1520 modesti
1210 1499 1239 1520 ιιι
1255 1493 1342 1521 simus
1362 1502 1393 1521 ac
1407 1494 1478 1530 frugi
1495 1494 1631 1526 homines,
1650 1495 1709 1522 ait:

923 1548 933 1564 ι
953 1538 1068 1572 Quando
1087 1539 1220 1566 invitatus
1243 1540 1330 1567 fueris
1352 1540 1386 1567 ad
1422 1541 1580 1575 prandium,
1603 1548 1638 1568 ne
1664 1548 1711 1568 eas

921 1584 1092 1612 discubitum
1109 1585 1136 1611 in
1156 1585 1244 1619 primo
1256 1585 1394 1618 accubitu,
1415 1594 1449 1613 ne
1460 1587 1531 1613 forte
1549 1587 1711 1614 honoratior

923 1634 948 1657 te
975 1630 1068 1657 veniat
1092 1630 1224 1657 invitatus
1251 1631 1285 1657 ab
1303 1631 1360 1661 illo.
1380 1636 1409 1658 et
1440 1632 1555 1659 veniens
1572 1632 1620 1666 qui
1637 1636 1662 1658 te
1682 1636 1710 1658 et

921 1676 1000 1703 illum
1027 1676 1165 1707 invitavit,
1193 1676 1267 1702 dicat
1296 1676 1368 1703 tibi:
1398 1676 1436 1703 Da
1457 1677 1524 1704 huic
1546 1677 1650 1710 locum,
1680 1681 1709 1704 et

921 1725 988 1748 tune
1015 1721 1131 1756 incipies
1148 1729 1210 1748 cum
1233 1721 1337 1756 pudore
1363 1723 1545 1749 novissimum
1561 1723 1650 1750 locum
1667 1727 1709 1750 tc-

923 1776 999 1795 nere.
1014 1767 1068 1795 Sed
1094 1775 1157 1795 cuttt
1181 1768 1313 1795 invitatus
1340 1768 1437 1800 fueris,
1467 1768 1548 1801 vade,
1566 1768 1709 1795 discumbe

922 1813 950 1840 in
965 1813 1117 1840 novissimo
1135 1813 1206 1844 loco,
1220 1817 1250 1840 ut
1260 1821 1322 1840 cum
1338 1814 1446 1840 venerit
1459 1814 1506 1848 qui
1525 1818 1551 1840 te
1568 1813 1703 1843 invitavit.

921 1859 995 1886 dicat
1016 1859 1066 1886 tibi
1082 1868 1089 1885 :
1108 1859 1213 1890 Amice,
1236 1859 1354 1886 ascende
1379 1860 1518 1894 superius.
1547 1859 1626 1888 Tune
1654 1861 1708 1888 erit

923 1905 973 1932 tibi
1001 1905 1087 1940 gloria
1112 1912 1205 1932 coram
1223 1904 1352 1931 omnibus
1378 1905 1428 1932 tibi
1453 1905 1706 1937 accumbentibus;

919 1950 984 1985 quia
1008 1950 1099 1977 omnis
1127 1950 1175 1984 qui
1204 1957 1234 1976 se
1257 1949 1368 1980 exaltat,
1388 1949 1593 1983 bumiliabitur,
1611 1956 1639 1978 et
1658 1952 1706 1985 qui

921 2003 950 2023 se
978 1995 1118 2027 humiliat,
1141 1995 1306 2022 exaltabitur
1320 1995 1340 2022 ⁸.
1359 2004 1368 2020 ι
1389 1995 1422 2022 ΕΙ.
1436 1995 1494 2023 haec
1511 1996 1622 2030 quidem
1637 2004 1706 2030 qua-

921 2046 1002 2069 tenus
1023 2041 1057 2068 ad
1077 2041 1286 2076 intelligentiam
1303 2048 1337 2068 ac
1360 2041 1503 2076 spirituale
1531 2043 1707 2070 commodum

921 2087 1033 2119 attinet,
1051 2087 1119 2114 satis
1141 2086 1206 2114 sint.
1221 2087 1282 2115 Non
1306 2087 1514 2114 dissentaneum
1539 2087 1623 2115 fuerit
1646 2096 1706 2115 tne-

919 2134 1036 2161 minisse
1050 2133 1194 2161 sententiae
1216 2133 1290 2161 illius
1303 2133 1376 2161 Job:
1397 2143 1406 2159 ι
1420 2133 1499 2166 Quod
1517 2134 1540 2161 si
1552 2134 1705 2161 buccellam

920 2187 1009 2207 meam
1027 2179 1103 2206 solus
1128 2179 1247 2211 comedi,
1265 2183 1292 2207 et
1311 2187 1367 2206 non
1391 2179 1527 2214 pupillum
1543 2179 1705 2214 participem

918 2225 982 2258 feci,
1008 2225 1138 2260 quoniam
1153 2225 1188 2252 ab
1204 2225 1390 2253 adolescentia
1415 2233 1476 2253 mea
1491 2227 1502 2241 ⁵
1519 2226 1638 2252 enutrivi
1671 2229 1702 2253 ut

81 2270 154 2297 dov°
169 2279 228 2303 σου,
246 2272 351 2306 μήποτε
367 2271 413 2297 καὶ
427 2271 504 2297 αὐτοί
525 2279 556 2296 σε
584 2269 796 2301 ἁντικαλέσωσι.
819 2271 865 2297 καὶ

920 2271 1024 2306 pater'.
1038 2281 1046 2295 ι
1060 2270 1174 2302 lterum.
1190 2271 1338 2298 Dominus:
1354 2281 1363 2296 ι
1373 2271 1441 2298 Cum
1454 2271 1551 2298 feceris
1559 2271 1705 2306 prandium

79 2316 191 2350 γένηταί
215 2325 257 2343 σοι
274 2317 459 2351 ἀνταπόδομα.
490 2315 640 2343 Ἀλλ’ὃταν
667 2317 749 2351 ποιῇς
773 2315 864 2351 δοχὴν,

80 2361 156 2388 κάλει
175 2362 310 2397 πτωχοὺς,
339 2362 508 2397 ἀναπήρους,
528 2361 643 2397 χωλοὺς,
658 2361 792 2395 τυφλοὺς,
817 2362 866 2388 κα)⁵

82 2409 214 2442 μακάριος
239 2408 304 2444 ἔσῃ,
331 2408 372 2434 ὅτι
397 2408 448 2434 οὐκ
471 2407 580 2442 ἔχουσιν
601 2406 798 2434 ἀνταποδοῦναί
813 2415 864 2434 σοι·

81 2453 328 2488 ἀνταποδοθήσεται
346 2453 375 2479 δέ
392 2461 444 2486 σοι,
462 2454 491 2479 ὲν
516 2454 549 2488 τῇ
574 2453 723 2479 ἀναστάσει
748 2452 803 2479 τῶν
829 2453 868 2479 δι-

82 2498 175 2531 καίων,
199 2499 274 2534 παρὰ
302 2499 348 2526 τοῦ
374 2498 475 2525 Θεοῦ.»
497 2498 576 2534 Αὐτῷ
601 2500 618 2534 ή
641 2498 705 2531 δόξα
735 2500 776 2529 εἰς
805 2499 868 2529 τοὺς

81 2545 190 2575 αἰῶνας.
213 2544 309 2579 Ἀμήν.

918 2321 966 2343 aut
989 2323 1111 2348 caenam,
1135 2324 1169 2344 ne
1197 2317 1339 2344 vocaveris
1364 2317 1468 2352 1032
1493 2316 1597 2344 amicos
1632 2321 1704 2349 tuos,

921 2368 1013 2396 neque
1028 2361 1128 2388 fratres
1143 2365 1216 2393 tuos,
1229 2369 1320 2396 neque
1333 2366 1474 2396 cognatos,
1491 2369 1580 2396 neque
1599 2361 1706 2388 vicinos

922 2406 1034 2438 divites,
1055 2415 1090 2434 ne
1110 2407 1180 2434 forte
1197 2411 1226 2434 ct
1252 2408 1303 2442 ipsi
1320 2407 1469 2434 reinvitent
1485 2411 1512 2434 te
1538 2411 1566 2434 et
1586 2406 1631 2434 fiat
1657 2407 1706 2434 tibi

926 2452 1094 2485 retributio;
1121 2452 1167 2479 scd
1191 2453 1300 2487 quando
1329 2453 1428 2480 feceris
1445 2452 1613 2483 convivium,
1640 2459 1707 2479 voca

918 2505 1067 2533 pauperes,
1086 2497 1206 2531 debiles,
1221 2498 1346 2530 claudos,
1366 2506 1471 2531 caecos;
1487 2503 1515 2525 et
1527 2498 1626 2525 beatus
1640 2498 1707 2530 eris,

917 2544 984 2579 quia
1004 2552 1060 2571 non
1086 2544 1189 2572 habent
1212 2545 1368 2572 retribuere
1387 2545 1451 2576 tibi;
1472 2543 1644 2571 retribuetur
1660 2551 1708 2571 au-

85 2597 134 2618 tem
152 2590 200 2617 tibi
214 2590 241 2617 in
256 2591 460 2618 resurrectione
469 2591 609 2626 justurum
634 2593 656 2618 ⁷.
676 2600 685 2617 t
708 2591 761 2626 lpsi
777 2589 864 2626 gloria
884 2590 912 2618 in
934 2590 1046 2618 saecula.
1063 2590 1159 2617 Amen.

117 2661 138 2676 ’°
154 2661 233 2689 Rom.
248 2670 303 2691 xxv.
324 2662 351 2689 3.
390 2663 413 2679 "
430 2664 496 2692 ibid.
513 2664 540 2691 6.
577 2665 600 2681 "
613 2663 677 2691 ibid.
703 2663 747 2691 ίδ.
783 2663 809 2680 ’³
824 2662 867 2688 ἱΜι

921 2662 967 2690 eo.
1011 2662 1172 2695 "ibid.22.
1201 2663 1246 2690 εδ.
1285 2662 1413 2689 "lCor.
1429 2669 1485 2693 vtu,
1499 2661 1526 2689 8.
1565 2661 1589 2677 ο·
1625 2661 1705 2689 Prw.

84 2703 164 2727 cxvu.
185 2697 210 2723 'l.
249 2698 270 2713 "
289 2697 381 2725 l'l‘itn.
399 2707 434 2729 tv.
457 2699 504 2727 5-5
540 2700 564 2715 "
579 2699 634 2726 'l'it.
650 2707 668 2730 ι,
683 2697 725 2726 l5.
763 2699 807 2726 σοι
825 2697 862 2724 C0

920 2706 944 2730 ,t,
959 2699 1003 2726 55.
1046 2699 1054 2714 ¹
1067 2699 1146 2726 Deut.
1165 2706 1222 2728 vni.
1237 2698 1280 2725 10.

1329 2699 1338 2714 ¹
1353 2698 1423 2724 Psal.
1441 2704 1478 2728 tv.
1497 2696 1522 2726 7.
1540 2697 1566 2724 8.

1615 2697 1624 2712 ³
1636 2697 1706 2724 Pani.

85 2739 117 2769 si;
130 2751 136 2759 .
150 2731 176 2758 9.
216 2732 225 2746 ‘
241 2732 304 2769 Luc
323 2741 376 2765 xw,
395 2733 472 2761 8-H.
511 2735 521 2750 ‘
538 2735 685 2768 ἑξέτριφον
695 2734 734 2767 ὡς
753 2733 854 2768 πατὴρ,

920 2750 922 2756 ι
937 2742 990 2766 quo
1008 2732 1088 2769 Vulg.
1105 2734 1250 2768 grandivit,
1263 2734 1392 2765 adoleuit,
1424 2733 1467 2760 vel
1491 2734 1572 2759 cru-il
1597 2740 1708 2759 merum.

84 2768 93 2779 '
105 2764 154 2792 Job
170 2774 241 2799 xw,
261 2768 300 2799 l7,
314 2769 354 2795 tu.
370 2764 374 2765 ν
393 2769 402 2784 ⁷
418 2769 484 2798 Luc.
501 2764 662 2802 xum-12;”.

727 2811 845 2840 VARI/fl
863 2811 1062 2839 LECTlONES.

121 2861 128 2880 ί
146 2860 329 2895 παραστήσει.

379 2858 386 2883 i
402 2858 581 2892 ὑστεροῦμεν.
621 2859 632 2877 ¹ί
647 2859 787 2894 θορτὰσαι.

85 2894 192 2922 meum;
224 2895 361 2929 ηκληθῇς.
399 2894 518 2920 ’πλουσξ

399 2899 410 2908 ⁴¹
423 2894 578 2925 πλουσίους.

832 2857 989 2894 ιὲμπαίξει,
1011 2856 1113 2884 rectius
1129 2862 1220 2884 nostra
1237 2856 1333 2888 editio,
1351 2853 1474 2882 calcabit.

1547 2856 1567 2870 ιι
1582 2850 1711 2886 ἐπιγινώ-
