1975 3189
280 200 292 232 1
301 200 349 232 £43

568 258 712 287 HOMILIA
738 259 783 287 ιν.

410 314 448 342 De
472 315 603 343 edacitate
629 317 683 343 sive
698 317 796 343 ventris
815 317 939 352 ingluvie.

313 381 386 408 Nulli
416 389 471 408 non
497 381 642 408 hominum
670 383 795 417 apprime
828 384 1016 412 necessarium
1035 386 1070 412 sit

276 426 332 453 vim
356 426 461 454 inferre
479 427 585 454 ventris
606 427 750 459 edacitati.
773 436 890 464 eamque
908 431 983 465 jusla
1002 436 1070 458 tem-

277 472 355 507 perie
379 472 544 499 moderari:
567 473 594 500 in
624 474 722 508 primis
746 479 838 502 tamen
865 483 912 503 eos
939 476 1068 510 addecet,

276 519 379 553 quibus
407 526 481 546 cura:
503 523 547 546 est
569 519 614 553 pia
637 520 774 548 servitute
787 522 880 549 colere
898 523 995 549 Deum.
1012 523 1068 550 lio-

276 570 386 591 neslum
416 573 482 592 sane
507 565 544 592 sit
561 566 706 600 prandium
725 575 807 594 omne
834 567 902 594 illud
916 568 991 602 quod
1007 577 1068 596 mo-

275 611 371 638 derata
406 611 569 646 transigitur
591 613 758 646 quantitate.
792 613 859 641 Nam
887 615 955 642 citra
984 615 1067 642 ullam

276 657 440 690 temperiem
458 663 491 684 ac
505 657 641 685 irretcnte
656 659 839 687 suﬂ‘arcinare
852 665 979 687 ventrem
999 661 1068 688 edu-

275 702 341 733 liis,
366 709 500 736 perquam
529 702 619 730 simile
648 709 692 730 est
720 705 783 731 navi
808 712 893 732 onere
919 706 1067 733 immodico

274 748 442 783 degravatre,
458 757 514 782 quo
536 749 612 776 velut
627 756 759 784 oppressa
783 751 861 777 nullo
886 751 999 786 negotio
1013 760 1066 779 un-

274 794 351 821 dosis
363 794 493 822 ﬂuetibus
510 795 684 831 immergitur
702 801 729 823 et
746 797 891 830 pessumit.
905 798 939 824 Et
954 798 1066 832 quidem

274 847 378 875 corpus
403 841 534 868 alimonia
549 846 622 876 eget,
642 850 698 868 non
728 843 793 869 item
818 843 990 878 cupediariis
1006 844 1067 871 lau-

275 887 365 921 lisque
381 887 494 913 ferculis
511 887 612 920 quibus
633 894 663 914 se
680 887 713 914 ad
731 888 901 923 voluptatem
927 889 1025 930 invitet
1038 895 1066 918 et

918 203 1099 234 ANTIOCHI
1118 203 1291 236 MONACHI

1851 208 1922 239 ιιιι

1436 263 1546 290 ΛΟΓΟΣ
1562 264 1598 290 Δ’.

1351 321 1419 354 Περὶ
1434 321 1680 356 γαστριμαργίας.

1157 387 1228 413 Πᾶσι
1243 387 1292 421 μὲν
1305 387 1454 420 ἀναγκαῖόν
1467 387 1526 413 ἔστι
1540 387 1570 413 τὸ
1583 387 1727 420 βιάζεσθαι
1739 388 1787 415 καὶ
1798 389 1921 423 κρατεῖν

1119 432 1250 467 γαστρός.
1281 432 1407 459 Μάλιστα
1421 433 1449 459 δὲ
1465 434 1524 464 τοῖς
1540 433 1600 468 Θεῷ
1614 433 1753 460 δουλεύειν
1777 434 1918 461 ἐθέλουσι.

1120 479 1210 505 Καλὸν
1224 479 1280 514 γάρ
1295 480 1353 505 ἐστι
1370 480 1424 506 πᾶν
1441 479 1542 514 μέτρον
1557 480 1682 515 ἄριστον.
1698 480 1735 506 Τὸ
1745 481 1774 507 δὲ
1787 481 1920 516 ἀσχέτως

1120 524 1239 557 ἐσθίειν,
1267 525 1339 551 ἔοικε
1363 525 1408 560 νηῒ
1430 525 1690 561 ὑπερφορτουμένη.
1711 526 1748 552 Τὸ
1760 526 1815 561 γὰρ
1832 526 1919 561 σῶμα

1120 571 1223 606 τροφῆς
1249 571 1350 603 δεῖται,
1375 572 1406 597 οὐ
1438 571 1562 606 τρυφῆςο
1590 571 1755 605 ὀλιγοδιίας,
1784 573 1815 598 οὺ
1846 572 1919 606 πλη-

1119 617 1224 651 σμονῆς
1235 625 1242 632 ·
1257 617 1423 652 αὐταρκείας
1435 636 1442 648 ,
1467 617 1498 643 οὺ
1523 617 1711 649 πολυτελείας.
1739 618 1772 644 Δί
1792 618 1844 653 μὲν
1859 618 1918 653 γὰρ

1119 663 1166 689 καὶ
1191 663 1223 689 τὺ
1247 663 1329 698 σῶμα
1354 663 1403 689 καὶ
1427 663 1476 698 τὴν
1498 663 1588 698 ψυχὴν
1611 663 1780 697 ὠφελοῦσιν,
1802 664 1916 698 ὑγείαν,

1119 709 1167 736 καὶ
1189 708 1303 744 ῥώμην,
1331 709 1378 735 καὶ
1403 709 1511 741 εὐεξίαν
1535 709 1697 736 τίκτουσαι·
1722 710 1751 735 αί
1768 710 1806 741 δὲ,
1827 710 1917 744 ἄμφω

1119 755 1361 788 καταϐλάπτουσι,
1393 755 1424 781 οὺ
1460 755 1541 789 μόνον
1573 754 1622 791 τὴι
1648 755 1756 790 ὑγίειαν
1787 755 1915 790 διαφθεί-

1121 809 1227 836 ρουσαι,
1239 801 1310 827 ἀλλὰ
1323 801 1370 827 καὶ
1384 801 1528 835 νοσήματα
1542 801 1741 836 ἀργαλεώτατα
1751 801 1911 828 ὠδίνουσαι.

1124 847 1275 880 Ἀπόδειξις
1290 847 1318 872 δὲ
1334 847 1421 881 σαφὴς
1436 846 1466 872 τὺ
1479 847 1543 878 τοὺς
1556 847 1604 882 τὴν
1615 847 1769 881 ὀλιγόδειαν
1794 847 1913 874 καταδε-

1118 894 1251 929 χομένους
1264 893 1386 928 ἀσκητάς
1403 894 1504 928 μᾶλλον
1518 893 1573 920 τῶν
1587 893 1760 928 ἁσροδίαιτον
1772 893 1912 928 ἑλομένων

275 933 366 960 satiet.
391 932 523 959 Ciborum
548 933 693 968 frugalitas
721 934 760 961 illi
789 937 983 969 opportunior,
1009 945 1064 964 non

1118 940 1185 974 βίον,
1206 939 1252 965 καὶ
1277 940 1489 973 συνετωτέρους,
1515 939 1564 966 καὶ
1588 938 1841 973 σωφρονεστέρους.
1865 938 1911 965 καὶ

275 979 412 1006 inammna
442 979 566 1006 satietas.
592 979 691 1006 Edulio
712 987 792 1014 opus,
824 981 899 1015 quod
927 982 993 1009 satis
1018 983 1063 1015 sit,

273 1031 329 1050 non
352 1024 417 1050 item
433 1023 499 1050 luxu
514 1023 671 1058 profusiore
689 1024 736 1058 qui
759 1029 836 1051 artus
850 1024 986 1052 eollutilet
1002 1033 1065 1052 eor-

273 1069 360 1104 poris.
384 1069 432 1096 llla
458 1069 595 1104 siquidem
613 1069 682 1096 mire
705 1070 785 1105 juvat
808 1075 837 1098 et
851 1079 952 1106 corpus
965 1078 994 1100 et
1007 1073 1066 1099 ani-

273 1123 356 1147 mam,
370 1116 473 1150 quippe
490 1123 552 1150 quae
576 1116 737 1151 sospitatem
755 1117 828 1152 parit
843 1119 965 1153 corpori,
981 1119 1066 1146 robur

273 1160 429 1191 conﬁrmat.
445 1165 474 1187 et
495 1160 688 1188 habitudinem
703 1161 781 1189 addit
798 1162 913 1197 pulchre
928 1168 1065 1199 tempera-

271 1210 346 1238 tam;
368 1210 491 1233 extrema
515 1214 583 1234 vero
611 1211 762 1242 utrumque
787 1209 902 1242 laedunt,
928 1217 980 1237 nec
997 1210 1065 1237 sim-

273 1251 394 1286 pliciter.
420 1252 517 1286 Neque
538 1251 614 1279 enim
634 1252 746 1279 sanitati
773 1254 864 1279 solum
892 1253 975 1280 noxia
1002 1257 1067 1281 sunt

273 1297 394 1331 genuina
419 1297 538 1332 quadam
553 1305 604 1325 sua
620 1297 655 1325 ad
671 1298 860 1333 corruptelam
877 1299 1065 1333 proclivitate,

273 1343 320 1371 sed
344 1347 373 1370 et
398 1343 510 1370 morbos
524 1343 570 1370 vix
585 1343 750 1371 eluctabiles
764 1352 797 1372 ac
816 1345 999 1380 permolestos
1015 1353 1066 1383 pa-

275 1390 362 1416 riunt.
392 1389 442 1417 Rei
473 1389 554 1417 istius
570 1390 687 1417 evidens
715 1395 908 1425 argumentum
933 1390 1067 1419 exhibent

273 1435 416 1468 monachi,
443 1434 491 1469 qui
517 1442 580 1462 cum
604 1435 706 1471 exiguo
723 1437 848 1463 contenti
865 1437 968 1464 abeant
990 1437 1064 1470 cibo,

269 1484 359 1515 utque
374 1481 588 1515 compcriuntur
600 1486 628 1508 et
639 1482 767 1509 acumine
781 1482 942 1510 intellectus
957 1483 1065 1518 perspi-

267 1526 407 1558 caciores,
436 1531 464 1553 et
485 1526 610 1561 corporis
633 1532 818 1562 temperatura
846 1528 901 1556 illis
928 1529 1064 1563 saniores,

272 1578 344 1606 quos
365 1572 444 1607 juvat
460 1575 532 1598 totos
549 1579 578 1599 sc
602 1572 765 1608 immergere
779 1574 843 1602 vita;
856 1574 992 1602 mollioris
1006 1575 1065 1603 ille-

266 1618 374 1645 cebris.
398 1617 493 1652 Neque
509 1617 536 1644 id
561 1618 627 1645 boni
644 1619 746 1651 solum,
763 1620 810 1647 sed
830 1623 859 1647 et
877 1620 943 1648 dum
958 1621 1063 1649 ventris
1078 1616 1101 1647 C

273 1661 369 1689 frenas
383 1662 547 1697 ingluviem,
564 1663 663 1691 animae
679 1672 728 1699 per
743 1665 796 1693 hoc
811 1666 954 1694 imminuis
969 1667 1065 1694 turbu-

273 1707 364 1733 lentas
375 1707 546 1734 aiiectiones.
567 1708 634 1736 Nam
649 1709 697 1744 qui
716 1717 745 1737 se
758 1711 834 1738 vinci
850 1711 917 1738 sinit
938 1712 1064 1740 ciborum

275 1753 451 1788 intemperie,
482 1755 578 1789 utique
612 1756 755 1783 materiam
788 1762 935 1793 exaggerat
960 1759 1063 1786 illicem

272 1803 357 1833 atque
382 1800 550 1827 incentivam
573 1801 757 1836 voluptatum.
774 1803 810 1830 Ut
834 1804 907 1831 enim
922 1805 1064 1839 copiosam

272 1845 412 1880 lignorum
437 1847 596 1881 congeriem
627 1847 684 1883 igni
710 1848 733 1874 si
760 1848 900 1882 admoves,
930 1851 1063 1886 majorem

270 1891 378 1918 excitas
405 1892 555 1925 ﬂammam,
575 1893 613 1920 ita
628 1898 656 1920 ct
670 1894 749 1929 copia
768 1895 893 1923 ciborum
919 1896 942 1923 si
958 1896 1064 1924 inditur

272 1938 374 1969 ventri,
392 1938 441 1965 alit
462 1940 728 1974 concupiscentiam.
746 1941 957 1970 Esculentorum
972 1944 1064 1979 splen-

273 1983 356 2010 didus
379 1991 411 2010 ac
433 1984 573 2018 profusior
587 1985 668 2012 luxus
683 1990 781 2021 guttur
800 1988 914 2022 quidem
931 1989 1061 2022 oblectat,

272 2029 321 2056 sed
338 2034 367 2057 et
385 2037 508 2057 vermem
529 2031 753 2066 intemperantia:
767 2033 817 2060 alit
832 2034 1015 2070 irrequietum
1032 2044 1064 2063 ac

272 2074 447 2109 pervigilem.
469 2075 708 2108 Quemadmodum
725 2079 799 2105 enim
818 2083 891 2106 terra
906 2080 961 2107 situ
979 2089 1063 2116 squa-

271 2120 334 2147 lens
346 2125 375 2147 et
390 2121 508 2154 inarata,
523 2126 622 2157 suapte
635 2127 734 2150 natura
746 2124 805 2152 edit
819 2125 922 2160 spinas,
938 2126 974 2154 ita
985 2134 1064 2154 mens

272 2167 379 2194 ventris
393 2167 485 2194 studio
501 2168 606 2196 addicti
630 2169 763 2200 hominis.
790 2170 935 2199 indecoras
949 2180 1063 2207 prorsus

271 2211 454 2246 cogitationes
481 2214 672 2248 progerminat
694 2219 777 2249 atque
799 2215 945 2243 obscenas.
967 2216 1063 2243 Iliona-

268 2257 342 2284 chus
359 2258 434 2292 justo
448 2257 562 2285 edacior
573 2258 649 2286 aliud
661 2259 731 2286 nihil
741 2261 898 2288 censendus
907 2269 988 2296 quam
999 2270 1063 2296 pro-

269 2303 324 2338 prii
343 2304 506 2331 tributarius
533 2305 649 2332 ventris.
665 2306 699 2332 Et
712 2306 824 2340 quidem
845 2306 869 2334 is
889 2307 923 2334 ad
946 2315 1059 2335 censum

269 2354 415 2376 enumerat
427 2354 549 2382 sanctos,
565 2355 593 2377 et
605 2358 701 2378 eorum
715 2352 903 2379 commeminit
921 2353 993 2380 inter
1004 2354 1060 2380 col-

267 2395 375 2430 loquia,
391 2403 421 2422 re
436 2400 529 2423 autem
543 2404 607 2423 vera
622 2397 809 2432 intemperans
827 2406 890 2425 cum
906 2399 946 2429 fit,
966 2401 1060 2427 neuti-

268 2449 355 2476 quam
380 2441 491 2468 illorum
510 2443 592 2469 vitam
616 2444 764 2470 aemulatur
785 2448 813 2471 et
835 2449 936 2472 mores.
964 2446 1059 2474 Ventri

271 2487 423 2513 saturando
450 2487 596 2520 addictior,
626 2488 700 2515 nulla
723 2489 776 2516 alia
794 2497 824 2517 re
843 2494 897 2516 tam
913 2490 1057 2525 gloriatur,

268 2537 319 2560 aut
342 2532 419 2559 ducit
436 2533 620 2566 venerationi,
648 2542 730 2569 quam
757 2535 833 2570 quod
857 2536 993 2564 latissimo
1017 2543 1060 2566 est

271 2583 368 2606 ventre
382 2583 409 2606 et
424 2580 594 2614 amplissime
618 2581 723 2615 capaci.
740 2581 824 2608 Plane
848 2582 887 2609 illi
906 2587 1003 2610 venter
1028 2583 1059 2611 ﬁt

270 2625 505 2659 promptuarium,
518 2630 546 2652 et
561 2625 725 2653 honoratior
739 2631 895 2654 stercorum
909 2629 1059 2663 apotheca;

270 2669 319 2696 sed
338 2673 366 2696 et
386 2670 491 2697 halitus
517 2670 576 2705 ipse
590 2671 637 2705 qui
657 2671 684 2698 in
696 2671 738 2699 sic
754 2672 832 2699 edaci
847 2672 964 2707 habitat,
979 2675 1060 2702 anxie

270 2715 452 2747 interclusus.
473 2716 544 2743 mire
572 2717 753 2745 turbulentus
768 2722 811 2745 est
841 2726 873 2745 ac
901 2720 1059 2754 praetristis.

270 2760 396 2798 Dumque
409 2762 434 2790 is
457 2763 602 2798 tegerrime
613 2763 678 2796 fert,
691 2771 773 2798 quam
791 2772 826 2792 ex
842 2773 871 2793 sc
895 2766 981 2800 spirat
997 2775 1060 2803 gra-

1118 985 1317 1021 ὐγιεινοτέρους
1328 983 1451 1011 εἷναι·οὺ
1466 985 1546 1020 μόνον
1555 984 1584 1011 δὲ
1594 984 1683 1017 τοῦτο,
1691 984 1759 1011 ἀλλὰ
1773 984 1822 1010 καὶ
1835 984 1912 1010 ἔλατ-

1115 1033 1158 1058 τοῐ
1172 1031 1207 1058 τὰ
1231 1031 1305 1066 πάθη
1324 1031 1338 1057 ὸ
1358 1030 1468 1066 κρατῶν
1484 1030 1664 1078 γαστρός..”0
1683 1030 1736 1065 γὰρ
1750 1029 1911 1078 ἡττώμενος

1117 1077 1260 1113 βρώμασιν
1277 1077 1353 1110 αὔξει
1369 1077 1420 1108 τὰς
1435 1076 1545 1110 ἡδονάςι
1564 1076 1658 1111 ὥσπερ
1670 1076 1725 1111 γὰρ
1741 1076 1808 1108 ξύλα
1822 1076 1910 1102 πολλὰ

1117 1123 1240 1158 μεγάλην
1254 1123 1359 1158 ἐγείρει
1374 1123 1473 1158 φλόγα,
1487 1122 1559 1149 οὕτω
1574 1123 1622 1150 καὶ
1635 1122 1737 1157 πλῆθος
1753 1122 1911 1158 βρωμάτων

1115 1168 1219 1203 ἐγείρει
1231 1174 1244 1194 P
1263 1169 1423 1204 ἐπιθυμίαν.
1441 1167 1475 1195 Ἦ
1491 1167 1546 1194 τῶν
1562 1168 1714 1203 βρωμάτων
1744 1168 1910 1195 πολυτέλεια

1115 1214 1213 1250 λαιμὸν
1233 1215 1283 1250 μὲν
1303 1215 1420 1250 τέρπει,
1446 1214 1543 1250 τρέφει
1559 1214 1589 1240 δὲ
1610 1214 1740 1250 σκώληκα
1756 1214 1910 1245 ἀκολασίας

1116 1261 1278 1297 ἀκοίμητον.
1301 1261 1409 1296 ’Ὠσπερ
1436 1261 1492 1295 γὰρ
1508 1262 1526 1296 ἡ
1540 1260 1714 1296 χερσωθεῖσα
1730 1261 1765 1296 γῆ
1783 1260 1910 1292 ἀκάνθας

1115 1308 1217 1340 τίκτει,
1245 1307 1318 1334 οὕτω
1340 1307 1388 1334 καὶ
1411 1308 1426 1334 ὁ
1444 1307 1508 1339 νοῦς
1526 1307 1740 1343 γαστριμάργου
1761 1307 1910 1342 βλαστάνει

1114 1353 1262 1389 λογισμοὺς
1277 1353 1418 1388 αίσχρούς.
1437 1353 1563 1388 Μοναχδς
1594 1354 1803 1388 γαστρίμαργος
1829 1353 1909 1380 οὐδὲν

1115 1399 1226 1435 ἕτερον,
1259 1398 1276 1434 ἢ
1309 1399 1389 1434 μόνον
1414 1399 1520 1431 κοιλίας
1550 1399 1689 1434 ὑπόφορος
1712 1399 1833 1434 γίνεται,
1859 1399 1909 1426 καὶ

1114 1445 1164 1476 τάς
1183 1444 1278 1480 μνείας
1295 1444 1350 1470 τῶν
1366 1444 1452 1479 ἁγίων
1467 1444 1597 1480 ἀριθμεῖ·
1616 1446 1630 1471 ό
1644 1445 1673 1472 δὲ
1689 1446 1828 1481 ἐγκρατὴς
1843 1446 1909 1477 τοὺς

1115 1491 1206 1517 αὐτῶν
1229 1490 1304 1525 βίους
1329 1491 1485 1526 μιμεῖταιιι.
1507 1491 1537 1518 '0
1554 1491 1762 1526 γαστρίμαργος
1776 1492 1819 1523 είς
1829 1491 1908 1518 om:

1114 1539 1209 1574 ἕτερον
1235 1538 1423 1574 ἐναϐρύνεται,
1442 1537 1499 1565 ἀλλ’
1515 1538 1532 1574 ἦ
1548 1540 1589 1570 είς
1605 1539 1736 1565 πλατεῖαν
1751 1539 1799 1565 καὶ
1824 1538 1907 1574 εὐρύ-

1116 1592 1205 1620 χωρον
1230 1583 1337 1610 κοιλίαν
1349 1604 1357 1616 ,
1384 1585 1499 1619 ταμεῖον
1523 1585 1573 1619 τῆς
1588 1584 1684 1619 τιμίας
1699 1584 1783 1610 αὑτοῦ
1800 1584 1906 1619 κόπρου

1116 1631 1259 1666 ἀποθήκης
1273 1637 1281 1644 ⁸
1313 1629 1382 1657 ἀλλά
1398 1630 1445 1656 καὶ
1464 1629 1495 1656 τὺ
1510 1629 1625 1664 Πνεῦμα
1640 1630 1670 1656 τὺ
1685 1629 1810 1656 ἐνοικοῦν
1826 1630 1856 1656 ὲν
1868 1628 1905 1664 τῷ

1115 1677 1318 1712 γαστριμάργῳ
1344 1675 1481 1711 ἀνθρώπῳ
1508 1675 1654 1703 λυπεῖταιο
1687 1676 1734 1702 καὶ⁵
1759 1677 1798 1712 μὴ
1824 1675 1905 1711 φέρον

1115 1722 1165 1757 τὴν
1177 1722 1312 1749 δυσωδίαν
1326 1722 1466 1757 ἀναχωρεῖ
1478 1721 1525 1748 ἀπ’
1537 1721 1632 1749 αὐτοῦ.
1642 1722 1748 1757 Ὠσπερ
1769 1722 1784 1748 6
1802 1721 1905 1752 καπνὸς

1115 1767 1208 1796 διώκει
1226 1768 1275 1800 τὰς
1291 1767 1434 1803 μελίσσας,
1451 1767 1525 1794 οὕτω
1541 1768 1555 1794 δ
1567 1767 1775 1803 γαστρίμαργος
1790 1767 1842 1802 τὴν
1857 1767 1905 1802 χά-

1116 1823 1159 1850 ριν
1175 1814 1222 1841 τοῦ
1240 1814 1319 1848 ἁγίου
1336 1813 1508 1849 Πνεύματος.
1527 1815 1664 1850 Κρεῖοσον
1679 1811 1725 1840 οὖν
1741 1814 1801 1840 ἐστι
1816 1821 1904 1849 παρα-

1114 1859 1228 1895 δραμεῖν
1243 1860 1276 1887 τὰ
1289 1860 1492 1896 καρυκεύματα
1505 1861 1554 1894 τῆς
1566 1860 1696 1895 γαστρὸς.
1711 1860 1759 1886 καὶ
1772 1859 1818 1885 διὰ
1827 1858 1904 1893 λιτῆς

1113 1905 1219 1941 τροφῆς
1242 1905 1293 1941 τὴν
1315 1906 1412 1942 χρείαν
1436 1905 1593 1941 ἐκπληροῦν
1616 1905 1663 1932 τοῦ
1688 1905 1832 1940 σώματος,
1862 1905 1904 1931 ἵνα

1115 1951 1153 1987 μὴ
1176 1952 1356 1988 ὁμοιωθῶμεν
1382 1953 1420 1988 τῷ
1437 1953 1465 1979 ὲν
1481 1953 1515 1987 τῇ
1533 1952 1630 1988 ὲρήμῳ
1646 1951 1822 1986 κοιλιοδούλῳ
1833 1951 1901 1986 λαῷ.

1117 2007 1126 2024 ι
1139 1999 1266 2026 Ἐκάθισε
1279 1999 1344 2035 γάρ,
1360 2000 1453 2035 φησὶν,
1469 1999 1483 2026 ὁ
1495 1999 1560 2030 λαὸς
1577 2000 1674 2033 φαγεῖν
1689 1998 1737 2025 καὶ
1750 1999 1837 2030 πιεῖν,
1856 1999 1904 2024 καὶ

1115 2043 1269 2079 ἀνέστησαν
1293 2045 1413 2077 παίζειν.
1428 2054 1438 2070 ι
1471 2044 1516 2070 Ἐν
1535 2044 1575 2080 τῷ
1589 2043 1644 2080 γὰρ
1661 2044 1790 2079 ἀμέτρως
1805 2044 1903 2075 αὐτοὺς

1114 2089 1217 2116 ἐσθίειν
1231 2090 1278 2116 καὶ
1291 2089 1390 2121 πίνειν,
1403 2090 1451 2125 τῆς
1463 2090 1574 2125 ὲντολῆς
1588 2090 1635 2117 τοῦ
1648 2089 1715 2117 Θεοῦ
1727 2089 1902 2120 ἐπελάθοντο,

1114 2135 1163 2161 καὶ
1189 2136 1229 2166 είς
1253 2135 1453 2170 είδωλομανίαν
1476 2136 1636 2170 ἐξώκειλαν.
1664 2136 1763 2168 Καλῶς
1779 2134 1828 2163 οὖν
1846 2137 1903 2167 τοῖς

1114 2180 1248 2215 διαδόχοις
1260 2180 1350 2207 αὐτῶν
1367 2181 1468 2217 γράφει
1486 2183 1500 2209 ὁ
1510 2182 1662 2214 ἀπόστολος
1676 2181 1781 2214 Παῦλος
1791 2190 1800 2197 ⁸
1829 2189 1839 2207 ι
1853 2179 1903 2208 Ὧν

1113 2227 1127 2252 ὁ
1144 2225 1204 2256 θεὸς
1221 2226 1237 2261 ἠ
1252 2225 1341 2252 κοιλία
1354 2248 1360 2259 ,
1388 2227 1436 2253 καὶ
1457 2228 1474 2263 ἡ
1491 2227 1555 2260 δόξα
1571 2229 1600 2254 ἔν
1614 2229 1647 2263 τῇ
1662 2229 1777 2264 αίσχύνῃ
1801 2227 1902 2260 αὐτῶν,

1079 2284 1102 2313 D
1116 2271 1141 2296 οί
1158 2270 1192 2297 τά
1208 2271 1318 2305 ἐπίγεια
1331 2270 1504 2306 φρονοῦντες.
1519 2282 1529 2298 ι
1558 2272 1612 2299 Καὶ
1629 2272 1725 2299 πάλιν·
1749 2281 1760 2298 ι
1774 2272 1816 2298 Τά
1832 2271 1903 2307 βρὼ-

1120 2324 1193 2350 ματα
1208 2317 1241 2351 τῇ
1258 2316 1362 2352 κοιλίᾳ¹
1390 2316 1439 2344 καὶ
1453 2318 1470 2352 ἡ
1486 2317 1576 2344 κοιλία
1590 2318 1646 2349 τοῖς
1660 2316 1813 2353 βρώμασιν.
1833 2317 1863 2343 ’0
1875 2316 1902 2342 δὲ

1117 2361 1184 2393 Θεὸς
1198 2362 1246 2389 καὶ
1257 2362 1369 2398 ταύτην,
1382 2363 1526 2390 καὶταῦτα
1537 2365 1733 2399 καταργήσει.»
1749 2363 1802 2389 Καὶ
1813 2362 1901 2394 αὖθις·

1118 2416 1127 2433 ι
1149 2405 1181 2434 Et
1207 2408 1251 2434 διὰ
1272 2408 1372 2444 βρῶμα
1394 2409 1520 2436 λυπεῖται
1543 2411 1557 2436 ό
1575 2410 1689 2444 ἀδελφός
1706 2417 1770 2441 σου,
1795 2409 1847 2435 οὐκ
1863 2409 1902 2435 ἔτι

1118 2453 1190 2480 κατὰ
1205 2455 1316 2490 ἀγάπην
1331 2457 1507 2490 περιπατεῖς·
1526 2456 1563 2491 μὴ
1579 2455 1645 2491 γοῦν
1659 2456 1699 2491 τῷ
1714 2455 1842 2491 βρώματί
1856 2463 1902 2481 σου

1110 2501 1218 2527 ἐκεῖνον
1248 2501 1365 2528 ἀπόλλυε
1390 2502 1460 2537 ὑπὲρ
1478 2499 1510 2529 οὗ
1532 2502 1649 2538 Χριστὸς
1663 2501 1792 2528 ἀπέθανε.
1809 2511 1818 2527 ι
1848 2501 1902 2528 Καὶ

1117 2547 1226 2581 ἐπάγει·
1237 2548 1284 2574 {Ol
1292 2548 1346 2583 γὰρ
1354 2548 1469 2575 τοιοῦτοι
1480 2548 1520 2583 τῷ
1531 2548 1626 2584 Κυρίῳ
1633 2547 1712 2582 ἡμῶν
1723 2548 1754 2574 οὐ
1765 2547 1902 2574 δουλεύου-

1115 2599 1167 2624 σιν,
1185 2592 1252 2619 ἀλλὰ
1277 2594 1310 2628 τῇ
1333 2593 1438 2620 ἑαυτῶν
1464 2593 1571 2628 κοιλίᾳ·
1597 2594 1644 2619 καὶ
1663 2593 1707 2620 διὰ
1721 2594 1770 2628 τῆς
1784 2601 1901 2628 χρηστο-

1113 2637 1209 2671 λογίας
1240 2638 1286 2664 καὶ
1312 2638 1438 2673 εὐλογίας
1462 2639 1618 2672 ἐξαπατῶσι
1638 2639 1688 2671 τὰς
1709 2639 1825 2675 καρδίας
1849 2639 1902 2666 τῶν

1115 2683 1255 2712 ἀκάκων.»
1272 2684 1326 2710 Καὶ
1339 2682 1432 2716 αὖθις·
1450 2695 1459 2711 ι
1475 2685 1511 2712 Τὸ
1523 2685 1578 2720 γάρ
1590 2685 1717 2720 φρόνημα
1727 2686 1781 2720 τῆς
1790 2686 1901 2720 σαρκὸς,

1112 2727 1226 2760 θάνατος
1237 2737 1244 2744 ·
1272 2729 1302 2756 τὸ
1324 2729 1352 2756 δὲ
1377 2730 1504 2766 φρόνημα
1519 2731 1566 2757 τοῦ
1581 2730 1754 2766 πνεύματος,
1778 2729 1836 2765 ζωὴ
1853 2730 1900 2756 καὶ

1111 2773 1227 2809 εἰρήνη·
1256 2775 1302 2802 καὶ
1325 2775 1379 2810 γάρ
1403 2776 1493 2812 χάριτι
1513 2775 1689 2812 βεϐαιοῦσθαι
1704 2776 1754 2812 τὴν
1771 2776 1896 2812 καρδίαν.

918 2858 1034 2888 VARIA‘I
1051 2861 1258 2892 LECTIONES.

307 2921 436 2957 “piget.
474 2928 486 2948 π
501 2923 582 2951 Deest
597 2925 718 2960 negatio,
734 2927 764 2953 οὐ
783 2929 918 2964 μιμεῖται.
