1975 3189
55 183 124 216 1445

602 185 766 216 HOMILIA
786 186 820 216 V.
837 197 871 205 σ-
887 185 936 216 DE
954 185 1178 215 EBRIE’I‘ATE.

1621 184 1687 216 lilii

53 241 84 266 οὺ
101 239 254 275 βρώμασι.»
273 239 327 266 Καὶ
339 239 435 266 πάλιν·
453 249 461 266 ι
477 240 514 267 οὗ
528 241 582 276 γάρ
596 241 671 268 ἔστιν
684 242 700 276 ἡ
713 241 838 276 βασιλεία
855 267 857 272 ,

909 241 1070 273 eolentiam,
1087 248 1102 268 a
1127 241 1220 276 seipso
1243 241 1265 268 si
1294 247 1348 275 qua
1374 240 1433 268 ﬁeri
1461 241 1559 275 possit,
1588 242 1687 275 quaerit

54 286 110 313 τῶν
131 285 253 320 οὐρανῶν
279 285 382 320 βρῶσις
404 286 451 312 καὶ
472 286 566 319 πόσις,
590 287 658 314 ἀλλὰ
674 287 844 322 δικαιοσύνη,

55 331 104 358 καὶ
116 331 213 366 εἰρήνη
229 330 276 357 καὶ
291 329 364 365 χαρὰ
383 331 413 356 ὲν
432 330 571 366 Πνεῦματι
587 332 668 366 ἁγιῳ.
692 342 700 358 ι
714 333 846 367 Καῐοὺχὶ

55 377 147 412 τρυφὴ
160 377 208 403 καὶ
219 376 358 412 σπατάλη.
367 376 458 409 καθὼς
470 377 589 413 εἴρηται,
603 378 669 413 βορὰ
684 377 844 414 σκωλήκων.

62 423 95 449 'H
111 422 164 457 γὰρ
180 421 255 457 χλιδὴ
270 422 346 448 οὐδὲν
360 422 454 456 ἔτερόν
468 424 557 454 ἔστιν,
579 423 595 459 ἢ
611 424 689 450 ἑπτὶα
703 425 827 460 ἑρπετῶν
837 432 844 439 ”

56 470 94 501 ὡς
105 469 151 495 καὶ
162 470 176 496 ό
189 468 315 500 Ἰάκωϐος
326 469 466 501 ὀνειδίζων
477 471 535 500 τοῖς
545 469 734 501 κοιλιοδοϋ.οις
744 471 846 506 ἔγραφε

58 515 144 548 λέγων
156 522 163 529 ο
191 524 200 540 ι
217 514 405 549 Ἐτρυφήσατε
422 515 469 541 ἐπὶ
483 515 532 549 τῆς
547 517 609 550 γῆς,
627 515 675 542 καὶ
691 516 847 552 ἐσπαταλή-

59 569 141 589 σατε,
170 560 302 595 ἐθρέψατε
329 559 379 591 τὰς
405 560 521 594 καρδίας
543 561 620 595 ὑμῶν
647 561 685 592 ὡς
708 562 737 588 ὲν
754 562 847 598 ἡμέρᾳ

60 607 193 641 σφαγῆς.»
212 607 267 632 Καὶ
281 606 409 641 ὀΚὺριος
430 607 458 632 δὲ
483 608 541 638 τοῖς
561 607 688 639 ἀπίστοις
709 608 849 640 Ἰουδαίοις

59 652 142 687 φησὶν
153 661 160 667 ·
193 661 202 678 ι
222 652 309 687 Ἀμὴν
325 652 396 686 λέγω
412 653 492 687 ὑμῖν,
510 653 618 687 ζητεῖτέ
635 662 668 688 με
690 655 738 689 οὐχ
755 655 795 681 ὅτι
808 655 848 681 ﬁt

59 697 119 723 δετε
137 698 254 731 σημεῖα.
279 696 336 723 ἀλλ’
356 697 397 724 ὅτι
419 698 535 732 ἐφάγετε
552 699 584 724 ἐκ
614 699 668 724 τῶν
681 699 787 734 ἄρτων,
801 700 850 726 καὶ

60 742 254 778 ἐχορτάσθητε.
272 752 282 768 ι
301 743 356 769 Καὶ
371 743 513 778 ἐπιφέρει·
539 753 549 769 ι
561 743 728 779 Ἑργάζεσθε
747 745 784 779 μὴ
799 744 850 779 τὴν

62 787 163 823 βρῶσιν
190 787 238 823 τὴν
263 788 474 823 ἀπολλυμένην,
507 788 575 815 ἀλλὰ
599 788 647 824 τὴν
672 789 824 824 μέλλουσαν
839 794 849 808 ι

61 835 102 866 εις
117 833 191 869 ζωὴν
206 833 316 860 αἰώνιον
327 854 334 865 ,
363 834 396 869 ἢν
411 835 425 863 ὀ
441 834 504 866 Tib;
519 834 566 861 τοῦ
582 834 727 869 ἀνθρώπου
743 835 851 862 δίδωσιν

894 287 1036 319 secedere,
1061 294 1146 322 seque
1173 287 1253 322 fugit.
1270 287 1303 315 Ut
1317 287 1391 314 enim
1412 287 1505 315 fumus
1528 287 1590 314 dire
1611 289 1688 322 angit

895 341 962 367 apes
983 337 1011 360 et
1028 333 1216 368 persequitur,
1235 333 1273 360 ita
1290 338 1317 360 et
1344 333 1510 360 exsatiandse
1535 333 1606 368 gulae
1628 337 1689 360 stu-

895 379 1001 411 diosus,
1014 379 1130 414 gratiam
1142 386 1157 405 a
1170 386 1199 406 se
1216 379 1326 414 repellit
1337 378 1458 413 Spiritus
1471 378 1575 414 1033
1590 378 1688 406 sancti.

896 424 1063 452 Praestiterit
1087 424 1173 459 igitur
1194 424 1331 459 ejusmodi
1351 424 1474 452 lautitias
1493 424 1685 452 condimento-

897 478 958 497 rum
980 470 1086 497 ventris
1102 470 1255 505 ingluviem
1269 470 1449 504 prolicientes
1463 475 1690 504 praetercurrere,

895 521 924 545 et
950 524 1084 552 perquam
1103 516 1179 543 tenui
1199 517 1302 551 pabulo
1329 516 1523 544 necessitatem
1549 515 1690 542 declinare

896 563 1034 598 corporis,
1079 561 1228 597 nequando
1272 562 1408 589 assimiles
1447 561 1690 596 deprchendamur

897 609 984 636 fuisse
1000 608 1104 644 populo
1126 608 1167 635 illi
1181 608 1229 643 qui
1252 616 1303 635 suo
1321 608 1413 635 ventri
1431 612 1486 634 tam
1503 607 1584 634 anxie
1602 607 1691 634 inscr-

897 655 971 682 visse
987 655 1098 689 legitur.
1115 652 1214 681 «Sedit
1228 653 1314 686 enim,
1329 653 1377 685 ait,
1391 649 1511 688 populus
1524 652 1692 680 manducare

898 705 926 728 et
942 700 1050 732 bibere,
1068 705 1095 726 et
1114 703 1299 727 surrexerunt
1317 699 1413 726 ludere
1432 699 1453 725 ⁸.
1469 709 1477 724 ι
1494 699 1563 726 Dum
1573 698 1648 726 enim
1663 702 1692 724 ct

898 746 987 773 edunt
1009 750 1037 772 et
1061 746 1161 772 bibunt
1178 745 1398 776 immoderatius,
1420 745 1449 771 in
1465 744 1634 772 oblivionem
1647 743 1690 770 di-

898 792 955 819 vini
975 799 1076 818 venere
1090 791 1228 824 mandati;
1247 798 1299 818 nec
1316 791 1417 823 solum,
1442 791 1490 818 sed
1514 795 1542 818 et
1558 791 1584 817 in
1608 790 1692 817 male-

900 837 1014 864 suadam
1040 845 1072 864 ac
1095 838 1286 864 vesanientcm
1304 837 1480 872 impegerunt
1497 836 1693 864 idololatriam.

63 880 137 915 ὑμῖν.
151 889 161 906 ι
183 879 262 915 Δὺτῷ
277 881 293 914 ἡ
310 879 385 913 δόξα,
400 880 447 906 καὶ
460 879 491 906 ἰδ
503 879 604 915 κράτος
617 881 658 912 εἰς
671 880 734 912 τοὺς
748 881 851 912 αἰῶνας

903 883 990 910 Recte
1016 883 1102 918 igitur
1117 883 1329 911 successoribus
1347 883 1443 910 talium
1461 883 1612 917 Apostolus
1626 881 1694 910 scri-

62 927 117 953 τῶν
131 925 247 953 αἰώνων.
266 926 365 961 Ἃμήν.

866 925 885 950 Β
901 927 942 954 bit
960 937 966 942 -
991 938 1000 953 ι
1012 928 1136 961 Quorum
1152 928 1225 955 Deus
1241 931 1342 954 venter
1356 931 1411 959 est,
1430 932 1459 954 et
1478 927 1564 962 gloria
1580 927 1607 952 in
1625 933 1693 953 eon-

62 972 171 1001 fusione
187 972 323 1007 ipsoruni,
337 972 384 1007 qui
398 976 508 999 terrena
525 972 639 1007 sapiunt
660 972 682 998 ’.
698 981 707 997 ι
743 972 864 999 lterum:
889 982 898 998 ι
914 974 1001 1006 Esca,
1026 974 1132 1005 ventri;
1158 979 1186 1002 et
1210 979 1319 1006 venter,
1351 974 1446 1001 escis:
1467 973 1541 1001 Deus
1561 977 1653 1000 autem
1667 975 1696 998 et

62 1021 114 1047 has
131 1024 160 1048 et
175 1020 249 1048 hunc
270 1019 396 1046 destruet
423 1019 455 1046 ¹⁶ε
476 1027 486 1045 ι
510 1019 617 1046 Rursus
633 1027 639 1045 :
664 1028 673 1044 ί
690 1019 717 1046 Si
735 1023 849 1054 propter
868 1020 960 1047 cibum
978 1022 1174 1048 constristatur
1192 1021 1278 1048 frater
1302 1026 1376 1053 tuus,
1391 1028 1446 1048 non
1474 1021 1530 1055 iam
1544 1020 1695 1047 secundum

62 1068 225 1096 eharitatem
241 1067 377 1098 ambulas,
400 1066 456 1094 noli
479 1066 551 1094 cibd‘
564 1071 612 1094 tuo
647 1066 725 1094 illum
757 1067 886 1102 perdere,
906 1075 957 1103 pro
975 1076 1031 1103 quo
1044 1068 1172 1096 Christus
1189 1073 1318 1096 mortuus
1334 1073 1377 1096 est
1393 1069 1426 1095 ¹¹.
1442 1078 1451 1094 ›
1470 1068 1580 1095 inducit
1594 1076 1601 1094 :
1620 1077 1628 1093 ι
1643 1067 1695 1100 Qui

63 1114 136 1141 enim
158 1115 226 1141 tales
237 1119 314 1146 sunt,
330 1113 449 1140 Domino
466 1117 563 1139 nostro
582 1119 637 1139 non
655 1112 790 1144 serviunt.
807 1113 856 1139 sed
877 1121 929 1140 suo
944 1114 1045 1144 ventri.
1068 1119 1097 1141 et
1110 1121 1161 1149 per
1194 1114 1399 1149 suaviloquium
1427 1119 1455 1140 et
1472 1113 1695 1140 benedictionem

65 1163 202 1190 seducunt
220 1161 305 1189 corda
338 1161 517 1188 innocentum
553 1160 586 1187 ¹¹.
603 1171 613 1186 ο
637 1161 756 1188 Rursum
773 1169 780 1187 ι
800 1169 809 1186 ‹
823 1160 974 1188 Prudentia
993 1160 1097 1193 carnis,
1119 1168 1214 1194 mors;
1231 1161 1378 1196 prudentia
1396 1168 1463 1188 vero
1497 1161 1624 1195 spiritus,
1641 1161 1697 1187 vita

65 1214 92 1236 et
111 1217 162 1244 pax
180 1209 219 1235 "z
233 1209 337 1235 bonum
349 1208 424 1235 enim
435 1212 478 1235 est
490 1207 577 1242 gratia
591 1207 717 1235 stabilire
730 1215 779 1234 cor
789 1229 796 1238 .
811 1214 866 1234 non
885 1208 958 1236 escis
972 1207 1005 1234 “.
1025 1216 1034 1233 ›
1044 1219 1048 1222 ~
1059 1207 1162 1235 lterum
1179 1216 1186 1234 :
1206 1217 1215 1232 σ
1227 1208 1286 1235 Non
1306 1208 1380 1235 enim
1406 1212 1449 1235 est
1482 1215 1597 1243 regnum
1612 1208 1697 1235 caelo-

67 1263 127 1282 rum
144 1263 206 1282 esca
224 1259 252 1282 et
271 1259 364 1290 potus,
381 1246 429 1282 sed
446 1254 552 1289 iustitia
567 1259 596 1282 et
611 1262 664 1289 pax
682 1259 711 1282 et
728 1255 858 1290 gaudium
880 1256 907 1282 in
927 1254 1033 1289 Spiritu
1059 1258 1156 1281 sancto
1191 1255 1224 1282 ".
1249 1264 1258 1280 I
1289 1254 1343 1282 Sed
1370 1262 1423 1282 nec
1445 1255 1557 1289 quidem
1584 1255 1700 1289 genialis

65 1301 129 1328 vitaz
155 1301 285 1335 splendor
319 1306 367 1328 aut
390 1300 552 1328 illecebrosa
580 1301 707 1335 voluptas
749 1301 810 1336 (ceu
828 1302 885 1337 jam
905 1301 1009 1328 dictum
1024 1300 1094 1328 mihi
1109 1300 1163 1334 est)
1175 1308 1236 1335 qua:
1248 1300 1276 1327 in
1294 1300 1367 1328 diem
1380 1300 1479 1328 mortis
1490 1301 1620 1335 pabulum
1635 1308 1700 1327 con-

66 1345 143 1373 ditet
152 1345 632 1380 thesauri‘zatvermihus.lpsaenim
645 1345 859 1381 indulgentioris
876 1347 940 1374 vitae
972 1346 1115 1378 illecebra,
1131 1345 1205 1373 aliud
1238 1346 1307 1373 nihil
1330 1350 1371 1373 est
1391 1354 1473 1380 quam
1492 1345 1648 1372 molliculus
1672 1350 1701 1373 et

67 1393 190 1428 epularis
209 1393 288 1420 cibus
302 1393 456 1428 reptilium,
468 1394 512 1421 vel
529 1398 598 1421 teste
612 1393 726 1426 Jacobo,
739 1394 785 1429 qui
802 1394 978 1429 opprobraus
989 1394 1139 1426 scribebat,
1167 1401 1219 1420 suo
1248 1393 1338 1420 ventri
1354 1393 1435 1419 anxie
1463 1393 1546 1419 nimis
1578 1392 1702 1419 servien-

69 1438 143 1465 tibus
160 1446 167 1465 :
191 1448 199 1464 ι
212 1438 339 1465 Deliciati
355 1439 425 1466 estis
437 1447 522 1474 super
537 1443 640 1466 terram
656 1444 684 1467 et
698 1440 858 1471 laseivistis,
877 1443 906 1468 et
929 1439 1076 1467 enutristis
1094 1439 1179 1466 corda
1198 1443 1291 1466 vestra
1309 1443 1341 1466 ut
1359 1438 1386 1465 in
1416 1437 1461 1465 die
1478 1438 1625 1465 oecisiouis
1639 1437 1670 1464 “.
1688 1446 1698 1462 ι

68 1483 203 1512 Dominus
220 1485 334 1520 insuper
357 1485 510 1513 incredulis
530 1486 632 1514 ludatis
650 1487 690 1514 ait
706 1497 713 1514 :
747 1497 757 1514 ι
787 1489 888 1519 Amen,
907 1495 988 1515 amen
1006 1487 1068 1517 dico
1082 1487 1161 1514 vobis
1177 1495 1183 1514 :
1201 1486 1330 1520 Qumritis
1355 1493 1409 1518 me,
1427 1491 1482 1512 non
1503 1486 1567 1520 quia
1593 1485 1703 1512 vidistis

67 1530 156 1565 signa,
175 1531 222 1558 sed
238 1532 303 1566 quia
323 1531 484 1559 comedistis
502 1539 534 1559 ex
549 1533 679 1567 panibus,
692 1537 720 1560 et
739 1533 855 1561 saturati
875 1534 943 1561 estis
959 1534 991 1561 ".
1007 1543 1016 1559 ι
1036 1533 1122 1561 Infert
1139 1542 1145 1560 :
1166 1542 1174 1558 ι
1196 1532 1356 1567 Operamini
1373 1539 1428 1558 non
1447 1531 1539 1558 cibum
1554 1531 1601 1566 qui
1619 1531 1701 1566 perit,

68 1576 117 1604 sed
154 1577 202 1611 qui
239 1581 382 1611 permanet
413 1577 441 1604 in
466 1578 550 1605 vitam
576 1583 708 1607 aeternam
748 1587 831 1615 quem
852 1579 937 1607 Filius
967 1579 1086 1607 hominis
1103 1579 1180 1607 dabit
1196 1578 1275 1606 vobis
1291 1578 1322 1605 ¹⁸.
1342 1586 1350 1603 ι
1375 1577 1429 1613 lpsi
1448 1577 1535 1613 gloria
1551 1576 1578 1604 in
1602 1576 1701 1604 sazcula

69 1623 243 1651 saeculorum.
262 1624 349 1651 Amen

383 1680 492 1707 ΛΟΓΟΣ
511 1682 548 1709 Ε’.

371 1738 439 1770 Περὶ
453 1737 559 1772 μέθης.

107 1791 188 1826 Μέθη
207 1791 292 1818 πλείω
315 1793 364 1827 τῆς
389 1792 546 1827 ἀδηφαγίας
565 1792 704 1828 βαρυτέρα
730 1793 859 1829 ὑπάρχει,

73 1838 122 1865 καὶ
144 1838 216 1865 πάνυ
235 1838 426 1872 ἁπηγέρευται
442 1838 520 1874 παρὰ
541 1839 574 1873 τῇ
600 1838 662 1873 θείᾳ
681 1839 788 1874 Γραφῇ.
806 1839 862 1865 Καὶ

73 1885 129 1920 γὰρ
149 1884 279 1919 ἀθέμιτόν
305 1885 364 1910 ἐστι
381 1883 467 1919 ταύτῃ
493 1884 702 1920 ὲναδρύνεσθαι.
725 1884 763 1917 ὥς
789 1893 862 1916 τινες

74 1931 272 1966 κοτμὸφρονες,
291 1931 321 1957 ὲν
345 1929 383 1965 τῷ
406 1930 543 1957 οἰνοῦσθαι
566 1931 677 1962 αὐτοὺς,
695 1930 861 1966 καυχῶνται.

80 1976 114 2003 'ﬂ
132 1975 187 2016 γὰρ
206 1974 365 2009 οἰνοφλυγία
379 1975 456 2001 οὐδὲν
476 1975 569 2011 ἕτερον
589 1976 713 2010 παρέχει,
732 1975 749 2011 ἢ
765 1975 862 2002 ἔκστα-

75 2030 118 2047 σιν
134 2021 193 2051 νοὸς
210 2021 256 2047 καὶ
272 2020 378 2047 πενίαν.
393 2021 447 2047 Καὶ
459 2021 489 2046 τὸ
502 2020 584 2055 σῶμα
597 2020 718 2054 ἐξίτηλον
729 2021 777 2047 καὶ
796 2020 863 2056 χαῦ-

75 2075 120 2092 νον
138 2065 338 2100 ἀπεργάζεται.
355 2065 445 2092 Καλὸν
460 2063 507 2092 οὗν
523 2066 571 2093 καὶ
585 2066 734 2094 ἀποδεκτόν
747 2067 804 2093 ἐστι
819 2066 864 2093 διὰ

75 2113 125 2147 τὴν
140 2112 286 2139 ἀσθένειαν
300 2112 347 2138 τοῦ
367 2111 492 2147 σώματος
509 2112 592 2147 ὀλίγῳ
613 2112 679 2148 οἴνῳ
701 2113 863 2148 κεχρῆσθαι,

78 2158 128 2184 Ὀν
142 2158 242 2193 τρόπον
257 2156 338 2192 γὰρὴ
355 2157 391 2192 γῆ
408 2156 559 2193 συμμέτρῳ
574 2158 623 2192 μὲν
638 2158 734 2193 ὃμϐρῳ
750 2159 864 2194 ἀρδευο-

77 2203 159 2239 μένη.
177 2203 300 2238 καθαρὸν
317 2203 348 2229 τὸ
365 2204 404 2235 ει..
421 2203 506 2238 αὐτὴν
532 2203 643 2238 σπέρμα
658 2204 865 2239 καταϐαλλόμε-

75 2257 121 2275 νον
145 2248 214 2284 μετὰ
239 2249 401 2284 προσθήκης
424 2249 542 2284 ἀνίησιν,
566 2249 619 2276 ὑπὸ
642 2249 747 2276 πολλῶν
766 2250 795 2277 δὲ
813 2250 864 2285 ὅμ-

75 2295 151 2330 δρων
178 2294 369 2330 μεθυσκομὲνη
390 2295 512 2327 ἀκάνθας
534 2295 611 2331 φέρει
639 2295 686 2322 καὶ
723 2296 865 2331 τριϐόλους

1210 1679 1349 1707 llOMlLlA
1371 1679 1403 1708 γ.

1214 1737 1253 1764 De
1267 1737 1402 1763 ebrietate.

927 1802 933 1805 ‘
947 1794 1075 1822 Ebrietas
1100 1793 1189 1821 multo
1209 1798 1358 1828 exsuperat
1372 1797 1470 1828 suapte
1490 1792 1623 1828 gravitate
1641 1793 1704 1820 eda-

911 1841 1035 1873 citatem,
1049 1845 1077 1867 et
1097 1840 1159 1874 ejus
1174 1847 1236 1871 usu,
1253 1839 1333 1866 nobis
1351 1846 1478 1873 prorsum
1497 1838 1648 1873 Scriptura;
1661 1838 1707 1864 di-

911 1885 983 1912 vinm
998 1885 1107 1912 sanctio
1122 1883 1274 1910 interdixit.
1287 1883 1343 1910 Nec
1357 1883 1431 1909 enim
1448 1883 1490 1909 fas
1504 1883 1632 1917 cuiquam
1648 1887 1708 1908 tur-

913 1930 1039 1965 pitudine
1054 1930 1135 1956 istius
1149 1928 1262 1963 gloriari
1274 1927 1429 1958 ebrietatis,
1441 1935 1491 1954 ceu
1503 1927 1616 1962 quidam
1630 1934 1705 1954 asso-

913 1976 971 2003 lent
985 1984 992 2002 :
1008 1975 1056 2010 qui
1069 1974 1138 2001 nihil
1152 1979 1205 2001 tam
1226 1974 1361 2008 resipiunl
1374 1978 1456 2007 atque
1470 1973 1566 2000 mundi
1583 1973 1706 2008 pruden-

915 2022 998 2053 tiam,
1015 2028 1076 2048 sese
1102 2020 1155 2047 hoc
1182 2019 1294 2047 nomine
1319 2019 1496 2046 venditantes
1521 2019 1708 2051 insolentius,

913 2067 986 2103 quod
1003 2067 1119 2102 pulchre
1133 2071 1257 2093 ventrem
1274 2073 1351 2093 mero
1365 2065 1516 2093 onerarint.
1528 2066 1608 2092 Aliud
1626 2067 1709 2100 plane

914 2113 1077 2142 temulentia
1102 2112 1171 2139 nihil
1191 2111 1259 2138 meri
1282 2111 1378 2138 bibulo
1394 2111 1513 2142 confert,
1529 2119 1611 2146 quam
1629 2118 1707 2138 emo-

914 2160 1020 2187 tionem
1030 2159 1132 2186 mentis
1140 2163 1222 2193 atque
1234 2157 1580 2192 paupertatem.Exoleseit
1591 2157 1710 2192 proinde

914 2206 964 2241 per
976 2213 1036 2233 eam
1049 2212 1159 2240 corpus.
1171 2212 1203 2231 ac
1218 2203 1319 2231 friatile
1331 2203 1458 2230 redditur
1473 2208 1500 2231 et
1511 2211 1620 2230 enerve.
1635 2204 1710 2231 Sane

915 2260 997 2287 quam
1014 2251 1118 2278 bonum
1136 2251 1172 2277 sit
1196 2257 1248 2277 nec
1270 2249 1482 2284 improbandum
1500 2254 1616 2284 propter
1630 2249 1707 2276 inﬁr-

916 2299 1040 2327 mitatem
1052 2298 1179 2332 corporis
1194 2297 1305 2324 modico
1321 2296 1360 2324 uti
1375 2296 1450 2323 vino.
1469 2294 1576 2331 103‘.
1588 2294 1624 2322 Ut
1634 2294 1710 2322 enim

77 2340 176 2374 μόνον·
191 2339 263 2366 οὕτω
282 2341 329 2367 καὶ
352 2341 369 2376 ἡ
395 2340 432 2375 γῆ
453 2341 503 2375 τῆς
530 2340 653 2376 καρδίας,
680 2342 728 2368 ἐὰν
757 2342 857 2377 συμμέ-

918 2351 991 2373 terra
1018 2344 1161 2371 moderato
1188 2343 1298 2378 perfusa
1327 2342 1433 2375 imbre,
1459 2349 1553 2369 semen
1582 2342 1656 2376 quod
1682 2341 1711 2368 in

76 2394 150 2419 τρως
172 2385 211 2420 τῷ
232 2385 297 2420 οἴνῳ
319 2385 462 2421 χρώμεθα,
479 2386 588 2422 καθαρὰ
610 2387 643 2413 τὰ
661 2387 763 2422 φυσικὰ
780 2387 865 2422 αὐτῆς

77 2430 224 2458 ἀναδίδωσι
251 2430 408 2467 σπέρματα.
430 2433 492 2459 Ἐὰν
513 2433 541 2459 δὲ
556 2432 700 2468 διάἧροχος
715 2433 768 2460 ὑπὸ
781 2434 865 2460 πολυο

78 2476 177 2508 ποσῐας
194 2477 319 2512 γένηται,
336 2478 457 2510 ἀκάνθας
475 2479 559 2510 ὅντως
573 2480 650 2514 φέρει
663 2480 727 2511 τοὺς
743 2480 866 2512 ἅπαντας

77 2521 166 2556 αὐτῆς
178 2522 337 2558 λογισμούς.
351 2524 388 2550 Οὐ
406 2524 486 2558 μόνον
499 2524 527 2551 δὲ
543 2525 632 2555 τοῦτο,
648 2525 716 2552 ἀλλὰ
732 2527 778 2552 καὶ
794 2527 868 2552 ποιεῖ

77 2566 125 2592 τὸν
154 2566 287 2601 μεθύοντα
316 2568 393 2603 παρὰ
418 2569 467 2602 μὲν
493 2569 548 2595 τῶν
569 2570 695 2605 ἀφρόνων
715 2570 864 2604 γελᾶσθαιο

78 2611 157 2646 παρὰ
170 2611 198 2638 δὲ
213 2611 267 2638 τῶν
281 2613 423 2648 φρονίμων
438 2614 608 2642 πενθεῖσθαι.
623 2616 685 2642 Νῶε
703 2617 768 2652 γὰρ,
784 2617 868 2652 φησὶν

79 2658 98 2693 ἡ
115 2657 176 2684 θεία
191 2658 297 2694 Γραφὴ,
313 2658 384 2695 ἀνὴρ
402 2660 516 2694 δίκαιος,
531 2661 610 2688 ἔπιεν
629 2659 712 2694 οἶνον,
737 2665 784 2689 καὶ
803 2663 870 2698 ὲμε-

117 2737 129 2753 ⁸
147 2737 235 2766 Exod.
258 2745 341 2770 xxxn,
366 2739 392 2767 6.

83 2739 129 2785 η’
147 2739 235 2766 Exod.
258 2745 341 2770 xxxn,
366 2739 392 2767 6.
449 2739 460 2756 ’
486 2740 606 2776 Philipp.
635 2749 675 2774 ιιι,
704 2741 748 2769 l9.

125 2772 206 2801 Rom.
227 2781 284 2805 vm,
302 2774 329 2801 6.
385 2774 406 2790 “
425 2772 508 2803 Hebr.
529 2784 587 2805 xm.
615 2777 642 2805 9.
691 2777 712 2793 "
734 2777 748 2805 ii

385 2774 406 2790 “
425 2772 508 2803 Hebr.
529 2772 587 2810 xm,
615 2777 642 2805 9.

805 2742 827 2758 ¹⁶
844 2742 854 2769 1
876 2741 941 2770 Cor.
959 2750 996 2774 τι,
1024 2741 1068 2770 15.

691 2777 712 2793 ¹¹
734 2777 816 2805 Rom.
839 2785 895 2810 xtv,
924 2778 967 2804 l7.

917 2391 1023 2418 viscera
1051 2398 1099 2417 sua
1123 2389 1261 2424 deiectum
1280 2396 1377 2423 purum
1400 2387 1519 2422 excepit,
1536 2387 1623 2414 multo
1647 2395 1711 2414 cum

917 2435 1013 2463 fenore
1029 2435 1149 2462 emicare
1172 2434 1246 2468 cogit
1267 2437 1295 2460 et
1319 2440 1477 2468 emergere;
1502 2440 1517 2459 e
1541 2432 1662 2465 diverso,
1682 2431 1711 2466 si

918 2481 1073 2508 immodica:
1096 2480 1196 2515 pluvia:
1217 2479 1355 2506 madcscat
1380 2479 1478 2513 illapsu
1496 2483 1525 2506 et
1542 2478 1710 2509 inebrietur,

918 2526 1013 2562 spinas
1029 2525 1132 2561 profert
1148 2525 1237 2552 solum
1255 2529 1281 2552 et
1295 2525 1423 2556 tribulos,
1438 2524 1474 2551 ita
1490 2528 1517 2551 et
1531 2528 1604 2553 terra
1619 2523 1713 2551 cordis

918 2573 1019 2603 nostri.
1036 2571 1174 2606 siquidem
1196 2578 1258 2597 cum
1282 2570 1415 2604 temperie
1432 2570 1499 2597 vino
1515 2574 1635 2600 utemur,
1651 2575 1713 2603 qua

917 2623 1016 2653 suopte
1034 2617 1116 2653 genio
1130 2617 1236 2644 semina
1251 2625 1319 2651 pura
1334 2616 1450 2651 accepit.
1464 2615 1556 2643 reddit
1567 2614 1713 2650 multiplici

919 2672 982 2692 cum
1012 2663 1186 2695 acoessione;
1218 2662 1240 2690 si
1275 2666 1330 2690 tota
1365 2662 1422 2689 vini
1454 2661 1571 2689 humore
1602 2668 1714 2696 perma-

1444 2741 1466 2756 "
1486 2739 1564 2767 Rom.
1583 2746 1636 2770 xvr,
1668 2738 1711 2765 l8.

1541 2774 1563 2791 "
1585 2773 1653 2801 ibid.
1665 2773 1711 2802 27.

1124 2743 1144 2759 ¹¹
1163 2742 1242 2770 Rom.
1263 2749 1318 2773 xlv,
1345 2741 1388 2768 15.

1020 2778 1104 2808 "Jac.
1131 2786 1160 2812 v,
1182 2777 1208 2805 5.
1250 2776 1271 2793 "
1290 2777 1369 2804 Joan.
1388 2783 1425 2809 vr,
1445 2775 1490 2803 26.

734 2856 852 2885 νΑιιιΑῑ
871 2855 1074 2884 ιεετιολεε.

119 2899 130 2914 τ
147 2888 293 2928 μένουσαν.
