  <div class='ocr_page' id='page_1' title='image "/cluster/home/n/w/nwhite01/storage/ocr_20150623/89/njp.32101064224908/733.png"; bbox 0 0 1975 3189; ppageno 0'>
   <div class='ocr_carea' id='block_1_1' title="bbox 296 180 360 213">
    <p class='ocr_par' dir='ltr' id='par_1_1' title="bbox 296 180 360 213">
     <span class='ocr_line' id='line_1_1' title="bbox 296 180 360 213; baseline 0.016 -1"><span class='ocrx_word' id='word_1_1' title='bbox 296 180 360 213; x_wconf 77' lang='grc'><strong>1447</strong></span> 
     </span>
    </p>
   </div>
   <div class='ocr_carea' id='block_1_2' title="bbox 926 180 1304 212">
    <p class='ocr_par' dir='ltr' id='par_1_2' title="bbox 926 180 1304 212">
     <span class='ocr_line' id='line_1_2' title="bbox 926 180 1304 212; baseline -0.005 0"><span class='ocrx_word' id='word_1_2' title='bbox 926 180 1109 212; x_wconf 78' lang='lat' dir='ltr'><strong>ANTIOCHI</strong></span> <span class='ocrx_word' id='word_1_3' title='bbox 1131 180 1304 211; x_wconf 74' lang='lat' dir='ltr'><strong>MONACHI</strong></span> 
     </span>
    </p>
   </div>
   <div class='ocr_carea' id='block_1_3' title="bbox 1870 177 1936 210">
    <p class='ocr_par' dir='ltr' id='par_1_3' title="bbox 1870 177 1936 210">
     <span class='ocr_line' id='line_1_3' title="bbox 1870 177 1936 210; baseline 0.015 -1"><span class='ocrx_word' id='word_1_4' title='bbox 1870 177 1936 210; x_wconf 62' lang='grc'><strong>1448</strong></span> 
     </span>
    </p>
   </div>
   <div class='ocr_carea' id='block_1_4' title="bbox 294 231 1080 273">
    <p class='ocr_par' dir='ltr' id='par_1_4' title="bbox 294 237 1080 273">
     <span class='ocr_line' id='line_1_4' title="bbox 294 237 1080 273; baseline -0.001 -9"><span class='ocrx_word' id='word_1_5' title='bbox 294 238 400 270; x_wconf 86' lang='lat' dir='ltr'><strong>duerit,</strong></span> <span class='ocrx_word' id='word_1_6' title='bbox 417 244 501 272; x_wconf 85' lang='lat' dir='ltr'><strong>seque</strong></span> <span class='ocrx_word' id='word_1_7' title='bbox 518 245 594 265; x_wconf 88' lang='lat' dir='ltr'><strong>mero</strong></span> <span class='ocrx_word' id='word_1_8' title='bbox 609 237 763 272; x_wconf 88' lang='lat' dir='ltr'><strong>copiosiore</strong></span> <span class='ocrx_word' id='word_1_9' title='bbox 777 237 923 272; x_wconf 84' lang='lat' dir='ltr'><strong>proluerit,</strong></span> <span class='ocrx_word' id='word_1_10' title='bbox 937 238 1004 273; x_wconf 80' lang='lat' dir='ltr'><strong>jam.</strong></span> <span class='ocrx_word' id='word_1_11' title='bbox 1019 237 1080 264; x_wconf 76' lang='lat' dir='ltr'><strong>velit</strong></span> 
     </span>
    </p>
   </div>
   <div class='ocr_carea' id='block_1_5' title="bbox 1132 231 1935 273">
    <p class='ocr_par' dir='ltr' id='par_1_5' title="bbox 1139 231 1935 272">
     <span class='ocr_line' id='line_1_5' title="bbox 1139 231 1935 272; baseline -0.001 -9"><span class='ocrx_word' id='word_1_12' title='bbox 1139 236 1238 272; x_wconf 77' lang='grc' dir='ltr'>θύσθη,</span> <span class='ocrx_word' id='word_1_13' title='bbox 1250 237 1296 263; x_wconf 82' lang='grc' dir='ltr'><strong>καὶ</strong></span> <span class='ocrx_word' id='word_1_14' title='bbox 1308 237 1398 263; x_wconf 74' lang='grc' dir='ltr'>ἔκειτο</span> <span class='ocrx_word' id='word_1_15' title='bbox 1411 236 1524 271; x_wconf 75' lang='grc' dir='ltr'>γυμνὸς,</span> <span class='ocrx_word' id='word_1_16' title='bbox 1539 237 1585 264; x_wconf 70' lang='grc' dir='ltr'><strong>καὶ</strong></span> <span class='ocrx_word' id='word_1_17' title='bbox 1599 236 1648 272; x_wconf 81' lang='grc' dir='ltr'><strong>οὐχ</strong></span> <span class='ocrx_word' id='word_1_18' title='bbox 1659 237 1699 263; x_wconf 82' lang='grc' dir='ltr'>ὅτι</span> <span class='ocrx_word' id='word_1_19' title='bbox 1714 236 1850 271; x_wconf 78' lang='grc' dir='ltr'>πάροινος</span> <span class='ocrx_word' id='word_1_20' title='bbox 1874 234 1910 270; x_wconf 73' lang='grc' dir='ltr'>ἦν</span> <span class='ocrx_word' id='word_1_21' title='bbox 1924 231 1935 254; x_wconf 66' lang='grc'><em>⁵</em></span> 
     </span>
    </p>
   </div>
   <div class='ocr_carea' id='block_1_6' title="bbox 294 282 1084 317">
    <p class='ocr_par' dir='ltr' id='par_1_6' title="bbox 294 282 1084 317">
     <span class='ocr_line' id='line_1_6' title="bbox 294 282 1084 317; baseline 0 -8"><span class='ocrx_word' id='word_1_22' title='bbox 294 282 377 314; x_wconf 82' lang='lat' dir='ltr'><strong>nolis,</strong></span> <span class='ocrx_word' id='word_1_23' title='bbox 393 283 487 316; x_wconf 80' lang='lat' dir='ltr'><strong>spinas</strong></span> <span class='ocrx_word' id='word_1_24' title='bbox 497 287 525 309; x_wconf 89' lang='lat' dir='ltr'><strong>et</strong></span> <span class='ocrx_word' id='word_1_25' title='bbox 536 282 611 309; x_wconf 84' lang='lat' dir='ltr'><strong>aliud</strong></span> <span class='ocrx_word' id='word_1_26' title='bbox 627 282 695 309; x_wconf 88' lang='lat' dir='ltr'><strong>nihil</strong></span> <span class='ocrx_word' id='word_1_27' title='bbox 709 287 814 315; x_wconf 83' lang='lat' dir='ltr'><strong>exeret,</strong></span> <span class='ocrx_word' id='word_1_28' title='bbox 829 290 928 317; x_wconf 85' lang='lat' dir='ltr'><strong>nempe</strong></span> <span class='ocrx_word' id='word_1_29' title='bbox 944 282 1084 317; x_wconf 88' lang='lat' dir='ltr'><strong>improbas</strong></span> 
     </span>
    </p>
   </div>
   <div class='ocr_carea' id='block_1_7' title="bbox 294 328 1084 363">
    <p class='ocr_par' dir='ltr' id='par_1_7' title="bbox 294 328 1084 363">
     <span class='ocr_line' id='line_1_7' title="bbox 294 328 1084 363; baseline 0.001 -9"><span class='ocrx_word' id='word_1_30' title='bbox 294 328 487 363; x_wconf 73' lang='lat' dir='ltr'><strong>cogitationes.</strong></span> <span class='ocrx_word' id='word_1_31' title='bbox 501 328 595 363; x_wconf 81' lang='lat' dir='ltr'><strong>Neque</strong></span> <span class='ocrx_word' id='word_1_32' title='bbox 608 329 635 356; x_wconf 88' lang='lat' dir='ltr'><strong>id</strong></span> <span class='ocrx_word' id='word_1_33' title='bbox 649 329 742 361; x_wconf 82' lang='lat' dir='ltr'><strong>modo.</strong></span> <span class='ocrx_word' id='word_1_34' title='bbox 757 329 804 356; x_wconf 84' lang='lat' dir='ltr'><strong>sed</strong></span> <span class='ocrx_word' id='word_1_35' title='bbox 815 334 843 356; x_wconf 91' lang='lat' dir='ltr'><strong>et</strong></span> <span class='ocrx_word' id='word_1_36' title='bbox 853 329 994 356; x_wconf 87' lang='lat' dir='ltr'><strong>ebriaeum</strong></span> <span class='ocrx_word' id='word_1_37' title='bbox 1007 329 1084 356; x_wconf 87' lang='lat' dir='ltr'><strong>illum</strong></span> 
     </span>
    </p>
   </div>
   <div class='ocr_carea' id='block_1_8' title="bbox 293 373 1083 407">
    <p class='ocr_par' dir='ltr' id='par_1_8' title="bbox 293 373 1083 407">
     <span class='ocr_line' id='line_1_8' title="bbox 293 373 1083 407; baseline 0.001 -7"><span class='ocrx_word' id='word_1_38' title='bbox 293 373 377 400; x_wconf 82' lang='lat' dir='ltr'><strong>elIicit</strong></span> <span class='ocrx_word' id='word_1_39' title='bbox 398 374 440 401; x_wconf 92' lang='lat' dir='ltr'><strong>sui</strong></span> <span class='ocrx_word' id='word_1_40' title='bbox 459 374 609 407; x_wconf 84' lang='lat' dir='ltr'><strong>similibus,</strong></span> <span class='ocrx_word' id='word_1_41' title='bbox 625 375 678 402; x_wconf 89' lang='lat' dir='ltr'><strong>hoc</strong></span> <span class='ocrx_word' id='word_1_42' title='bbox 705 379 748 402; x_wconf 90' lang='lat' dir='ltr'><strong>est</strong></span> <span class='ocrx_word' id='word_1_43' title='bbox 765 375 868 406; x_wconf 79' lang='lat' dir='ltr'><strong>stultis,</strong></span> <span class='ocrx_word' id='word_1_44' title='bbox 888 375 1083 406; x_wconf 80' lang='lat' dir='ltr'><strong>deridiculum,</strong></span> 
     </span>
    </p>
   </div>
   <div class='ocr_carea' id='block_1_9' title="bbox 294 420 1083 454">
    <p class='ocr_par' dir='ltr' id='par_1_9' title="bbox 294 420 1083 454">
     <span class='ocr_line' id='line_1_9' title="bbox 294 420 1083 454; baseline 0 -8"><span class='ocrx_word' id='word_1_45' title='bbox 294 420 479 453; x_wconf 73' lang='lat' dir='ltr'><strong>prudentibus</strong></span> <span class='ocrx_word' id='word_1_46' title='bbox 499 425 604 452; x_wconf 87' lang='lat' dir='ltr'><strong>autem,</strong></span> <span class='ocrx_word' id='word_1_47' title='bbox 621 428 669 454; x_wconf 90' lang='lat' dir='ltr'><strong>per</strong></span> <span class='ocrx_word' id='word_1_48' title='bbox 687 421 958 448; x_wconf 85' lang='lat' dir='ltr'><strong>commiserationem</strong></span> <span class='ocrx_word' id='word_1_49' title='bbox 978 420 1083 447; x_wconf 83' lang='lat' dir='ltr'><strong>luctum</strong></span> 
     </span>
    </p>
   </div>
   <div class='ocr_carea' id='block_1_10' title="bbox 293 466 1068 500">
    <p class='ocr_par' dir='ltr' id='par_1_10' title="bbox 293 466 1068 500">
     <span class='ocr_line' id='line_1_10' title="bbox 293 466 1068 500; baseline 0.001 -9"><span class='ocrx_word' id='word_1_50' title='bbox 293 469 449 500; x_wconf 75' lang='lat' dir='ltr'><strong>extorquet.</strong></span> <span class='ocrx_word' id='word_1_51' title='bbox 462 466 519 494; x_wconf 88' lang='lat' dir='ltr'><strong>Noe</strong></span> <span class='ocrx_word' id='word_1_52' title='bbox 534 467 619 500; x_wconf 88' lang='lat' dir='ltr'><strong>enim,</strong></span> <span class='ocrx_word' id='word_1_53' title='bbox 633 467 672 494; x_wconf 92' lang='lat' dir='ltr'><strong>ait</strong></span> <span class='ocrx_word' id='word_1_54' title='bbox 696 467 790 494; x_wconf 85' lang='lat' dir='ltr'><strong>divina</strong></span> <span class='ocrx_word' id='word_1_55' title='bbox 812 466 967 500; x_wconf 79' lang='lat' dir='ltr'><strong>Scriptura,</strong></span> <span class='ocrx_word' id='word_1_56' title='bbox 982 466 1023 492; x_wconf 91' lang='lat' dir='ltr'><strong>vir</strong></span> <span class='ocrx_word' id='word_1_57' title='bbox 1037 466 1068 500; x_wconf 87' lang='lat' dir='ltr'><strong>ju</strong></span> 
     </span>
    </p>
   </div>
   <div class='ocr_carea' id='block_1_11' title="bbox 292 511 1082 548">
    <p class='ocr_par' dir='ltr' id='par_1_11' title="bbox 292 511 1082 548">
     <span class='ocr_line' id='line_1_11' title="bbox 292 511 1082 548; baseline -0.001 -9"><span class='ocrx_word' id='word_1_58' title='bbox 292 517 353 540; x_wconf 81' lang='lat' dir='ltr'><strong>stus</strong></span> <span class='ocrx_word' id='word_1_59' title='bbox 369 513 478 540; x_wconf 82' lang='lat' dir='ltr'><strong>biberat</strong></span> <span class='ocrx_word' id='word_1_60' title='bbox 494 513 598 544; x_wconf 86' lang='lat' dir='ltr'><strong>vinum,</strong></span> <span class='ocrx_word' id='word_1_61' title='bbox 614 521 700 548; x_wconf 88' lang='lat' dir='ltr'><strong>seque</strong></span> <span class='ocrx_word' id='word_1_62' title='bbox 716 520 749 539; x_wconf 92' lang='lat' dir='ltr'><strong>eo</strong></span> <span class='ocrx_word' id='word_1_63' title='bbox 766 513 908 547; x_wconf 88' lang='lat' dir='ltr'><strong>proluerat</strong></span> <span class='ocrx_word' id='word_1_64' title='bbox 925 511 1082 542; x_wconf 86' lang='lat' dir='ltr'><strong>immodice,</strong></span> 
     </span>
    </p>
   </div>
   <div class='ocr_carea' id='block_1_12' title="bbox 292 559 1082 594">
    <p class='ocr_par' dir='ltr' id='par_1_12' title="bbox 292 559 1082 594">
     <span class='ocr_line' id='line_1_12' title="bbox 292 559 1082 594; baseline -0.001 -9"><span class='ocrx_word' id='word_1_65' title='bbox 292 563 320 585; x_wconf 82' lang='lat' dir='ltr'><strong>et</strong></span> <span class='ocrx_word' id='word_1_66' title='bbox 339 559 451 594; x_wconf 80' lang='lat' dir='ltr'><strong>jacebat</strong></span> <span class='ocrx_word' id='word_1_67' title='bbox 472 559 564 586; x_wconf 85' lang='lat' dir='ltr'><strong>nudus</strong></span> <span class='ocrx_word' id='word_1_68' title='bbox 587 559 649 594; x_wconf 87' lang='lat' dir='ltr'><strong>(nec</strong></span> <span class='ocrx_word' id='word_1_69' title='bbox 667 563 758 586; x_wconf 87' lang='lat' dir='ltr'><strong>tamen</strong></span> <span class='ocrx_word' id='word_1_70' title='bbox 779 566 813 585; x_wconf 86' lang='lat' dir='ltr'><strong>eo</strong></span> <span class='ocrx_word' id='word_1_71' title='bbox 835 559 968 586; x_wconf 86' lang='lat' dir='ltr'><strong>scribitur</strong></span> <span class='ocrx_word' id='word_1_72' title='bbox 981 559 1082 593; x_wconf 82' lang='lat' dir='ltr'><strong>justus,</strong></span> 
     </span>
    </p>
   </div>
   <div class='ocr_carea' id='block_1_13' title="bbox 292 604 1084 638">
    <p class='ocr_par' dir='ltr' id='par_1_13' title="bbox 292 604 1084 638">
     <span class='ocr_line' id='line_1_13' title="bbox 292 604 1084 638; baseline 0 -8"><span class='ocrx_word' id='word_1_73' title='bbox 292 605 366 638; x_wconf 90' lang='lat' dir='ltr'><strong>quod</strong></span> <span class='ocrx_word' id='word_1_74' title='bbox 386 604 450 630; x_wconf 87' lang='lat' dir='ltr'><strong>vino</strong></span> <span class='ocrx_word' id='word_1_75' title='bbox 472 604 674 635; x_wconf 83' lang='lat' dir='ltr'><strong>immaduisset.</strong></span> <span class='ocrx_word' id='word_1_76' title='bbox 691 604 739 632; x_wconf 91' lang='lat' dir='ltr'><strong>sed</strong></span> <span class='ocrx_word' id='word_1_77' title='bbox 760 609 876 631; x_wconf 91' lang='lat' dir='ltr'><strong>eatenus</strong></span> <span class='ocrx_word' id='word_1_78' title='bbox 897 611 996 638; x_wconf 78' lang='lat' dir='ltr'><strong>expers</strong></span> <span class='ocrx_word' id='word_1_79' title='bbox 1017 611 1084 631; x_wconf 91' lang='lat' dir='ltr'><strong>usus</strong></span> 
     </span>
    </p>
   </div>
   <div class='ocr_carea' id='block_1_14' title="bbox 293 649 1083 685">
    <p class='ocr_par' dir='ltr' id='par_1_14' title="bbox 293 649 1083 685">
     <span class='ocr_line' id='line_1_14' title="bbox 293 649 1083 685; baseline 0.001 -10"><span class='ocrx_word' id='word_1_80' title='bbox 293 649 373 684; x_wconf 89' lang='lat' dir='ltr'><strong>vini),</strong></span> <span class='ocrx_word' id='word_1_81' title='bbox 387 654 415 677; x_wconf 89' lang='lat' dir='ltr'><strong>et</strong></span> <span class='ocrx_word' id='word_1_82' title='bbox 429 650 463 676; x_wconf 89' lang='lat' dir='ltr'><strong>ab</strong></span> <span class='ocrx_word' id='word_1_83' title='bbox 477 650 653 685; x_wconf 90' lang='lat' dir='ltr'><strong>imprudente</strong></span> <span class='ocrx_word' id='word_1_84' title='bbox 670 651 718 677; x_wconf 91' lang='lat' dir='ltr'><strong>illo</strong></span> <span class='ocrx_word' id='word_1_85' title='bbox 729 650 825 682; x_wconf 87' lang='lat' dir='ltr'><strong>Cham,</strong></span> <span class='ocrx_word' id='word_1_86' title='bbox 841 650 952 677; x_wconf 88' lang='lat' dir='ltr'><strong>habitus</strong></span> <span class='ocrx_word' id='word_1_87' title='bbox 963 649 1083 677; x_wconf 90' lang='lat' dir='ltr'><strong>ludibrio</strong></span> 
     </span>
    </p>
   </div>
   <div class='ocr_carea' id='block_1_15' title="bbox 293 696 1082 731">
    <p class='ocr_par' dir='ltr' id='par_1_15' title="bbox 293 696 1082 731">
     <span class='ocr_line' id='line_1_15' title="bbox 293 696 1082 731; baseline 0 -9"><span class='ocrx_word' id='word_1_88' title='bbox 293 700 345 728; x_wconf 86' lang='lat' dir='ltr'><strong>est,</strong></span> <span class='ocrx_word' id='word_1_89' title='bbox 361 704 375 722; x_wconf 91' lang='lat' dir='ltr'><strong>a</strong></span> <span class='ocrx_word' id='word_1_90' title='bbox 392 696 577 731; x_wconf 82' lang='lat' dir='ltr'><strong>prudentibus</strong></span> <span class='ocrx_word' id='word_1_91' title='bbox 591 702 683 724; x_wconf 89' lang='lat' dir='ltr'><strong>autem</strong></span> <span class='ocrx_word' id='word_1_92' title='bbox 701 697 765 723; x_wconf 80' lang='lat' dir='ltr'><strong>(iliis</strong></span> <span class='ocrx_word' id='word_1_93' title='bbox 782 702 852 723; x_wconf 84' lang='lat' dir='ltr'><strong>tecta</strong></span> <span class='ocrx_word' id='word_1_94' title='bbox 870 701 913 723; x_wconf 87' lang='lat' dir='ltr'><strong>est</strong></span> <span class='ocrx_word' id='word_1_95' title='bbox 932 696 1082 730; x_wconf 83' lang='lat' dir='ltr'><strong>ignominia</strong></span> 
     </span>
    </p>
   </div>
   <div class='ocr_carea' id='block_1_16' title="bbox 293 741 1084 778">
    <p class='ocr_par' dir='ltr' id='par_1_16' title="bbox 293 741 1084 778">
     <span class='ocr_line' id='line_1_16' title="bbox 293 741 1084 778; baseline 0.001 -10"><span class='ocrx_word' id='word_1_96' title='bbox 293 742 428 770; x_wconf 83' lang='lat' dir='ltr'><strong>nuditatis</strong></span> <span class='ocrx_word' id='word_1_97' title='bbox 454 743 484 768; x_wconf 72' lang='grc' dir='ltr'><strong>η.</strong></span> <span class='ocrx_word' id='word_1_98' title='bbox 513 743 635 770; x_wconf 73' lang='lat' dir='ltr'><strong>\‘itemus</strong></span> <span class='ocrx_word' id='word_1_99' title='bbox 659 743 743 778; x_wconf 79' lang='lat' dir='ltr'><strong>igitur</strong></span> <span class='ocrx_word' id='word_1_100' title='bbox 771 742 904 777; x_wconf 80' lang='lat' dir='ltr'><strong>(fratres)</strong></span> <span class='ocrx_word' id='word_1_101' title='bbox 939 741 1084 769; x_wconf 81' lang='lat' dir='ltr'><strong>ebrietatis</strong></span> 
     </span>
    </p>
   </div>
   <div class='ocr_carea' id='block_1_17' title="bbox 293 787 1082 820">
    <p class='ocr_par' dir='ltr' id='par_1_17' title="bbox 293 787 1082 820">
     <span class='ocr_line' id='line_1_17' title="bbox 293 787 1082 820; baseline -0.001 -6"><span class='ocrx_word' id='word_1_102' title='bbox 293 788 456 820; x_wconf 68' lang='lat' dir='ltr'><strong>da-monem,</strong></span> <span class='ocrx_word' id='word_1_103' title='bbox 472 793 501 815; x_wconf 91' lang='lat' dir='ltr'><strong>ut</strong></span> <span class='ocrx_word' id='word_1_104' title='bbox 518 797 552 815; x_wconf 89' lang='lat' dir='ltr'><strong>ne</strong></span> <span class='ocrx_word' id='word_1_105' title='bbox 566 789 676 815; x_wconf 89' lang='lat' dir='ltr'><strong>demum</strong></span> <span class='ocrx_word' id='word_1_106' title='bbox 692 788 731 815; x_wconf 90' lang='lat' dir='ltr'><strong>illi</strong></span> <span class='ocrx_word' id='word_1_107' title='bbox 750 795 800 814; x_wconf 88' lang='lat' dir='ltr'><strong>nos</strong></span> <span class='ocrx_word' id='word_1_108' title='bbox 813 787 995 814; x_wconf 81' lang='lat' dir='ltr'><strong>exhibeamus</strong></span> <span class='ocrx_word' id='word_1_109' title='bbox 1008 787 1082 813; x_wconf 88' lang='lat' dir='ltr'><strong>deri-</strong></span> 
     </span>
    </p>
   </div>
   <div class='ocr_carea' id='block_1_18' title="bbox 292 833 1082 869">
    <p class='ocr_par' dir='ltr' id='par_1_18' title="bbox 292 833 1082 869">
     <span class='ocr_line' id='line_1_18' title="bbox 292 833 1082 869; baseline -0.001 -9"><span class='ocrx_word' id='word_1_110' title='bbox 292 834 411 865; x_wconf 77' lang='lat' dir='ltr'><strong>diculos.</strong></span> <span class='ocrx_word' id='word_1_111' title='bbox 427 835 552 869; x_wconf 90' lang='lat' dir='ltr'><strong>quinimo</strong></span> <span class='ocrx_word' id='word_1_112' title='bbox 569 843 619 862; x_wconf 88' lang='lat' dir='ltr'><strong>nos</strong></span> <span class='ocrx_word' id='word_1_113' title='bbox 642 835 717 868; x_wconf 83' lang='lat' dir='ltr'><strong>ipsos</strong></span> <span class='ocrx_word' id='word_1_114' title='bbox 741 833 954 869; x_wconf 64' lang='lat' dir='ltr'><strong>prmmuniamus</strong></span> <span class='ocrx_word' id='word_1_115' title='bbox 975 833 1082 860; x_wconf 84' lang='lat' dir='ltr'><strong>sobrie-</strong></span> 
     </span>
    </p>
   </div>
   <div class='ocr_carea' id='block_1_19' title="bbox 294 880 1083 915">
    <p class='ocr_par' dir='ltr' id='par_1_19' title="bbox 294 880 1083 915">
     <span class='ocr_line' id='line_1_19' title="bbox 294 880 1083 915; baseline -0.001 -8"><span class='ocrx_word' id='word_1_116' title='bbox 294 884 359 914; x_wconf 86' lang='lat' dir='ltr'><strong>tate,</strong></span> <span class='ocrx_word' id='word_1_117' title='bbox 376 889 437 915; x_wconf 62' lang='lat' dir='ltr'><strong>quae</strong></span> <span class='ocrx_word' id='word_1_118' title='bbox 452 881 525 907; x_wconf 89' lang='lat' dir='ltr'><strong>hunc</strong></span> <span class='ocrx_word' id='word_1_119' title='bbox 542 886 667 907; x_wconf 90' lang='lat' dir='ltr'><strong>nostrum</strong></span> <span class='ocrx_word' id='word_1_120' title='bbox 683 880 825 907; x_wconf 88' lang='lat' dir='ltr'><strong>hominem</strong></span> <span class='ocrx_word' id='word_1_121' title='bbox 841 880 1006 906; x_wconf 87' lang='lat' dir='ltr'><strong>incolumem</strong></span> <span class='ocrx_word' id='word_1_122' title='bbox 1024 887 1083 906; x_wconf 84' lang='lat' dir='ltr'><strong>ser-</strong></span> 
     </span>
    </p>
   </div>
   <div class='ocr_carea' id='block_1_20' title="bbox 291 926 1078 961">
    <p class='ocr_par' dir='ltr' id='par_1_20' title="bbox 291 926 1078 961">
     <span class='ocr_line' id='line_1_20' title="bbox 291 926 1078 961; baseline 0 -9"><span class='ocrx_word' id='word_1_123' title='bbox 291 931 336 953; x_wconf 84' lang='lat' dir='ltr'><strong>vet</strong></span> <span class='ocrx_word' id='word_1_124' title='bbox 357 934 419 953; x_wconf 91' lang='lat' dir='ltr'><strong>cum</strong></span> <span class='ocrx_word' id='word_1_125' title='bbox 439 926 569 960; x_wconf 86' lang='lat' dir='ltr'><strong>primaria</strong></span> <span class='ocrx_word' id='word_1_126' title='bbox 593 927 652 961; x_wconf 85' lang='lat' dir='ltr'><strong>ejus</strong></span> <span class='ocrx_word' id='word_1_127' title='bbox 675 927 813 961; x_wconf 86' lang='lat' dir='ltr'><strong>portione,</strong></span> <span class='ocrx_word' id='word_1_128' title='bbox 829 926 960 953; x_wconf 75' lang='lat' dir='ltr'><strong>videlicet</strong></span> <span class='ocrx_word' id='word_1_129' title='bbox 976 930 1078 957; x_wconf 79' lang='lat' dir='ltr'><strong>mente,</strong></span> 
     </span>
    </p>
   </div>
   <div class='ocr_carea' id='block_1_21' title="bbox 291 972 1080 1007">
    <p class='ocr_par' dir='ltr' id='par_1_21' title="bbox 291 972 1080 1007">
     <span class='ocr_line' id='line_1_21' title="bbox 291 972 1080 1007; baseline 0 -9"><span class='ocrx_word' id='word_1_130' title='bbox 291 973 398 999; x_wconf 90' lang='lat' dir='ltr'><strong>sicutet</strong></span> <span class='ocrx_word' id='word_1_131' title='bbox 407 972 601 999; x_wconf 67' lang='lat' dir='ltr'><strong>Parazmiastes</strong></span> <span class='ocrx_word' id='word_1_132' title='bbox 613 981 662 999; x_wconf 83' lang='lat' dir='ltr'><strong>suo</strong></span> <span class='ocrx_word' id='word_1_133' title='bbox 673 972 828 1007; x_wconf 67' lang='lat' dir='ltr'><strong>praescribit</strong></span> <span class='ocrx_word' id='word_1_134' title='bbox 837 972 966 999; x_wconf 84' lang='lat' dir='ltr'><strong>mandato</strong></span> <span class='ocrx_word' id='word_1_135' title='bbox 978 981 983 998; x_wconf 92' lang='lat'>:</span> <span class='ocrx_word' id='word_1_136' title='bbox 996 981 1005 996; x_wconf 84' lang='grc'><em>‹</em></span> <span class='ocrx_word' id='word_1_137' title='bbox 1019 972 1080 998; x_wconf 83' lang='lat' dir='ltr'><strong>Noli</strong></span> 
     </span>
    </p>
   </div>
   <div class='ocr_carea' id='block_1_22' title="bbox 291 1018 1077 1053">
    <p class='ocr_par' dir='ltr' id='par_1_22' title="bbox 291 1018 1077 1053">
     <span class='ocr_line' id='line_1_22' title="bbox 291 1018 1077 1053; baseline -0.001 -8"><span class='ocrx_word' id='word_1_138' title='bbox 291 1026 350 1045; x_wconf 84' lang='lat' dir='ltr'><strong>esse</strong></span> <span class='ocrx_word' id='word_1_139' title='bbox 360 1024 469 1053; x_wconf 81' lang='lat' dir='ltr'><strong>potator</strong></span> <span class='ocrx_word' id='word_1_140' title='bbox 477 1019 532 1045; x_wconf 92' lang='lat' dir='ltr'><strong>vini</strong></span> <span class='ocrx_word' id='word_1_141' title='bbox 542 1027 548 1050; x_wconf 85' lang='lat'><strong>;</strong></span> <span class='ocrx_word' id='word_1_142' title='bbox 558 1018 648 1045; x_wconf 75' lang='lat' dir='ltr'><strong>ornuis</strong></span> <span class='ocrx_word' id='word_1_143' title='bbox 657 1019 730 1045; x_wconf 89' lang='lat' dir='ltr'><strong>enim</strong></span> <span class='ocrx_word' id='word_1_144' title='bbox 741 1018 845 1050; x_wconf 88' lang='lat' dir='ltr'><strong>ebrius,</strong></span> <span class='ocrx_word' id='word_1_145' title='bbox 856 1026 960 1053; x_wconf 88' lang='lat' dir='ltr'><strong>pauper</strong></span> <span class='ocrx_word' id='word_1_146' title='bbox 971 1023 1012 1045; x_wconf 87' lang='lat' dir='ltr'><strong>est</strong></span> <span class='ocrx_word' id='word_1_147' title='bbox 1023 1019 1055 1044; x_wconf 73' lang='grc' dir='ltr'><strong>ὀ.</strong></span> <span class='ocrx_word' id='word_1_148' title='bbox 1068 1027 1077 1043; x_wconf 87' lang='grc'><strong>›</strong></span> 
     </span>
    </p>
   </div>
   <div class='ocr_carea' id='block_1_23' title="bbox 290 1064 1080 1100">
    <p class='ocr_par' dir='ltr' id='par_1_23' title="bbox 290 1064 1080 1100">
     <span class='ocr_line' id='line_1_23' title="bbox 290 1064 1080 1100; baseline -0.001 -9"><span class='ocrx_word' id='word_1_149' title='bbox 290 1065 392 1092; x_wconf 85' lang='lat' dir='ltr'><strong>lterum</strong></span> <span class='ocrx_word' id='word_1_150' title='bbox 407 1074 413 1091; x_wconf 89' lang='lat'>:</span> <span class='ocrx_word' id='word_1_151' title='bbox 430 1074 439 1090; x_wconf 86' lang='grc'><em>‹</em></span> <span class='ocrx_word' id='word_1_152' title='bbox 454 1064 505 1092; x_wconf 86' lang='lat' dir='ltr'><strong>Cui</strong></span> <span class='ocrx_word' id='word_1_153' title='bbox 520 1073 570 1097; x_wconf 58' lang='grc' dir='ltr'>τω,</span> <span class='ocrx_word' id='word_1_154' title='bbox 587 1069 614 1092; x_wconf 89' lang='lat' dir='ltr'><strong>et</strong></span> <span class='ocrx_word' id='word_1_155' title='bbox 627 1065 671 1092; x_wconf 81' lang='lat' dir='ltr'><strong>cui</strong></span> <span class='ocrx_word' id='word_1_156' title='bbox 686 1065 835 1092; x_wconf 85' lang='lat' dir='ltr'><strong>tumultus?</strong></span> <span class='ocrx_word' id='word_1_157' title='bbox 845 1065 890 1091; x_wconf 92' lang='lat' dir='ltr'><strong>cui</strong></span> <span class='ocrx_word' id='word_1_158' title='bbox 902 1064 1024 1100; x_wconf 83' lang='lat' dir='ltr'><strong>judicia?</strong></span> <span class='ocrx_word' id='word_1_159' title='bbox 1036 1065 1080 1091; x_wconf 89' lang='lat' dir='ltr'><strong>cui</strong></span> 
     </span>
    </p>
   </div>
   <div class='ocr_carea' id='block_1_24' title="bbox 290 1109 1081 1146">
    <p class='ocr_par' dir='ltr' id='par_1_24' title="bbox 290 1109 1081 1146">
     <span class='ocr_line' id='line_1_24' title="bbox 290 1109 1081 1146; baseline -0.003 -9"><span class='ocrx_word' id='word_1_160' title='bbox 290 1110 442 1138; x_wconf 78' lang='lat' dir='ltr'><strong>insuavitas</strong></span> <span class='ocrx_word' id='word_1_161' title='bbox 465 1116 492 1138; x_wconf 84' lang='lat' dir='ltr'><strong>et</strong></span> <span class='ocrx_word' id='word_1_162' title='bbox 517 1111 613 1146; x_wconf 76' lang='lat' dir='ltr'><strong>nugae?</strong></span> <span class='ocrx_word' id='word_1_163' title='bbox 639 1111 684 1138; x_wconf 90' lang='lat' dir='ltr'><strong>cui</strong></span> <span class='ocrx_word' id='word_1_164' title='bbox 712 1110 894 1138; x_wconf 86' lang='lat' dir='ltr'><strong>contritiones</strong></span> <span class='ocrx_word' id='word_1_165' title='bbox 919 1109 1081 1145; x_wconf 62' lang='lat' dir='ltr'><strong>superﬂuae?</strong></span> 
     </span>
    </p>
   </div>
   <div class='ocr_carea' id='block_1_25' title="bbox 290 1157 1080 1191">
    <p class='ocr_par' dir='ltr' id='par_1_25' title="bbox 290 1157 1080 1191">
     <span class='ocr_line' id='line_1_25' title="bbox 290 1157 1080 1191; baseline 0.001 -9"><span class='ocrx_word' id='word_1_166' title='bbox 290 1157 370 1191; x_wconf 85' lang='lat' dir='ltr'><strong>cujus</strong></span> <span class='ocrx_word' id='word_1_167' title='bbox 386 1157 463 1184; x_wconf 82' lang='lat' dir='ltr'><strong>lividi</strong></span> <span class='ocrx_word' id='word_1_168' title='bbox 481 1158 570 1184; x_wconf 88' lang='lat' dir='ltr'><strong>oculi?</strong></span> <span class='ocrx_word' id='word_1_169' title='bbox 585 1165 678 1184; x_wconf 86' lang='lat' dir='ltr'><strong>nonne</strong></span> <span class='ocrx_word' id='word_1_170' title='bbox 694 1157 728 1183; x_wconf 84' lang='lat' dir='ltr'><strong>iis</strong></span> <span class='ocrx_word' id='word_1_171' title='bbox 742 1157 789 1191; x_wconf 91' lang='lat' dir='ltr'><strong>qui</strong></span> <span class='ocrx_word' id='word_1_172' title='bbox 814 1158 996 1184; x_wconf 88' lang='lat' dir='ltr'><strong>immorantur</strong></span> <span class='ocrx_word' id='word_1_173' title='bbox 1017 1157 1080 1184; x_wconf 91' lang='lat' dir='ltr'><strong>diu-</strong></span> 
     </span>
    </p>
   </div>
   <div class='ocr_carea' id='block_1_26' title="bbox 291 1202 1083 1237">
    <p class='ocr_par' dir='ltr' id='par_1_26' title="bbox 291 1202 1083 1237">
     <span class='ocr_line' id='line_1_26' title="bbox 291 1202 1083 1237; baseline 0.001 -9"><span class='ocrx_word' id='word_1_174' title='bbox 291 1202 347 1229; x_wconf 79' lang='lat' dir='ltr'><strong>tius</strong></span> <span class='ocrx_word' id='word_1_175' title='bbox 361 1203 550 1230; x_wconf 78' lang='lat' dir='ltr'><strong>exhauriendo</strong></span> <span class='ocrx_word' id='word_1_176' title='bbox 572 1203 653 1230; x_wconf 87' lang='lat' dir='ltr'><strong>vino?</strong></span> <span class='ocrx_word' id='word_1_177' title='bbox 667 1203 791 1237; x_wconf 89' lang='lat' dir='ltr'><strong>nunquid</strong></span> <span class='ocrx_word' id='word_1_178' title='bbox 816 1211 871 1229; x_wconf 90' lang='lat' dir='ltr'><strong>non</strong></span> <span class='ocrx_word' id='word_1_179' title='bbox 892 1203 996 1237; x_wconf 44' lang='lat' dir='ltr'><strong>hiquui</strong></span> <span class='ocrx_word' id='word_1_180' title='bbox 1021 1211 1083 1237; x_wconf 90' lang='lat' dir='ltr'><strong>per-</strong></span> 
     </span>
    </p>
   </div>
   <div class='ocr_carea' id='block_1_27' title="bbox 290 1248 1080 1282">
    <p class='ocr_par' dir='ltr' id='par_1_27' title="bbox 290 1248 1080 1282">
     <span class='ocr_line' id='line_1_27' title="bbox 290 1248 1080 1282; baseline 0.003 -9"><span class='ocrx_word' id='word_1_181' title='bbox 290 1248 427 1282; x_wconf 79' lang='lat' dir='ltr'><strong>vestigant</strong></span> <span class='ocrx_word' id='word_1_182' title='bbox 440 1248 487 1275; x_wconf 81' lang='lat' dir='ltr'><strong>ubi</strong></span> <span class='ocrx_word' id='word_1_183' title='bbox 504 1249 574 1275; x_wconf 84' lang='lat' dir='ltr'><strong>ﬁunt</strong></span> <span class='ocrx_word' id='word_1_184' title='bbox 585 1249 804 1282; x_wconf 83' lang='lat' dir='ltr'><strong>compotationes</strong></span> <span class='ocrx_word' id='word_1_185' title='bbox 815 1248 858 1275; x_wconf 83' lang='lat'><strong>“?</strong></span> <span class='ocrx_word' id='word_1_186' title='bbox 874 1258 883 1274; x_wconf 69' lang='grc' dir='ltr'><strong>ι</strong></span> <span class='ocrx_word' id='word_1_187' title='bbox 900 1248 969 1275; x_wconf 92' lang='lat' dir='ltr'><strong>Tum</strong></span> <span class='ocrx_word' id='word_1_188' title='bbox 983 1249 1080 1275; x_wconf 85' lang='lat' dir='ltr'><strong>addit:</strong></span> 
     </span>
    </p>
   </div>
   <div class='ocr_carea' id='block_1_28' title="bbox 294 1293 1081 1326">
    <p class='ocr_par' dir='ltr' id='par_1_28' title="bbox 294 1293 1081 1326">
     <span class='ocr_line' id='line_1_28' title="bbox 294 1293 1081 1326; baseline 0.001 -7"><span class='ocrx_word' id='word_1_189' title='bbox 294 1302 303 1318; x_wconf 76' lang='grc' dir='ltr'><strong>ι</strong></span> <span class='ocrx_word' id='word_1_190' title='bbox 322 1293 382 1320; x_wconf 82' lang='lat' dir='ltr'><strong>Noli</strong></span> <span class='ocrx_word' id='word_1_191' title='bbox 396 1294 527 1320; x_wconf 87' lang='lat' dir='ltr'><strong>inebriari</strong></span> <span class='ocrx_word' id='word_1_192' title='bbox 541 1294 615 1326; x_wconf 88' lang='lat' dir='ltr'><strong>vino,</strong></span> <span class='ocrx_word' id='word_1_193' title='bbox 631 1294 679 1321; x_wconf 89' lang='lat' dir='ltr'><strong>sed</strong></span> <span class='ocrx_word' id='word_1_194' title='bbox 696 1302 860 1321; x_wconf 85' lang='lat' dir='ltr'><strong>conversare</strong></span> <span class='ocrx_word' id='word_1_195' title='bbox 877 1302 940 1321; x_wconf 93' lang='lat' dir='ltr'><strong>cum</strong></span> <span class='ocrx_word' id='word_1_196' title='bbox 960 1294 1081 1321; x_wconf 83' lang='lat' dir='ltr'><strong>homini—</strong></span> 
     </span>
    </p>
   </div>
   <div class='ocr_carea' id='block_1_29' title="bbox 291 1338 1081 1373">
    <p class='ocr_par' dir='ltr' id='par_1_29' title="bbox 291 1338 1081 1373">
     <span class='ocr_line' id='line_1_29' title="bbox 291 1338 1081 1373; baseline 0.001 -8"><span class='ocrx_word' id='word_1_197' title='bbox 291 1338 433 1373; x_wconf 84' lang='lat' dir='ltr'><strong>busjustis</strong></span> <span class='ocrx_word' id='word_1_198' title='bbox 447 1340 480 1366; x_wconf 78' lang='lat'><strong>&quot;.</strong></span> <span class='ocrx_word' id='word_1_199' title='bbox 499 1349 507 1365; x_wconf 74' lang='grc' dir='ltr'><strong>ι</strong></span> <span class='ocrx_word' id='word_1_200' title='bbox 522 1339 600 1366; x_wconf 83' lang='lat' dir='ltr'><strong>Alius</strong></span> <span class='ocrx_word' id='word_1_201' title='bbox 613 1340 677 1366; x_wconf 85' lang='lat' dir='ltr'><strong>item</strong></span> <span class='ocrx_word' id='word_1_202' title='bbox 691 1349 698 1366; x_wconf 88' lang='lat'><strong>:</strong></span> <span class='ocrx_word' id='word_1_203' title='bbox 714 1349 723 1365; x_wconf 74' lang='grc' dir='ltr'><strong>ι</strong></span> <span class='ocrx_word' id='word_1_204' title='bbox 738 1341 777 1367; x_wconf 86' lang='lat' dir='ltr'><strong>Ne</strong></span> <span class='ocrx_word' id='word_1_205' title='bbox 788 1345 848 1368; x_wconf 87' lang='lat' dir='ltr'><strong>esto</strong></span> <span class='ocrx_word' id='word_1_206' title='bbox 859 1340 949 1367; x_wconf 91' lang='lat' dir='ltr'><strong>virilis</strong></span> <span class='ocrx_word' id='word_1_207' title='bbox 963 1340 990 1366; x_wconf 92' lang='lat' dir='ltr'><strong>in</strong></span> <span class='ocrx_word' id='word_1_208' title='bbox 1005 1341 1081 1372; x_wconf 88' lang='lat' dir='ltr'><strong>vino,</strong></span> 
     </span>
    </p>
   </div>
   <div class='ocr_carea' id='block_1_30' title="bbox 290 1384 1081 1421">
    <p class='ocr_par' dir='ltr' id='par_1_30' title="bbox 290 1384 1081 1421">
     <span class='ocr_line' id='line_1_30' title="bbox 290 1384 1081 1421; baseline 0.004 -11"><span class='ocrx_word' id='word_1_209' title='bbox 290 1385 392 1412; x_wconf 90' lang='lat' dir='ltr'><strong>multos</strong></span> <span class='ocrx_word' id='word_1_210' title='bbox 405 1384 480 1411; x_wconf 88' lang='lat' dir='ltr'><strong>enim</strong></span> <span class='ocrx_word' id='word_1_211' title='bbox 497 1385 616 1420; x_wconf 85' lang='lat' dir='ltr'><strong>perdidit</strong></span> <span class='ocrx_word' id='word_1_212' title='bbox 631 1385 725 1412; x_wconf 90' lang='lat' dir='ltr'><strong>vinum</strong></span> <span class='ocrx_word' id='word_1_213' title='bbox 738 1386 770 1412; x_wconf 81' lang='lat'><strong>&quot;.</strong></span> <span class='ocrx_word' id='word_1_214' title='bbox 787 1395 796 1411; x_wconf 78' lang='grc' dir='ltr'><strong>ι</strong></span> <span class='ocrx_word' id='word_1_215' title='bbox 810 1385 932 1412; x_wconf 89' lang='lat' dir='ltr'><strong>lterum:</strong></span> <span class='ocrx_word' id='word_1_216' title='bbox 949 1395 958 1410; x_wconf 87' lang='grc'><strong><em>‹</em></strong></span> <span class='ocrx_word' id='word_1_217' title='bbox 971 1385 1022 1418; x_wconf 85' lang='lat' dir='ltr'><strong>Qui</strong></span> <span class='ocrx_word' id='word_1_218' title='bbox 1035 1386 1081 1421; x_wconf 87' lang='lat' dir='ltr'><strong>ju-</strong></span> 
     </span>
    </p>
   </div>
   <div class='ocr_carea' id='block_1_31' title="bbox 288 1429 1081 1464">
    <p class='ocr_par' dir='ltr' id='par_1_31' title="bbox 288 1429 1081 1464">
     <span class='ocr_line' id='line_1_31' title="bbox 288 1429 1081 1464; baseline 0.003 -9"><span class='ocrx_word' id='word_1_219' title='bbox 288 1429 398 1456; x_wconf 87' lang='lat' dir='ltr'><strong>cundus</strong></span> <span class='ocrx_word' id='word_1_220' title='bbox 411 1435 454 1456; x_wconf 88' lang='lat' dir='ltr'><strong>est</strong></span> <span class='ocrx_word' id='word_1_221' title='bbox 468 1429 494 1456; x_wconf 92' lang='lat' dir='ltr'><strong>in</strong></span> <span class='ocrx_word' id='word_1_222' title='bbox 511 1429 567 1456; x_wconf 87' lang='lat' dir='ltr'><strong>vini</strong></span> <span class='ocrx_word' id='word_1_223' title='bbox 582 1430 786 1464; x_wconf 84' lang='lat' dir='ltr'><strong>congressibus,</strong></span> <span class='ocrx_word' id='word_1_224' title='bbox 803 1430 830 1457; x_wconf 91' lang='lat' dir='ltr'><strong>in</strong></span> <span class='ocrx_word' id='word_1_225' title='bbox 847 1430 904 1457; x_wconf 87' lang='lat' dir='ltr'><strong>suis</strong></span> <span class='ocrx_word' id='word_1_226' title='bbox 917 1431 1081 1457; x_wconf 88' lang='lat' dir='ltr'><strong>munitioni-</strong></span> 
     </span>
    </p>
   </div>
   <div class='ocr_carea' id='block_1_32' title="bbox 290 1473 1081 1510">
    <p class='ocr_par' dir='ltr' id='par_1_32' title="bbox 290 1473 1081 1510">
     <span class='ocr_line' id='line_1_32' title="bbox 290 1473 1081 1510; baseline 0.003 -9"><span class='ocrx_word' id='word_1_227' title='bbox 290 1473 343 1501; x_wconf 91' lang='lat' dir='ltr'><strong>bus</strong></span> <span class='ocrx_word' id='word_1_228' title='bbox 364 1475 539 1509; x_wconf 83' lang='lat' dir='ltr'><strong>derelinquet</strong></span> <span class='ocrx_word' id='word_1_229' title='bbox 560 1474 739 1510; x_wconf 81' lang='lat' dir='ltr'><strong>ignominiam</strong></span> <span class='ocrx_word' id='word_1_230' title='bbox 754 1475 786 1502; x_wconf 68' lang='lat'><strong>&quot;.</strong></span> <span class='ocrx_word' id='word_1_231' title='bbox 809 1486 818 1501; x_wconf 71' lang='grc' dir='ltr'><strong>ι</strong></span> <span class='ocrx_word' id='word_1_232' title='bbox 836 1476 956 1502; x_wconf 74' lang='lat' dir='ltr'><strong>Rursum</strong></span> <span class='ocrx_word' id='word_1_233' title='bbox 971 1485 978 1502; x_wconf 92' lang='lat'><strong>:</strong></span> <span class='ocrx_word' id='word_1_234' title='bbox 995 1485 1003 1501; x_wconf 76' lang='grc' dir='ltr'>ί</span> <span class='ocrx_word' id='word_1_235' title='bbox 1020 1476 1081 1503; x_wconf 89' lang='lat' dir='ltr'><strong>Noli</strong></span> 
     </span>
    </p>
   </div>
   <div class='ocr_carea' id='block_1_33' title="bbox 290 1521 1081 1555">
    <p class='ocr_par' dir='ltr' id='par_1_33' title="bbox 290 1521 1081 1555">
     <span class='ocr_line' id='line_1_33' title="bbox 290 1521 1081 1555; baseline 0.001 -8"><span class='ocrx_word' id='word_1_236' title='bbox 290 1528 351 1548; x_wconf 63' lang='lat' dir='ltr'><strong>esse</strong></span> <span class='ocrx_word' id='word_1_237' title='bbox 368 1525 477 1555; x_wconf 86' lang='lat' dir='ltr'><strong>potator</strong></span> <span class='ocrx_word' id='word_1_238' title='bbox 490 1521 558 1551; x_wconf 87' lang='lat' dir='ltr'><strong>vini,</strong></span> <span class='ocrx_word' id='word_1_239' title='bbox 574 1528 629 1547; x_wconf 92' lang='lat' dir='ltr'><strong>non</strong></span> <span class='ocrx_word' id='word_1_240' title='bbox 644 1521 718 1548; x_wconf 90' lang='lat' dir='ltr'><strong>enim</strong></span> <span class='ocrx_word' id='word_1_241' title='bbox 743 1521 890 1548; x_wconf 80' lang='lat' dir='ltr'><strong>eonferunt</strong></span> <span class='ocrx_word' id='word_1_242' title='bbox 912 1522 996 1549; x_wconf 89' lang='lat' dir='ltr'><strong>stulto</strong></span> <span class='ocrx_word' id='word_1_243' title='bbox 1011 1522 1081 1549; x_wconf 91' lang='lat' dir='ltr'><strong>deli-</strong></span> 
     </span>
    </p>
   </div>
   <div class='ocr_carea' id='block_1_34' title="bbox 1135 282 1935 318">
    <p class='ocr_par' dir='ltr' id='par_1_34' title="bbox 1135 282 1935 318">
     <span class='ocr_line' id='line_1_34' title="bbox 1135 282 1935 318; baseline 0 -10"><span class='ocrx_word' id='word_1_244' title='bbox 1135 282 1251 315; x_wconf 79' lang='grc' dir='ltr'>δὶκαιος,</span> <span class='ocrx_word' id='word_1_245' title='bbox 1269 283 1326 309; x_wconf 80' lang='grc' dir='ltr'><strong>ἀλλ’</strong></span> <span class='ocrx_word' id='word_1_246' title='bbox 1347 284 1460 318; x_wconf 79' lang='grc' dir='ltr'>ἄπειρος</span> <span class='ocrx_word' id='word_1_247' title='bbox 1485 283 1534 318; x_wconf 79' lang='grc' dir='ltr'>τῆς</span> <span class='ocrx_word' id='word_1_248' title='bbox 1552 283 1598 309; x_wconf 68' lang='grc' dir='ltr'><strong>τοῦ</strong></span> <span class='ocrx_word' id='word_1_249' title='bbox 1615 283 1688 309; x_wconf 79' lang='grc' dir='ltr'>οῐνου</span> <span class='ocrx_word' id='word_1_250' title='bbox 1713 283 1856 318; x_wconf 80' lang='grc' dir='ltr'>χρήσεως,</span> <span class='ocrx_word' id='word_1_251' title='bbox 1891 283 1935 308; x_wconf 73' lang='grc' dir='ltr'>καὶ</span> 
     </span>
    </p>
   </div>
   <div class='ocr_carea' id='block_1_35' title="bbox 1135 325 1934 363">
    <p class='ocr_par' dir='ltr' id='par_1_35' title="bbox 1135 325 1934 363">
     <span class='ocr_line' id='line_1_35' title="bbox 1135 325 1934 363; baseline -0.003 -10"><span class='ocrx_word' id='word_1_252' title='bbox 1135 328 1212 363; x_wconf 77' lang='grc' dir='ltr'>παρὰ</span> <span class='ocrx_word' id='word_1_253' title='bbox 1235 328 1285 362; x_wconf 77' lang='grc' dir='ltr'>μὲν</span> <span class='ocrx_word' id='word_1_254' title='bbox 1308 327 1355 354; x_wconf 77' lang='grc' dir='ltr'>τοῦ</span> <span class='ocrx_word' id='word_1_255' title='bbox 1375 329 1493 362; x_wconf 69' lang='grc' dir='ltr'>ἄφρονος</span> <span class='ocrx_word' id='word_1_256' title='bbox 1504 327 1569 362; x_wconf 78' lang='grc' dir='ltr'>Χὰμ</span> <span class='ocrx_word' id='word_1_257' title='bbox 1581 326 1727 362; x_wconf 76' lang='grc' dir='ltr'><strong>ἐγελάσθη,</strong></span> <span class='ocrx_word' id='word_1_258' title='bbox 1741 326 1821 362; x_wconf 72' lang='grc' dir='ltr'>παρὰ</span> <span class='ocrx_word' id='word_1_259' title='bbox 1837 325 1868 352; x_wconf 73' lang='grc' dir='ltr'><strong>δὲ</strong></span> <span class='ocrx_word' id='word_1_260' title='bbox 1883 325 1934 351; x_wconf 67' lang='grc' dir='ltr'>τῶν</span> 
     </span>
    </p>
   </div>
   <div class='ocr_carea' id='block_1_36' title="bbox 1135 369 1933 406">
    <p class='ocr_par' dir='ltr' id='par_1_36' title="bbox 1135 369 1933 406">
     <span class='ocr_line' id='line_1_36' title="bbox 1135 369 1933 406; baseline -0.003 -9"><span class='ocrx_word' id='word_1_261' title='bbox 1135 371 1275 406; x_wconf 77' lang='grc' dir='ltr'><strong>φρονίμων</strong></span> <span class='ocrx_word' id='word_1_262' title='bbox 1294 372 1360 398; x_wconf 76' lang='grc' dir='ltr'><strong>υἱῶν</strong></span> <span class='ocrx_word' id='word_1_263' title='bbox 1386 371 1557 406; x_wconf 78' lang='grc' dir='ltr'>ὲσκεπάσθη.</span> <span class='ocrx_word' id='word_1_264' title='bbox 1581 371 1717 406; x_wconf 79' lang='grc' dir='ltr'>Φύγωμεν</span> <span class='ocrx_word' id='word_1_265' title='bbox 1730 369 1788 404; x_wconf 76' lang='grc' dir='ltr'>οὖν,</span> <span class='ocrx_word' id='word_1_266' title='bbox 1807 371 1933 405; x_wconf 63' lang='grc' dir='ltr'>ἀδελφοὶ,</span> 
     </span>
    </p>
   </div>
   <div class='ocr_carea' id='block_1_37' title="bbox 1134 417 1933 453">
    <p class='ocr_par' dir='ltr' id='par_1_37' title="bbox 1134 417 1933 453">
     <span class='ocr_line' id='line_1_37' title="bbox 1134 417 1933 453; baseline 0 -10"><span class='ocrx_word' id='word_1_267' title='bbox 1134 418 1180 443; x_wconf 85' lang='grc' dir='ltr'><strong>τὸν</strong></span> <span class='ocrx_word' id='word_1_268' title='bbox 1191 418 1239 452; x_wconf 80' lang='grc' dir='ltr'>τῆς</span> <span class='ocrx_word' id='word_1_269' title='bbox 1257 418 1343 453; x_wconf 81' lang='grc' dir='ltr'>μέθης</span> <span class='ocrx_word' id='word_1_270' title='bbox 1358 419 1485 453; x_wconf 81' lang='grc' dir='ltr'>δαίμονα,</span> <span class='ocrx_word' id='word_1_271' title='bbox 1504 418 1546 444; x_wconf 78' lang='grc' dir='ltr'>ἵνα</span> <span class='ocrx_word' id='word_1_272' title='bbox 1560 417 1597 453; x_wconf 86' lang='grc' dir='ltr'>μὴ</span> <span class='ocrx_word' id='word_1_273' title='bbox 1613 418 1875 452; x_wconf 84' lang='grc' dir='ltr'>καταγελασθῶμεν</span> <span class='ocrx_word' id='word_1_274' title='bbox 1890 417 1933 443; x_wconf 77' lang='grc' dir='ltr'>ὑπ’</span> 
     </span>
    </p>
   </div>
   <div class='ocr_carea' id='block_1_38' title="bbox 1134 463 1932 499">
    <p class='ocr_par' dir='ltr' id='par_1_38' title="bbox 1134 463 1932 499">
     <span class='ocr_line' id='line_1_38' title="bbox 1134 463 1932 499; baseline 0 -10"><span class='ocrx_word' id='word_1_275' title='bbox 1134 463 1228 495; x_wconf 75' lang='grc' dir='ltr'>αὑτοῦ,</span> <span class='ocrx_word' id='word_1_276' title='bbox 1244 464 1311 491; x_wconf 79' lang='grc' dir='ltr'>ἀλλὰ</span> <span class='ocrx_word' id='word_1_277' title='bbox 1324 464 1425 499; x_wconf 78' lang='grc' dir='ltr'>μᾶλλον</span> <span class='ocrx_word' id='word_1_278' title='bbox 1433 466 1466 499; x_wconf 89' lang='grc' dir='ltr'><strong>τῇ</strong></span> <span class='ocrx_word' id='word_1_279' title='bbox 1478 464 1557 499; x_wconf 72' lang='grc' dir='ltr'>νήψει</span> <span class='ocrx_word' id='word_1_280' title='bbox 1569 464 1682 495; x_wconf 75' lang='grc' dir='ltr'>ἑαυτοὺς</span> <span class='ocrx_word' id='word_1_281' title='bbox 1697 463 1932 498; x_wconf 74' lang='grc' dir='ltr'>ἁσφαλισὼμεθι,</span> 
     </span>
    </p>
   </div>
   <div class='ocr_carea' id='block_1_39' title="bbox 1134 509 1932 545">
    <p class='ocr_par' dir='ltr' id='par_1_39' title="bbox 1134 509 1932 545">
     <span class='ocr_line' id='line_1_39' title="bbox 1134 509 1932 545; baseline 0.001 -11"><span class='ocrx_word' id='word_1_282' title='bbox 1134 509 1178 535; x_wconf 85' lang='grc' dir='ltr'><strong>ἴνα</strong></span> <span class='ocrx_word' id='word_1_283' title='bbox 1193 510 1309 544; x_wconf 80' lang='grc' dir='ltr'>γένηται</span> <span class='ocrx_word' id='word_1_284' title='bbox 1323 510 1416 545; x_wconf 75' lang='grc' dir='ltr'>ἄρτιος</span> <span class='ocrx_word' id='word_1_285' title='bbox 1428 510 1570 545; x_wconf 80' lang='grc' dir='ltr'>ἄνθρωπος</span> <span class='ocrx_word' id='word_1_286' title='bbox 1585 511 1634 536; x_wconf 78' lang='grc' dir='ltr'><strong>σὺν</strong></span> <span class='ocrx_word' id='word_1_287' title='bbox 1645 510 1684 545; x_wconf 88' lang='grc' dir='ltr'>τῷ</span> <span class='ocrx_word' id='word_1_288' title='bbox 1698 509 1864 545; x_wconf 77' lang='grc' dir='ltr'><strong>ἡγεμονικῷ</strong></span> <span class='ocrx_word' id='word_1_289' title='bbox 1876 517 1884 524; x_wconf 85' lang='grc'><em>’</em></span> <span class='ocrx_word' id='word_1_290' title='bbox 1897 509 1932 540; x_wconf 74' lang='grc' dir='ltr'>ὡς</span> 
     </span>
    </p>
   </div>
   <div class='ocr_carea' id='block_1_40' title="bbox 1134 557 1931 594">
    <p class='ocr_par' dir='ltr' id='par_1_40' title="bbox 1134 557 1931 594">
     <span class='ocr_line' id='line_1_40' title="bbox 1134 557 1931 594; baseline 0 -12"><span class='ocrx_word' id='word_1_291' title='bbox 1134 557 1180 582; x_wconf 77' lang='grc' dir='ltr'>καὶ</span> <span class='ocrx_word' id='word_1_292' title='bbox 1191 557 1205 582; x_wconf 85' lang='grc' dir='ltr'>ὁ</span> <span class='ocrx_word' id='word_1_293' title='bbox 1214 557 1418 592; x_wconf 80' lang='grc' dir='ltr'>Παροιμιαστὴς</span> <span class='ocrx_word' id='word_1_294' title='bbox 1435 557 1588 584; x_wconf 76' lang='grc' dir='ltr'><strong>ἐντέλλεται</strong></span> <span class='ocrx_word' id='word_1_295' title='bbox 1603 558 1702 591; x_wconf 81' lang='grc' dir='ltr'>λέγων·</span> <span class='ocrx_word' id='word_1_296' title='bbox 1723 567 1732 583; x_wconf 77' lang='grc' dir='ltr'><strong>ι</strong></span> <span class='ocrx_word' id='word_1_297' title='bbox 1745 557 1792 594; x_wconf 81' lang='grc' dir='ltr'><strong>Μὴ</strong></span> <span class='ocrx_word' id='word_1_298' title='bbox 1817 557 1878 583; x_wconf 74' lang='grc' dir='ltr'>ἴσθι</span> <span class='ocrx_word' id='word_1_299' title='bbox 1891 558 1931 583; x_wconf 83' lang='grc' dir='ltr'><strong>οξ-</strong></span> 
     </span>
    </p>
   </div>
   <div class='ocr_carea' id='block_1_41' title="bbox 1133 602 1929 638">
    <p class='ocr_par' dir='ltr' id='par_1_41' title="bbox 1133 602 1929 638">
     <span class='ocr_line' id='line_1_41' title="bbox 1133 602 1929 638; baseline 0 -10"><span class='ocrx_word' id='word_1_300' title='bbox 1133 602 1264 637; x_wconf 72' lang='grc' dir='ltr'>νοπότηςο</span> <span class='ocrx_word' id='word_1_301' title='bbox 1278 603 1333 634; x_wconf 75' lang='grc' dir='ltr'><strong>πᾶς</strong></span> <span class='ocrx_word' id='word_1_302' title='bbox 1347 603 1402 638; x_wconf 77' lang='grc' dir='ltr'><strong>γὰρ</strong></span> <span class='ocrx_word' id='word_1_303' title='bbox 1415 603 1531 638; x_wconf 76' lang='grc' dir='ltr'><strong>μέθυσος</strong></span> <span class='ocrx_word' id='word_1_304' title='bbox 1555 603 1700 637; x_wconf 81' lang='grc' dir='ltr'>πτωχεύει.</span> <span class='ocrx_word' id='word_1_305' title='bbox 1714 612 1723 629; x_wconf 76' lang='grc' dir='ltr'><strong>ι</strong></span> <span class='ocrx_word' id='word_1_306' title='bbox 1751 603 1810 630; x_wconf 78' lang='grc' dir='ltr'><strong>Καὶ</strong></span> <span class='ocrx_word' id='word_1_307' title='bbox 1836 603 1929 634; x_wconf 74' lang='grc' dir='ltr'>πάλιν,</span> 
     </span>
    </p>
   </div>
   <div class='ocr_carea' id='block_1_42' title="bbox 1137 648 1930 686">
    <p class='ocr_par' dir='ltr' id='par_1_42' title="bbox 1137 648 1930 686">
     <span class='ocr_line' id='line_1_42' title="bbox 1137 648 1930 686; baseline 0.001 -13"><span class='ocrx_word' id='word_1_308' title='bbox 1137 657 1146 672; x_wconf 75' lang='grc' dir='ltr'><strong>ι</strong></span> <span class='ocrx_word' id='word_1_309' title='bbox 1159 648 1217 674; x_wconf 85' lang='grc' dir='ltr'>Τίνι</span> <span class='ocrx_word' id='word_1_310' title='bbox 1231 649 1301 680; x_wconf 79' lang='grc' dir='ltr'>οὐαὶ,</span> <span class='ocrx_word' id='word_1_311' title='bbox 1315 649 1363 675; x_wconf 70' lang='grc' dir='ltr'>καὶ</span> <span class='ocrx_word' id='word_1_312' title='bbox 1380 649 1434 675; x_wconf 77' lang='grc' dir='ltr'>τίνι</span> <span class='ocrx_word' id='word_1_313' title='bbox 1447 648 1562 684; x_wconf 75' lang='grc' dir='ltr'>θόρυϐος</span> <span class='ocrx_word' id='word_1_314' title='bbox 1574 657 1582 681; x_wconf 87' lang='grc'><strong>;</strong></span> <span class='ocrx_word' id='word_1_315' title='bbox 1600 649 1654 675; x_wconf 76' lang='grc' dir='ltr'>τίνι</span> <span class='ocrx_word' id='word_1_316' title='bbox 1674 649 1791 686; x_wconf 78' lang='grc' dir='ltr'><strong>κρίσεις,</strong></span> <span class='ocrx_word' id='word_1_317' title='bbox 1805 649 1859 675; x_wconf 71' lang='grc' dir='ltr'>καὶ</span> <span class='ocrx_word' id='word_1_318' title='bbox 1877 648 1930 674; x_wconf 74' lang='grc' dir='ltr'>τίνι</span> 
     </span>
    </p>
   </div>
   <div class='ocr_carea' id='block_1_43' title="bbox 1133 693 1929 730">
    <p class='ocr_par' dir='ltr' id='par_1_43' title="bbox 1133 693 1929 730">
     <span class='ocr_line' id='line_1_43' title="bbox 1133 693 1929 730; baseline 0 -11"><span class='ocrx_word' id='word_1_319' title='bbox 1133 693 1215 728; x_wconf 72' lang='grc' dir='ltr'>ἀηδία</span> <span class='ocrx_word' id='word_1_320' title='bbox 1232 695 1279 720; x_wconf 79' lang='grc' dir='ltr'>καὶ</span> <span class='ocrx_word' id='word_1_321' title='bbox 1293 694 1389 729; x_wconf 83' lang='grc' dir='ltr'>λέσχαι</span> <span class='ocrx_word' id='word_1_322' title='bbox 1405 702 1413 727; x_wconf 89' lang='grc'><strong>;</strong></span> <span class='ocrx_word' id='word_1_323' title='bbox 1431 694 1484 721; x_wconf 86' lang='grc' dir='ltr'>τίνι</span> <span class='ocrx_word' id='word_1_324' title='bbox 1504 694 1700 729; x_wconf 82' lang='grc' dir='ltr'>συντρίμματα</span> <span class='ocrx_word' id='word_1_325' title='bbox 1724 694 1870 730; x_wconf 75' lang='grc' dir='ltr'>διακενῆςς</span> <span class='ocrx_word' id='word_1_326' title='bbox 1888 695 1929 720; x_wconf 78' lang='grc' dir='ltr'><strong>τί-</strong></span> 
     </span>
    </p>
   </div>
   <div class='ocr_carea' id='block_1_44' title="bbox 1133 739 1929 774">
    <p class='ocr_par' dir='ltr' id='par_1_44' title="bbox 1133 739 1929 774">
     <span class='ocr_line' id='line_1_44' title="bbox 1133 739 1929 774; baseline -0.004 -8"><span class='ocrx_word' id='word_1_327' title='bbox 1133 748 1187 766; x_wconf 83' lang='grc' dir='ltr'><strong>νων</strong></span> <span class='ocrx_word' id='word_1_328' title='bbox 1210 739 1329 766; x_wconf 69' lang='grc' dir='ltr'>πελιδνοὶ</span> <span class='ocrx_word' id='word_1_329' title='bbox 1343 741 1367 766; x_wconf 81' lang='grc' dir='ltr'><strong>οί</strong></span> <span class='ocrx_word' id='word_1_330' title='bbox 1382 739 1527 774; x_wconf 72' lang='grc' dir='ltr'>ὁφθαλμοί;</span> <span class='ocrx_word' id='word_1_331' title='bbox 1541 740 1572 765; x_wconf 81' lang='grc' dir='ltr'>οὐ</span> <span class='ocrx_word' id='word_1_332' title='bbox 1594 739 1649 766; x_wconf 87' lang='grc' dir='ltr'>τῶν</span> <span class='ocrx_word' id='word_1_333' title='bbox 1664 739 1884 774; x_wconf 74' lang='grc' dir='ltr'>ὲγχρονιζόντων</span> <span class='ocrx_word' id='word_1_334' title='bbox 1900 740 1929 765; x_wconf 78' lang='grc' dir='ltr'>ἐν</span> 
     </span>
    </p>
   </div>
   <div class='ocr_carea' id='block_1_45' title="bbox 1133 784 1926 820">
    <p class='ocr_par' dir='ltr' id='par_1_45' title="bbox 1133 784 1926 820">
     <span class='ocr_line' id='line_1_45' title="bbox 1133 784 1926 820; baseline -0.003 -8"><span class='ocrx_word' id='word_1_335' title='bbox 1133 786 1225 819; x_wconf 64' lang='grc' dir='ltr'>οἴνοις</span> <span class='ocrx_word' id='word_1_336' title='bbox 1237 787 1268 813; x_wconf 82' lang='grc' dir='ltr'>οὺ</span> <span class='ocrx_word' id='word_1_337' title='bbox 1277 786 1333 812; x_wconf 87' lang='grc' dir='ltr'>τῶν</span> <span class='ocrx_word' id='word_1_338' title='bbox 1344 785 1613 820; x_wconf 76' lang='grc' dir='ltr'>κατασκοπουμένων</span> <span class='ocrx_word' id='word_1_339' title='bbox 1624 784 1676 812; x_wconf 78' lang='grc' dir='ltr'><strong>πού</strong></span> <span class='ocrx_word' id='word_1_340' title='bbox 1685 786 1763 811; x_wconf 80' lang='grc' dir='ltr'>πότοι</span> <span class='ocrx_word' id='word_1_341' title='bbox 1771 785 1911 819; x_wconf 61' lang='grc' dir='ltr'>τίνοντας</span> <span class='ocrx_word' id='word_1_342' title='bbox 1918 795 1926 809; x_wconf 77' lang='grc' dir='ltr'><strong>ι</strong></span> 
     </span>
    </p>
   </div>
   <div class='ocr_carea' id='block_1_46' title="bbox 1133 831 1928 867">
    <p class='ocr_par' dir='ltr' id='par_1_46' title="bbox 1133 831 1928 867">
     <span class='ocr_line' id='line_1_46' title="bbox 1133 831 1928 867; baseline -0.004 -7"><span class='ocrx_word' id='word_1_343' title='bbox 1133 834 1188 860; x_wconf 75' lang='grc' dir='ltr'><strong>Καὶ</strong></span> <span class='ocrx_word' id='word_1_344' title='bbox 1199 834 1296 866; x_wconf 79' lang='grc' dir='ltr'>ὲπάγει</span> <span class='ocrx_word' id='word_1_345' title='bbox 1305 841 1311 847; x_wconf 88' lang='grc'><strong>·</strong></span> <span class='ocrx_word' id='word_1_346' title='bbox 1326 842 1336 857; x_wconf 70' lang='grc' dir='ltr'><strong>ι</strong></span> <span class='ocrx_word' id='word_1_347' title='bbox 1406 832 1575 867; x_wconf 76' lang='grc' dir='ltr'><strong>μεθύσκεσθε</strong></span> <span class='ocrx_word' id='word_1_348' title='bbox 1587 831 1662 867; x_wconf 80' lang='grc' dir='ltr'>οἴνῳ,</span> <span class='ocrx_word' id='word_1_349' title='bbox 1677 832 1735 858; x_wconf 81' lang='grc' dir='ltr'><strong>ἀλλ’</strong></span> <span class='ocrx_word' id='word_1_350' title='bbox 1746 831 1871 866; x_wconf 78' lang='grc' dir='ltr'>ὁμιλεῖτε</span> <span class='ocrx_word' id='word_1_351' title='bbox 1882 833 1928 858; x_wconf 66' lang='grc' dir='ltr'><strong>ἀνι</strong></span> 
     </span>
    </p>
   </div>
   <div class='ocr_carea' id='block_1_47' title="bbox 1133 876 1927 912">
    <p class='ocr_par' dir='ltr' id='par_1_47' title="bbox 1133 876 1927 912">
     <span class='ocr_line' id='line_1_47' title="bbox 1133 876 1927 912; baseline -0.003 -8"><span class='ocrx_word' id='word_1_352' title='bbox 1133 878 1254 912; x_wconf 76' lang='grc' dir='ltr'>θρώποις</span> <span class='ocrx_word' id='word_1_353' title='bbox 1272 877 1396 908; x_wconf 78' lang='grc' dir='ltr'>δικαίοις.</span> <span class='ocrx_word' id='word_1_354' title='bbox 1410 887 1419 903; x_wconf 74' lang='grc' dir='ltr'><strong>ι</strong></span> <span class='ocrx_word' id='word_1_355' title='bbox 1436 877 1492 903; x_wconf 73' lang='grc' dir='ltr'><strong>Καὶ</strong></span> <span class='ocrx_word' id='word_1_356' title='bbox 1519 877 1598 907; x_wconf 81' lang='grc' dir='ltr'>ἄλλος</span> <span class='ocrx_word' id='word_1_357' title='bbox 1611 876 1703 911; x_wconf 70' lang='grc' dir='ltr'>φησιν’</span> <span class='ocrx_word' id='word_1_358' title='bbox 1724 885 1733 902; x_wconf 72' lang='grc' dir='ltr'><strong>ε</strong></span> <span class='ocrx_word' id='word_1_359' title='bbox 1750 876 1795 903; x_wconf 86' lang='grc' dir='ltr'>Ἐν</span> <span class='ocrx_word' id='word_1_360' title='bbox 1807 876 1876 911; x_wconf 69' lang='grc' dir='ltr'>οϊνῳ</span> <span class='ocrx_word' id='word_1_361' title='bbox 1892 877 1927 911; x_wconf 76' lang='grc' dir='ltr'>μὴ</span> 
     </span>
    </p>
   </div>
   <div class='ocr_carea' id='block_1_48' title="bbox 1133 921 1925 959">
    <p class='ocr_par' dir='ltr' id='par_1_48' title="bbox 1133 921 1925 959">
     <span class='ocr_line' id='line_1_48' title="bbox 1133 921 1925 959; baseline -0.003 -9"><span class='ocrx_word' id='word_1_362' title='bbox 1133 923 1260 959; x_wconf 78' lang='grc' dir='ltr'>ἁνδρίζου</span> <span class='ocrx_word' id='word_1_363' title='bbox 1272 932 1279 939; x_wconf 87' lang='grc'><strong>·</strong></span> <span class='ocrx_word' id='word_1_364' title='bbox 1298 923 1412 955; x_wconf 81' lang='grc' dir='ltr'>πολλοὺς</span> <span class='ocrx_word' id='word_1_365' title='bbox 1421 923 1476 959; x_wconf 84' lang='grc' dir='ltr'><strong>γὰρ</strong></span> <span class='ocrx_word' id='word_1_366' title='bbox 1487 923 1627 950; x_wconf 83' lang='grc' dir='ltr'>ἀπώλεσεν</span> <span class='ocrx_word' id='word_1_367' title='bbox 1639 921 1721 954; x_wconf 70' lang='grc' dir='ltr'>οἶνος.</span> <span class='ocrx_word' id='word_1_368' title='bbox 1733 931 1742 948; x_wconf 74' lang='grc' dir='ltr'><strong>ι</strong></span> <span class='ocrx_word' id='word_1_369' title='bbox 1759 923 1816 949; x_wconf 76' lang='grc' dir='ltr'><strong>Καὶ</strong></span> <span class='ocrx_word' id='word_1_370' title='bbox 1832 922 1925 948; x_wconf 55' lang='grc' dir='ltr'>πάλιν*</span> 
     </span>
    </p>
   </div>
   <div class='ocr_carea' id='block_1_49' title="bbox 1136 968 1926 1005">
    <p class='ocr_par' dir='ltr' id='par_1_49' title="bbox 1136 968 1926 1005">
     <span class='ocr_line' id='line_1_49' title="bbox 1136 968 1926 1005; baseline -0.003 -9"><span class='ocrx_word' id='word_1_371' title='bbox 1136 979 1146 995; x_wconf 74' lang='grc' dir='ltr'><strong>ι</strong></span> <span class='ocrx_word' id='word_1_372' title='bbox 1159 970 1209 1001; x_wconf 80' lang='grc' dir='ltr'><strong>’⁷ος</strong></span> <span class='ocrx_word' id='word_1_373' title='bbox 1223 971 1298 996; x_wconf 75' lang='grc' dir='ltr'>ἐστιν</span> <span class='ocrx_word' id='word_1_374' title='bbox 1316 970 1380 1005; x_wconf 71' lang='grc' dir='ltr'>ἡδὺς</span> <span class='ocrx_word' id='word_1_375' title='bbox 1391 971 1420 996; x_wconf 79' lang='grc' dir='ltr'>ὲν</span> <span class='ocrx_word' id='word_1_376' title='bbox 1434 970 1513 996; x_wconf 85' lang='grc' dir='ltr'>οῐνων</span> <span class='ocrx_word' id='word_1_377' title='bbox 1528 968 1691 1004; x_wconf 77' lang='grc' dir='ltr'>διατριΰαῖς,</span> <span class='ocrx_word' id='word_1_378' title='bbox 1711 969 1740 995; x_wconf 83' lang='grc' dir='ltr'>ὲν</span> <span class='ocrx_word' id='word_1_379' title='bbox 1755 969 1812 1000; x_wconf 86' lang='grc' dir='ltr'>τοῖς</span> <span class='ocrx_word' id='word_1_380' title='bbox 1827 968 1926 995; x_wconf 53' lang='lat'><strong>£19795</strong></span> 
     </span>
    </p>
   </div>
   <div class='ocr_carea' id='block_1_50' title="bbox 1131 1015 1926 1052">
    <p class='ocr_par' dir='ltr' id='par_1_50' title="bbox 1131 1015 1926 1052">
     <span class='ocr_line' id='line_1_50' title="bbox 1131 1015 1926 1052; baseline 0 -10"><span class='ocrx_word' id='word_1_381' title='bbox 1131 1016 1293 1052; x_wconf 75' lang='grc' dir='ltr'><strong>ὀχυρώμασι</strong></span> <span class='ocrx_word' id='word_1_382' title='bbox 1309 1015 1471 1049; x_wconf 72' lang='grc' dir='ltr'>καταλείψει</span> <span class='ocrx_word' id='word_1_383' title='bbox 1493 1016 1617 1050; x_wconf 79' lang='grc' dir='ltr'>ἀτιμίαν.</span> <span class='ocrx_word' id='word_1_384' title='bbox 1632 1024 1642 1041; x_wconf 75' lang='grc' dir='ltr'><strong>ι</strong></span> <span class='ocrx_word' id='word_1_385' title='bbox 1661 1015 1716 1042; x_wconf 83' lang='grc' dir='ltr'><strong>Καὶ</strong></span> <span class='ocrx_word' id='word_1_386' title='bbox 1732 1015 1832 1042; x_wconf 79' lang='grc' dir='ltr'>πάλιν·</span> <span class='ocrx_word' id='word_1_387' title='bbox 1858 1023 1869 1041; x_wconf 76' lang='grc' dir='ltr'><strong>ι</strong></span> <span class='ocrx_word' id='word_1_388' title='bbox 1881 1015 1926 1048; x_wconf 61' lang='lat' dir='ltr'><strong>Mi:</strong></span> 
     </span>
    </p>
   </div>
   <div class='ocr_carea' id='block_1_51' title="bbox 1133 1061 1924 1098">
    <p class='ocr_par' dir='ltr' id='par_1_51' title="bbox 1133 1061 1924 1098">
     <span class='ocr_line' id='line_1_51' title="bbox 1133 1061 1924 1098; baseline -0.001 -10"><span class='ocrx_word' id='word_1_389' title='bbox 1133 1062 1189 1089; x_wconf 73' lang='grc' dir='ltr'>ἴσθι</span> <span class='ocrx_word' id='word_1_390' title='bbox 1213 1064 1370 1098; x_wconf 84' lang='grc' dir='ltr'>οὶνοπότης“</span> <span class='ocrx_word' id='word_1_391' title='bbox 1386 1062 1417 1088; x_wconf 86' lang='grc' dir='ltr'>οὺ</span> <span class='ocrx_word' id='word_1_392' title='bbox 1439 1061 1494 1097; x_wconf 82' lang='grc' dir='ltr'><strong>γὰρ</strong></span> <span class='ocrx_word' id='word_1_393' title='bbox 1522 1061 1663 1096; x_wconf 77' lang='grc' dir='ltr'><strong>συμφέρει</strong></span> <span class='ocrx_word' id='word_1_394' title='bbox 1681 1061 1779 1097; x_wconf 81' lang='grc' dir='ltr'>ἄφρονι</span> <span class='ocrx_word' id='word_1_395' title='bbox 1800 1062 1924 1096; x_wconf 61' lang='grc' dir='ltr'><strong>τρυφή.»</strong></span> 
     </span>
    </p>
   </div>
   <div class='ocr_carea' id='block_1_52' title="bbox 1132 1106 1927 1141">
    <p class='ocr_par' dir='ltr' id='par_1_52' title="bbox 1132 1106 1927 1141">
     <span class='ocr_line' id='line_1_52' title="bbox 1132 1106 1927 1141; baseline -0.003 -7"><span class='ocrx_word' id='word_1_396' title='bbox 1132 1108 1187 1134; x_wconf 76' lang='lat' dir='ltr'><strong>Kal</strong></span> <span class='ocrx_word' id='word_1_397' title='bbox 1205 1108 1297 1134; x_wconf 84' lang='grc' dir='ltr'>πάλιν·</span> <span class='ocrx_word' id='word_1_398' title='bbox 1317 1117 1327 1133; x_wconf 75' lang='grc' dir='ltr'><strong>ι</strong></span> <span class='ocrx_word' id='word_1_399' title='bbox 1346 1107 1508 1133; x_wconf 83' lang='grc' dir='ltr'>’Δκόλαστον</span> <span class='ocrx_word' id='word_1_400' title='bbox 1521 1107 1568 1133; x_wconf 79' lang='grc' dir='ltr'>καὶ</span> <span class='ocrx_word' id='word_1_401' title='bbox 1580 1106 1747 1141; x_wconf 77' lang='grc' dir='ltr'>ὑϐριστικὸν,</span> <span class='ocrx_word' id='word_1_402' title='bbox 1768 1107 1841 1141; x_wconf 82' lang='grc' dir='ltr'><strong>μέθη</strong></span> <span class='ocrx_word' id='word_1_403' title='bbox 1851 1114 1859 1121; x_wconf 92' lang='grc'>·</span> <span class='ocrx_word' id='word_1_404' title='bbox 1872 1108 1927 1138; x_wconf 69' lang='grc' dir='ltr'><strong>πᾶς</strong></span> 
     </span>
    </p>
   </div>
   <div class='ocr_carea' id='block_1_53' title="bbox 1132 1152 1928 1189">
    <p class='ocr_par' dir='ltr' id='par_1_53' title="bbox 1132 1152 1928 1189">
     <span class='ocr_line' id='line_1_53' title="bbox 1132 1152 1928 1189; baseline -0.003 -9"><span class='ocrx_word' id='word_1_405' title='bbox 1132 1153 1160 1180; x_wconf 86' lang='grc' dir='ltr'><strong>δὲ</strong></span> <span class='ocrx_word' id='word_1_406' title='bbox 1174 1154 1188 1179; x_wconf 85' lang='grc' dir='ltr'><strong>ό</strong></span> <span class='ocrx_word' id='word_1_407' title='bbox 1205 1153 1369 1189; x_wconf 82' lang='grc' dir='ltr'><strong>μιγνύμενος</strong></span> <span class='ocrx_word' id='word_1_408' title='bbox 1391 1153 1508 1185; x_wconf 78' lang='grc' dir='ltr'><strong>τούτοις,</strong></span> <span class='ocrx_word' id='word_1_409' title='bbox 1526 1153 1580 1179; x_wconf 83' lang='grc' dir='ltr'><strong>οὐκ</strong></span> <span class='ocrx_word' id='word_1_410' title='bbox 1602 1152 1679 1179; x_wconf 73' lang='grc' dir='ltr'>ἔσται</span> <span class='ocrx_word' id='word_1_411' title='bbox 1700 1153 1793 1187; x_wconf 81' lang='grc' dir='ltr'>σοφός.</span> <span class='ocrx_word' id='word_1_412' title='bbox 1808 1162 1819 1178; x_wconf 73' lang='grc' dir='ltr'><strong>ι</strong></span> <span class='ocrx_word' id='word_1_413' title='bbox 1839 1153 1897 1179; x_wconf 70' lang='lat' dir='ltr'><strong>Kal</strong></span> <span class='ocrx_word' id='word_1_414' title='bbox 1914 1154 1928 1179; x_wconf 82' lang='grc' dir='ltr'><strong>ὀ</strong></span> 
     </span>
    </p>
   </div>
   <div class='ocr_carea' id='block_1_54' title="bbox 1133 1195 1928 1233">
    <p class='ocr_par' dir='ltr' id='par_1_54' title="bbox 1133 1195 1928 1233">
     <span class='ocr_line' id='line_1_54' title="bbox 1133 1195 1928 1233; baseline -0.003 -9"><span class='ocrx_word' id='word_1_415' title='bbox 1133 1199 1279 1233; x_wconf 74' lang='grc' dir='ltr'>προφήτης</span> <span class='ocrx_word' id='word_1_416' title='bbox 1298 1198 1390 1233; x_wconf 81' lang='grc' dir='ltr'>Ὀσηὲ,</span> <span class='ocrx_word' id='word_1_417' title='bbox 1404 1198 1469 1232; x_wconf 77' lang='grc' dir='ltr'>περὶ</span> <span class='ocrx_word' id='word_1_418' title='bbox 1483 1197 1530 1224; x_wconf 84' lang='grc' dir='ltr'>τοῦ</span> <span class='ocrx_word' id='word_1_419' title='bbox 1544 1197 1661 1224; x_wconf 79' lang='grc' dir='ltr'>παλαιοῦ</span> <span class='ocrx_word' id='word_1_420' title='bbox 1673 1197 1750 1224; x_wconf 72' lang='grc' dir='ltr'>λαοῦ·</span> <span class='ocrx_word' id='word_1_421' title='bbox 1766 1207 1776 1223; x_wconf 76' lang='grc' dir='ltr'><strong>ι</strong></span> <span class='ocrx_word' id='word_1_422' title='bbox 1785 1195 1868 1224; x_wconf 85' lang='grc' dir='ltr'>οἶνον</span> <span class='ocrx_word' id='word_1_423' title='bbox 1881 1198 1928 1224; x_wconf 72' lang='grc' dir='ltr'>καὶ</span> 
     </span>
    </p>
   </div>
   <div class='ocr_carea' id='block_1_55' title="bbox 1134 1243 1928 1280">
    <p class='ocr_par' dir='ltr' id='par_1_55' title="bbox 1134 1243 1928 1280">
     <span class='ocr_line' id='line_1_55' title="bbox 1134 1243 1928 1280; baseline 0 -10"><span class='ocrx_word' id='word_1_424' title='bbox 1134 1244 1261 1280; x_wconf 81' lang='grc' dir='ltr'>μέθυσμα</span> <span class='ocrx_word' id='word_1_425' title='bbox 1281 1244 1391 1276; x_wconf 78' lang='grc' dir='ltr'><strong>ἐδέξατο</strong></span> <span class='ocrx_word' id='word_1_426' title='bbox 1412 1243 1512 1279; x_wconf 83' lang='grc' dir='ltr'>καρδία</span> <span class='ocrx_word' id='word_1_427' title='bbox 1531 1243 1596 1270; x_wconf 83' lang='grc' dir='ltr'>λαοῦ</span> <span class='ocrx_word' id='word_1_428' title='bbox 1609 1252 1672 1278; x_wconf 87' lang='grc' dir='ltr'>μου.</span> <span class='ocrx_word' id='word_1_429' title='bbox 1685 1253 1695 1270; x_wconf 77' lang='grc' dir='ltr'><strong>ι</strong></span> <span class='ocrx_word' id='word_1_430' title='bbox 1709 1245 1765 1270; x_wconf 78' lang='grc' dir='ltr'><strong>Καὶ</strong></span> <span class='ocrx_word' id='word_1_431' title='bbox 1777 1244 1792 1269; x_wconf 84' lang='grc'>6</span> <span class='ocrx_word' id='word_1_432' title='bbox 1811 1244 1928 1275; x_wconf 74' lang='grc' dir='ltr'>Ἡσαΐας</span> 
     </span>
    </p>
   </div>
   <div class='ocr_carea' id='block_1_56' title="bbox 1132 1289 1928 1325">
    <p class='ocr_par' dir='ltr' id='par_1_56' title="bbox 1132 1289 1928 1325">
     <span class='ocr_line' id='line_1_56' title="bbox 1132 1289 1928 1325; baseline -0.004 -7"><span class='ocrx_word' id='word_1_433' title='bbox 1132 1291 1283 1322; x_wconf 79' lang='grc' dir='ltr'>ταλανίζων</span> <span class='ocrx_word' id='word_1_434' title='bbox 1302 1291 1366 1322; x_wconf 78' lang='grc' dir='ltr'>τοὺς</span> <span class='ocrx_word' id='word_1_435' title='bbox 1384 1291 1413 1316; x_wconf 76' lang='grc' dir='ltr'>ὲν</span> <span class='ocrx_word' id='word_1_436' title='bbox 1425 1290 1490 1324; x_wconf 74' lang='grc' dir='ltr'>οἴνῳ</span> <span class='ocrx_word' id='word_1_437' title='bbox 1504 1289 1690 1325; x_wconf 77' lang='grc' dir='ltr'>χρονίζοντας,</span> <span class='ocrx_word' id='word_1_438' title='bbox 1705 1290 1814 1323; x_wconf 70' lang='grc' dir='ltr'>ἔλεγεν·</span> <span class='ocrx_word' id='word_1_439' title='bbox 1837 1299 1847 1315; x_wconf 76' lang='grc' dir='ltr'><strong>ε</strong></span> <span class='ocrx_word' id='word_1_440' title='bbox 1858 1289 1928 1316; x_wconf 74' lang='grc' dir='ltr'><strong>οὐαὶ</strong></span> 
     </span>
    </p>
   </div>
   <div class='ocr_carea' id='block_1_57' title="bbox 1133 1336 1929 1372">
    <p class='ocr_par' dir='ltr' id='par_1_57' title="bbox 1133 1336 1929 1372">
     <span class='ocr_line' id='line_1_57' title="bbox 1133 1336 1929 1372; baseline -0.001 -9"><span class='ocrx_word' id='word_1_441' title='bbox 1133 1338 1157 1363; x_wconf 72' lang='grc' dir='ltr'>οἱ</span> <span class='ocrx_word' id='word_1_442' title='bbox 1172 1338 1342 1372; x_wconf 73' lang='grc' dir='ltr'>ἐγειρόμενοι</span> <span class='ocrx_word' id='word_1_443' title='bbox 1361 1337 1444 1372; x_wconf 70' lang='grc' dir='ltr'>πρωῒ,</span> <span class='ocrx_word' id='word_1_444' title='bbox 1460 1337 1507 1363; x_wconf 77' lang='grc' dir='ltr'>καὶ</span> <span class='ocrx_word' id='word_1_445' title='bbox 1519 1337 1544 1363; x_wconf 77' lang='grc' dir='ltr'>οἱ</span> <span class='ocrx_word' id='word_1_446' title='bbox 1558 1337 1656 1372; x_wconf 78' lang='grc' dir='ltr'>σίκερα</span> <span class='ocrx_word' id='word_1_447' title='bbox 1667 1336 1821 1370; x_wconf 82' lang='grc' dir='ltr'>διώκοντες,</span> <span class='ocrx_word' id='word_1_448' title='bbox 1836 1338 1862 1364; x_wconf 83' lang='grc' dir='ltr'>οξ</span> <span class='ocrx_word' id='word_1_449' title='bbox 1879 1338 1929 1372; x_wconf 81' lang='grc' dir='ltr'><strong>μὲ-</strong></span> 
     </span>
    </p>
   </div>
   <div class='ocr_carea' id='block_1_58' title="bbox 1132 1380 1925 1418">
    <p class='ocr_par' dir='ltr' id='par_1_58' title="bbox 1132 1380 1925 1418">
     <span class='ocr_line' id='line_1_58' title="bbox 1132 1380 1925 1418; baseline 0 -9"><span class='ocrx_word' id='word_1_450' title='bbox 1132 1391 1223 1414; x_wconf 84' lang='grc' dir='ltr'>νοντες</span> <span class='ocrx_word' id='word_1_451' title='bbox 1239 1383 1269 1409; x_wconf 81' lang='grc' dir='ltr'>τὸ</span> <span class='ocrx_word' id='word_1_452' title='bbox 1290 1383 1350 1418; x_wconf 73' lang='grc' dir='ltr'><strong>ὀψέ.</strong></span> <span class='ocrx_word' id='word_1_453' title='bbox 1369 1383 1398 1409; x_wconf 87' lang='lat'><strong>&#39;0</strong></span> <span class='ocrx_word' id='word_1_454' title='bbox 1420 1383 1476 1418; x_wconf 80' lang='grc' dir='ltr'><strong>γὰρ</strong></span> <span class='ocrx_word' id='word_1_455' title='bbox 1498 1380 1570 1415; x_wconf 69' lang='grc' dir='ltr'>οἶνος</span> <span class='ocrx_word' id='word_1_456' title='bbox 1592 1384 1691 1415; x_wconf 73' lang='grc' dir='ltr'>αὐτοὺς</span> <span class='ocrx_word' id='word_1_457' title='bbox 1714 1383 1902 1418; x_wconf 76' lang='grc' dir='ltr'>συγκαύσειι.</span> <span class='ocrx_word' id='word_1_458' title='bbox 1915 1392 1925 1409; x_wconf 71' lang='grc' dir='ltr'><strong>ι</strong></span> 
     </span>
    </p>
   </div>
   <div class='ocr_carea' id='block_1_59' title="bbox 1131 1428 1927 1465">
    <p class='ocr_par' dir='ltr' id='par_1_59' title="bbox 1131 1428 1927 1465">
     <span class='ocr_line' id='line_1_59' title="bbox 1131 1428 1927 1465; baseline 0.001 -11"><span class='ocrx_word' id='word_1_459' title='bbox 1131 1429 1187 1455; x_wconf 76' lang='lat' dir='ltr'><strong>Kal</strong></span> <span class='ocrx_word' id='word_1_460' title='bbox 1202 1428 1294 1454; x_wconf 78' lang='grc' dir='ltr'>πάλιν·</span> <span class='ocrx_word' id='word_1_461' title='bbox 1313 1438 1322 1454; x_wconf 85' lang='grc'><strong>‹</strong></span> <span class='ocrx_word' id='word_1_462' title='bbox 1337 1428 1545 1465; x_wconf 81' lang='grc' dir='ltr'>Πεπλανημένοι</span> <span class='ocrx_word' id='word_1_463' title='bbox 1556 1429 1625 1455; x_wconf 86' lang='grc' dir='ltr'>είσὶν</span> <span class='ocrx_word' id='word_1_464' title='bbox 1639 1428 1694 1455; x_wconf 77' lang='grc' dir='ltr'><strong>ἀπὸ</strong></span> <span class='ocrx_word' id='word_1_465' title='bbox 1707 1430 1757 1464; x_wconf 81' lang='grc' dir='ltr'>τῆς</span> <span class='ocrx_word' id='word_1_466' title='bbox 1778 1428 1866 1464; x_wconf 80' lang='grc' dir='ltr'>μέθης</span> <span class='ocrx_word' id='word_1_467' title='bbox 1877 1429 1927 1456; x_wconf 68' lang='grc' dir='ltr'><strong>τοῦ</strong></span> 
     </span>
    </p>
   </div>
   <div class='ocr_carea' id='block_1_60' title="bbox 1132 1474 1927 1511">
    <p class='ocr_par' dir='ltr' id='par_1_60' title="bbox 1132 1474 1927 1511">
     <span class='ocr_line' id='line_1_60' title="bbox 1132 1474 1927 1511; baseline 0.003 -11"><span class='ocrx_word' id='word_1_468' title='bbox 1132 1475 1215 1505; x_wconf 80' lang='grc' dir='ltr'>οἴνου,</span> <span class='ocrx_word' id='word_1_469' title='bbox 1225 1483 1234 1500; x_wconf 71' lang='grc' dir='ltr'><strong>ι</strong></span> <span class='ocrx_word' id='word_1_470' title='bbox 1256 1474 1294 1506; x_wconf 82' lang='grc' dir='ltr'>ὡς</span> <span class='ocrx_word' id='word_1_471' title='bbox 1307 1475 1389 1506; x_wconf 65' lang='grc' dir='ltr'>αὑτὸς</span> <span class='ocrx_word' id='word_1_472' title='bbox 1406 1475 1454 1501; x_wconf 62' lang='grc' dir='ltr'><strong>καλ⁵</strong></span> <span class='ocrx_word' id='word_1_473' title='bbox 1475 1475 1553 1510; x_wconf 88' lang='grc' dir='ltr'><strong>Ίωὴλ</strong></span> <span class='ocrx_word' id='word_1_474' title='bbox 1570 1475 1630 1510; x_wconf 83' lang='grc' dir='ltr'>βοᾷ·</span> <span class='ocrx_word' id='word_1_475' title='bbox 1644 1485 1653 1500; x_wconf 75' lang='grc' dir='ltr'><strong>ι</strong></span> <span class='ocrx_word' id='word_1_476' title='bbox 1671 1475 1823 1511; x_wconf 67' lang='grc' dir='ltr'>Ἐκνήψατε</span> <span class='ocrx_word' id='word_1_477' title='bbox 1835 1475 1862 1502; x_wconf 86' lang='grc' dir='ltr'>οἱ</span> <span class='ocrx_word' id='word_1_478' title='bbox 1876 1484 1927 1510; x_wconf 84' lang='grc' dir='ltr'>με·</span> 
     </span>
    </p>
   </div>
   <div class='ocr_carea' id='block_1_61' title="bbox 1133 1520 1925 1557">
    <p class='ocr_par' dir='ltr' id='par_1_61' title="bbox 1133 1520 1925 1557">
     <span class='ocr_line' id='line_1_61' title="bbox 1133 1520 1925 1557; baseline 0.003 -11"><span class='ocrx_word' id='word_1_479' title='bbox 1133 1520 1242 1552; x_wconf 83' lang='grc' dir='ltr'>θύοντες</span> <span class='ocrx_word' id='word_1_480' title='bbox 1258 1521 1287 1554; x_wconf 79' lang='grc' dir='ltr'><strong>ἐξ</strong></span> <span class='ocrx_word' id='word_1_481' title='bbox 1311 1520 1383 1547; x_wconf 81' lang='grc' dir='ltr'>οἴνου</span> <span class='ocrx_word' id='word_1_482' title='bbox 1410 1521 1512 1553; x_wconf 81' lang='grc' dir='ltr'>αὐτῶν,</span> <span class='ocrx_word' id='word_1_483' title='bbox 1531 1520 1668 1548; x_wconf 79' lang='grc' dir='ltr'><strong>κλαύσατε</strong></span> <span class='ocrx_word' id='word_1_484' title='bbox 1695 1522 1742 1548; x_wconf 74' lang='grc' dir='ltr'>καὶ</span> <span class='ocrx_word' id='word_1_485' title='bbox 1766 1521 1925 1557; x_wconf 83' lang='grc' dir='ltr'>θρηνήσατε</span> 
     </span>
    </p>
   </div>
   <div class='ocr_carea' id='block_1_62' title="bbox 290 1564 1080 1602">
    <p class='ocr_par' dir='ltr' id='par_1_62' title="bbox 290 1565 1080 1595">
     <span class='ocr_line' id='line_1_62' title="bbox 290 1565 1080 1595; baseline 0.003 -2"><span class='ocrx_word' id='word_1_486' title='bbox 290 1566 340 1593; x_wconf 77' lang='lat' dir='ltr'><strong>cia:</strong></span> <span class='ocrx_word' id='word_1_487' title='bbox 354 1566 403 1592; x_wconf 66' lang='lat' dir='ltr'><strong>&quot;.v</strong></span> <span class='ocrx_word' id='word_1_488' title='bbox 419 1565 470 1592; x_wconf 87' lang='lat' dir='ltr'><strong>Et:</strong></span> <span class='ocrx_word' id='word_1_489' title='bbox 486 1575 494 1591; x_wconf 75' lang='grc' dir='ltr'><strong>ε</strong></span> <span class='ocrx_word' id='word_1_490' title='bbox 510 1566 664 1593; x_wconf 81' lang='lat' dir='ltr'><strong>Luxuriosa</strong></span> <span class='ocrx_word' id='word_1_491' title='bbox 678 1574 722 1593; x_wconf 91' lang='lat' dir='ltr'><strong>res</strong></span> <span class='ocrx_word' id='word_1_492' title='bbox 736 1571 763 1593; x_wconf 92' lang='lat' dir='ltr'><strong>et</strong></span> <span class='ocrx_word' id='word_1_493' title='bbox 776 1567 976 1595; x_wconf 87' lang='lat' dir='ltr'><strong>contumeliosa</strong></span> <span class='ocrx_word' id='word_1_494' title='bbox 991 1568 1080 1595; x_wconf 88' lang='lat' dir='ltr'><strong>ebrie-</strong></span> 
     </span>
    </p>
   </div>
   <div class='ocr_carea' id='block_1_63' title="bbox 1132 1564 1924 1602">
    <p class='ocr_par' dir='ltr' id='par_1_63' title="bbox 1133 1564 1924 1602">
     <span class='ocr_line' id='line_1_63' title="bbox 1133 1564 1924 1602; baseline 0.001 -9"><span class='ocrx_word' id='word_1_495' title='bbox 1133 1567 1233 1598; x_wconf 80' lang='grc' dir='ltr'>πάντες</span> <span class='ocrx_word' id='word_1_496' title='bbox 1247 1567 1272 1593; x_wconf 86' lang='grc' dir='ltr'><strong>οί</strong></span> <span class='ocrx_word' id='word_1_497' title='bbox 1291 1566 1414 1598; x_wconf 84' lang='grc' dir='ltr'>πίνοντες</span> <span class='ocrx_word' id='word_1_498' title='bbox 1431 1564 1502 1593; x_wconf 81' lang='grc' dir='ltr'>οἶνον</span> <span class='ocrx_word' id='word_1_499' title='bbox 1524 1568 1564 1599; x_wconf 82' lang='grc' dir='ltr'><strong>είς</strong></span> <span class='ocrx_word' id='word_1_500' title='bbox 1589 1567 1682 1602; x_wconf 82' lang='grc' dir='ltr'>μέθην.</span> <span class='ocrx_word' id='word_1_501' title='bbox 1695 1577 1704 1593; x_wconf 78' lang='grc' dir='ltr'><strong>ι</strong></span> <span class='ocrx_word' id='word_1_502' title='bbox 1736 1567 1851 1594; x_wconf 77' lang='grc' dir='ltr'>κλαίειν</span> <span class='ocrx_word' id='word_1_503' title='bbox 1877 1569 1924 1594; x_wconf 74' lang='grc' dir='ltr'>καὶ</span> 
     </span>
    </p>
   </div>
   <div class='ocr_carea' id='block_1_64' title="bbox 291 1611 1083 1646">
    <p class='ocr_par' dir='ltr' id='par_1_64' title="bbox 291 1611 1083 1646">
     <span class='ocr_line' id='line_1_64' title="bbox 291 1611 1083 1646; baseline 0.001 -7"><span class='ocrx_word' id='word_1_504' title='bbox 291 1617 349 1644; x_wconf 85' lang='lat' dir='ltr'><strong>tas;</strong></span> <span class='ocrx_word' id='word_1_505' title='bbox 365 1611 455 1638; x_wconf 88' lang='lat' dir='ltr'><strong>omnis</strong></span> <span class='ocrx_word' id='word_1_506' title='bbox 479 1615 571 1639; x_wconf 87' lang='lat' dir='ltr'><strong>autem</strong></span> <span class='ocrx_word' id='word_1_507' title='bbox 590 1612 637 1646; x_wconf 89' lang='lat' dir='ltr'><strong>qui</strong></span> <span class='ocrx_word' id='word_1_508' title='bbox 655 1619 684 1639; x_wconf 91' lang='lat' dir='ltr'><strong>se</strong></span> <span class='ocrx_word' id='word_1_509' title='bbox 710 1612 847 1640; x_wconf 87' lang='lat' dir='ltr'><strong>immiscet</strong></span> <span class='ocrx_word' id='word_1_510' title='bbox 871 1613 925 1645; x_wconf 90' lang='lat' dir='ltr'><strong>his,</strong></span> <span class='ocrx_word' id='word_1_511' title='bbox 952 1621 1007 1640; x_wconf 93' lang='lat' dir='ltr'><strong>non</strong></span> <span class='ocrx_word' id='word_1_512' title='bbox 1030 1614 1083 1640; x_wconf 89' lang='lat' dir='ltr'><strong>erit</strong></span> 
     </span>
    </p>
   </div>
   <div class='ocr_carea' id='block_1_65' title="bbox 289 1657 1081 1694">
    <p class='ocr_par' dir='ltr' id='par_1_65' title="bbox 289 1657 1081 1694">
     <span class='ocr_line' id='line_1_65' title="bbox 289 1657 1081 1694; baseline 0.004 -11"><span class='ocrx_word' id='word_1_513' title='bbox 289 1657 401 1692; x_wconf 79' lang='lat' dir='ltr'><strong>sapiens</strong></span> <span class='ocrx_word' id='word_1_514' title='bbox 414 1658 447 1685; x_wconf 80' lang='lat'><strong>&quot;.</strong></span> <span class='ocrx_word' id='word_1_515' title='bbox 466 1667 474 1683; x_wconf 72' lang='grc' dir='ltr'><strong>ι</strong></span> <span class='ocrx_word' id='word_1_516' title='bbox 489 1657 574 1685; x_wconf 83' lang='lat' dir='ltr'><strong>Oseas</strong></span> <span class='ocrx_word' id='word_1_517' title='bbox 588 1658 734 1693; x_wconf 80' lang='lat' dir='ltr'><strong>propheta,</strong></span> <span class='ocrx_word' id='word_1_518' title='bbox 746 1659 779 1686; x_wconf 91' lang='lat' dir='ltr'><strong>de</strong></span> <span class='ocrx_word' id='word_1_519' title='bbox 791 1664 884 1686; x_wconf 85' lang='lat' dir='ltr'><strong>vetere</strong></span> <span class='ocrx_word' id='word_1_520' title='bbox 895 1659 942 1686; x_wconf 92' lang='lat' dir='ltr'><strong>illo</strong></span> <span class='ocrx_word' id='word_1_521' title='bbox 956 1660 1057 1694; x_wconf 91' lang='lat' dir='ltr'><strong>populo</strong></span> <span class='ocrx_word' id='word_1_522' title='bbox 1075 1669 1081 1686; x_wconf 88' lang='lat'><strong>:</strong></span> 
     </span>
    </p>
   </div>
   <div class='ocr_carea' id='block_1_66' title="bbox 293 1703 1078 1740">
    <p class='ocr_par' dir='ltr' id='par_1_66' title="bbox 293 1703 1078 1740">
     <span class='ocr_line' id='line_1_66' title="bbox 293 1703 1078 1740; baseline 0.001 -10"><span class='ocrx_word' id='word_1_523' title='bbox 293 1713 302 1728; x_wconf 75' lang='grc' dir='ltr'><strong>ι</strong></span> <span class='ocrx_word' id='word_1_524' title='bbox 324 1703 423 1731; x_wconf 77' lang='lat' dir='ltr'><strong>Vinum</strong></span> <span class='ocrx_word' id='word_1_525' title='bbox 438 1708 466 1731; x_wconf 90' lang='lat' dir='ltr'><strong>et</strong></span> <span class='ocrx_word' id='word_1_526' title='bbox 479 1704 645 1731; x_wconf 88' lang='lat' dir='ltr'><strong>ebrietatem</strong></span> <span class='ocrx_word' id='word_1_527' title='bbox 662 1705 771 1740; x_wconf 82' lang='lat' dir='ltr'><strong>excepit</strong></span> <span class='ocrx_word' id='word_1_528' title='bbox 787 1713 835 1732; x_wconf 92' lang='lat' dir='ltr'><strong>cor</strong></span> <span class='ocrx_word' id='word_1_529' title='bbox 847 1705 941 1740; x_wconf 90' lang='lat' dir='ltr'><strong>populi</strong></span> <span class='ocrx_word' id='word_1_530' title='bbox 955 1706 1007 1733; x_wconf 91' lang='lat' dir='ltr'><strong>mei</strong></span> <span class='ocrx_word' id='word_1_531' title='bbox 1019 1706 1053 1732; x_wconf 81' lang='grc'><strong>’⁷.</strong></span> <span class='ocrx_word' id='word_1_532' title='bbox 1069 1715 1078 1731; x_wconf 75' lang='grc' dir='ltr'><strong>ι</strong></span> 
     </span>
    </p>
   </div>
   <div class='ocr_carea' id='block_1_67' title="bbox 290 1749 1082 1786">
    <p class='ocr_par' dir='ltr' id='par_1_67' title="bbox 290 1749 1082 1786">
     <span class='ocr_line' id='line_1_67' title="bbox 290 1749 1082 1786; baseline 0.004 -10"><span class='ocrx_word' id='word_1_533' title='bbox 290 1749 373 1776; x_wconf 84' lang='lat' dir='ltr'><strong>Isaias</strong></span> <span class='ocrx_word' id='word_1_534' title='bbox 382 1749 458 1781; x_wconf 88' lang='lat' dir='ltr'><strong>item,</strong></span> <span class='ocrx_word' id='word_1_535' title='bbox 469 1749 584 1777; x_wconf 86' lang='lat' dir='ltr'><strong>miseros</strong></span> <span class='ocrx_word' id='word_1_536' title='bbox 597 1758 646 1777; x_wconf 89' lang='lat' dir='ltr'><strong>eos</strong></span> <span class='ocrx_word' id='word_1_537' title='bbox 659 1751 802 1778; x_wconf 89' lang='lat' dir='ltr'><strong>insinuans</strong></span> <span class='ocrx_word' id='word_1_538' title='bbox 810 1752 971 1786; x_wconf 89' lang='lat' dir='ltr'><strong>quidiutius</strong></span> <span class='ocrx_word' id='word_1_539' title='bbox 985 1752 1082 1780; x_wconf 87' lang='lat' dir='ltr'><strong>immo-</strong></span> 
     </span>
    </p>
   </div>
   <div class='ocr_carea' id='block_1_68' title="bbox 291 1795 1082 1833">
    <p class='ocr_par' dir='ltr' id='par_1_68' title="bbox 291 1795 1082 1833">
     <span class='ocr_line' id='line_1_68' title="bbox 291 1795 1082 1833; baseline 0.006 -12"><span class='ocrx_word' id='word_1_540' title='bbox 291 1799 387 1821; x_wconf 85' lang='lat' dir='ltr'><strong>rantur</strong></span> <span class='ocrx_word' id='word_1_541' title='bbox 395 1795 469 1828; x_wconf 86' lang='lat' dir='ltr'><strong>vino,</strong></span> <span class='ocrx_word' id='word_1_542' title='bbox 482 1795 593 1823; x_wconf 85' lang='lat' dir='ltr'><strong>dicebat</strong></span> <span class='ocrx_word' id='word_1_543' title='bbox 606 1805 613 1823; x_wconf 88' lang='lat'><strong>:</strong></span> <span class='ocrx_word' id='word_1_544' title='bbox 629 1807 638 1822; x_wconf 75' lang='grc' dir='ltr'><strong>ι</strong></span> <span class='ocrx_word' id='word_1_545' title='bbox 650 1797 694 1824; x_wconf 68' lang='lat' dir='ltr'><strong>Va:</strong></span> <span class='ocrx_word' id='word_1_546' title='bbox 711 1798 757 1832; x_wconf 89' lang='lat' dir='ltr'><strong>qui</strong></span> <span class='ocrx_word' id='word_1_547' title='bbox 769 1803 938 1833; x_wconf 73' lang='lat' dir='ltr'><strong>consurgunt</strong></span> <span class='ocrx_word' id='word_1_548' title='bbox 953 1806 1042 1830; x_wconf 82' lang='lat' dir='ltr'><strong>mane,</strong></span> <span class='ocrx_word' id='word_1_549' title='bbox 1054 1803 1082 1826; x_wconf 90' lang='lat' dir='ltr'><strong>et</strong></span> 
     </span>
    </p>
   </div>
   <div class='ocr_carea' id='block_1_69' title="bbox 290 1840 1081 1878">
    <p class='ocr_par' dir='ltr' id='par_1_69' title="bbox 290 1840 1081 1878">
     <span class='ocr_line' id='line_1_69' title="bbox 290 1840 1081 1878; baseline 0.005 -11"><span class='ocrx_word' id='word_1_550' title='bbox 290 1840 406 1868; x_wconf 84' lang='lat' dir='ltr'><strong>siceram</strong></span> <span class='ocrx_word' id='word_1_551' title='bbox 419 1846 561 1868; x_wconf 86' lang='lat' dir='ltr'><strong>sectantur</strong></span> <span class='ocrx_word' id='word_1_552' title='bbox 579 1848 722 1870; x_wconf 85' lang='lat' dir='ltr'><strong>manentes</strong></span> <span class='ocrx_word' id='word_1_553' title='bbox 735 1851 821 1878; x_wconf 89' lang='lat' dir='ltr'><strong>usque</strong></span> <span class='ocrx_word' id='word_1_554' title='bbox 833 1844 860 1871; x_wconf 88' lang='lat' dir='ltr'><strong>in</strong></span> <span class='ocrx_word' id='word_1_555' title='bbox 871 1852 973 1877; x_wconf 91' lang='lat' dir='ltr'><strong>serum,</strong></span> <span class='ocrx_word' id='word_1_556' title='bbox 986 1844 1081 1871; x_wconf 89' lang='lat' dir='ltr'><strong>vinum</strong></span> 
     </span>
    </p>
   </div>
   <div class='ocr_carea' id='block_1_70' title="bbox 290 1887 1081 1929">
    <p class='ocr_par' dir='ltr' id='par_1_70' title="bbox 290 1887 1081 1929">
     <span class='ocr_line' id='line_1_70' title="bbox 290 1887 1081 1929; baseline 0.006 -16"><span class='ocrx_word' id='word_1_557' title='bbox 290 1887 439 1914; x_wconf 83' lang='lat' dir='ltr'><strong>succendet</strong></span> <span class='ocrx_word' id='word_1_558' title='bbox 455 1895 504 1914; x_wconf 88' lang='lat' dir='ltr'><strong>eos</strong></span> <span class='ocrx_word' id='word_1_559' title='bbox 517 1888 549 1915; x_wconf 78' lang='lat'><strong>&quot;.</strong></span> <span class='ocrx_word' id='word_1_560' title='bbox 567 1898 576 1914; x_wconf 78' lang='grc' dir='ltr'><strong>ι</strong></span> <span class='ocrx_word' id='word_1_561' title='bbox 594 1889 695 1916; x_wconf 89' lang='lat' dir='ltr'><strong>lterum</strong></span> <span class='ocrx_word' id='word_1_562' title='bbox 710 1889 769 1916; x_wconf 87' lang='lat' dir='ltr'><strong>.loel</strong></span> <span class='ocrx_word' id='word_1_563' title='bbox 785 1890 862 1929; x_wconf 31' lang='lat' dir='ltr'><strong>\nihil</strong></span> <span class='ocrx_word' id='word_1_564' title='bbox 884 1891 949 1917; x_wconf 88' lang='lat' dir='ltr'><strong>huic</strong></span> <span class='ocrx_word' id='word_1_565' title='bbox 972 1890 1081 1917; x_wconf 88' lang='lat' dir='ltr'><strong>dissen-</strong></span> 
     </span>
    </p>
   </div>
   <div class='ocr_carea' id='block_1_71' title="bbox 291 1933 1082 1969">
    <p class='ocr_par' dir='ltr' id='par_1_71' title="bbox 291 1933 1082 1969">
     <span class='ocr_line' id='line_1_71' title="bbox 291 1933 1082 1969; baseline 0.008 -11"><span class='ocrx_word' id='word_1_566' title='bbox 291 1936 388 1960; x_wconf 87' lang='lat' dir='ltr'><strong>taneus</strong></span> <span class='ocrx_word' id='word_1_567' title='bbox 402 1933 503 1960; x_wconf 89' lang='lat' dir='ltr'><strong>clamat</strong></span> <span class='ocrx_word' id='word_1_568' title='bbox 517 1942 524 1961; x_wconf 90' lang='lat'><strong>:</strong></span> <span class='ocrx_word' id='word_1_569' title='bbox 541 1943 550 1959; x_wconf 75' lang='grc' dir='ltr'><strong>ι</strong></span> <span class='ocrx_word' id='word_1_570' title='bbox 571 1934 706 1969; x_wconf 74' lang='lat' dir='ltr'><strong>Evigilate</strong></span> <span class='ocrx_word' id='word_1_571' title='bbox 726 1935 796 1963; x_wconf 89' lang='lat' dir='ltr'><strong>ebrii</strong></span> <span class='ocrx_word' id='word_1_572' title='bbox 815 1944 830 1963; x_wconf 86' lang='lat' dir='ltr'><strong>a</strong></span> <span class='ocrx_word' id='word_1_573' title='bbox 844 1936 919 1969; x_wconf 90' lang='lat' dir='ltr'><strong>vino,</strong></span> <span class='ocrx_word' id='word_1_574' title='bbox 934 1936 995 1964; x_wconf 83' lang='lat' dir='ltr'><strong>ﬂete</strong></span> <span class='ocrx_word' id='word_1_575' title='bbox 1018 1944 1082 1964; x_wconf 88' lang='lat' dir='ltr'><strong>vos-</strong></span> 
     </span>
    </p>
   </div>
   <div class='ocr_carea' id='block_1_72' title="bbox 291 1978 1081 2015">
    <p class='ocr_par' dir='ltr' id='par_1_72' title="bbox 291 1978 1081 2015">
     <span class='ocr_line' id='line_1_72' title="bbox 291 1978 1081 2015; baseline 0.006 -10"><span class='ocrx_word' id='word_1_576' title='bbox 291 1978 375 2013; x_wconf 87' lang='lat' dir='ltr'><strong>ipsos,</strong></span> <span class='ocrx_word' id='word_1_577' title='bbox 391 1984 419 2006; x_wconf 89' lang='lat' dir='ltr'><strong>et</strong></span> <span class='ocrx_word' id='word_1_578' title='bbox 433 1979 524 2014; x_wconf 82' lang='lat' dir='ltr'><strong>lugete</strong></span> <span class='ocrx_word' id='word_1_579' title='bbox 552 1987 649 2007; x_wconf 89' lang='lat' dir='ltr'><strong>omnes</strong></span> <span class='ocrx_word' id='word_1_580' title='bbox 663 1981 711 2015; x_wconf 89' lang='lat' dir='ltr'><strong>qui</strong></span> <span class='ocrx_word' id='word_1_581' title='bbox 725 1981 819 2009; x_wconf 86' lang='lat' dir='ltr'><strong>bibitis</strong></span> <span class='ocrx_word' id='word_1_582' title='bbox 835 1982 928 2009; x_wconf 89' lang='lat' dir='ltr'><strong>vinum</strong></span> <span class='ocrx_word' id='word_1_583' title='bbox 943 1983 977 2010; x_wconf 86' lang='lat' dir='ltr'><strong>ad</strong></span> <span class='ocrx_word' id='word_1_584' title='bbox 992 1983 1081 2010; x_wconf 86' lang='lat' dir='ltr'><strong>ebrie-</strong></span> 
     </span>
    </p>
   </div>
   <div class='ocr_carea' id='block_1_73' title="bbox 292 2026 1080 2062">
    <p class='ocr_par' dir='ltr' id='par_1_73' title="bbox 292 2026 1080 2062">
     <span class='ocr_line' id='line_1_73' title="bbox 292 2026 1080 2062; baseline 0.006 -10"><span class='ocrx_word' id='word_1_585' title='bbox 292 2030 375 2052; x_wconf 87' lang='lat' dir='ltr'><strong>tatem</strong></span> <span class='ocrx_word' id='word_1_586' title='bbox 387 2026 420 2051; x_wconf 82' lang='lat'><strong>&quot;.</strong></span> <span class='ocrx_word' id='word_1_587' title='bbox 437 2036 445 2051; x_wconf 75' lang='grc' dir='ltr'><strong>ι</strong></span> <span class='ocrx_word' id='word_1_588' title='bbox 464 2026 542 2053; x_wconf 82' lang='lat' dir='ltr'><strong>Flere</strong></span> <span class='ocrx_word' id='word_1_589' title='bbox 554 2027 627 2053; x_wconf 86' lang='lat' dir='ltr'><strong>enim</strong></span> <span class='ocrx_word' id='word_1_590' title='bbox 639 2031 668 2054; x_wconf 90' lang='lat' dir='ltr'><strong>et</strong></span> <span class='ocrx_word' id='word_1_591' title='bbox 680 2027 773 2062; x_wconf 83' lang='lat' dir='ltr'><strong>lugere</strong></span> <span class='ocrx_word' id='word_1_592' title='bbox 788 2028 971 2056; x_wconf 87' lang='lat' dir='ltr'><strong>constitutum</strong></span> <span class='ocrx_word' id='word_1_593' title='bbox 983 2033 1025 2056; x_wconf 87' lang='lat' dir='ltr'><strong>est</strong></span> <span class='ocrx_word' id='word_1_594' title='bbox 1037 2029 1080 2057; x_wconf 87' lang='lat' dir='ltr'><strong>his</strong></span> 
     </span>
    </p>
   </div>
   <div class='ocr_carea' id='block_1_74' title="bbox 290 2071 1079 2108">
    <p class='ocr_par' dir='ltr' id='par_1_74' title="bbox 290 2071 1079 2108">
     <span class='ocr_line' id='line_1_74' title="bbox 290 2071 1079 2108; baseline 0.008 -11"><span class='ocrx_word' id='word_1_595' title='bbox 290 2071 338 2105; x_wconf 90' lang='lat' dir='ltr'><strong>qui</strong></span> <span class='ocrx_word' id='word_1_596' title='bbox 361 2071 481 2099; x_wconf 80' lang='lat' dir='ltr'><strong>artiﬁces</strong></span> <span class='ocrx_word' id='word_1_597' title='bbox 496 2077 561 2099; x_wconf 92' lang='lat' dir='ltr'><strong>sunt</strong></span> <span class='ocrx_word' id='word_1_598' title='bbox 577 2077 605 2099; x_wconf 90' lang='lat' dir='ltr'><strong>et</strong></span> <span class='ocrx_word' id='word_1_599' title='bbox 619 2073 740 2108; x_wconf 85' lang='lat' dir='ltr'><strong>operarii</strong></span> <span class='ocrx_word' id='word_1_600' title='bbox 757 2074 925 2102; x_wconf 79' lang='lat' dir='ltr'><strong>vinolentize.</strong></span> <span class='ocrx_word' id='word_1_601' title='bbox 943 2075 990 2102; x_wconf 84' lang='lat' dir='ltr'><strong>Est</strong></span> <span class='ocrx_word' id='word_1_602' title='bbox 1005 2076 1079 2103; x_wconf 88' lang='lat' dir='ltr'><strong>enim</strong></span> 
     </span>
    </p>
   </div>
   <div class='ocr_carea' id='block_1_75' title="bbox 290 2117 1079 2154">
    <p class='ocr_par' dir='ltr' id='par_1_75' title="bbox 290 2117 1079 2154">
     <span class='ocr_line' id='line_1_75' title="bbox 290 2117 1079 2154; baseline 0.006 -11"><span class='ocrx_word' id='word_1_603' title='bbox 290 2117 413 2144; x_wconf 81' lang='lat' dir='ltr'><strong>ebrietas</strong></span> <span class='ocrx_word' id='word_1_604' title='bbox 435 2117 532 2144; x_wconf 84' lang='lat' dir='ltr'><strong>vitium</strong></span> <span class='ocrx_word' id='word_1_605' title='bbox 550 2117 611 2145; x_wconf 85' lang='lat' dir='ltr'><strong>istis</strong></span> <span class='ocrx_word' id='word_1_606' title='bbox 634 2119 773 2153; x_wconf 89' lang='lat' dir='ltr'><strong>peculiare</strong></span> <span class='ocrx_word' id='word_1_607' title='bbox 794 2120 840 2154; x_wconf 89' lang='lat' dir='ltr'><strong>qui</strong></span> <span class='ocrx_word' id='word_1_608' title='bbox 862 2120 978 2154; x_wconf 91' lang='lat' dir='ltr'><strong>pessime</strong></span> <span class='ocrx_word' id='word_1_609' title='bbox 994 2121 1079 2148; x_wconf 90' lang='lat' dir='ltr'><strong>vitam</strong></span> 
     </span>
    </p>
   </div>
   <div class='ocr_carea' id='block_1_76' title="bbox 291 2161 1080 2200">
    <p class='ocr_par' dir='ltr' id='par_1_76' title="bbox 291 2161 1080 2200">
     <span class='ocr_line' id='line_1_76' title="bbox 291 2161 1080 2200; baseline 0.009 -12"><span class='ocrx_word' id='word_1_610' title='bbox 291 2161 363 2189; x_wconf 90' lang='lat' dir='ltr'><strong>hanc</strong></span> <span class='ocrx_word' id='word_1_611' title='bbox 382 2163 583 2195; x_wconf 78' lang='lat' dir='ltr'><strong>transmittunt.</strong></span> <span class='ocrx_word' id='word_1_612' title='bbox 609 2168 638 2190; x_wconf 88' lang='lat' dir='ltr'><strong>et</strong></span> <span class='ocrx_word' id='word_1_613' title='bbox 658 2171 673 2190; x_wconf 87' lang='lat' dir='ltr'><strong>a</strong></span> <span class='ocrx_word' id='word_1_614' title='bbox 694 2164 860 2192; x_wconf 88' lang='lat' dir='ltr'><strong>rectitudine</strong></span> <span class='ocrx_word' id='word_1_615' title='bbox 883 2165 910 2192; x_wconf 83' lang='lat' dir='ltr'><strong>in</strong></span> <span class='ocrx_word' id='word_1_616' title='bbox 936 2166 1080 2200; x_wconf 89' lang='lat' dir='ltr'><strong>pudendos</strong></span> 
     </span>
    </p>
   </div>
   <div class='ocr_carea' id='block_1_77' title="bbox 290 2209 1077 2247">
    <p class='ocr_par' dir='ltr' id='par_1_77' title="bbox 290 2209 1077 2247">
     <span class='ocr_line' id='line_1_77' title="bbox 290 2209 1077 2247; baseline 0.006 -12"><span class='ocrx_word' id='word_1_617' title='bbox 290 2216 400 2236; x_wconf 86' lang='lat' dir='ltr'><strong>errores</strong></span> <span class='ocrx_word' id='word_1_618' title='bbox 416 2209 596 2242; x_wconf 82' lang='lat' dir='ltr'><strong>deﬂexerunt,</strong></span> <span class='ocrx_word' id='word_1_619' title='bbox 622 2210 665 2237; x_wconf 86' lang='lat' dir='ltr'><strong>vel</strong></span> <span class='ocrx_word' id='word_1_620' title='bbox 691 2214 760 2238; x_wconf 85' lang='lat' dir='ltr'><strong>teste</strong></span> <span class='ocrx_word' id='word_1_621' title='bbox 783 2211 846 2243; x_wconf 79' lang='lat' dir='ltr'><strong>.lob,</strong></span> <span class='ocrx_word' id='word_1_622' title='bbox 872 2211 920 2246; x_wconf 90' lang='lat' dir='ltr'><strong>qui</strong></span> <span class='ocrx_word' id='word_1_623' title='bbox 945 2214 1077 2247; x_wconf 88' lang='lat' dir='ltr'><strong>quosdam</strong></span> 
     </span>
    </p>
   </div>
   <div class='ocr_carea' id='block_1_78' title="bbox 1135 1612 1923 1648">
    <p class='ocr_par' dir='ltr' id='par_1_78' title="bbox 1135 1612 1923 1648">
     <span class='ocr_line' id='line_1_78' title="bbox 1135 1612 1923 1648; baseline 0 -9"><span class='ocrx_word' id='word_1_624' title='bbox 1135 1612 1245 1648; x_wconf 84' lang='grc' dir='ltr'>θρηνεῖν</span> <span class='ocrx_word' id='word_1_625' title='bbox 1267 1613 1468 1648; x_wconf 78' lang='grc' dir='ltr'>προστέτακται</span> <span class='ocrx_word' id='word_1_626' title='bbox 1491 1614 1549 1644; x_wconf 81' lang='grc' dir='ltr'>τοῖς</span> <span class='ocrx_word' id='word_1_627' title='bbox 1579 1613 1630 1648; x_wconf 78' lang='grc' dir='ltr'>τῆς</span> <span class='ocrx_word' id='word_1_628' title='bbox 1650 1612 1826 1647; x_wconf 77' lang='grc' dir='ltr'>οίνοφλυγίας</span> <span class='ocrx_word' id='word_1_629' title='bbox 1858 1614 1923 1648; x_wconf 73' lang='grc' dir='ltr'>ἐρει-</span> 
     </span>
    </p>
   </div>
   <div class='ocr_carea' id='block_1_79' title="bbox 1135 1659 1922 1694">
    <p class='ocr_par' dir='ltr' id='par_1_79' title="bbox 1135 1659 1922 1694">
     <span class='ocr_line' id='line_1_79' title="bbox 1135 1659 1922 1694; baseline -0.004 -8"><span class='ocrx_word' id='word_1_630' title='bbox 1135 1661 1221 1691; x_wconf 84' lang='grc' dir='ltr'>σταίς.</span> <span class='ocrx_word' id='word_1_631' title='bbox 1247 1660 1302 1685; x_wconf 79' lang='grc' dir='ltr'><strong>Καὶ</strong></span> <span class='ocrx_word' id='word_1_632' title='bbox 1324 1659 1378 1693; x_wconf 81' lang='grc' dir='ltr'>γὰρ</span> <span class='ocrx_word' id='word_1_633' title='bbox 1400 1659 1509 1694; x_wconf 79' lang='grc' dir='ltr'>ἀληθῶς</span> <span class='ocrx_word' id='word_1_634' title='bbox 1526 1659 1579 1686; x_wconf 86' lang='grc' dir='ltr'><strong>τῶν</strong></span> <span class='ocrx_word' id='word_1_635' title='bbox 1595 1659 1743 1694; x_wconf 74' lang='grc' dir='ltr'>αἰσχίστων</span> <span class='ocrx_word' id='word_1_636' title='bbox 1770 1659 1922 1694; x_wconf 80' lang='grc' dir='ltr'>ἀνθρώπων</span> 
     </span>
    </p>
   </div>
   <div class='ocr_carea' id='block_1_80' title="bbox 1133 1705 1922 1741">
    <p class='ocr_par' dir='ltr' id='par_1_80' title="bbox 1133 1705 1922 1741">
     <span class='ocr_line' id='line_1_80' title="bbox 1133 1705 1922 1741; baseline 0 -9"><span class='ocrx_word' id='word_1_637' title='bbox 1133 1705 1206 1732; x_wconf 76' lang='grc' dir='ltr'>ἐστὶν</span> <span class='ocrx_word' id='word_1_638' title='bbox 1225 1706 1242 1741; x_wconf 86' lang='grc' dir='ltr'>ὴ</span> <span class='ocrx_word' id='word_1_639' title='bbox 1258 1705 1348 1740; x_wconf 68' lang='grc' dir='ltr'>ιμὲθη,</span> <span class='ocrx_word' id='word_1_640' title='bbox 1372 1705 1418 1732; x_wconf 82' lang='grc' dir='ltr'>καὶ</span> <span class='ocrx_word' id='word_1_641' title='bbox 1446 1705 1676 1740; x_wconf 83' lang='grc' dir='ltr'>πεπλανημένων,</span> <span class='ocrx_word' id='word_1_642' title='bbox 1693 1706 1731 1737; x_wconf 85' lang='grc' dir='ltr'>ὼς</span> <span class='ocrx_word' id='word_1_643' title='bbox 1744 1707 1758 1732; x_wconf 85' lang='grc' dir='ltr'><strong><em>ὸ</em></strong></span> <span class='ocrx_word' id='word_1_644' title='bbox 1781 1706 1843 1732; x_wconf 81' lang='grc' dir='ltr'><strong>Ἰὼσ</strong></span> <span class='ocrx_word' id='word_1_645' title='bbox 1873 1706 1922 1733; x_wconf 76' lang='grc' dir='ltr'>ύπὸ</span> 
     </span>
    </p>
   </div>
   <div class='ocr_carea' id='block_1_81' title="bbox 1133 1750 1923 1786">
    <p class='ocr_par' dir='ltr' id='par_1_81' title="bbox 1133 1750 1923 1786">
     <span class='ocr_line' id='line_1_81' title="bbox 1133 1750 1923 1786; baseline -0.001 -8"><span class='ocrx_word' id='word_1_646' title='bbox 1133 1760 1215 1778; x_wconf 85' lang='grc' dir='ltr'>τινων</span> <span class='ocrx_word' id='word_1_647' title='bbox 1233 1751 1427 1785; x_wconf 78' lang='grc' dir='ltr'>κατεχόμενος,</span> <span class='ocrx_word' id='word_1_648' title='bbox 1453 1750 1538 1785; x_wconf 84' lang='grc' dir='ltr'>φησί·</span> <span class='ocrx_word' id='word_1_649' title='bbox 1561 1760 1569 1776; x_wconf 78' lang='grc' dir='ltr'><strong>ε</strong></span> <span class='ocrx_word' id='word_1_650' title='bbox 1584 1750 1791 1786; x_wconf 83' lang='grc' dir='ltr'>Πλανηθείησαν</span> <span class='ocrx_word' id='word_1_651' title='bbox 1812 1752 1853 1782; x_wconf 84' lang='grc' dir='ltr'>ὡς</span> <span class='ocrx_word' id='word_1_652' title='bbox 1877 1760 1923 1786; x_wconf 81' lang='grc' dir='ltr'>με-</span> 
     </span>
    </p>
   </div>
   <div class='ocr_carea' id='block_1_82' title="bbox 1133 1797 1921 1832">
    <p class='ocr_par' dir='ltr' id='par_1_82' title="bbox 1133 1797 1921 1832">
     <span class='ocr_line' id='line_1_82' title="bbox 1133 1797 1921 1832; baseline -0.001 -7"><span class='ocrx_word' id='word_1_653' title='bbox 1133 1797 1216 1825; x_wconf 85' lang='grc' dir='ltr'>θύων.</span> <span class='ocrx_word' id='word_1_654' title='bbox 1233 1807 1242 1823; x_wconf 76' lang='grc' dir='ltr'><strong>ι</strong></span> <span class='ocrx_word' id='word_1_655' title='bbox 1263 1798 1294 1824; x_wconf 79' lang='lat' dir='ltr'><strong>0i</strong></span> <span class='ocrx_word' id='word_1_656' title='bbox 1309 1797 1337 1824; x_wconf 80' lang='grc' dir='ltr'><strong>δὲ</strong></span> <span class='ocrx_word' id='word_1_657' title='bbox 1359 1797 1468 1832; x_wconf 83' lang='grc' dir='ltr'>σεμνῶς</span> <span class='ocrx_word' id='word_1_658' title='bbox 1481 1797 1640 1832; x_wconf 84' lang='grc' dir='ltr'>βουλόμενοι</span> <span class='ocrx_word' id='word_1_659' title='bbox 1657 1797 1859 1830; x_wconf 80' lang='grc' dir='ltr'>πολιτεύεσθαι,</span> <span class='ocrx_word' id='word_1_660' title='bbox 1878 1798 1921 1824; x_wconf 75' lang='grc' dir='ltr'>καὶ</span> 
     </span>
    </p>
   </div>
   <div class='ocr_carea' id='block_1_83' title="bbox 1131 1842 1922 1879">
    <p class='ocr_par' dir='ltr' id='par_1_83' title="bbox 1131 1842 1922 1879">
     <span class='ocr_line' id='line_1_83' title="bbox 1131 1842 1922 1879; baseline 0 -10"><span class='ocrx_word' id='word_1_661' title='bbox 1131 1845 1165 1879; x_wconf 83' lang='grc' dir='ltr'><strong>τῇ</strong></span> <span class='ocrx_word' id='word_1_662' title='bbox 1182 1843 1276 1878; x_wconf 84' lang='grc' dir='ltr'>εὐθείᾳ</span> <span class='ocrx_word' id='word_1_663' title='bbox 1300 1843 1353 1878; x_wconf 79' lang='grc' dir='ltr'>6δῷ</span> <span class='ocrx_word' id='word_1_664' title='bbox 1379 1842 1508 1874; x_wconf 80' lang='grc' dir='ltr'>ἀπλανῶς</span> <span class='ocrx_word' id='word_1_665' title='bbox 1537 1843 1687 1877; x_wconf 80' lang='grc' dir='ltr'>βαδίζουσι,</span> <span class='ocrx_word' id='word_1_666' title='bbox 1709 1843 1857 1875; x_wconf 80' lang='grc' dir='ltr'>ἀκούοντες</span> <span class='ocrx_word' id='word_1_667' title='bbox 1877 1843 1922 1870; x_wconf 69' lang='grc' dir='ltr'>τοῦ</span> 
     </span>
    </p>
   </div>
   <div class='ocr_carea' id='block_1_84' title="bbox 1138 1888 1923 1924">
    <p class='ocr_par' dir='ltr' id='par_1_84' title="bbox 1138 1888 1923 1924">
     <span class='ocr_line' id='line_1_84' title="bbox 1138 1888 1923 1924; baseline -0.003 -8"><span class='ocrx_word' id='word_1_668' title='bbox 1138 1889 1316 1921; x_wconf 80' lang='grc' dir='ltr'>Ἀποστόλου,</span> <span class='ocrx_word' id='word_1_669' title='bbox 1340 1889 1467 1923; x_wconf 83' lang='grc' dir='ltr'>λέγοντος</span> <span class='ocrx_word' id='word_1_670' title='bbox 1481 1896 1489 1903; x_wconf 90' lang='grc'><strong>·</strong></span> <span class='ocrx_word' id='word_1_671' title='bbox 1511 1899 1521 1915; x_wconf 77' lang='grc' dir='ltr'><strong>ι</strong></span> <span class='ocrx_word' id='word_1_672' title='bbox 1535 1888 1581 1923; x_wconf 86' lang='grc' dir='ltr'><strong>Μὴ</strong></span> <span class='ocrx_word' id='word_1_673' title='bbox 1617 1888 1785 1924; x_wconf 79' lang='grc' dir='ltr'>μεθύσκεσθε</span> <span class='ocrx_word' id='word_1_674' title='bbox 1805 1888 1870 1922; x_wconf 72' lang='grc' dir='ltr'>οἴνῳ</span> <span class='ocrx_word' id='word_1_675' title='bbox 1894 1890 1923 1914; x_wconf 81' lang='grc' dir='ltr'>ἐν</span> 
     </span>
    </p>
   </div>
   <div class='ocr_carea' id='block_1_85' title="bbox 1131 1932 1924 1970">
    <p class='ocr_par' dir='ltr' id='par_1_85' title="bbox 1131 1932 1924 1970">
     <span class='ocr_line' id='line_1_85' title="bbox 1131 1932 1924 1970; baseline -0.004 -8"><span class='ocrx_word' id='word_1_676' title='bbox 1131 1932 1154 1970; x_wconf 84' lang='grc' dir='ltr'><strong>ᾦ</strong></span> <span class='ocrx_word' id='word_1_677' title='bbox 1166 1936 1241 1962; x_wconf 76' lang='grc' dir='ltr'>ἐστιν</span> <span class='ocrx_word' id='word_1_678' title='bbox 1259 1936 1372 1962; x_wconf 79' lang='grc' dir='ltr'>ἀσωτία.</span> <span class='ocrx_word' id='word_1_679' title='bbox 1385 1945 1394 1961; x_wconf 77' lang='grc' dir='ltr'><strong>ι</strong></span> <span class='ocrx_word' id='word_1_680' title='bbox 1420 1935 1476 1961; x_wconf 78' lang='grc' dir='ltr'><strong>Καὶ</strong></span> <span class='ocrx_word' id='word_1_681' title='bbox 1503 1935 1587 1961; x_wconf 75' lang='grc' dir='ltr'>πάλιν</span> <span class='ocrx_word' id='word_1_682' title='bbox 1598 1943 1606 1950; x_wconf 88' lang='grc'><strong>·</strong></span> <span class='ocrx_word' id='word_1_683' title='bbox 1625 1934 1767 1961; x_wconf 83' lang='grc' dir='ltr'>(Μέθυσοι</span> <span class='ocrx_word' id='word_1_684' title='bbox 1783 1933 1924 1969; x_wconf 77' lang='grc' dir='ltr'>βασιλείαν</span> 
     </span>
    </p>
   </div>
   <div class='ocr_carea' id='block_1_86' title="bbox 1131 1979 1923 2016">
    <p class='ocr_par' dir='ltr' id='par_1_86' title="bbox 1131 1979 1923 2016">
     <span class='ocr_line' id='line_1_86' title="bbox 1131 1979 1923 2016; baseline -0.005 -7"><span class='ocrx_word' id='word_1_685' title='bbox 1131 1982 1201 2009; x_wconf 81' lang='grc' dir='ltr'>Θεοῦ</span> <span class='ocrx_word' id='word_1_686' title='bbox 1229 1982 1259 2008; x_wconf 83' lang='grc' dir='ltr'>οὺ</span> <span class='ocrx_word' id='word_1_687' title='bbox 1284 1981 1547 2016; x_wconf 80' lang='grc' dir='ltr'>κληρονομήσουσιν.</span> <span class='ocrx_word' id='word_1_688' title='bbox 1562 1989 1571 2006; x_wconf 76' lang='grc' dir='ltr'><strong>ι</strong></span> <span class='ocrx_word' id='word_1_689' title='bbox 1596 1979 1651 2006; x_wconf 79' lang='grc' dir='ltr'><strong>Καὶ</strong></span> <span class='ocrx_word' id='word_1_690' title='bbox 1673 1979 1714 2011; x_wconf 80' lang='grc' dir='ltr'><strong>τὸ,</strong></span> <span class='ocrx_word' id='word_1_691' title='bbox 1735 1988 1745 2005; x_wconf 73' lang='grc' dir='ltr'><strong>ι</strong></span> <span class='ocrx_word' id='word_1_692' title='bbox 1764 1979 1799 2006; x_wconf 85' lang='grc' dir='ltr'><strong>Ἡ</strong></span> <span class='ocrx_word' id='word_1_693' title='bbox 1816 1987 1923 2006; x_wconf 83' lang='grc' dir='ltr'>σπατα-</span> 
     </span>
    </p>
   </div>
   <div class='ocr_carea' id='block_1_87' title="bbox 1131 2024 1923 2062">
    <p class='ocr_par' dir='ltr' id='par_1_87' title="bbox 1131 2024 1923 2062">
     <span class='ocr_line' id='line_1_87' title="bbox 1131 2024 1923 2062; baseline -0.005 -8"><span class='ocrx_word' id='word_1_694' title='bbox 1131 2027 1206 2054; x_wconf 85' lang='grc' dir='ltr'>λῶσα</span> <span class='ocrx_word' id='word_1_695' title='bbox 1229 2028 1311 2062; x_wconf 86' lang='grc' dir='ltr'>χήρα,</span> <span class='ocrx_word' id='word_1_696' title='bbox 1325 2025 1400 2058; x_wconf 82' lang='grc' dir='ltr'>ζῶσα</span> <span class='ocrx_word' id='word_1_697' title='bbox 1422 2026 1565 2061; x_wconf 78' lang='grc' dir='ltr'>τέθνηκεν.</span> <span class='ocrx_word' id='word_1_698' title='bbox 1579 2034 1588 2051; x_wconf 76' lang='grc' dir='ltr'><strong>ι</strong></span> <span class='ocrx_word' id='word_1_699' title='bbox 1616 2025 1672 2051; x_wconf 78' lang='grc' dir='ltr'><strong>Καὶ</strong></span> <span class='ocrx_word' id='word_1_700' title='bbox 1699 2024 1821 2058; x_wconf 74' lang='grc' dir='ltr'>ἐπάγεισ</span> <span class='ocrx_word' id='word_1_701' title='bbox 1856 2025 1923 2051; x_wconf 75' lang='grc' dir='ltr'><strong>«Διά</strong></span> 
     </span>
    </p>
   </div>
   <div class='ocr_carea' id='block_1_88' title="bbox 1130 2071 1922 2110">
    <p class='ocr_par' dir='ltr' id='par_1_88' title="bbox 1130 2071 1922 2110">
     <span class='ocr_line' id='line_1_88' title="bbox 1130 2071 1922 2110; baseline -0.006 -8"><span class='ocrx_word' id='word_1_702' title='bbox 1130 2075 1211 2102; x_wconf 82' lang='grc' dir='ltr'>τοῦτο</span> <span class='ocrx_word' id='word_1_703' title='bbox 1226 2075 1262 2110; x_wconf 86' lang='grc' dir='ltr'>μὴ</span> <span class='ocrx_word' id='word_1_704' title='bbox 1272 2073 1380 2108; x_wconf 82' lang='grc' dir='ltr'>γίνεσθε</span> <span class='ocrx_word' id='word_1_705' title='bbox 1396 2073 1524 2108; x_wconf 78' lang='grc' dir='ltr'>ἄφρονες,</span> <span class='ocrx_word' id='word_1_706' title='bbox 1539 2071 1607 2099; x_wconf 81' lang='grc' dir='ltr'><strong>ἀλλὰ</strong></span> <span class='ocrx_word' id='word_1_707' title='bbox 1620 2071 1724 2098; x_wconf 83' lang='grc' dir='ltr'>συνίετε</span> <span class='ocrx_word' id='word_1_708' title='bbox 1737 2071 1763 2098; x_wconf 89' lang='grc' dir='ltr'><strong>τί</strong></span> <span class='ocrx_word' id='word_1_709' title='bbox 1772 2071 1803 2098; x_wconf 76' lang='grc' dir='ltr'><strong>τὸ</strong></span> <span class='ocrx_word' id='word_1_710' title='bbox 1817 2071 1922 2107; x_wconf 76' lang='grc' dir='ltr'>θέλημα</span> 
     </span>
    </p>
   </div>
   <div class='ocr_carea' id='block_1_89' title="bbox 1130 2117 1922 2154">
    <p class='ocr_par' dir='ltr' id='par_1_89' title="bbox 1130 2117 1922 2154">
     <span class='ocr_line' id='line_1_89' title="bbox 1130 2117 1922 2154; baseline -0.004 -7"><span class='ocrx_word' id='word_1_711' title='bbox 1130 2121 1177 2148; x_wconf 82' lang='grc' dir='ltr'>τοῦ</span> <span class='ocrx_word' id='word_1_712' title='bbox 1188 2120 1266 2148; x_wconf 83' lang='grc' dir='ltr'>Θεοῦ.</span> <span class='ocrx_word' id='word_1_713' title='bbox 1281 2129 1291 2145; x_wconf 84' lang='grc'><strong>›</strong></span> <span class='ocrx_word' id='word_1_714' title='bbox 1308 2120 1400 2147; x_wconf 80' lang='grc' dir='ltr'>Πάντα</span> <span class='ocrx_word' id='word_1_715' title='bbox 1415 2119 1470 2154; x_wconf 81' lang='grc' dir='ltr'>γὰρ</span> <span class='ocrx_word' id='word_1_716' title='bbox 1484 2119 1517 2145; x_wconf 85' lang='grc' dir='ltr'>τὰ</span> <span class='ocrx_word' id='word_1_717' title='bbox 1530 2118 1632 2153; x_wconf 81' lang='grc' dir='ltr'>αἰσχρὰ</span> <span class='ocrx_word' id='word_1_718' title='bbox 1645 2117 1716 2153; x_wconf 82' lang='grc' dir='ltr'>πάθη</span> <span class='ocrx_word' id='word_1_719' title='bbox 1732 2119 1764 2144; x_wconf 78' lang='grc' dir='ltr'>ὲκ</span> <span class='ocrx_word' id='word_1_720' title='bbox 1773 2119 1825 2153; x_wconf 86' lang='grc' dir='ltr'>τῆς</span> <span class='ocrx_word' id='word_1_721' title='bbox 1836 2118 1922 2153; x_wconf 74' lang='grc' dir='ltr'>μέθης</span> 
     </span>
    </p>
   </div>
   <div class='ocr_carea' id='block_1_90' title="bbox 1130 2163 1920 2201">
    <p class='ocr_par' dir='ltr' id='par_1_90' title="bbox 1130 2163 1920 2201">
     <span class='ocr_line' id='line_1_90' title="bbox 1130 2163 1920 2201; baseline -0.006 -7"><span class='ocrx_word' id='word_1_722' title='bbox 1130 2167 1309 2201; x_wconf 82' lang='grc' dir='ltr'>ἀναφύονται·</span> <span class='ocrx_word' id='word_1_723' title='bbox 1339 2168 1376 2197; x_wconf 81' lang='grc' dir='ltr'>ὡς</span> <span class='ocrx_word' id='word_1_724' title='bbox 1391 2166 1438 2192; x_wconf 78' lang='grc' dir='ltr'>καὶ</span> <span class='ocrx_word' id='word_1_725' title='bbox 1454 2164 1538 2192; x_wconf 77' lang='grc' dir='ltr'><strong>Δαόίδ</strong></span> <span class='ocrx_word' id='word_1_726' title='bbox 1553 2171 1653 2198; x_wconf 83' lang='grc' dir='ltr'>φησιν’</span> <span class='ocrx_word' id='word_1_727' title='bbox 1671 2173 1680 2189; x_wconf 77' lang='grc' dir='ltr'><strong>ι</strong></span> <span class='ocrx_word' id='word_1_728' title='bbox 1690 2164 1748 2196; x_wconf 78' lang='grc' dir='ltr'><strong>Νὺξ</strong></span> <span class='ocrx_word' id='word_1_729' title='bbox 1770 2163 1920 2198; x_wconf 67' lang='grc' dir='ltr'>φωτισμὸς,</span> 
     </span>
    </p>
   </div>
   <div class='ocr_carea' id='block_1_91' title="bbox 1131 2207 1921 2249">
    <p class='ocr_par' dir='ltr' id='par_1_91' title="bbox 1131 2207 1921 2249">
     <span class='ocr_line' id='line_1_91' title="bbox 1131 2207 1921 2249; baseline -0.006 -9"><span class='ocrx_word' id='word_1_730' title='bbox 1131 2215 1160 2240; x_wconf 85' lang='grc' dir='ltr'>ὲν</span> <span class='ocrx_word' id='word_1_731' title='bbox 1173 2215 1208 2249; x_wconf 82' lang='grc' dir='ltr'>τῇ</span> <span class='ocrx_word' id='word_1_732' title='bbox 1224 2214 1316 2249; x_wconf 80' lang='grc' dir='ltr'>τρυφῇ</span> <span class='ocrx_word' id='word_1_733' title='bbox 1336 2220 1398 2248; x_wconf 84' lang='grc' dir='ltr'>μου,</span> <span class='ocrx_word' id='word_1_734' title='bbox 1409 2221 1419 2237; x_wconf 73' lang='grc' dir='ltr'><strong>ι</strong></span> <span class='ocrx_word' id='word_1_735' title='bbox 1437 2210 1561 2238; x_wconf 78' lang='grc' dir='ltr'>τουτέστι</span> <span class='ocrx_word' id='word_1_736' title='bbox 1573 2217 1581 2225; x_wconf 86' lang='grc'>·</span> <span class='ocrx_word' id='word_1_737' title='bbox 1603 2210 1660 2242; x_wconf 79' lang='grc' dir='ltr'><strong>Νὺξ</strong></span> <span class='ocrx_word' id='word_1_738' title='bbox 1676 2207 1710 2244; x_wconf 81' lang='grc' dir='ltr'>ἦν</span> <span class='ocrx_word' id='word_1_739' title='bbox 1724 2210 1789 2245; x_wconf 80' lang='grc' dir='ltr'>περὶ</span> <span class='ocrx_word' id='word_1_740' title='bbox 1810 2210 1862 2244; x_wconf 72' lang='grc' dir='ltr'><strong>ἐμὲ</strong></span> <span class='ocrx_word' id='word_1_741' title='bbox 1877 2210 1921 2236; x_wconf 70' lang='grc' dir='ltr'>τὸν</span> 
     </span>
    </p>
   </div>
   <div class='ocr_carea' id='block_1_92' title="bbox 291 2255 1080 2294">
    <p class='ocr_par' dir='ltr' id='par_1_92' title="bbox 291 2255 1073 2289">
     <span class='ocr_line' id='line_1_92' title="bbox 291 2255 1073 2289; baseline 0.009 -8"><span class='ocrx_word' id='word_1_742' title='bbox 291 2255 443 2289; x_wconf 84' lang='lat' dir='ltr'><strong>percellens</strong></span> <span class='ocrx_word' id='word_1_743' title='bbox 458 2256 572 2288; x_wconf 86' lang='lat' dir='ltr'><strong>acriter,</strong></span> <span class='ocrx_word' id='word_1_744' title='bbox 595 2256 662 2283; x_wconf 89' lang='lat' dir='ltr'><strong>dicit</strong></span> <span class='ocrx_word' id='word_1_745' title='bbox 680 2265 686 2283; x_wconf 88' lang='lat'><strong>:</strong></span> <span class='ocrx_word' id='word_1_746' title='bbox 708 2266 716 2281; x_wconf 73' lang='grc' dir='ltr'><strong>ι</strong></span> <span class='ocrx_word' id='word_1_747' title='bbox 734 2257 834 2284; x_wconf 89' lang='lat' dir='ltr'><strong>Errent</strong></span> <span class='ocrx_word' id='word_1_748' title='bbox 848 2258 920 2285; x_wconf 87' lang='lat' dir='ltr'><strong>sicut</strong></span> <span class='ocrx_word' id='word_1_749' title='bbox 933 2259 1004 2286; x_wconf 89' lang='lat' dir='ltr'><strong>ebrii</strong></span> <span class='ocrx_word' id='word_1_750' title='bbox 1017 2260 1049 2288; x_wconf 82' lang='lat'><strong>&#39;°.</strong></span> <span class='ocrx_word' id='word_1_751' title='bbox 1064 2271 1073 2287; x_wconf 75' lang='grc' dir='ltr'><strong>ι</strong></span> 
     </span>
    </p>
   </div>
   <div class='ocr_carea' id='block_1_93' title="bbox 1132 2255 1917 2294">
    <p class='ocr_par' dir='ltr' id='par_1_93' title="bbox 1132 2256 1917 2294">
     <span class='ocr_line' id='line_1_93' title="bbox 1132 2256 1917 2294; baseline -0.004 -8"><span class='ocrx_word' id='word_1_752' title='bbox 1132 2259 1255 2292; x_wconf 80' lang='grc' dir='ltr'>δείλαιον,</span> <span class='ocrx_word' id='word_1_753' title='bbox 1273 2259 1322 2286; x_wconf 76' lang='grc' dir='ltr'>καὶ</span> <span class='ocrx_word' id='word_1_754' title='bbox 1336 2258 1460 2293; x_wconf 61' lang='grc' dir='ltr'><strong>⁴ἠγνόουν,</strong></span> <span class='ocrx_word' id='word_1_755' title='bbox 1479 2258 1530 2294; x_wconf 85' lang='grc' dir='ltr'>τὴν</span> <span class='ocrx_word' id='word_1_756' title='bbox 1544 2258 1650 2293; x_wconf 67' lang='grc' dir='ltr'>τρυφὴν</span> <span class='ocrx_word' id='word_1_757' title='bbox 1664 2257 1751 2284; x_wconf 81' lang='grc' dir='ltr'>νύκτα</span> <span class='ocrx_word' id='word_1_758' title='bbox 1768 2256 1917 2292; x_wconf 75' lang='grc' dir='ltr'>ὀνομάζων.</span> 
     </span>
    </p>
   </div>
   <div class='ocr_carea' id='block_1_94' title="bbox 289 2300 1076 2337">
    <p class='ocr_par' dir='ltr' id='par_1_94' title="bbox 289 2300 1076 2337">
     <span class='ocr_line' id='line_1_94' title="bbox 289 2300 1076 2337; baseline 0.008 -11"><span class='ocrx_word' id='word_1_759' title='bbox 289 2300 395 2333; x_wconf 79' lang='lat' dir='ltr'><strong>Quibus</strong></span> <span class='ocrx_word' id='word_1_760' title='bbox 406 2306 497 2327; x_wconf 88' lang='lat' dir='ltr'><strong>autem</strong></span> <span class='ocrx_word' id='word_1_761' title='bbox 513 2301 589 2328; x_wconf 88' lang='lat' dir='ltr'><strong>cordi</strong></span> <span class='ocrx_word' id='word_1_762' title='bbox 601 2305 643 2328; x_wconf 88' lang='lat' dir='ltr'><strong>est</strong></span> <span class='ocrx_word' id='word_1_763' title='bbox 656 2301 755 2335; x_wconf 88' lang='lat' dir='ltr'><strong>pudice</strong></span> <span class='ocrx_word' id='word_1_764' title='bbox 766 2310 797 2329; x_wconf 89' lang='lat' dir='ltr'><strong>ac</strong></span> <span class='ocrx_word' id='word_1_765' title='bbox 810 2302 894 2337; x_wconf 87' lang='lat' dir='ltr'><strong>probe</strong></span> <span class='ocrx_word' id='word_1_766' title='bbox 906 2305 1076 2337; x_wconf 82' lang='lat' dir='ltr'><strong>conversari,</strong></span> 
     </span>
    </p>
   </div>
   <div class='ocr_carea' id='block_1_95' title="bbox 289 2345 1078 2383">
    <p class='ocr_par' dir='ltr' id='par_1_95' title="bbox 289 2345 1078 2383">
     <span class='ocr_line' id='line_1_95' title="bbox 289 2345 1078 2383; baseline 0.008 -12"><span class='ocrx_word' id='word_1_767' title='bbox 289 2345 323 2371; x_wconf 90' lang='lat' dir='ltr'><strong>ab</strong></span> <span class='ocrx_word' id='word_1_768' title='bbox 334 2345 479 2378; x_wconf 82' lang='lat' dir='ltr'><strong>ebrietate,</strong></span> <span class='ocrx_word' id='word_1_769' title='bbox 493 2346 567 2372; x_wconf 88' lang='lat' dir='ltr'><strong>onmi</strong></span> <span class='ocrx_word' id='word_1_770' title='bbox 581 2345 672 2372; x_wconf 87' lang='lat' dir='ltr'><strong>studio</strong></span> <span class='ocrx_word' id='word_1_771' title='bbox 682 2346 735 2372; x_wconf 89' lang='lat' dir='ltr'><strong>sibi</strong></span> <span class='ocrx_word' id='word_1_772' title='bbox 750 2350 903 2381; x_wconf 86' lang='lat' dir='ltr'><strong>temperant</strong></span> <span class='ocrx_word' id='word_1_773' title='bbox 913 2352 995 2383; x_wconf 90' lang='lat' dir='ltr'><strong>atque</strong></span> <span class='ocrx_word' id='word_1_774' title='bbox 1008 2349 1078 2376; x_wconf 79' lang='lat' dir='ltr'><strong>inof-</strong></span> 
     </span>
    </p>
   </div>
   <div class='ocr_carea' id='block_1_96' title="bbox 290 2391 1077 2429">
    <p class='ocr_par' dir='ltr' id='par_1_96' title="bbox 290 2391 1077 2429">
     <span class='ocr_line' id='line_1_96' title="bbox 290 2391 1077 2429; baseline 0.008 -11"><span class='ocrx_word' id='word_1_775' title='bbox 290 2391 366 2418; x_wconf 82' lang='lat' dir='ltr'><strong>fense</strong></span> <span class='ocrx_word' id='word_1_776' title='bbox 385 2400 435 2426; x_wconf 88' lang='lat' dir='ltr'><strong>per</strong></span> <span class='ocrx_word' id='word_1_777' title='bbox 460 2392 532 2418; x_wconf 82' lang='lat' dir='ltr'><strong>viam</strong></span> <span class='ocrx_word' id='word_1_778' title='bbox 557 2397 676 2426; x_wconf 77' lang='lat' dir='ltr'><strong>pergunt</strong></span> <span class='ocrx_word' id='word_1_779' title='bbox 702 2393 891 2426; x_wconf 86' lang='lat' dir='ltr'><strong>rectitudinis,</strong></span> <span class='ocrx_word' id='word_1_780' title='bbox 917 2402 967 2429; x_wconf 91' lang='lat' dir='ltr'><strong>per</strong></span> <span class='ocrx_word' id='word_1_781' title='bbox 984 2397 1077 2424; x_wconf 89' lang='lat' dir='ltr'><strong>omnia</strong></span> 
     </span>
    </p>
   </div>
   <div class='ocr_carea' id='block_1_97' title="bbox 289 2437 1077 2472">
    <p class='ocr_par' dir='ltr' id='par_1_97' title="bbox 289 2437 1077 2472">
     <span class='ocr_line' id='line_1_97' title="bbox 289 2437 1077 2472; baseline 0.009 -9"><span class='ocrx_word' id='word_1_782' title='bbox 289 2437 417 2472; x_wconf 81' lang='lat' dir='ltr'><strong>morigeri</strong></span> <span class='ocrx_word' id='word_1_783' title='bbox 445 2438 602 2472; x_wconf 69' lang='lat' dir='ltr'><strong>apostolica:</strong></span> <span class='ocrx_word' id='word_1_784' title='bbox 629 2437 734 2472; x_wconf 80' lang='lat'><strong>1035</strong></span> <span class='ocrx_word' id='word_1_785' title='bbox 760 2440 904 2467; x_wconf 63' lang='lat' dir='ltr'><strong>sententia:</strong></span> <span class='ocrx_word' id='word_1_786' title='bbox 925 2449 932 2467; x_wconf 88' lang='lat'><strong>:</strong></span> <span class='ocrx_word' id='word_1_787' title='bbox 951 2450 960 2466; x_wconf 85' lang='grc'><em>‹</em></span> <span class='ocrx_word' id='word_1_788' title='bbox 987 2441 1077 2470; x_wconf 87' lang='lat' dir='ltr'><strong>Nolite</strong></span> 
     </span>
    </p>
   </div>
   <div class='ocr_carea' id='block_1_98' title="bbox 291 2482 1074 2518">
    <p class='ocr_par' dir='ltr' id='par_1_98' title="bbox 291 2482 1074 2518">
     <span class='ocr_line' id='line_1_98' title="bbox 291 2482 1074 2518; baseline 0.009 -9"><span class='ocrx_word' id='word_1_789' title='bbox 291 2482 420 2509; x_wconf 80' lang='lat' dir='ltr'><strong>inebriari</strong></span> <span class='ocrx_word' id='word_1_790' title='bbox 437 2483 502 2509; x_wconf 86' lang='lat' dir='ltr'><strong>vino</strong></span> <span class='ocrx_word' id='word_1_791' title='bbox 527 2483 554 2509; x_wconf 93' lang='lat' dir='ltr'><strong>in</strong></span> <span class='ocrx_word' id='word_1_792' title='bbox 580 2491 635 2518; x_wconf 90' lang='lat' dir='ltr'><strong>quo</strong></span> <span class='ocrx_word' id='word_1_793' title='bbox 658 2487 701 2510; x_wconf 87' lang='lat' dir='ltr'><strong>est</strong></span> <span class='ocrx_word' id='word_1_794' title='bbox 725 2484 832 2511; x_wconf 80' lang='lat' dir='ltr'><strong>luxuria</strong></span> <span class='ocrx_word' id='word_1_795' title='bbox 850 2485 882 2511; x_wconf 88' lang='grc'><strong>¹¹.</strong></span> <span class='ocrx_word' id='word_1_796' title='bbox 908 2495 916 2511; x_wconf 70' lang='grc' dir='ltr'><strong>ι</strong></span> <span class='ocrx_word' id='word_1_797' title='bbox 941 2487 1044 2515; x_wconf 85' lang='lat' dir='ltr'><strong>lterum</strong></span> <span class='ocrx_word' id='word_1_798' title='bbox 1068 2497 1074 2515; x_wconf 92' lang='lat'>:</span> 
     </span>
    </p>
   </div>
   <div class='ocr_carea' id='block_1_99' title="bbox 293 2528 1074 2564">
    <p class='ocr_par' dir='ltr' id='par_1_99' title="bbox 293 2528 1074 2564">
     <span class='ocr_line' id='line_1_99' title="bbox 293 2528 1074 2564; baseline 0.01 -10"><span class='ocrx_word' id='word_1_799' title='bbox 293 2538 302 2553; x_wconf 75' lang='grc' dir='ltr'><strong>ι</strong></span> <span class='ocrx_word' id='word_1_800' title='bbox 317 2528 391 2555; x_wconf 81' lang='lat' dir='ltr'><strong>Ebrii</strong></span> <span class='ocrx_word' id='word_1_801' title='bbox 403 2537 517 2564; x_wconf 77' lang='lat' dir='ltr'><strong>regnum</strong></span> <span class='ocrx_word' id='word_1_802' title='bbox 530 2529 576 2556; x_wconf 91' lang='lat' dir='ltr'><strong>Dei</strong></span> <span class='ocrx_word' id='word_1_803' title='bbox 590 2537 643 2556; x_wconf 87' lang='lat' dir='ltr'><strong>non</strong></span> <span class='ocrx_word' id='word_1_804' title='bbox 656 2529 857 2558; x_wconf 65' lang='lat' dir='ltr'><strong>haereditabunt</strong></span> <span class='ocrx_word' id='word_1_805' title='bbox 869 2532 901 2559; x_wconf 81' lang='lat'><strong>“.</strong></span> <span class='ocrx_word' id='word_1_806' title='bbox 918 2542 927 2558; x_wconf 75' lang='grc' dir='ltr'><strong>ι</strong></span> <span class='ocrx_word' id='word_1_807' title='bbox 940 2532 974 2560; x_wconf 86' lang='grc' dir='ltr'><strong>Ει</strong></span> <span class='ocrx_word' id='word_1_808' title='bbox 986 2533 1053 2562; x_wconf 86' lang='lat' dir='ltr'><strong>illud</strong></span> <span class='ocrx_word' id='word_1_809' title='bbox 1068 2545 1074 2562; x_wconf 94' lang='lat'><strong>:</strong></span> 
     </span>
    </p>
   </div>
   <div class='ocr_carea' id='block_1_100' title="bbox 1130 2302 1920 2340">
    <p class='ocr_par' dir='ltr' id='par_1_100' title="bbox 1130 2302 1920 2340">
     <span class='ocr_line' id='line_1_100' title="bbox 1130 2302 1920 2340; baseline -0.004 -9"><span class='ocrx_word' id='word_1_810' title='bbox 1130 2305 1184 2332; x_wconf 71' lang='lat' dir='ltr'><strong>Kal</strong></span> <span class='ocrx_word' id='word_1_811' title='bbox 1197 2305 1252 2340; x_wconf 84' lang='grc' dir='ltr'><strong>γὰρ</strong></span> <span class='ocrx_word' id='word_1_812' title='bbox 1269 2304 1353 2340; x_wconf 78' lang='grc' dir='ltr'>ἀχλὺς</span> <span class='ocrx_word' id='word_1_813' title='bbox 1376 2304 1424 2331; x_wconf 76' lang='grc' dir='ltr'>καὶ</span> <span class='ocrx_word' id='word_1_814' title='bbox 1448 2304 1543 2334; x_wconf 81' lang='grc' dir='ltr'>σκότος</span> <span class='ocrx_word' id='word_1_815' title='bbox 1554 2305 1610 2335; x_wconf 82' lang='grc' dir='ltr'>τοῖς</span> <span class='ocrx_word' id='word_1_816' title='bbox 1633 2302 1774 2338; x_wconf 72' lang='grc' dir='ltr'>μεθύουσι,</span> <span class='ocrx_word' id='word_1_817' title='bbox 1791 2302 1863 2329; x_wconf 71' lang='grc' dir='ltr'>κατὰ</span> <span class='ocrx_word' id='word_1_818' title='bbox 1877 2302 1920 2328; x_wconf 67' lang='grc' dir='ltr'><strong>τὸν</strong></span> 
     </span>
    </p>
   </div>
   <div class='ocr_carea' id='block_1_101' title="bbox 1135 2346 1919 2384">
    <p class='ocr_par' dir='ltr' id='par_1_101' title="bbox 1135 2346 1919 2384">
     <span class='ocr_line' id='line_1_101' title="bbox 1135 2346 1919 2384; baseline -0.005 -7"><span class='ocrx_word' id='word_1_819' title='bbox 1135 2350 1307 2377; x_wconf 77' lang='grc' dir='ltr'>Ἀπόστολον.</span> <span class='ocrx_word' id='word_1_820' title='bbox 1323 2349 1379 2384; x_wconf 83' lang='grc' dir='ltr'><strong>Τὴν</strong></span> <span class='ocrx_word' id='word_1_821' title='bbox 1395 2349 1450 2384; x_wconf 86' lang='grc' dir='ltr'><strong>γὰρ</strong></span> <span class='ocrx_word' id='word_1_822' title='bbox 1464 2349 1528 2384; x_wconf 78' lang='grc' dir='ltr'>περὶ</span> <span class='ocrx_word' id='word_1_823' title='bbox 1542 2348 1597 2375; x_wconf 85' lang='grc' dir='ltr'>τῶν</span> <span class='ocrx_word' id='word_1_824' title='bbox 1620 2348 1778 2383; x_wconf 82' lang='grc' dir='ltr'>θυγατέρων</span> <span class='ocrx_word' id='word_1_825' title='bbox 1792 2347 1840 2374; x_wconf 78' lang='grc' dir='ltr'>τοῦ</span> <span class='ocrx_word' id='word_1_826' title='bbox 1861 2346 1919 2373; x_wconf 82' lang='grc' dir='ltr'><strong>Λὼτ</strong></span> 
     </span>
    </p>
   </div>
   <div class='ocr_carea' id='block_1_102' title="bbox 1130 2391 1918 2431">
    <p class='ocr_par' dir='ltr' id='par_1_102' title="bbox 1130 2391 1918 2431">
     <span class='ocr_line' id='line_1_102' title="bbox 1130 2391 1918 2431; baseline -0.008 -9"><span class='ocrx_word' id='word_1_827' title='bbox 1130 2396 1251 2431; x_wconf 76' lang='grc' dir='ltr'>ἱστορίαν</span> <span class='ocrx_word' id='word_1_828' title='bbox 1265 2395 1336 2421; x_wconf 78' lang='grc' dir='ltr'>ἑκὼν</span> <span class='ocrx_word' id='word_1_829' title='bbox 1349 2395 1399 2421; x_wconf 66' lang='lat' dir='ltr'><strong>(me</strong></span> <span class='ocrx_word' id='word_1_830' title='bbox 1405 2395 1552 2429; x_wconf 75' lang='grc' dir='ltr'>ρῦήσομαι.</span> <span class='ocrx_word' id='word_1_831' title='bbox 1561 2392 1591 2420; x_wconf 92' lang='lat'><strong>&#39;0</strong></span> <span class='ocrx_word' id='word_1_832' title='bbox 1602 2392 1702 2428; x_wconf 82' lang='grc' dir='ltr'>Κύριος</span> <span class='ocrx_word' id='word_1_833' title='bbox 1712 2391 1879 2418; x_wconf 74' lang='grc' dir='ltr'>ἐπιϐεϐαιῶν</span> <span class='ocrx_word' id='word_1_834' title='bbox 1888 2393 1918 2416; x_wconf 66' lang='grc' dir='ltr'>τά</span> 
     </span>
    </p>
   </div>
   <div class='ocr_carea' id='block_1_103' title="bbox 1129 2435 1917 2477">
    <p class='ocr_par' dir='ltr' id='par_1_103' title="bbox 1129 2435 1917 2477">
     <span class='ocr_line' id='line_1_103' title="bbox 1129 2435 1917 2477; baseline -0.008 -9"><span class='ocrx_word' id='word_1_835' title='bbox 1129 2442 1310 2477; x_wconf 77' lang='grc' dir='ltr'>προκείμενα,</span> <span class='ocrx_word' id='word_1_836' title='bbox 1335 2441 1420 2468; x_wconf 82' lang='grc' dir='ltr'>πᾶσιν</span> <span class='ocrx_word' id='word_1_837' title='bbox 1436 2439 1589 2466; x_wconf 77' lang='grc' dir='ltr'>ἐντέλλεται</span> <span class='ocrx_word' id='word_1_838' title='bbox 1608 2439 1706 2473; x_wconf 80' lang='grc' dir='ltr'>λέγων·</span> <span class='ocrx_word' id='word_1_839' title='bbox 1724 2437 1865 2463; x_wconf 72' lang='grc' dir='ltr'><strong>(Βλέπετε</strong></span> <span class='ocrx_word' id='word_1_840' title='bbox 1883 2435 1917 2470; x_wconf 79' lang='grc' dir='ltr'>μὴ</span> 
     </span>
    </p>
   </div>
   <div class='ocr_carea' id='block_1_104' title="bbox 1131 2482 1914 2524">
    <p class='ocr_par' dir='ltr' id='par_1_104' title="bbox 1131 2482 1914 2524">
     <span class='ocr_line' id='line_1_104' title="bbox 1131 2482 1914 2524; baseline -0.009 -9"><span class='ocrx_word' id='word_1_841' title='bbox 1131 2487 1301 2524; x_wconf 64' lang='grc' dir='ltr'>βαρυνθῶσιν</span> <span class='ocrx_word' id='word_1_842' title='bbox 1317 2487 1344 2514; x_wconf 85' lang='grc' dir='ltr'>αἱ</span> <span class='ocrx_word' id='word_1_843' title='bbox 1356 2486 1466 2522; x_wconf 83' lang='grc' dir='ltr'>καρδίαι</span> <span class='ocrx_word' id='word_1_844' title='bbox 1478 2485 1554 2520; x_wconf 84' lang='grc' dir='ltr'>ὑμῶν</span> <span class='ocrx_word' id='word_1_845' title='bbox 1567 2486 1596 2512; x_wconf 81' lang='grc' dir='ltr'>ἐν</span> <span class='ocrx_word' id='word_1_846' title='bbox 1609 2483 1750 2520; x_wconf 84' lang='grc' dir='ltr'>κραιπάλῃ</span> <span class='ocrx_word' id='word_1_847' title='bbox 1759 2484 1807 2510; x_wconf 76' lang='grc' dir='ltr'>καὶ</span> <span class='ocrx_word' id='word_1_848' title='bbox 1821 2482 1914 2518; x_wconf 71' lang='grc' dir='ltr'>μέθη.»</span> 
     </span>
    </p>
   </div>
   <div class='ocr_carea' id='block_1_105' title="bbox 1130 2529 1874 2570">
    <p class='ocr_par' dir='ltr' id='par_1_105' title="bbox 1130 2529 1874 2570">
     <span class='ocr_line' id='line_1_105' title="bbox 1130 2529 1874 2570; baseline -0.009 -8"><span class='ocrx_word' id='word_1_849' title='bbox 1130 2534 1209 2570; x_wconf 74' lang='grc' dir='ltr'>Αύτῷ</span> <span class='ocrx_word' id='word_1_850' title='bbox 1224 2535 1240 2570; x_wconf 85' lang='grc' dir='ltr'><strong>ἠ</strong></span> <span class='ocrx_word' id='word_1_851' title='bbox 1256 2533 1320 2567; x_wconf 77' lang='grc' dir='ltr'>δόξα</span> <span class='ocrx_word' id='word_1_852' title='bbox 1334 2535 1373 2565; x_wconf 85' lang='grc' dir='ltr'><strong>εἰς</strong></span> <span class='ocrx_word' id='word_1_853' title='bbox 1384 2533 1447 2564; x_wconf 80' lang='grc' dir='ltr'>τοὺς</span> <span class='ocrx_word' id='word_1_854' title='bbox 1459 2532 1559 2563; x_wconf 79' lang='grc' dir='ltr'>αἰῶνας</span> <span class='ocrx_word' id='word_1_855' title='bbox 1569 2531 1623 2557; x_wconf 82' lang='grc' dir='ltr'>τῶν</span> <span class='ocrx_word' id='word_1_856' title='bbox 1636 2529 1753 2557; x_wconf 79' lang='grc' dir='ltr'>αἰώνων.</span> <span class='ocrx_word' id='word_1_857' title='bbox 1776 2529 1806 2555; x_wconf 82' lang='grc' dir='ltr'><strong>’Δ</strong></span> <span class='ocrx_word' id='word_1_858' title='bbox 1811 2530 1874 2563; x_wconf 80' lang='grc' dir='ltr'>μήν.</span> 
     </span>
    </p>
   </div>
   <div class='ocr_carea' id='block_1_106' title="bbox 291 2574 1919 2614">
    <p class='ocr_par' dir='ltr' id='par_1_106' title="bbox 291 2574 1919 2614">
     <span class='ocr_line' id='line_1_106' title="bbox 291 2574 1919 2614; baseline 0.001 -14"><span class='ocrx_word' id='word_1_859' title='bbox 291 2583 301 2599; x_wconf 71' lang='grc' dir='ltr'><strong>ι</strong></span> <span class='ocrx_word' id='word_1_860' title='bbox 328 2574 417 2602; x_wconf 76' lang='lat' dir='ltr'><strong>Vidua</strong></span> <span class='ocrx_word' id='word_1_861' title='bbox 443 2582 504 2609; x_wconf 65' lang='lat' dir='ltr'><strong>quae</strong></span> <span class='ocrx_word' id='word_1_862' title='bbox 536 2574 562 2601; x_wconf 85' lang='lat' dir='ltr'><strong>in</strong></span> <span class='ocrx_word' id='word_1_863' title='bbox 594 2575 701 2603; x_wconf 89' lang='lat' dir='ltr'><strong>deliciis</strong></span> <span class='ocrx_word' id='word_1_864' title='bbox 730 2576 813 2609; x_wconf 88' lang='lat' dir='ltr'><strong>vivit,</strong></span> <span class='ocrx_word' id='word_1_865' title='bbox 845 2578 940 2606; x_wconf 90' lang='lat' dir='ltr'><strong>vivens</strong></span> <span class='ocrx_word' id='word_1_866' title='bbox 974 2586 1082 2610; x_wconf 90' lang='lat' dir='ltr'><strong>mortua</strong></span> <span class='ocrx_word' id='word_1_867' title='bbox 1111 2583 1195 2611; x_wconf 79' lang='lat' dir='ltr'><strong>est“.</strong></span> <span class='ocrx_word' id='word_1_868' title='bbox 1223 2591 1233 2608; x_wconf 76' lang='grc' dir='ltr'><strong>ι</strong></span> <span class='ocrx_word' id='word_1_869' title='bbox 1263 2581 1400 2608; x_wconf 90' lang='lat' dir='ltr'><strong>lnducit:</strong></span> <span class='ocrx_word' id='word_1_870' title='bbox 1428 2589 1436 2605; x_wconf 77' lang='grc' dir='ltr'><strong>ι</strong></span> <span class='ocrx_word' id='word_1_871' title='bbox 1454 2579 1603 2614; x_wconf 81' lang='lat' dir='ltr'><strong>Propterea</strong></span> <span class='ocrx_word' id='word_1_872' title='bbox 1635 2577 1720 2604; x_wconf 89' lang='lat' dir='ltr'><strong>nolite</strong></span> <span class='ocrx_word' id='word_1_873' title='bbox 1756 2576 1818 2603; x_wconf 76' lang='lat' dir='ltr'><strong>fieri</strong></span> <span class='ocrx_word' id='word_1_874' title='bbox 1851 2575 1919 2602; x_wconf 80' lang='lat' dir='ltr'><strong>insi-</strong></span> 
     </span>
    </p>
   </div>
   <div class='ocr_carea' id='block_1_107' title="bbox 289 2621 1918 2664">
    <p class='ocr_par' dir='ltr' id='par_1_107' title="bbox 289 2621 1918 2664">
     <span class='ocr_line' id='line_1_107' title="bbox 289 2621 1918 2664; baseline -0.001 -16"><span class='ocrx_word' id='word_1_875' title='bbox 289 2622 406 2656; x_wconf 84' lang='lat' dir='ltr'><strong>pientes,</strong></span> <span class='ocrx_word' id='word_1_876' title='bbox 422 2621 470 2648; x_wconf 91' lang='lat' dir='ltr'><strong>sed</strong></span> <span class='ocrx_word' id='word_1_877' title='bbox 486 2622 670 2657; x_wconf 81' lang='lat' dir='ltr'><strong>intelligentes</strong></span> <span class='ocrx_word' id='word_1_878' title='bbox 686 2631 747 2657; x_wconf 64' lang='lat' dir='ltr'><strong>qua:</strong></span> <span class='ocrx_word' id='word_1_879' title='bbox 762 2623 797 2650; x_wconf 87' lang='lat' dir='ltr'><strong>sit</strong></span> <span class='ocrx_word' id='word_1_880' title='bbox 811 2624 940 2653; x_wconf 88' lang='lat' dir='ltr'><strong>voluntas</strong></span> <span class='ocrx_word' id='word_1_881' title='bbox 953 2626 1001 2653; x_wconf 88' lang='lat' dir='ltr'><strong>Dei</strong></span> <span class='ocrx_word' id='word_1_882' title='bbox 1016 2627 1049 2655; x_wconf 74' lang='lat'><strong>&quot;.</strong></span> <span class='ocrx_word' id='word_1_883' title='bbox 1066 2638 1075 2654; x_wconf 71' lang='grc' dir='ltr'><strong>ι</strong></span> <span class='ocrx_word' id='word_1_884' title='bbox 1093 2629 1234 2664; x_wconf 86' lang='lat' dir='ltr'><strong>Quotquot</strong></span> <span class='ocrx_word' id='word_1_885' title='bbox 1268 2628 1342 2655; x_wconf 84' lang='lat' dir='ltr'><strong>enim</strong></span> <span class='ocrx_word' id='word_1_886' title='bbox 1359 2627 1486 2654; x_wconf 67' lang='lat' dir='ltr'><strong>obscena:</strong></span> <span class='ocrx_word' id='word_1_887' title='bbox 1517 2628 1582 2652; x_wconf 85' lang='lat' dir='ltr'><strong>sunt</strong></span> <span class='ocrx_word' id='word_1_888' title='bbox 1596 2627 1624 2651; x_wconf 85' lang='lat' dir='ltr'><strong>et</strong></span> <span class='ocrx_word' id='word_1_889' title='bbox 1645 2622 1835 2658; x_wconf 74' lang='lat' dir='ltr'><strong>ignominiosa:</strong></span> <span class='ocrx_word' id='word_1_890' title='bbox 1851 2621 1918 2648; x_wconf 65' lang='lat' dir='ltr'><strong>alle-</strong></span> 
     </span>
    </p>
   </div>
   <div class='ocr_carea' id='block_1_108' title="bbox 324 2700 1080 2740">
    <p class='ocr_par' dir='ltr' id='par_1_108' title="bbox 324 2700 1062 2740">
     <span class='ocr_line' id='line_1_108' title="bbox 324 2700 1062 2740; baseline 0.005 -12"><span class='ocrx_word' id='word_1_891' title='bbox 324 2702 344 2740; x_wconf 74' lang='lat'><strong>‘_“</strong></span> <span class='ocrx_word' id='word_1_892' title='bbox 360 2700 429 2729; x_wconf 87' lang='lat' dir='ltr'><strong>Gen.</strong></span> <span class='ocrx_word' id='word_1_893' title='bbox 449 2709 486 2733; x_wconf 62' lang='grc' dir='ltr'><strong>ιχ,</strong></span> <span class='ocrx_word' id='word_1_894' title='bbox 503 2701 624 2740; x_wconf 32' lang='grc' dir='ltr'><strong>ῼί-ΞΖΑ</strong></span> <span class='ocrx_word' id='word_1_895' title='bbox 639 2703 668 2740; x_wconf 58' lang='grc' dir='ltr'><strong>ξο</strong></span> <span class='ocrx_word' id='word_1_896' title='bbox 686 2702 768 2729; x_wconf 84' lang='lat' dir='ltr'><strong>Prov.</strong></span> <span class='ocrx_word' id='word_1_897' title='bbox 788 2710 842 2740; x_wconf 71' lang='lat' dir='ltr'><strong>xxi,</strong></span> <span class='ocrx_word' id='word_1_898' title='bbox 853 2704 905 2740; x_wconf 23' lang='lat' dir='ltr'><strong>A17.</strong></span> <span class='ocrx_word' id='word_1_899' title='bbox 944 2705 964 2720; x_wconf 86' lang='grc'><strong>²¹</strong></span> <span class='ocrx_word' id='word_1_900' title='bbox 982 2705 1062 2732; x_wconf 86' lang='lat' dir='ltr'><strong>Prov.</strong></span> 
     </span>
    </p>
   </div>
   <div class='ocr_carea' id='block_1_109' title="bbox 1132 2700 1568 2740">
    <p class='ocr_par' dir='ltr' id='par_1_109' title="bbox 1132 2705 1568 2740">
     <span class='ocr_line' id='line_1_109' title="bbox 1132 2705 1568 2740; baseline -0.005 -6"><span class='ocrx_word' id='word_1_901' title='bbox 1132 2707 1266 2740; x_wconf 66' lang='lat' dir='ltr'><strong>ll,29,50-</strong></span> <span class='ocrx_word' id='word_1_902' title='bbox 1302 2707 1325 2722; x_wconf 81' lang='lat'>“</span> <span class='ocrx_word' id='word_1_903' title='bbox 1339 2706 1440 2740; x_wconf 88' lang='lat' dir='ltr'><strong>Ephes.</strong></span> <span class='ocrx_word' id='word_1_904' title='bbox 1466 2714 1493 2738; x_wconf 74' lang='grc' dir='ltr'>ν,</span> <span class='ocrx_word' id='word_1_905' title='bbox 1523 2705 1568 2733; x_wconf 87' lang='lat' dir='ltr'><strong>-l8.</strong></span> 
     </span>
    </p>
   </div>
   <div class='ocr_carea' id='block_1_110' title="bbox 602 2737 1145 2774">
    <p class='ocr_par' dir='ltr' id='par_1_110' title="bbox 602 2737 1145 2774">
     <span class='ocr_line' id='line_1_110' title="bbox 602 2737 1145 2774; baseline 0.009 -11"><span class='ocrx_word' id='word_1_906' title='bbox 602 2737 624 2774; x_wconf 57' lang='grc' dir='ltr'>’ξ</span> <span class='ocrx_word' id='word_1_907' title='bbox 639 2737 719 2764; x_wconf 82' lang='lat' dir='ltr'><strong>Prov.</strong></span> <span class='ocrx_word' id='word_1_908' title='bbox 738 2746 814 2774; x_wconf 66' lang='lat' dir='ltr'><strong>x151”,</strong></span> <span class='ocrx_word' id='word_1_909' title='bbox 830 2738 890 2774; x_wconf 24' lang='lat'><strong>20.7</strong></span> <span class='ocrx_word' id='word_1_910' title='bbox 908 2740 937 2774; x_wconf 21' lang='lat'><em>7“</em></span> <span class='ocrx_word' id='word_1_911' title='bbox 959 2740 1041 2767; x_wconf 85' lang='lat' dir='ltr'><strong>Prov.</strong></span> <span class='ocrx_word' id='word_1_912' title='bbox 1059 2741 1103 2774; x_wconf 73' lang='grc' dir='ltr'><strong>ΞΟ,</strong></span> <span class='ocrx_word' id='word_1_913' title='bbox 1121 2743 1145 2768; x_wconf 86' lang='lat' dir='ltr'><strong>l.</strong></span> 
     </span>
    </p>
   </div>
   <div class='ocr_carea' id='block_1_111' title="bbox 289 2737 546 2766">
    <p class='ocr_par' dir='ltr' id='par_1_111' title="bbox 289 2737 546 2766">
     <span class='ocr_line' id='line_1_111' title="bbox 289 2737 546 2766; baseline 0 -4"><span class='ocrx_word' id='word_1_914' title='bbox 289 2738 309 2751; x_wconf 84' lang='lat'><em>“</em></span> <span class='ocrx_word' id='word_1_915' title='bbox 322 2737 403 2764; x_wconf 86' lang='lat' dir='ltr'><strong>Prov.</strong></span> <span class='ocrx_word' id='word_1_916' title='bbox 437 2745 483 2766; x_wconf 80' lang='lat' dir='ltr'><strong>xu.</strong></span> <span class='ocrx_word' id='word_1_917' title='bbox 504 2737 546 2763; x_wconf 87' lang='lat' dir='ltr'><strong>ll.</strong></span> 
     </span>
    </p>
   </div>
   <div class='ocr_carea' id='block_1_112' title="bbox 288 2772 1067 2807">
    <p class='ocr_par' dir='ltr' id='par_1_112' title="bbox 288 2772 1067 2807">
     <span class='ocr_line' id='line_1_112' title="bbox 288 2772 1067 2807; baseline 0.005 -8"><span class='ocrx_word' id='word_1_918' title='bbox 288 2772 309 2788; x_wconf 80' lang='lat'>&quot;</span> <span class='ocrx_word' id='word_1_919' title='bbox 322 2772 374 2800; x_wconf 84' lang='lat' dir='ltr'><strong>Job</strong></span> <span class='ocrx_word' id='word_1_920' title='bbox 392 2781 438 2806; x_wconf 79' lang='lat' dir='ltr'><strong>xu,</strong></span> <span class='ocrx_word' id='word_1_921' title='bbox 455 2773 500 2799; x_wconf 67' lang='lat'><strong>‘25.</strong></span> <span class='ocrx_word' id='word_1_922' title='bbox 539 2772 560 2787; x_wconf 81' lang='grc'><strong>³¹</strong></span> <span class='ocrx_word' id='word_1_923' title='bbox 576 2772 676 2807; x_wconf 88' lang='lat' dir='ltr'><strong>Ephes.</strong></span> <span class='ocrx_word' id='word_1_924' title='bbox 694 2781 721 2806; x_wconf 92' lang='lat' dir='ltr'><strong>v,</strong></span> <span class='ocrx_word' id='word_1_925' title='bbox 739 2772 782 2800; x_wconf 83' lang='grc'><strong>18.</strong></span> <span class='ocrx_word' id='word_1_926' title='bbox 821 2774 843 2789; x_wconf 79' lang='grc'><strong>³¹</strong></span> <span class='ocrx_word' id='word_1_927' title='bbox 882 2773 962 2802; x_wconf 91' lang='lat' dir='ltr'><strong>lCor.</strong></span> <span class='ocrx_word' id='word_1_928' title='bbox 975 2776 1067 2806; x_wconf 62' lang='lat' dir='ltr'><strong>v1.10.</strong></span> 
     </span>
    </p>
   </div>
   <div class='ocr_carea' id='block_1_113' title="bbox 1624 2700 1918 2733">
    <p class='ocr_par' dir='ltr' id='par_1_113' title="bbox 1624 2700 1918 2733">
     <span class='ocr_line' id='line_1_113' title="bbox 1624 2700 1918 2733; baseline -0.017 -1"><span class='ocrx_word' id='word_1_929' title='bbox 1624 2705 1646 2721; x_wconf 75' lang='grc'><strong>³³</strong></span> <span class='ocrx_word' id='word_1_930' title='bbox 1668 2704 1754 2732; x_wconf 84' lang='lat' dir='ltr'><strong>Eccli.</strong></span> <span class='ocrx_word' id='word_1_931' title='bbox 1775 2710 1850 2733; x_wconf 76' lang='lat' dir='ltr'><strong>xm,</strong></span> <span class='ocrx_word' id='word_1_932' title='bbox 1875 2700 1918 2727; x_wconf 81' lang='grc'><strong>50.</strong></span> 
     </span>
    </p>
   </div>
   <div class='ocr_carea' id='block_1_114' title="bbox 1739 2737 1918 2769">
    <p class='ocr_par' dir='ltr' id='par_1_114' title="bbox 1739 2737 1918 2769">
     <span class='ocr_line' id='line_1_114' title="bbox 1739 2737 1918 2769; baseline -0.011 -3"><span class='ocrx_word' id='word_1_933' title='bbox 1739 2740 1762 2755; x_wconf 89' lang='lat'><strong><em>“</em></strong></span> <span class='ocrx_word' id='word_1_934' title='bbox 1778 2738 1837 2766; x_wconf 82' lang='lat' dir='ltr'><strong>Joel</strong></span> <span class='ocrx_word' id='word_1_935' title='bbox 1855 2744 1874 2769; x_wconf 85' lang='grc' dir='ltr'>ι.</span> <span class='ocrx_word' id='word_1_936' title='bbox 1893 2737 1918 2764; x_wconf 83' lang='grc'><strong>5.</strong></span> 
     </span>
    </p>
   </div>
   <div class='ocr_carea' id='block_1_115' title="bbox 1186 2741 1684 2775">
    <p class='ocr_par' dir='ltr' id='par_1_115' title="bbox 1186 2741 1684 2775">
     <span class='ocr_line' id='line_1_115' title="bbox 1186 2741 1684 2775; baseline -0.004 -6"><span class='ocrx_word' id='word_1_937' title='bbox 1186 2743 1206 2757; x_wconf 76' lang='grc'><strong>’⁷</strong></span> <span class='ocrx_word' id='word_1_938' title='bbox 1221 2742 1291 2770; x_wconf 82' lang='lat' dir='ltr'><strong>Osee</strong></span> <span class='ocrx_word' id='word_1_939' title='bbox 1317 2750 1353 2775; x_wconf 83' lang='lat' dir='ltr'><strong>tv,</strong></span> <span class='ocrx_word' id='word_1_940' title='bbox 1371 2742 1413 2768; x_wconf 83' lang='grc'><strong>11.</strong></span> <span class='ocrx_word' id='word_1_941' title='bbox 1475 2742 1497 2758; x_wconf 80' lang='grc'><strong>’⁸</strong></span> <span class='ocrx_word' id='word_1_942' title='bbox 1512 2741 1564 2768; x_wconf 84' lang='lat' dir='ltr'><strong>lsa.</strong></span> <span class='ocrx_word' id='word_1_943' title='bbox 1592 2749 1619 2774; x_wconf 71' lang='grc' dir='ltr'>ν,</span> <span class='ocrx_word' id='word_1_944' title='bbox 1643 2741 1684 2767; x_wconf 83' lang='grc' dir='ltr'><strong>ΙΙ.</strong></span> 
     </span>
    </p>
   </div>
   <div class='ocr_carea' id='block_1_116' title="bbox 1107 2776 1589 2813">
    <p class='ocr_par' dir='ltr' id='par_1_116' title="bbox 1107 2776 1589 2813">
     <span class='ocr_line' id='line_1_116' title="bbox 1107 2776 1589 2813; baseline 0 -9"><span class='ocrx_word' id='word_1_945' title='bbox 1107 2777 1152 2804; x_wconf 83' lang='grc'><strong>³³1</strong></span> <span class='ocrx_word' id='word_1_946' title='bbox 1168 2777 1239 2804; x_wconf 89' lang='lat' dir='ltr'><strong>Tim.</strong></span> <span class='ocrx_word' id='word_1_947' title='bbox 1253 2785 1279 2810; x_wconf 91' lang='lat' dir='ltr'><strong>v,</strong></span> <span class='ocrx_word' id='word_1_948' title='bbox 1296 2777 1323 2804; x_wconf 90' lang='lat'><strong>6.</strong></span> <span class='ocrx_word' id='word_1_949' title='bbox 1360 2776 1382 2794; x_wconf 65' lang='grc'>³⁸</span> <span class='ocrx_word' id='word_1_950' title='bbox 1398 2776 1498 2813; x_wconf 82' lang='lat' dir='ltr'><strong>Ephes.</strong></span> <span class='ocrx_word' id='word_1_951' title='bbox 1514 2777 1589 2809; x_wconf 78' lang='lat' dir='ltr'><strong>v,l7.</strong></span> 
     </span>
    </p>
   </div>
   <div class='ocr_carea' id='block_1_117' title="bbox 933 2851 1278 2882">
    <p class='ocr_par' dir='ltr' id='par_1_117' title="bbox 933 2851 1278 2882">
     <span class='ocr_line' id='line_1_117' title="bbox 933 2851 1278 2882; baseline 0.009 -3"><span class='ocrx_word' id='word_1_952' title='bbox 933 2851 1051 2879; x_wconf 62' lang='grc' dir='ltr'>νΑιιιΑξ</span> <span class='ocrx_word' id='word_1_953' title='bbox 1074 2853 1278 2882; x_wconf 77' lang='lat' dir='ltr'><strong>LECTIONES.</strong></span> 
     </span>
    </p>
   </div>
   <div class='ocr_carea' id='block_1_118' title="bbox 323 2896 1036 2936">
    <p class='ocr_par' dir='ltr' id='par_1_118' title="bbox 323 2896 1036 2936">
     <span class='ocr_line' id='line_1_118' title="bbox 323 2896 1036 2936; baseline 0.003 -10"><span class='ocrx_word' id='word_1_954' title='bbox 323 2902 334 2916; x_wconf 85' lang='lat'><strong>&#39;</strong></span> <span class='ocrx_word' id='word_1_955' title='bbox 349 2900 505 2935; x_wconf 73' lang='grc' dir='ltr'>συγκκύσει,</span> <span class='ocrx_word' id='word_1_956' title='bbox 517 2903 673 2934; x_wconf 77' lang='lat' dir='ltr'><strong>succcndet;</strong></span> <span class='ocrx_word' id='word_1_957' title='bbox 689 2900 832 2936; x_wconf 70' lang='grc' dir='ltr'>συγκάψει,</span> <span class='ocrx_word' id='word_1_958' title='bbox 843 2896 929 2929; x_wconf 63' lang='lat' dir='ltr'><strong>Aldus</strong></span> <span class='ocrx_word' id='word_1_959' title='bbox 944 2900 1036 2929; x_wconf 89' lang='lat' dir='ltr'><strong>habet.</strong></span> 
     </span>
    </p>
   </div>
  </div>
