1975 3189
259 185 325 216 14ίῖ7
886 189 1067 218 ANTIOCHI

1090 189 1260 218 MUNAL‘HI
1807 188 1869 219 1463

259 253 268 268 ι
286 244 324 270 ΑιΙ
341 244 618 278 superabo:thitiaui
636 254 688 271 non
711 245 788 272 dabis
799 245 874 272 cibos
889 251 951 272 tuos
969 247 1001 272 ⁵¹.
1027 255 1034 270 ι

1091 245 1121 270 τὸ
1143 245 1206 280 παρ’
1231 245 1314 271 αὐτοῦ
1337 246 1375 276 εἰς
1403 246 1502 271 union;
1522 245 1603 279 αὐτῷ,
1627 245 1674 271 καὶ
1695 244 1833 271 ἀπολεῖται
1855 247 1868 271 6

257 291 434 329 Igeclesiastes
458 291 494 318 de
521 291 580 317 istis
605 292 650 326 qui
676 299 724 325 per
749 291 920 326 iniquitatem
948 292 1039 318 usuris

255 341 388 363 extortam
400 336 617 371 locupletantur,
631 337 758 363 edisserit
770 337 842 364 hunc
859 337 885 363 in
901 337 1012 363 modum
1030 346 1036 363 :

260 393 268 406 ι
288 383 335 409 Est
353 382 496 409 inﬁrmitas
508 383 598 417 gravis
611 391 692 416 quam
709 383 765 409 vidi
785 382 836 409 sub
854 383 921 413 sole,
941 390 1038 417 nempe

255 435 317 454 cum
335 429 397 462 quis
408 428 518 455 divitias
531 429 652 455 custodit
669 429 695 455 in
715 429 817 455 malum
837 428 989 462 proprium,
1010 433 1038 454 et

255 475 384 508 peribunt
399 474 500 501 divitiae
515 475 566 501 illa:
583 475 609 501 in
625 475 804 508 occupatione
821 475 901 506 mala,
916 479 944 501 et
962 478 1037 501 certe

254 528 349 547 ornnes
363 521 422 547 dies
436 521 509 547 illius
525 521 551 547 in
568 521 687 547 tenebris
699 525 726 547 et
740 520 815 547 luctu
828 520 896 547 etin
911 520 1037 554 indigna-

256 567 328 592 tione
341 567 425 593 multa
437 571 463 593 et
476 567 642 593 inﬁrmitate.
657 566 689 593 Et
700 567 776 593 labor
787 566 867 593 istius
887 567 914 593 in
926 572 1037 593 ventum

255 611 358 638 ibit‘".
379 622 388 637 ι
405 612 547 639 Consentit
560 613 601 639 his
622 612 687 639 illud
702 613 777 639 Pauli
791 613 824 639 ad
839 613 1014 640 Timotheum
1029 622 1035 639 :

257 665 264 680 ι
284 655 420 683 Divitibus
436 656 517 691 hujus
539 656 628 683 saeculi
651 657 767 691 praecipe
789 665 842 683 non
859 657 976 684 sublime
992 665 1036 684 sa-

254 708 318 734 pere
344 708 394 727 nec
420 708 531 735 sperare
557 701 584 727 in
607 701 713 727 incerto
740 701 910 732 divitiarum.
931 701 978 728 sed
1009 703 1036 728 in

255 745 319 774 Deo,
335 745 381 779 qui
391 751 500 780 praestat
514 746 595 773 nobis
608 746 698 773 omnia
710 746 819 773 abunde
831 747 864 773 ad
878 746 1036 780 fruendum,

254 790 324 817 bene
348 799 438 826 agere,
464 791 562 818 divites
583 800 642 819 esse
659 792 685 818 in
704 793 834 826 operibus
849 793 937 824 bonis,
958 793 1036 820 facile

255 836 387 869 tribuere,
413 837 628 868 communicare,
651 837 838 864 thesaurizarc
864 838 915 864 sibi
940 838 1038 866 funda-

254 887 376 908 mentum
399 882 500 909 bonum
518 882 544 908 in
563 882 696 913 futurum,
716 888 745 909 ut
759 883 968 918 apprchendant
986 893 1036 912 ve-

254 936 309 954 ram
328 928 411 954 vitam
426 928 475 954 “.1
491 927 661 954 Auctoritate
679 928 763 962 igitur
781 929 903 963 persuasi
915 930 1034 964 (fratres)
1055 924 1073 952 Β

253 971 402 1005 Seripturte
415 971 524 1003 divin-ar,
541 971 574 997 ab
592 971 750 1006 inexplebili
764 970 808 998 illa
825 973 955 1000 aviditate
971 982 1036 1000 con-

252 1018 364 1052 gerendi
391 1018 500 1045 divitias
525 1026 671 1045 avocemus
693 1024 811 1046 mentem
840 1030 846 1046 :
877 1020 1036 1055 longissime

252 1063 464 1090 submovcatnus
478 1071 528 1090 nos
541 1064 575 1090 ab
599 1063 649 1090 hac
663 1065 824 1091 exsecrabili
840 1073 954 1099 prorsus
972 1074 1037 1093 usu-

253 1117 344 1135 rarum
371 1109 569 1144 excogitntione
591 1118 595 1135 :
615 1110 706 1144 potius
734 1110 874 1137 imitemur
888 1111 960 1137 beati
982 1112 1035 1139 Za-

252 1155 318 1181 chaei
343 1155 417 1188 pium
435 1155 534 1185 zelum,
557 1162 620 1181 cum
639 1154 734 1181 eodem
753 1155 876 1182 dicentes
900 1164 906 1181 :
930 1165 939 1182 ι
965 1156 1035 1183 Ecce

251 1200 394 1227 dimidium
413 1201 544 1227 bonorum
565 1209 698 1232 meorum,
720 1200 841 1232 Domine,
856 1201 891 1227 do
907 1202 1035 1236 pauperi-

252 1246 313 1278 bus,
328 1251 355 1273 et
372 1247 394 1273 si
408 1246 474 1280 quid
488 1246 606 1280 aliquem
618 1246 790 1278 defraudavi,
810 1246 894 1273 reddo
914 1247 1035 1281 quadru-

253 1292 326 1326 plum
345 1293 377 1319 ".
399 1303 406 1317 ι
425 1293 508 1326 [dque
525 1296 554 1318 ut
570 1292 603 1319 ab
630 1300 662 1319 eo
678 1301 884 1326 promereamur
896 1293 1003 1324 audire.
1021 1295 1068 1328 qui

1090 291 1205 322 πλοῦτος
1225 292 1327 322 ἐκεῖνος
1351 292 1379 316 ὲν
1409 291 1594 325 περισπασμῷ
1623 290 1744 325 πονηρῷ,
1767 291 1814 317 καί
1838 300 1868 324 γε

1089 337 1175 362 πᾶσαι
1192 337 1219 362 al
1235 337 1336 371 ἡμέραι
1351 336 1432 363 αὐτοῦ
1444 338 1472 363 ἐν
1486 337 1586 366 σκότει.
1606 338 1652 363 καὶ
1668 337 1696 362 ὲν
1711 337 1813 369 πένθει,
1825 338 1869 364 καὶ

1090 383 1118 408 ὲν
1135 382 1213 416 θυμῷ
1233 382 1332 417 πολλῷ,
1350 382 1395 408 καὶ
1408 383 1561 417 ἀρρωστίᾳ..
1581 383 1629 408 καὶ
1644 383 1657 409 6
1670 382 1769 417 μόχθος
1783 383 1868 409 αὐτῶν

1090 429 1128 460 είς
1151 429 1259 463 ἄνεμον.
1281 439 1290 453 ι
1313 429 1428 463 Ὁμοίως
1444 429 1491 454 καὶ
1506 429 1520 455 6
1545 429 1708 461 Ἀπόστολος
1732 430 1870 463 παραινῶν

1089 474 1214 508 Τιμοθέῳ
1239 474 1342 508 ἔλεγενσ
1362 484 1371 499 ι
1390 474 1453 505 Τοῖς
1473 474 1612 505 πλουσὶοις
1628 475 1656 500 ἐν
1676 474 1714 509 τῷ
1730 474 1777 501 νῦν
1795 475 1869 501 αίῶνι

1089 519 1272 554 παράγγελλε,
1290 521 1326 554 μὴ
1345 520 1550 555 ὑψηλοφρονεῖν,
1575 520 1642 555 μηδὲ
1663 521 1807 554 ἠλπικέναι
1825 522 1871 547 ἐπὶ

1091 565 1206 592 πλούτου
1233 566 1388 602 ἀδηλότητι,
1416 566 1472 592 ἀλλ’
1501 567 1548 592 ἐπὶ
1574 567 1634 602 Θεῷ
1660 567 1698 601 τῷ
1725 568 1870 602 παρέχοντι

1089 611 1154 646 ἡμῖν
1175 613 1263 638 πάντα
1285 612 1431 644 πλουσίως,
1447 613 1486 643 είς
1501 611 1668 643 ἀπόλαυσιν,
1684 612 1870 647 ἀγαθοεργεῖν,

1089 657 1217 683 πλουτεῖν
1235 659 1264 683 ὲν
1279 658 1371 693 ἔργοις
1390 658 1492 689 καλοῖς,
1508 658 1704 692 εὐμεταδότους
1722 655 1800 690 εἶναι,
1815 667 1871 684 κοι-

1089 704 1228 734 νωνικους,
1244 703 1514 738 ἀποθησαυρίζοντας
1531 705 1637 735 ἑαυτοῖς
1649 704 1773 738 θεμέλιον
1790 704 1872 730 καλὸν

1089 749 1129 780 είς
1159 749 1190 775 τὸ
1222 749 1336 783 μέλλον,
1374 750 1418 776 ἵνα.
1451 750 1634 776 ἐπιλάϐωνται
1677 749 1726 783 τῆς
1763 750 1872 776 αἰωνίου

1090 795 1171 829 ζωῆς.
1199 804 1208 820 ι
1241 794 1397 829 Πειθόμενοι
1415 792 1470 826 οὖν,
1487 795 1655 830 ἀδελφοὶ,τῇ
1680 795 1740 830 θείᾳ
1766 795 1871 829 Γραφῇ,

1089 840 1253 875 ἁποστῶμεν
1267 841 1315 874 τῆς
1327 840 1415 875 δεινῆς
1431 840 1599 871 πλεονεξίας,
1617 840 1665 867 καὶ
1680 841 1729 875 τῆς
1744 840 1872 875 βδελυρᾶς

1089 887 1209 918 ἐπινοίας
1224 886 1326 920 ταύτης
1340 886 1394 912 τῶν
1411 887 1509 913 τόκων.
1529 887 1558 913 Ὀ
1573 887 1627 920 γὰρ
1647 887 1735 917 τόκος,
1753 886 1791 920 τῷ
1805 887 1873 921 δόλῳ

1090 931 1267 966 συνεζεύχθη.
1283 932 1337 958 Κοιλ⁵
1359 931 1457 966 μᾶὶλον
1479 931 1646 966 ζηλώσωμεν
1663 931 1710 957 τὸν
1725 931 1808 957 καλὸν
1823 931 1871 966 ζῆ-

1089 978 1134 1004 λον
1155 977 1202 1003 τοῦ
1226 977 1363 1012 μακαρίου
1385 977 1535 1011 Ζακχαίου,
1556 976 1681 1010 λέγοντες
1706 977 1754 1002 σὺν
1777 977 1870 1011 αὐτῷ·

1092 1033 1102 1049 ‹
1129 1024 1195 1050 Ἰδοὺ
1217 1023 1247 1049 τὸ
1265 1024 1350 1057 ἥμισυ
1364 1023 1419 1049 τῶν
1437 1023 1617 1058 ὑπαρχόντων
1633 1031 1689 1057 μοι,
1707 1023 1804 1058 Κύριε,
1818 1024 1872 1054 τοις

1089 1070 1207 1103 πτωχοῖς
1218 1069 1324 1100 δίδωμι.
1345 1069 1398 1095 Καὶ
1414 1069 1440 1094 εἴ
1449 1068 1521 1100 τινός
1536 1077 1562 1094 τι
1573 1069 1792 1102 ἐσυκοφάντησα.
1809 1069 1873 1094 ἁπο-

1088 1115 1185 1149 δίδωμι
1214 1115 1399 1149 τετραπλοῦν·
1419 1125 1428 1140 ι
1476 1116 1518 1141 ῖνα
1544 1116 1591 1141 καὶ
1613 1115 1874 1149 ἡμεῖςγάκοὺσωμεν

1088 1161 1162 1195 παρὰ
1176 1161 1223 1186 τοῦ
1239 1159 1268 1186 εὖ
1281 1161 1380 1192 εἰδότος
1396 1161 1430 1186 τὰ
1443 1162 1552 1194 κρυπτὰ
1566 1161 1645 1194 ἡμῶν
1662 1160 1799 1186 Δεσπότου
1827 1161 1874 1186 καὶ

1087 1205 1223 1239 Σωτῆρος·
1246 1215 1254 1230 ι
1279 1206 1401 1239 Σήμερον
1416 1205 1536 1241 σωτηρία
1548 1205 1586 1240 τῷ
1601 1207 1667 1240 οἴκῳ
1682 1205 1768 1240 τούτῳ
1784 1205 1874 1239 ἐγένε-

1086 1259 1127 1277 το.
1151 1260 1160 1276 ι
1177 1251 1255 1285 Αὑτῷ
1271 1252 1286 1285 ὴ
1306 1251 1369 1283 δύξα
1382 1251 1422 1281 εἰς
1435 1252 1498 1282 τοὺς
1511 1251 1623 1281 αἰῶνας.
1643 1251 1739 1285 Ἀμήν.

1101 1297 1225 1323 cordimn
1255 1303 1411 1324 nostrorum
1442 1305 1558 1324 areanos
1586 1304 1711 1324 recessus
1723 1297 1873 1331 perspicue

251 1339 328 1364 novit
351 1338 467 1365 Domino
501 1342 594 1364 nostro
626 1346 658 1365 ac
686 1338 867 1365 5³1νιιιυτο;‹
888 1338 974 1366 Hodie
1000 1341 1073 1368 salus
1093 1341 1187 1370 domui
1205 1343 1269 1370 huic
1290 1343 1360 1371 facta
1382 1347 1425 1371 est
1445 1343 1477 1370 “.
1499 1353 1509 1369 ι
1530 1343 1584 1378 Ipsi
1603 1343 1690 1378 gloria
1712 1344 1739 1369 in
1761 1342 1872 1370 secula.

251 1387 350 1412 Amen.
381 1418 390 1430 |

523 1440 663 1468 IlOlllLlA
696 1441 766 1468 Xlll.

253 1498 357 1534 1045
369 1497 403 1524 De
413 1498 587 1525 immoderata
599 1499 734 1539 aﬂ'ertione
742 1499 921 1534 conquirendi,
935 1501 988 1526 sive
1002 1501 1033 1527 de

577 1538 702 1560 avuritta.

1389 1446 1497 1472 ΛΟΓΟΣ
1522 1446 1572 1472 II".

1340 1502 1408 1535 Περὶ
1436 1501 1625 1534 πλεονεξίας.
1658 1526 1660 1529 ,

286 1590 332 1617 Ait
362 1591 514 1618 Dominus:
538 1600 547 1616 ι
564 1591 650 1617 Nemo
677 1595 768 1626 potest
788 1591 897 1618 duobus
916 1591 1036 1620 dominis

1121 1590 1206 1625 Φησὶν
1220 1590 1234 1616 6
1254 1590 1367 1625 Κύριος·
1387 1599 1396 1615 ι
1417 1589 1512 1622 Οὐδεὶς
1534 1590 1646 1617 δύναται
1669 1591 1747 1617 δυσὶν
1767 1591 1875 1626 κυρίοις

251 1637 373 1668 servire;
385 1641 432 1663 aut
446 1637 519 1663 enim
536 1645 619 1663 unum
634 1641 792 1664 contemnet
806 1641 834 1663 et
847 1637 963 1664 alterum
977 1645 1037 1665 sus-

253 1683 360 1714 tinebit,
378 1687 426 1710 aut
451 1690 535 1709 unum
550 1682 640 1709 oderit
657 1686 684 1709 et
712 1683 830 1709 alterum
846 1682 942 1718 diliget
958 1692 965 1710 :
981 1691 1037 1711 non

252 1727 367 1763 potestis
400 1728 456 1754 Deo
494 1727 597 1754 servire
627 1732 655 1754 et
688 1735 850 1754 mammonae
864 1728 897 1755 ⁵⁵.
917 1728 1036 1756 Liberali

251 1774 325 1800 enim
345 1781 359 1800 ιι
375 1777 499 1807 peccato.
515 1773 587 1800 servi
605 1773 667 1799 facti
687 1773 753 1800 estis
769 1773 882 1808 iustitiae
895 1774 927 1806 ⁵⁸,
953 1784 961 1799 ι
985 1782 1037 1801 nec

250 1819 306 1854 jam
325 1819 440 1853 potestis
452 1818 508 1845 Deo
524 1818 628 1845 servire
648 1822 676 1845 et
695 1827 858 1846 mammona:
875 1828 882 1846 :
900 1820 978 1854 cujus
997 1820 1038 1847 in-

253 1865 418 1899 terpretatio
442 1869 484 1892 est
503 1865 599 1892 divitiae
614 1887 620 1897 ,
637 1865 709 1892 sicut
736 1865 781 1892 ille
798 1866 866 1893 dicit
881 1874 885 1892 :
905 1876 914 1891 ι
932 1866 1037 1893 ῡίνίιίτο

251 1912 274 1938 si
289 1911 410 1943 aﬂluant,
423 1912 506 1938 nolite
516 1919 564 1938 cor
576 1919 714 1945 apponere
727 1912 747 1927 "
764 1921 770 1938 :
788 1923 796 1935 ο
813 1912 1037 1947 quandoquidem

249 1956 326 1990 juxta
354 1956 423 1991 legis
445 1956 646 1991 praescriptum.
666 1965 728 1991 pars
744 1965 797 1983 una
813 1958 938 1992 corporis
962 1957 1037 1992 lepra

252 2001 274 2028 si
299 2002 465 2036 aspergitur,
495 2002 581 2028 altera
614 2008 705 2029 autem
740 2003 847 2029 sincera
875 2008 927 2033 est,
947 2008 1035 2030 totum

253 2047 362 2073 interim
375 2051 504 2074 censetur
517 2047 687 2074 immundum
701 2048 733 2074 ⁸⁸.
749 2048 831 2074 Plane
845 2048 940 2074 aliena:
952 2048 1035 2074 facul-

253 2094 315 2120 tatis
339 2093 529 2127 appetentior,
548 2093 720 2127 quantalibet
744 2093 869 2127 pecunhe
902 2093 1037 2120 exuberet

252 2139 341 2173 copia,
357 2147 498 2174 nunquam
525 2139 686 2166 exsatiatur.
704 2138 772 2166 Cum
806 2138 880 2166 enim
901 2140 1036 2173 permulta

253 2185 446 2219 indipiscetur,
465 2192 558 2211 rursus
589 2184 641 2211 alia
667 2188 742 2211 tanto
772 2188 880 2218 expetet
904 2183 1035 2216 avidius;

254 2235 372 2264 cumque
387 2229 439 2256 sibi
453 2229 511 2257 ha3e
530 2230 694 2260 conciliarit,
709 2230 771 2256 aliis
787 2237 897 2256 rnrsutn
914 2238 1035 2264 expanso

252 2275 572 2310 concupiscentize‘sinu
599 2275 685 2301 inhiat
710 2275 892 2306 cumulandis,
909 2283 961 2302 nec
983 2283 1035 2301 un-

253 2329 334 2355 quam
347 2321 533 2347 vesanientem
545 2320 618 2347 hunc
634 2321 711 2347 sedat
721 2322 881 2354 appetitum.
894 2320 952 2347 Nec
962 2321 1036 2348 enim

255 2366 370 2396 isnovit,
384 2366 446 2399 quia
456 2369 585 2399 quautam
596 2364 826 2392 habetmateriam
840 2365 944 2392 vitiosa:
957 2366 1038 2393 istius

254 2410 408 2437 ail'eetionis
425 2410 577 2437 secumlum
598 2410 816 2444 proportionem.
833 2415 910 2438 tanto
933 2411 1038 2438 recedit

255 2465 269 2484 a
281 2457 347 2488 Deo,
367 2456 450 2490 ﬁtque
465 2455 602 2490 particeps
618 2455 772 2490 apostasize.
788 2455 887 2490 Utique
902 2457 962 2483 talis
978 2457 1039 2483 nul-

254 2502 310 2529 lum
325 2502 447 2536 operitur
462 2502 524 2528 vita:
542 2501 620 2528 istius
637 2501 738 2534 tinem;
757 2509 845 2536 neque
869 2502 997 2537 intelligit
1011 2502 1038 2529 in

256 2548 306 2575 hac
319 2548 374 2575 vita
392 2547 557 2582 inquilinum
572 2555 600 2574 se
617 2554 677 2574 esse
696 2550 778 2581 atque
796 2547 923 2578 incolam,
939 2552 966 2574 et
979 2555 1040 2581 qua:

256 2594 371 2629 adeptus
401 2599 443 2620 est
468 2602 522 2620 non
544 2601 605 2620 esse
635 2601 694 2619 sua.
711 2592 791 2620 Plane
810 2592 834 2619 is
852 2593 1041 2620 aceeuseudus

256 2640 331 2666 venit
355 2640 445 2666 ordini
471 2641 630 2666 stultorum.
645 2638 786 2671 Particeps
810 2638 883 2664 enim
907 2642 949 2664 est
967 2638 1040 2664 illius

256 2685 350 2712 divitis
363 2686 406 2712 cui
419 2689 545 2720 suspecta
561 2689 620 2711 erat
638 2683 689 2710 loci
707 2684 748 2710 sui
762 2684 898 2718 angustia,
916 2684 952 2710 De
968 2683 1041 2718 ejus—

257 2730 331 2757 modi
353 2730 493 2765 elegauter
514 2729 655 2763 Scriptura
671 2727 795 2761 loquitur
809 2735 815 2753 :
833 2737 841 2752 ι
857 2727 1041 2759 Quemadmo-

258 2777 324 2804 dum
341 2776 465 2803 infernns
484 2780 514 2802 et
531 2774 649 2810 perditio
668 2781 722 2799 non
740 2773 899 2808 implentur,
917 2774 952 2800 ita
967 2773 1039 2799 Oculi

296 2853 315 2868 "
338 2853 402 2879 ἰαί-ι’.
417 2862 478 2879 “v.
491 2853 535 2880 37.

263 2887 285 2904 "
296 2888 374 2915 Rom.
391 2897 432 2921 vi,
450 2889 488 2914 l3.
528 2889 548 2903 "
565 2888 634 2914 l'sal.
654 2887 720 2920 |.\I,l
733 2888 754 2914 Ι.
792 2887 812 2901 ⁵⁵
831 2886 916 2912 [λι-ιιι.
955 2893 1011 2916 κἰι,
1028 2885 1067 2911 lii.

571 2854 603 2867 π’·
619 2849 839 2880 Ερι“1(“.ν,ῑ⁴2-Ιῖἱ.
867 2850 888 2866 ⁸¹
907 2850 995 2876 ITitn.
1015 2857 1049 2875 \‘t.
1069 2849 1157 2875 Π-ιι).

1086 1633 1232 1661 δουλεύειν.
1251 1635 1286 1660 Ἣ
1308 1635 1362 1670 γὰρ
1381 1633 1427 1661 τοῦ
1447 1635 1506 1665 ἑνὸς
1523 1636 1745 1670 καταφρονήσει,
1763 1637 1810 1662 καὶ
1827 1636 1874 1662 τοῦ

1087 1679 1179 1714 ἑτέρου
1195 1679 1335 1712 ἀνθέξεται
1348 1688 1353 1694 ”
1399 1680 1444 1706 τὸν
1456 1680 1504 1707 ’ένα
1519 1681 1641 1715 μισήσει,
1659 1681 1705 1707 καὶ
1719 1681 1766 1708 τὸν
1780 1682 1876 1717 ἕτερον

1086 1725 1236 1760 ἀγαπήσει.
1251 1726 1288 1752 Οὐ
1301 1725 1414 1752 δύνασθε
1427 1726 1486 1761 Θεῷ
1499 1727 1638 1753 δουλεύειν
1651 1727 1697 1754 καὶ
1713 1728 1873 1763 Μαμμωνᾷ.

1093 1771 1337 1807 Ἐλευθερωθέντες
1351 1772 1406 1805 γὰρ
1414 1772 1467 1798 ἀπὸ
1480 1772 1531 1807 τῆς
1540 1773 1690 1808 ἁμαρτίας,
1707 1773 1877 1808 ἐδουλώθητε

1086 1818 1119 1852 τῇ
1138 1817 1306 1852 δικαιοσύνῃ.
1325 1827 1334 1843 ›
1351 1818 1405 1844 Καὶ
1419 1818 1449 1844 οὐ
1464 1818 1580 1845 δύνασθε
1597 1819 1656 1854 Θεῷ
1670 1819 1808 1845 δουλεύειν
1826 1821 1875 1846 καὶ

1087 1861 1245 1896 Μαμμωνᾷ,
1264 1861 1278 1888 ὃ
1291 1861 1488 1897 ἑρμηνεύεται,
1505 1863 1648 1896 πλοῦτος,
1665 1863 1756 1896 καθὼς
1782 1864 1873 1898 λέγει’

1090 1916 1100 1932 ι
1121 1907 1239 1940 Πλοῦτος
1255 1908 1302 1935 ἐὰν
1315 1909 1373 1944 ῥέῃ,
1393 1908 1430 1943 μὴ
1446 1909 1624 1944 προστίθεσθε
1641 1910 1766 1944 καρδίαν.
1783 1920 1792 1935 ι
1805 1911 1877 1937 Οὐαὶ

1087 1952 1142 1988 γὰρ
1158 1953 1312 1988 ἁμαρτωλῷ
1328 1954 1496 1980 ἐπιϐαίνοντι
1511 1954 1557 1981 ἐπὶ
1568 1954 1615 1981 δύο
1630 1955 1760 1989 τρίὄουςῑ
1778 1956 1876 1989 ἐπειδὴ

1087 1999 1135 2026 ἐὰν
1186 1999 1256 2025 κατὰ
1283 1999 1328 2025 τὸν
1358 1999 1441 2033 νόμον
1468 1999 1551 2034 μέρος
1582 2000 1703 2035 λεπρδν,
1719 2001 1767 2027 καὶ
1791 2001 1877 2035 μέρος

1087 2045 1207 2078 καθαρὸν
1221 2066 1228 2077 ,
1246 2045 1306 2070 ὅλον
1322 2045 1476 2080 ἀκάθαρτον
1498 2046 1582 2072 ἐστιν.
1602 2046 1630 2072 '0
1645 2044 1692 2072 οὖν
1707 2045 1876 2079 πλεονέκτης

1087 2089 1167 2123 κόρον
1182 2089 1232 2115 οὐκ
1246 2089 1301 2123 ἔχει
1314 2089 1364 2123 τῆς
1379 2089 1609 2124 φιλοχρηματίας.
1621 2091 1707 2117 Ὅταν
1720 2091 1776 2126 γὰρ
1788 2091 1876 2117 πολλὰ

1086 2135 1233 2169 κτήσηται,
1248 2135 1329 2161 πάλιν
1344 2135 1432 2161 ἄλλων
1443 2136 1581 2170 ὀρέγεται.
1596 2136 1650 2162 Καὶ
1665 2137 1729 2162 ὅταν
1745 2137 1792 2162 καὶ
1803 2136 1876 2162 αὐτὰ

1086 2181 1270 2216 οἱκειώσηται,
1290 2180 1368 2212 αὖθις
1393 2181 1474 2216 ἕτερα
1500 2181 1641 2216 ἐπιθυμεῖ.
1661 2181 1716 2208 Καὶ
1741 2181 1875 2207 οὐδέποτε

1088 2226 1206 2252 παύεται
1223 2226 1272 2259 τῆς
1288 2225 1407 2260 ματαίας
1421 2226 1523 2261 ταύτης
1534 2225 1660 2260 ὀρέξεως.
1671 2227 1726 2253 Καὶ
1738 2227 1792 2253 οὐκ
1802 2224 1877 2252 οῐδεν

1088 2272 1128 2297 ὅτι
1147 2271 1197 2297 ὅσα
1218 2271 1251 2297 ἂν
1269 2271 1328 2297 κατ’
1346 2270 1491 2302 ἀναλογίαν
1502 2271 1534 2306 ἢν
1549 2270 1606 2305 ἔχει
1620 2272 1634 2297 6
1650 2270 1794 2304 ἄνθρωπος
1811 2271 1878 2305 περὶ

1088 2315 1137 2350 τὴν
1158 2315 1227 2350 ὕλην
1243 2315 1449 2351 προσπαθείας,
1461 2317 1511 2349 τῆς
1524 2315 1578 2342 ἀπὸ
1595 2315 1643 2342 τοῦ
1660 2314 1727 2341 Θεοῦ
1748 2315 1876 2341 ἀποπα-

1091 2360 1151 2391 σῐας
1182 2360 1372 2395 μετέχει.“Καὶ
1399 2362 1414 2387 6
1439 2360 1561 2392 τοιοῦτος
1584 2361 1614 2387 οὐ
1633 2361 1770 2395 προσδοκᾷ
1798 2360 1879 2391 τέλος

1092 2406 1161 2440 βίου,
1175 2406 1236 2432 οὐδὲ
1249 2406 1395 2432 ἐπίσταται
1423 2405 1464 2432 ὅτι
1482 2407 1611 2442 παροικεῖ
1622 2407 1651 2432 ἐν
1664 2405 1730 2440 τῷδε
1748 2405 1787 2440 τῷ
1803 2406 1854 2440 βίῳ
1868 2414 1876 2420 ·

1090 2453 1137 2478 καὶ
1150 2453 1222 2487 ᾶπερ
1235 2452 1377 2485 κέκτηται,
1395 2453 1436 2478 ὅτι
1451 2452 1501 2478 οὐκ
1515 2450 1598 2478 αὐτοῦ
1620 2453 1700 2479 εἰσιν.
1717 2451 1773 2477 Καὶ
1787 2451 1878 2481 οὕτως

1089 2498 1179 2524 τοίνυν
1192 2499 1220 2523 ὲν
1235 2499 1292 2528 τοῖς
1307 2498 1407 2533 ἄφροσι
1418 2497 1558 2524 τέτακται.
1574 2497 1710 2528 Κοινωνὸς
1728 2497 1783 2531 γάρ
1801 2498 1880 2522 ἐστιν

1089 2543 1137 2570 τοῦ
1166 2543 1292 2570 πλουσίου
1314 2543 1433 2572 ἐκείνου,
1463 2540 1569 2574 οὗτινος
1582 2543 1740 2577 ηὐπόρησεν
1754 2543 1770 2576 ἡ
1787 2542 1879 2575 χώρα.

1091 2589 1146 2615 Καὶ
1164 2587 1252 2619 καλῶς
1276 2588 1350 2622 λέγει
1377 2587 1442 2622 περὶ
1461 2587 1516 2613 τῶν
1534 2586 1692 2621 τοιούτωνὴ
1708 2586 1817 2621 Γραφὴ,
1834 2586 1881 2611 ὅτι

1094 2644 1103 2660 ‹
1127 2635 1231 2668 Ὥσπερ
1258 2633 1325 2669 ᾅδης
1345 2634 1423 2668 καὶὴ
1448 2633 1571 2659 ἀπώλεια
1594 2633 1643 2659 οὐκ
1668 2631 1880 2667 ἐμπιπλῶνται.

1090 2680 1175 2711 οὕτως
1191 2675 1274 2706 καὶλοὶ
1289 2679 1426 2714 ὀφθαλμοὶ
1449 2679 1503 2705 τῶν
1527 2677 1679 2712 ἀνθρώπων
1698 2676 1844 2711 ἄπληστοι.
1868 2687 1879 2702 ι

1092 2725 1257 2759 Βυυλόμενος
1272 2723 1318 2751 οὖν
1335 2725 1348 2750 6
1365 2723 1500 2758 μακάριος
1521 2722 1649 2753 Ἰάκωϐος
1664 2721 1836 2756 θεραπεῦσαι
1848 2722 1882 2747 τὸ

1090 2771 1209 2798 τοιοῦτον
1221 2770 1327 2805 νόσημα
1347 2771 1396 2805 τῆς
1415 2769 1572 2802 πλεονεξίας
1592 2767 1746 2794 ἐπιστέλλει
1759 2767 1850 2802 λέγων
1866 2776 1873 2781 -

1200 2849 1296 2875 "Luc.
1313 2857 1366 2880 XIX,
1382 2847 1405 2874 8.
1445 2848 1467 2862 "
1488 2846 1551 2874 ibid.
1568 2847 1592 2873 9.
1621 2848 1643 2861 ³⁵
1660 2846 1757 2873 Matth.
1769 2853 1812 2879 Vl,
1828 2844 1876 2872 24-
