1975 3189
250 189 318 222 1475

884 191 1064 221 ANTIOCHI
1087 188 1258 221 MONACHI

1811 190 1874 223 1476

249 253 401 282 pauperum
434 246 485 273 rite
516 246 665 281 disponere
695 254 728 273 ac
759 245 902 280 dispertiri
925 247 1036 274 divitias

1091 246 1164 272 ἔστιν
1181 248 1196 281 ἡ
1214 246 1307 281 ἀγάπη
1333 245 1379 272 τοῦ
1402 246 1509 281 Πατρὶς
1526 247 1554 272 ἐν
1571 246 1654 281 αὐτῷ,
1671 246 1712 272 ὅτι
1729 249 1782 272 πᾶν
1796 247 1824 274 τὸ
1845 249 1874 274 ei

247 300 316 324 quas
343 292 459 326 quisque
478 299 492 318 a
515 292 570 319 Deo
586 293 693 326 accepit
709 292 736 319 in
754 292 820 324 vita,
835 297 862 319 et
885 292 1037 319 liberaliter

249 339 388 365 insumere
407 338 434 365 in
462 339 581 373 indiges.
598 340 626 366 ln
651 334 726 365 hunc
743 339 879 373 siquidem
895 346 975 365 usum
991 347 1038 366 eas

250 384 329 411 nobis
360 383 515 418 impertivit
541 385 687 411 clementia
714 385 833 416 Domini,
853 389 881 411 ut
905 385 932 412 in
957 386 1038 412 obsc-

248 428 344 462 quium
373 429 548 455 insumantur
573 429 701 463 pietatis,
720 437 751 456 ae
768 430 878 456 demum
897 438 947 464 pro
963 431 1037 465 ejus-

248 474 320 500 modi
330 474 355 500 in
364 475 683 508 pauperesliheralilate,
693 475 854 502 thesaurum
864 480 1037 510 reponemus

247 519 323 546 nullo
346 527 466 554 unquam
492 528 551 547 aevo
582 520 828 554 intercipiendum.
850 521 921 548 Sane
950 522 1037 548 multo

247 565 404 598 prmstiterit
418 565 507 596 nobis,
523 569 552 591 ut
567 566 635 592 tales
645 574 804 593 coemamus
821 575 910 601 agros,
926 568 979 594 tale
990 575 1038 601 pe-

247 610 349 636 culium
361 611 434 645 quod
446 616 581 638 mternum
593 612 684 643 duret,
694 620 800 647 nosque
812 617 886 639 recta
900 613 1035 647 provehat

246 656 280 683 ad
296 656 369 683 illam
384 657 465 684 nobis
480 658 644 691 promissam
658 658 798 684 civitatem
815 666 875 692 quae
890 663 933 685 est
949 663 1036 685 mater

247 707 352 734 nostra,
370 704 482 737 quando
506 704 540 730 ad
567 704 640 730 illam
662 704 821 738 quotidiana
843 704 1036 732 contendimus

246 751 478 785 peregrinatione.
517 751 556 778 Ne
592 751 674 786 igitur
694 751 889 786 (dilectissimi)
905 760 954 778 ceu
976 752 1035 778 dic-

247 801 305 823 tum
335 801 388 826 est.
406 802 460 824 tam
485 798 565 825 anxie
594 797 690 824 mundi
713 797 782 824 bona
807 798 971 831 cogitemus,
1004 802 1036 824 ut

246 842 289 868 vel
306 843 415 870 tandem
432 844 543 870 :eternis
564 843 646 870 detur
669 842 786 877 perfrui.
806 843 936 869 Mundum
961 843 1036 869 hunc

247 888 321 914 velut
337 896 420 915 cursu
439 889 572 923 przecipiti
592 889 822 920 transmittamus,
836 896 891 923 quo
904 889 937 916 ad
954 896 1035 915 mun-

1091 293 1129 327 τῷ
1145 293 1240 327 κόσμῳ
1255 293 1271 326 ὴ
1296 292 1428 327 ἐπιθυμία
1441 292 1492 326 τῆς
1511 292 1621 328 σαρκὸς,
1641 293 1688 318 καὶ
1703 293 1719 326 ὴ
1746 292 1875 328 ἐπιθυμία

1092 339 1146 364 τῶν
1169 338 1325 373 ὀφθαλμῶν.
1343 339 1392 364 καὶ
1418 339 1435 372 ἡ
1460 337 1606 369 ἀλαζονεία
1638 338 1684 364 τοῦ
1712 339 1781 372 βίου,
1796 339 1813 365 ἃ
1827 339 1876 366 οὐκ

1091 384 1165 410 ἔστιν
1192 384 1224 410 ὲκ
1241 383 1289 410 τοῦ
1314 383 1430 418 Πατρὺς,
1451 383 1508 410 ἀλλ’
1528 384 1560 409 ἐκ
1583 383 1631 409 τοῦ
1657 384 1760 418 κόσμου
1780 384 1843 411 ἐστί.
1862 394 1871 410 ι

1093 429 1160 455 Καί’
1181 439 1190 454 ι
1220 429 1249 455 ’0
1264 430 1366 464 κόσμος
1383 430 1551 465 παράγεται,
1565 429 1611 455 καὶ
1623 430 1639 463 ἡ
1653 430 1788 464 ἐπιθυμία
1801 438 1807 444 ⁸
1821 431 1834 456 6
1847 430 1873 456 δὲ

1091 475 1175 500 ποιῶν
1199 475 1230 501 τὸ
1244 475 1351 510 θέλημα
1367 475 1413 500 τοῦ
1429 474 1508 507 Θεοῦ,
1526 475 1602 509 μένει
1623 475 1663 506 εἰς
1683 475 1730 501 τὸν
1746 475 1840 502 αἰῶνα.
1863 485 1872 501 ι

1090 521 1175 555 Φησὶν
1198 520 1227 546 δὲ
1253 522 1300 547 καὶ
1325 521 1339 546 ὁ
1362 520 1502 552 Ἰάκωϐος·
1520 529 1529 545 ι
1554 522 1601 551 ’ος
1619 519 1652 546 ἂν
1668 520 1785 556 βουληθῇ
1802 521 1874 555 φίλος

1090 565 1162 592 εἶναι
1192 565 1239 592 τοῦ
1264 566 1379 600 κόσμου,
1398 565 1496 600 ὲκθρὺς
1516 566 1564 592 τοῦ
1583 566 1657 593 ’Θεοῦ
1686 566 1872 593 καθίσταται.»

1098 612 1127 637 '0
1139 611 1167 637 δὲ
1184 610 1300 642 Παῦλος,
1316 620 1325 636 ι
1344 611 1576 645 Ἀπεκδυσάμενοι
1588 611 1633 638 τδν
1645 611 1759 637 παλαιὸν
1774 611 1875 645 ἄνθρω-

1091 665 1141 682 πον
1159 657 1206 682 σὺν
1221 657 1281 687 ταῖς
1299 657 1431 691 πράξεσιν
1455 656 1549 688 αὑτοῦ,
1566 659 1614 683 καὶ
1635 657 1810 691 ἐνδυσάμενοι
1831 658 1875 684 τὸν

1090 702 1333 737 ἀνακαινούμενον,
1353 712 1361 728 ι
1380 704 1433 729 Καὶ
1449 703 1586 737 ὲπιφέρει·
1600 713 1609 728 ι
1619 703 1702 730 Οὐδὲν
1716 705 1874 738 εἰσηνέγκαι

1092 756 1143 782 μεν
1160 749 1200 779 εἰς
1222 748 1267 774 τὴν
1287 749 1400 783 κόσμον,
1425 748 1547 783 δηλονότι
1578 749 1638 776 οὐδὲ
1664 749 1818 783 ἐξενεγκεῖν
1849 758 1875 776 τι

1089 793 1238 827 δυνάμεθα·
1254 793 1360 828 ἔχοντες
1390 794 1417 820 δὲ
1447 795 1594 828 διατροφὰς
1618 795 1665 821 καὶ
1685 795 1875 830 σκεπάσματα,

1089 839 1197 870 τούτοις
1228 839 1467 873 ἀρκεσθησόμεθα.
1485 849 1494 865 ι
1515 839 1608 866 Ταῦτα
1635 840 1682 866 καὶ
1709 841 1723 866 ὁ
1751 840 1875 876 Σολομὼν

1090 885 1172 916 αἰτεῖ,
1188 884 1289 918 λέγων·
1311 893 1320 910 ι
1343 885 1461 911 Πλοῦτον
1490 886 1537 911 καὶ
1563 885 1660 911 πενίαν
1686 886 1722 920 μή
1743 895 1787 920 μοι
1801 886 1852 921 δῷς
1865 895 1873 902 ·

245 933 272 960 di
293 933 420 967 opificem
439 934 628 968 pcrtingamus
642 934 766 960 beatitiea
780 935 910 962 fruitione
924 943 930 961 :
949 935 1035 969 siqui-

1091 929 1219 961 σύνταξον
1237 930 1266 956 δέ
1279 938 1324 965 μοι
1339 930 1374 956 τὰ
1386 930 1480 956 δέοντα
1495 931 1543 957 καὶ
1557 931 1694 966 αὐτάρκη.
1709 940 1718 956 ι
1736 932 1789 958 Καὶ
1801 930 1874 963 αὖθις

246 979 307 1006 (lem
327 979 422 1006 mundi
444 980 525 1006 istius
550 980 635 1014 figura
662 980 695 1006 ad
713 979 861 1013 imaginem
875 980 974 1007 transit
990 981 1033 1007 in-

246 1025 354 1052 somnii.
392 1025 513 1052 Tametsi
543 1026 603 1060 ipso
638 1027 744 1053 utimur
785 1025 900 1057 mundo,
929 1033 964 1053 ne
994 1026 1035 1053 sic

245 1071 357 1105 quidem
375 1078 408 1098 eo
421 1071 672 1107 abutamur.juxta
694 1071 766 1098 beati
789 1071 903 1099 Joannis
925 1071 1037 1098 manda-

247 1119 305 1141 tum
326 1123 332 1140 :
354 1124 362 1140 ι
381 1115 470 1142 Nolite
484 1115 599 1150 diligere
616 1116 761 1147 mundum,
777 1123 867 1150 neque
881 1123 914 1143 ea
931 1124 992 1150 qua:
1009 1116 1036 1142 in

247 1160 350 1186 mundo
362 1164 445 1187 sunt:
463 1161 484 1187 si
499 1161 562 1195 quis
577 1161 668 1196 diligit
683 1162 827 1192 mundum.
845 1170 901 1189 non
915 1166 958 1188 est
973 1162 1037 1189 cha-

246 1205 316 1232 ritas
336 1205 426 1232 Patris
451 1205 479 1232 in
495 1214 538 1238 eo,
552 1207 616 1241 quia
632 1215 714 1233 omne
726 1207 799 1241 quod
821 1211 863 1233 est
878 1207 905 1233 in
922 1207 1036 1238 mundo,

245 1251 472 1285 concupiscentia
487 1252 578 1279 carnis
589 1257 643 1283 est,
657 1257 683 1279 et
700 1253 924 1287 concupiscentia
943 1253 1039 1279 oculo—

246 1304 318 1328 rum,
338 1301 366 1323 et
388 1297 517 1332 superbia
542 1298 615 1329 vitae,
633 1306 694 1332 qum
718 1306 773 1324 non
802 1302 867 1325 sunt
896 1305 930 1324 ex
946 1298 1038 1329 Patre,

247 1341 354 1377 1049
367 1342 414 1369 sed
427 1350 460 1369 ex
470 1343 573 1370 mundo
584 1344 689 1370 sunt“.
703 1354 712 1370 ι
728 1344 780 1370 Et:
794 1353 803 1368 ι
821 1343 938 1370 Mundus
949 1348 1039 1370 trans-

248 1388 270 1414 it
287 1392 315 1414 ct
340 1388 567 1423 concupiscentia
599 1389 659 1423 ejus
674 1398 682 1421 ;
699 1390 745 1423 qui
759 1393 851 1416 autem
867 1389 1038 1415 voluntatem

247 1435 293 1461 Dei
311 1435 387 1468 facit,
400 1440 493 1462 manet
506 1435 536 1461 in
552 1434 943 1462 αξιοι-ιιιιιιιπν.»Αἰισῐιιοοιιυεε
960 1444 968 1459 ‹
987 1434 1038 1467 Qui

245 1481 366 1507 voluerit
387 1482 493 1508 amicus
510 1480 604 1507 mundi
630 1487 703 1511 esse,
717 1480 849 1506 inimicus
869 1480 917 1506 Dei
934 1480 1038 1506 consti-

247 1527 337 1554 tuitur
354 1528 388 1554 ".
410 1537 418 1552 ι
436 1527 537 1554 Paulus
564 1534 694 1561 quoque:
709 1535 718 1551 ι
740 1526 933 1560 Exspoliantes
959 1531 1037 1552 vetc-

1086 977 1100 1002 ὀ
1112 976 1228 1007 Παῦλος,
1239 976 1402 1011 βουλόμενος
1413 977 1487 1011 ἡμᾶς
1500 979 1728 1012 μετεωροπορεῖν,
1737 978 1784 1003 καὶ
1796 978 1875 1012 οὐρα-

1087 1022 1233 1052 νοπολίτας
1264 1021 1452 1055 καταστῆσαι,
1472 1023 1601 1056 παραινεῖ
1629 1021 1716 1055 λέγων
1730 1030 1737 1037 ·
1757 1032 1766 1048 ί
1784 1022 1815 1048 Εἰ
1828 1021 1874 1049 οὖν

1088 1066 1280 1102 συνηγέρθητε
1294 1067 1333 1102 τῷ
1346 1067 1468 1102 Χριστῷ,
1483 1067 1518 1093 τὰ
1536 1068 1593 1093 ἄνω
1611 1067 1719 1101 ζητεῖτε
1735 1065 1765 1095 οὗ
1781 1070 1795 1094 ὀ
1808 1069 1873 1104 Χρι-

1091 1114 1153 1145 στός
1177 1115 1251 1140 ἔστιν
1280 1114 1309 1139 ὲν
1330 1113 1406 1148 δεξιᾷ
1421 1113 1467 1139 τοῦ
1495 1113 1561 1139 Θεοῦ
1585 1113 1757 1148 καθήμενος·
1774 1114 1808 1140 τὰ
1821 1115 1875 1141 ἄνω

1089 1160 1228 1194 φρονεῖτε,
1244 1159 1281 1194 μὴ
1297 1159 1330 1185 τὰ
1345 1159 1392 1185 ἐπὶ
1407 1159 1457 1193 τῆς
1469 1159 1530 1194 γῆς.
1546 1159 1706 1186 Ἀπεοάνετε
1721 1159 1776 1195 γὰρ
1793 1161 1820 1186 ἐν
1837 1160 1876 1194 τῷ

1088 1205 1210 1240 Χριστῷ,
1228 1206 1274 1231 καὶ
1289 1206 1305 1239 ἡ
1324 1205 1382 1240 ζωὴ
1400 1205 1477 1240 ὑμῶν
1499 1206 1651 1240 κέκρυπται
1675 1207 1704 1232 ὲν
1718 1206 1757 1241 τῷ
1775 1205 1845 1240 Θεῷ.
1864 1216 1873 1231 ι

1089 1251 1178 1277 Θέλων
1203 1251 1232 1277 δὲ
1249 1251 1322 1286 ἡμᾶς
1343 1252 1394 1286 τὴν
1412 1250 1497 1285 καλὴν
1517 1250 1660 1277 ἀλλοίωσιν
1682 1251 1875 1286 ἀλλοιωθῆναι,

1089 1297 1199 1330 ἐπάγει·
1218 1306 1227 1321 ι
1245 1297 1291 1331 Μὴ
1310 1296 1511 1331 σχηματίζεσθε
1537 1296 1576 1331 τῷ
1599 1297 1678 1323 αἰῶνι
1699 1297 1878 1332 τούτῳ,ἁλλὰ

1092 1342 1319 1378 μεταμορφοῦσθε
1345 1344 1377 1378 τῇ
1396 1342 1578 1369 ἀνακαινώσει
1594 1341 1641 1368 τοῦ
1663 1342 1722 1372 νοὸς
1736 1342 1824 1377 ἡμῶν.
1848 1342 1878 1369 '0

1089 1389 1116 1415 δὲ
1132 1389 1233 1422 ἀγαθὸς
1257 1389 1338 1424 ἡμῶν
1365 1389 1468 1424 Κύριος
1496 1389 1637 1425 ὲπικυρῶν
1659 1388 1706 1415 τὸν
1729 1388 1809 1422 λόγον
1822 1388 1878 1415 τῶν

1088 1434 1188 1459 ἑαυτοῦ
1206 1434 1349 1469 μαθητῶν,
1361 1434 1424 1467 ἔφη·
1441 1443 1450 1459 ι
1471 1434 1503 1460 Τί
1517 1435 1572 1469 γὰρ
1585 1434 1722 1469 ὠφελήσει.
1735 1433 1876 1470 ἄνθρωπος

1091 1480 1138 1505 ἐὰν
1158 1480 1204 1506 τὸν
1229 1480 1331 1514 κόσμον
1358 1480 1420 1506 ὅλον
1444 1480 1578 1516 κερδήσῃ.
1597 1480 1646 1517 τὴν
1669 1481 1697 1508 δὲ
1718 1482 1807 1516 ψυχὴν
1830 1481 1878 1516 ζη-

1089 1526 1176 1561 μιωοῇ
1190 1534 1197 1558 ;
1217 1526 1233 1561 ἢ
1249 1526 1274 1552 τί
1291 1525 1372 1552 δώσει
1386 1526 1565 1562 ἀντάλλαγμα
1577 1527 1627 1561 τῆς
1637 1527 1726 1562 ψυχῆς
1739 1526 1822 1553 αὐτοῦ
1839 1535 1846 1558 ;
1866 1535 1875 1551 ι

247 1580 305 1599 rem
333 1573 474 1601 hominem
502 1580 564 1599 cum
590 1572 710 1606 actibus,
729 1572 836 1598 induite
862 1579 964 1598 norum
991 1572 1036 1606 qui

1091 1572 1170 1606 Λὺτῴ
1196 1573 1212 1607 ἡ
1240 1572 1303 1604 δόξα
1325 1573 1365 1603 εἰς
1395 1573 1458 1604 τοὺς
1485 1572 1599 1604 αἰῶνας.
1619 1573 1717 1608 Ἀμήν.

246 1623 398 1645 renovatur
412 1619 445 1644 ".
467 1627 475 1642 ι
497 1618 602 1644 Infert:
625 1628 633 1643 ι
649 1617 724 1644 Nihil
747 1618 821 1644 cnim
851 1617 998 1644 intulimus
1028 1618 1054 1644 in
1077 1618 1222 1649 mundum,
1255 1618 1431 1645 manifestum
1463 1623 1506 1645 est
1530 1619 1595 1653 quia
1622 1627 1674 1646 nec
1695 1618 1794 1645 eﬂ'erre
1813 1616 1880 1651 quid

246 1671 403 1695 possumus.
423 1665 561 1691 llahentcs
595 1669 687 1691 autem
723 1665 853 1691 alimenta
874 1673 906 1691 ac
931 1669 1097 1699 tegumenta,
1133 1665 1176 1692 his
1204 1667 1326 1692 contenti
1354 1666 1458 1693 erimus
1473 1667 1504 1693 ⁵⁷.
1527 1677 1536 1693 ›
1552 1667 1585 1694 Et
1608 1667 1666 1693 hac
1691 1666 1812 1700 postulat
1832 1665 1881 1692 Sa-

247 1709 339 1736 lomon
356 1717 371 1736 a
400 1710 536 1736 Domino:
560 1719 568 1734 ι
590 1710 705 1736 Divitias
727 1714 755 1736 et
779 1715 969 1744 paupertatem
996 1719 1030 1737 ne
1051 1711 1163 1738 dederis
1178 1712 1257 1741 mihi.
1275 1712 1323 1738 sed
1339 1712 1473 1739 coordina
1488 1713 1556 1739 mihi
1573 1712 1728 1739 necessaria
1762 1716 1791 1738 ct
1818 1718 1881 1746 qua

247 1754 385 1782 sufficiant
402 1756 434 1781 ⁸⁸.
457 1765 464 1780 ι
482 1755 600 1782 Rursum
617 1756 729 1786 Paulus,
757 1756 873 1790 cupiens
905 1764 1071 1791 magnopere
1093 1763 1123 1785 ut
1147 1758 1279 1792 neglectis
1303 1758 1433 1790 terrenis,
1449 1759 1572 1786 coelestia
1597 1755 1822 1789 inamb‘ulemus,
1841 1757 1890 1784 si?

248 1801 361 1835 mulque
390 1802 486 1829 volens
519 1810 570 1828 nos
597 1803 767 1828 constituere
798 1802 920 1829 coalestis
944 1803 1038 1836 patriae
1075 1804 1248 1838 municipes,
1283 1803 1414 1830 admonet
1433 1803 1553 1831 dicens:
1576 1813 1585 1828 ι
1603 1803 1631 1830 Si
1654 1803 1738 1838 igitur
1761 1810 1880 1830 consur-

249 1849 361 1875 rexistis
392 1857 454 1875 eum
476 1849 597 1880 Christo,
617 1857 677 1883 qua:
703 1857 811 1875 sursum
852 1853 916 1876 sunt
949 1851 1076 1884 quaerite,
1097 1851 1143 1877 ubi
1170 1851 1297 1877 Christus
1318 1851 1344 1877 in
1370 1851 1481 1877 dextera
1500 1850 1542 1877 dei
1558 1849 1750 1885 sedenszquaa
1768 1856 1880 1877 sursum

247 1899 311 1921 sunt
332 1895 428 1929 sapite,
449 1902 502 1921 non
519 1902 579 1929 quae
595 1903 678 1929 super
713 1900 836 1921 terram:
854 1896 955 1922 mortui
978 1895 1052 1922 enim
1072 1896 1138 1923 estis
1167 1904 1229 1923 cum
1253 1895 1373 1926 Christo,
1407 1900 1436 1923 et
1465 1896 1519 1923 vita
1543 1900 1636 1923 vestra
1658 1895 1818 1922 abscondita
1837 1900 1882 1922 est

247 1947 309 1966 eum
330 1939 441 1966 Christo
476 1941 508 1966 '“.
525 1949 533 1964 ι
569 1939 651 1974 Optat
680 1947 773 1966 autem
808 1948 858 1967 nos
878 1941 1029 1977 permutari
1050 1942 1169 1976 eleganti
1195 1941 1343 1968 admodum
1371 1941 1611 1973 transmutatione,
1631 1948 1720 1976 eoque
1746 1941 1879 1967 inducit:

251 1996 260 2020 ς
283 1986 373 2013 Nolite
386 1985 555 2012 conformari
570 1987 636 2013 huic
669 1986 781 2015 Sit-culo.
817 1986 864 2012 sed
886 1986 1073 2013 reformamini
1093 1987 1119 2014 in
1149 1987 1269 2014 novitate
1305 1987 1406 2014 mentis
1430 1991 1529 2014 vestra!
1544 1987 1577 2013 ".
1599 1996 1607 2012 I
1640 1985 1884 2013 Clementissimus

248 2032 382 2059 Dominus
394 2036 489 2058 noster
510 2032 709 2066 discipulorum
727 2040 841 2059 suorum
858 2040 1014 2060 sermonem
1030 2054 1037 2065 ,
1058 2041 1115 2061 suae
1130 2034 1251 2068 pondere
1282 2033 1433 2068 majestatis
1444 2031 1570 2059 sanciens
1579 2036 1606 2058 et
1616 2032 1795 2060 corroborans
1813 2032 1857 2059 ait
1872 2039 1880 2057 :

250 2087 261 2104 ι
281 2078 350 2111 Quid
363 2077 436 2104 enim
450 2078 574 2112 proderit
600 2078 704 2104 homini
719 2078 741 2104 si
756 2078 881 2105 lucretur
913 2079 1074 2106 universum
1094 2079 1238 2110 mundum,
1257 2079 1355 2106 animae
1372 2086 1437 2105 vero
1451 2086 1508 2106 sua:
1518 2078 1714 2105 detrimentum
1736 2076 1883 2113 patiatur?

248 2127 297 2150 aut
319 2130 400 2157 quam
415 2121 492 2149 dabit
510 2122 592 2149 homo
608 2122 855 2150 commutationem
879 2131 930 2157 pro
954 2124 1044 2151 anima
1063 2131 1113 2151 sna
1126 2123 1168 2150 “‘1’
1189 2133 1198 2149 ι
1215 2123 1269 2158 Ipsi
1285 2123 1371 2158 g1ori_a
1387 2122 1412 2149 in
1424 2123 1533 2150 saecula.
1549 2123 1647 2150 Amen.

524 2177 666 2204 ll0MlLlA
690 2177 760 2205 XVI.

316 2236 354 2264 De
370 2235 510 2263 immodica
526 2239 549 2261 et
564 2235 707 2261 audaciora
722 2234 820 2268 ﬁducia
837 2234 968 2270 loquendi.

284 2292 443 2320 Temeraria
457 2291 502 2318 illa
515 2296 543 2318 et
555 2290 703 2325 impudens
716 2290 848 2325 loquendi
865 2291 981 2318 libertas
995 2291 1038 2317 vi-

249 2340 309 2367 deri
323 2339 411 2374 possit
443 2337 576 2365 assimilis
601 2337 692 2364 titioni
714 2345 813 2372 magno
838 2346 845 2370 ;
864 2337 933 2364 febri
954 2337 1034 2364 nimi-

249 2393 309 2412 rum
319 2384 493 2414 exestuanti,
504 2384 584 2418 cujus
598 2383 758 2410 incendium
771 2383 863 2409 caeteri
877 2383 1037 2417 neutiquam

249 2432 372 2458 ferentes
397 2430 475 2456 illinc
499 2437 528 2456 se
546 2429 716 2464 proripiunt,
744 2436 884 2462 cursuque
901 2427 1037 2462 przeeipiti

251 2477 279 2503 in
295 2478 387 2503 locum
410 2475 567 2502 eonccdunt
584 2475 762 2502 umbratilem
775 2495 782 2504 ,
800 2475 899 2501 animm
920 2474 1038 2508 refrige-

251 2522 345 2549 randat
364 2521 463 2556 gratia.
479 2521 582 2548 Unihra
613 2520 671 2547 haec
691 2519 882 2554 refrigeratrix
909 2523 1038 2545 censetur

250 2569 275 2596 is
298 2568 345 2602 qui
369 2568 397 2594 in
414 2559 554 2602 loquendo
571 2566 724 2595 modestior
737 2571 780 2592 est
791 2585 799 2596 ,
813 2573 901 2599 eoque
915 2564 1036 2592 circum-

249 2614 382 2649 spectior.
403 2613 470 2640 Nam
482 2614 516 2640 ab
533 2613 582 2640 illo
602 2612 716 2647 quidem
737 2619 790 2638 nec
814 2611 935 2638 salutato
961 2610 1041 2637 defu-

250 2661 339 2696 giunt.
357 2666 386 2687 ut
397 2660 431 2686 ab
449 2660 505 2686 acri
530 2664 557 2686 et
579 2665 660 2685 nares
677 2657 827 2684 obturante
848 2657 924 2683 tumo
939 2656 1039 2690 lingua:

250 2708 394 2742 procacis,
411 2714 472 2733 sese
489 2703 667 2732 commodum
687 2703 856 2737 recipientes
871 2702 905 2729 ad
923 2708 1036 2736 captan-

249 2754 312 2780 dam
324 2760 420 2780 auram
435 2751 572 2778 amwnius
588 2750 752 2784 spirantem,
767 2749 801 2775 ad
814 2756 896 2775 suave
911 2748 1037 2782 fragran-

251 2798 286 2825 tis
301 2798 408 2825 incensi
426 2796 644 2826 exhalationem,
659 2802 719 2829 quae
735 2793 877 2820 silentium
900 2797 952 2820 est.
971 2792 1037 2827 Ejus

294 2863 315 2877 “
333 2862 340 2888 Ι
356 2862 434 2889 Joan.
450 2869 480 2891 ιι.
503 2862 545 2889 15.
564 2861 606 2887 16.
644 2861 678 2876 ⁸⁸⁸
697 2861 760 2888 ibid.
776 2862 819 2888 Π.

255 2900 280 2924 ὅ.
323 2897 345 2912 ⁸³
361 2897 466 2924 Coloss.
484 2897 548 2927 tn.l
567 2897 598 2924 5.
636 2897 658 2911 ⁹⁰
677 2897 756 2924 Rom.
775 2898 860 2930 “1,2.

857 2862 879 2877 ⁸⁵
891 2861 948 2889 Jac.
965 2870 1002 2888 iv.
1017 2863 1042 2889 4.
1081 2861 1102 2878 ⁸⁸
1116 2862 1218 2889 Coloss.
1237 2870 1274 2894 ut,
1288 2862 1316 2890 9.

900 2898 920 2912 "
937 2897 1031 2923 Slatth.
1047 2906 1099 2929 ιιι,
1121 2898 1165 2925 26.

1383 2179 1494 2205 ΛΟΓΟΣ
1519 2178 1576 2213 lcr.

1346 2236 1415 2271 Περὶ
1432 2237 1611 2270 παρῤησίας.

1128 2293 1236 2319 Ἔοικεν
1251 2293 1266 2327 ἡ
1285 2293 1427 2328 παρῥησία
1440 2293 1559 2327 καύσονιῖ
1581 2291 1700 2330 μεγάλῳ·
1721 2291 1827 2328 οὗτινος
1841 2298 1883 2331 μὴ

1091 2338 1233 2373 φέροντεςν
1246 2338 1292 2364 τδν
1313 2339 1435 2372 φλογμὸν
1452 2339 1598 2372 φεύγουσιν
1619 2341 1659 2366 οἱ·
1672 2340 1812 2375 ἄνθρωποι
1830 2341 1883 2368 ἀπ’

1089 2383 1184 2414 αὑτοῦ,
1201 2384 1249 2410 καὶ
1263 2385 1296 2418 τῇ
1307 2384 1372 2418 σκιᾷ
1388 2385 1603 2420 προστρέχουσιν
1613 2385 1658 2411 διὰ
1674 2385 1705 2412 τὸ
1715 2387 1882 2421 ἀναψύχειν

1091 2429 1152 2464 ⁴ἥτις
1169 2429 1244 2455 ἐστὶν
1263 2429 1294 2455 τὸ
1308 2430 1533 2465 ἀπαρρησίαστον
1556 2431 1603 2457 καὶ
1630 2431 1753 2463 εὐλαϐές.
1777 2433 1886 2459 ’Δπαυο

1090 2475 1251 2510 τομολοῦσιν
1267 2476 1312 2502 τοῦ
1327 2476 1437 2511 ῲιμέος
1459 2477 1563 2503 καπνοῦ
1574 2477 1624 2511 τῆς
1640 2479 1807 2513 παρρησίας.
1827 2479 1887 2505 Καὶ

1091 2521 1288 2555 αὐτομολοῦσιν
1313 2522 1382 2556 πρὸς
1399 2523 1448 2555 τὴν
1464 2521 1564 2556 ἀτμίδα
1582 2522 1630 2548 τοῦ
1645 2523 1762 2556 εὐώδους
1777 2524 1887 2558 θυμιά-

1092 2574 1187 2600 ματος
1203 2566 1263 2600 ἥτις
1297 2566 1370 2592 ἐστιν
1401 2568 1417 2602 ἡ
1438 2567 1548 2602 ἡσυχία.
1573 2568 1721 2602 Φεύγουσιν
1745 2569 1794 2604 τὴν
1817 2570 1889 2596 δυα-

1091 2612 1175 2638 ωδίαν
1187 2611 1237 2638 τοῦ
1252 2613 1467 2648 σκοροὼφὰγου,
1485 2614 1533 2640 καὶ
1553 2614 1750 2648 πλησιάζουσιν
1765 2616 1807 2650 τῷ
1824 2625 1890 2651 μυ-

1093 2657 1203 2692 ροςρόρῳ
1231 2658 1279 2684 καὶ
1296 2659 1490 2694 γλυκορήμονι.
1508 2660 1547 2695 τῷ
1573 2660 1780 2697 ὲξερευγομένῳ
1799 2662 1890 2695 λόγον

1092 2704 1207 2737 ἀγαθὸν,
1225 2705 1272 2730 καὶ
1296 2705 1448 2739 πηγάζοντι
1471 2706 1549 2740 λόγια
1571 2708 1674 2743 Κυρίου
1696 2709 1777 2743 ἁγνά.
1794 2709 1891 2735 Οὐδὲν

1091 2750 1145 2784 γὰρ
1159 2749 1247 2781 οὕτως
1263 2751 1436 2785 ἐξαφανίζειν
1460 2753 1508 2788 τὴν
1532 2753 1634 2788 ἀρετὴν
1658 2754 1791 2788 πέφυκεν,
1811 2754 1853 2784 ὡς
1868 2756 1889 2787 ἡ

1092 2795 1271 2830 εὐτραπελία,
1293 2797 1339 2823 καὶ
1354 2797 1385 2823 τὺ
1406 2797 1524 2831 παίζειν,
1540 2798 1588 2825 καὶ
1606 2800 1622 2833 ἡ
1643 2799 1801 2834 ἀρτολογία.
1830 2798 1891 2826 Καὶ

1355 2862 1397 2889 "l
1415 2863 1486 2891 Tim.
1502 2870 1536 2895 Vt,
1562 2864 1587 2896 7,
1603 2863 1629 2890 8.
1669 2863 1694 2880 ⁸³
1711 2864 1790 2892 Prov.
1810 2873 1884 2897 xu,
