1975 3189
99 200 164 233 ΗΠ

418 205 581 237 ΠΟΜΙΙᾸΑ
605 209 680 238 ΧΠ.
698 223 731 226 -
752 209 800 239 DE
824 210 880 240 [Ml

933 211 1010 240 DICA
1032 211 1224 247 LOQL'ENDI
1246 213 1279 242 ΡΙ
1287 214 1411 243 DUCIA.

1659 214 1726 246 1.78

97 256 188 285 πάλιν.
207 256 285 282 οὐδὲν
300 257 387 289 οὕτως
403 260 452 294 τὴν
466 261 699 297 πεπαλαιωμένην
721 262 810 298 ψυχὴν
825 264 880 289 ἀνα.

941 264 1029 291 vitant
1045 265 1262 300 graveolcutiam
1275 286 1282 297 ,
1297 267 1344 300 qui
1365 266 1429 293 aliis
1442 267 1563 293 vescitur
1576 287 1583 297 ,
1599 272 1627 294 et
1647 268 1672 294 ei
1695 276 1725 295 se

95 303 225 335 καινίζει,
243 302 282 335 ὡς
308 305 322 330 ὸ
341 304 425 338 φόϐος
444 306 491 332 τοῦ
505 307 584 338 Θεοῦ,
611 308 687 343 καὶὴ
711 308 779 344 καλὴ
801 318 885 343 προσ-

95 349 175 384 ευχὴ,
196 349 243 376 καὶ
269 349 300 376 τὸ
321 350 438 386 μελετᾷν
460 352 609 385 ἀπαύστως
630 354 664 380 τὰ
679 354 757 388 λόγια
772 355 884 389 κυρίου,

95 395 142 420 καὶ
162 395 196 430 τῇ
214 397 354 430 προσευχῇ
377 397 420 422 ἀεὶ
443 396 541 424 ἑαυτὸν
561 398 746 431 καθοπλίζειν,
769 401 817 426 καὶ
837 401 886 434 τῆς

95 440 252 476 ἀγρυπνίας
268 441 299 467 τὺ
317 442 411 476 κέρδος
427 443 592 478 ίχνηλατείν.
615 444 647 470 'H
664 445 718 480 γὰρ
743 446 885 481 παρρησία

96 488 228 523 βδελυκτή
251 489 337 521 ἐστιν,
363 489 455 521 καθὼς
478 491 634 526 γέγραπται
659 493 688 518 ὲν
708 492 746 527 τῷ
768 493 884 527 Ἐκκλη-

96 535 205 569 σιαστῇ,
233 534 274 560 ὅτι
293 534 437 569 Βδέλυγμα
461 537 556 571 Κυρίῳ
580 537 717 572 στηρίζων
733 537 883 572 ὀφθαλμόνο

95 581 142 607 καὶ
160 581 186 608 οἱ
206 581 376 614 ἀπαίδευτοι,
401 583 530 618 ἀκρατεῖς
547 584 683 620 γλώσσης.
706 586 769 612 Ἐὰν
785 594 884 620 μασν-

95 627 189 662 γώσῃς
203 627 309 661 ἄφρονα
331 628 360 654 ἐν
378 627 454 664 μέσῳ
470 630 609 664 συνεδρίου
624 631 776 665 ἀτιμάζων,
794 631 824 658 οὐ
845 631 883 667 μὴ

96 672 233 706 περιελείς
246 671 296 708 τὴν
310 673 467 708 ἀφροσύνην
482 674 577 700 αὑτοῦ.
595 676 649 701 Kal
669 675 758 707 αὖθις
775 685 783 701 ι
800 676 884 710 Σοφία

95 717 241 753 ἀνθρώπου
256 719 353 752 φωτιεῖ
366 719 512 754 πρόσωπον
526 719 620 746 αὑτοῦ·
635 721 745 756 ἀναιδὴς
757 721 785 748 δὲ
799 730 883 756 προσ-

94 762 162 797 ώπῳ
180 763 273 795 αὑτοῦ,
290 764 483 799 μιηθήσεται.
499 774 508 790 ι
522 765 578 792 Καὶ
593 765 622 791 ὲν
635 767 695 797 ταῖς
708 766 881 802 Παροιμίαις·

97 817 107 833 ι
126 808 245 835 Σπάνιον
263 809 357 843 εἴσαγε
372 810 417 836 σὸν
432 810 501 837 πόδα
517 811 583 846 πρὸς
599 811 644 837 σὺν
661 811 748 845 φίλον,
767 813 803 846 μή
818 821 882 839 ποτε

94 853 226 887 πλησθεὶς
243 855 381 890 μισήσειε.
396 864 406 880 ι
421 857 456 876 ἑ-
469 865 478 881 ε
490 855 675 891 Ἀπόστρεψον
700 856 755 883 ἀπὸ
771 857 817 883 σοῦ
833 858 882 884 ἑπ-

95 899 260 932 ονειδίστους
280 899 386 934 λόγους.
408 911 417 927 ι
441 901 496 928 Καὶ
511 902 602 929 πάλιν⁹
623 912 633 928 ‹
657 903 705 934 ’ος
730 902 763 929 ἃν
783 903 881 937 εὐλογῇ

940 310 1237 345 adjunguntpropius.
1257 311 1302 346 qui
1321 312 1450 346 quopiam
1461 311 1656 347 fragratnohili
1676 321 1726 340 un-

939 360 1057 390 guento,
1074 356 1127 383 hoc
1140 361 1183 383 est
1195 377 1202 387 ,
1218 357 1397 392 suaviloquo,
1422 357 1469 392 qui
1485 358 1579 384 sedula
1597 357 1726 393 indagine

939 406 1130 435 perscrutatur
1151 403 1268 429 verbum
1297 403 1421 436 bonum,
1449 408 1477 430 et
1505 404 1552 438 qui
1578 409 1652 432 easta
1677 405 1725 432 Dei

938 446 1048 481 eloquia
1065 447 1176 475 abunde
1192 448 1322 476 ell'undit.
1335 449 1411 475 Nihil
1427 449 1502 476 enim
1521 450 1562 476 sic
1573 450 1726 478 obscurare

938 492 1083 518 consuevit
1098 497 1126 519 et
1141 493 1253 519 abolere
1267 493 1442 528 splendorem
1462 494 1584 526 virtutis,
1599 499 1630 521 ut
1646 495 1725 522 blan-

938 536 1049 571 diloqua
1068 543 1150 572 atque
1165 539 1298 566 urbanior
1315 540 1470 567 scurrilitas
1484 561 1491 571 .
1517 545 1547 567 ut
1563 541 1669 568 ludicra
1693 550 1726 569 ac

938 583 1068 617 petulans
1084 585 1242 619 nugacitas,
1269 592 1299 613 ut
1324 587 1432 613 otiosus
1456 595 1547 614 sermo
1570 592 1599 614 et
1625 596 1726 622 expers

937 628 1026 663 frugis
1051 628 1140 656 honre.
1165 629 1232 656 Item
1258 630 1326 657 nihil
1350 632 1389 658 sic
1407 637 1522 659 renovat
1538 637 1566 660 et
1589 633 1725 668 quodam-

938 674 1021 700 modo
1039 674 1225 709 repubescere
1241 675 1306 702 facit
1321 677 1440 704 animam
1457 678 1561 713 alioqui
1583 679 1725 706 invetera-

937 722 1004 751 tam,
1022 723 1051 745 ut
1065 719 1148 746 timor
1161 720 1229 752 Dei,
1248 726 1277 747 ut
1293 722 1383 748 oratio
1403 731 1469 749 sane
1485 731 1567 757 quam
1582 725 1723 759 speciosa,

938 768 968 791 ut
987 772 1089 799 perpes
1110 770 1138 792 et
1160 766 1297 806 indefessa
1313 768 1456 795 meditatio
1471 769 1647 804 eloquiorum
1670 771 1724 797 Do-

937 809 1004 837 mini
1020 831 1028 842 ,
1043 815 1073 837 ut
1088 811 1111 838 si
1130 812 1248 846 teipsum
1264 813 1394 840 obarmes
1420 818 1447 840 et
1472 816 1644 843 eommunias
1664 816 1722 852 jugi

937 855 1097 889 precatione
1110 877 1117 888 ,
1137 857 1159 884 si
1178 858 1274 884 sedulo
1297 867 1330 885 ac
1353 859 1437 886 veluti
1459 867 1509 894 per
1528 861 1643 896 vestigia
1667 863 1723 890 sci-

937 900 1040 928 scitere
1070 907 1203 936 quantum
1228 911 1262 931 ex
1291 904 1396 939 vigiliis
1419 907 1525 933 resiliat
1553 908 1722 942 compendii.

93 944 172 978 φίλον
186 945 260 981 πρωϊ
287 945 393 982 μεγάλῃ
415 947 448 982 τῇ
469 947 555 981 φωνῆ,
584 948 783 983 καταρωμένου
807 949 880 974 οὐδὲν

939 944 1046 980 1050
1059 946 1106 973 llla
1124 955 1207 981 porro
1223 947 1360 989 audacior!
1371 953 1453 984 atque
1471 941 1622 985 imperiosa
1636 952 1723 979 liber-

92 990 235 1026 διαφέρειν
253 990 335 1023 δόξει.
355 1001 364 1018 ι
382 993 437 1018 Καὶ
449 992 541 1026 ¹ιτάλιν·
556 993 622 1025 «⁸ος
635 993 769 1028 φυλάσσει
780 994 810 1020 τδ
828 995 884 1021 στό-

94 1043 133 1068 μα
150 1035 234 1062 αὑτοῦ
264 1036 311 1062 καὶ
327 1036 377 1072 τὴν
400 1037 537 1071 γλῶσσαν,
562 1037 688 1073 διατηρεῖ
713 1038 746 1065 ἐκ
767 1038 884 1073 θλίψεως

92 1079 142 1114 τὴν
155 1080 247 1116 ψυχὴν
273 1081 366 1109 αὑτοῦ.
393 1091 402 1108 ›
429 1082 640 1118 Ἀγωνισώμεοα
658 1083 716 1116 οὖν,
731 1085 882 1120 ἀγαπητοὶ,

96 1126 172 1162 πάσῃ
197 1127 312 1162 δυνάμει
330 1128 367 1163 μὴ
385 1128 478 1155 δοῦναι
499 1129 592 1165 χώραν
611 1129 659 1156 τοῦ
674 1131 883 1166 κατακυριεύειν

92 1171 172 1206 ἡμῶν
187 1172 217 1198 τὸ
228 1172 313 1204 πάθος
327 1173 378 1208 τῆς
393 1174 484 1209 δεινῆς
500 1175 670 1210 παρρησίας.
686 1176 811 1204 Χαλεπὸν
829 1179 882 1214 γάρ

92 1217 168 1243 ἐστιν
187 1216 259 1249 λίαν,
277 1218 324 1245 καὶ
344 1220 502 1254 γεννητικὸν
517 1221 626 1247 πάντων
641 1222 696 1248 τῶν
713 1222 820 1254 παθῶν,
836 1224 883 1250 καὶ

91 1263 249 1298 διαφθεῖρον
268 1264 347 1296 ὅλους
359 1266 423 1292 τοὺς
440 1267 576 1301 καρποὺς,
591 1267 639 1294 καὶ
653 1267 702 1300 τὰς
720 1269 820 1305 ἀρετὰς
835 1269 882 1296 τοῦ

91 1309 247 1344 ἀνθρώπου·
262 1311 451 1346 μεμισημένον
465 1312 493 1338 δέ
504 1312 578 1339 ἐστιν
591 1314 639 1340 καὶ
653 1314 729 1350 παρὰ
741 1314 789 1342 τοῦ
801 1315 880 1342 Θεοῦ.

93 1355 175 1382 Ὅθεν
191 1356 238 1382 καὶ
251 1356 298 1383 τὸν
323 1357 418 1389 Ὦζᾶν,
434 1358 610 1394 τολμήσαντα
622 1360 743 1387 ἐκτεῖναι
757 1361 806 1393 τὴν
823 1361 882 1396 χεῖ-

91 1409 139 1437 ρα,
155 1401 202 1427 καὶ
218 1402 424 1438 περισώσασθαι
447 1403 497 1439 τὴν
520 1405 639 1432 κιὸωτὸν
655 1405 703 1432 τοῦ
730 1405 809 1434 Θεοῦ.
827 1415 881 1434 πα-

91 1446 232 1481 ραχρῆμα,
244 1446 282 1478 ὡς
293 1447 378 1482 ἐναγῆ
392 1449 438 1474 καὶ
451 1448 559 1484 ἀνίερον
570 1449 750 1477 ἐθανάτωσεν.
763 1450 800 1477 Τὸ
811 1451 882 1486 παῤ-

92 1492 272 1527 ῥησιάζεσθσι
291 1490 349 1524 οὖν.
374 1494 422 1520 καὶ
450 1495 627 1530 ἐπαίρεσθαι,
649 1496 815 1532 δυσάρεστον
841 1496 881 1532 τῷ

90 1537 151 1573 Θεῷ
168 1539 215 1565 καὶ
233 1538 388 1574 ἀνθρώποις
409 1540 495 1567 ἐστίν.
526 1542 582 1568 Kal
607 1541 686 1568 τοῦτο
712 1542 806 1576 σαφῶς
831 1543 882 1569 £1:-

93 1585 240 1619 ιστάμενος
263 1586 281 1612 ’ό
296 1585 387 1617 Δαυῒδ,
411 1586 514 1620 ἐλεγεψ
530 1595 540 1612 ι
557 1587 673 1621 Ἀγαθόν
697 1596 743 1623 μοι
765 1588 806 1615 ὃτι
819 1589 881 1615 ιτα-

91 1631 230 1663 πείνωσάς
249 1641 293 1667 με,
313 1632 387 1664 ὅπως
405 1633 438 1659 ἂν
455 1633 533 1668 μάθω
547 1633 583 1660 τὰ
603 1634 777 1670 δικαιώματά
791 1643 848 1662 σου.
867 1644 876 1661 ι

90 1676 158 1708 Kal,
181 1686 191 1702 ε
218 1678 433 1714 Καθὴλωσονιὲκ
451 1679 498 1705 τοῦ
522 1679 606 1714 φόϐου
632 1688 678 1706 σου
702 1680 751 1713 τὰς
777 1681 883 1716 σάρκας

91 1730 154 1756 μου·
173 1723 226 1749 ἀπὸ
241 1725 295 1759 γάρ
307 1725 361 1751 τῶν
375 1725 520 1760 χριμάτων
535 1734 582 1752 σου
599 1725 750 1761 ἐφοϐήθην.
771 1735 780 1751 ›
792 1727 850 1753 Καὶ
866 1728 881 1753 ὁ

91 1768 198 1800 Ιιαῦλός
211 1777 303 1803 ςρησινν
322 1780 332 1795 ‹
351 1770 445 1805 Ἐδόθη
459 1780 503 1805 μοι
515 1771 633 1806 σχώλωψ
649 1773 681 1806 τῇ
699 1772 780 1807 σαρκὶ
795 1772 879 1806 ἄγγε-

89 1813 136 1844 λος
151 1814 248 1845 Σατᾶν,
267 1816 311 1841 ἵνα
328 1824 360 1850 με
376 1817 522 1852 κολαφίζῃ.
541 1817 584 1844 [va
599 1818 636 1853 μὴ
651 1819 875 1853 ὑπεραίρωμαι.»

90 1859 146 1884 Kal
160 1858 247 1890 mw
269 1869 278 1885 ι
302 1860 350 1892 Τίς
368 1863 536 1896 καυχήσεται
557 1863 643 1897 ἁγνὴν
659 1862 732 1897 ἔχειν
747 1862 796 1898 τὴν
810 1871 878 1898 καρ-

87 1904 164 1935 δίανς
182 1906 198 1940 ἢ
213 1905 255 1936 τίς
277 1907 494 1942 παρῤησιάσεται
513 1906 628 1934 ἐνώπιον
643 1907 746 1940 autat-1;
766 1917 776 1934 ι
795 1907 876 1934 Ὅθεν

89 1949 138 1976 καὶ
152 1950 166 1975 ὸ
179 1950 280 1985 Κύριος
294 1951 595 1987 παῤῥησιασαμένῳτῷ
609 1952 716 1988 Πέτρῳ,
727 1952 774 1978 καὶ
785 1952 877 1979 ειπόν-

87 2002 126 2021 τι·
147 2004 156 2020 ι
174 1995 268 2028 Ἵλεώς
289 2005 340 2028 σοι,
362 1997 460 2032 Κύριε,
478 1998 509 2024 οὐ
534 1998 572 2032 μὴ
593 1998 669 2024 ἔσται
691 2006 732 2024 σοι
752 1998 842 2029 τοῦτο,
864 2007 873 2023 ι

89 2042 267 2076 ἐπετίμησεν,
280 2043 376 2069 εἰπών·
391 2053 401 2069 ‹
416 2044 526 2077 Ὕπαγε
539 2044 628 2070 ὀπίσω
647 2052 711 2078 μου,
730 2044 846 2070 Σατανᾶ.
863 2052 872 2069 ι

96 2085 296 2122 Ἐπερωτηθεὶς
321 2087 348 2114 δὲ
368 2089 438 2123 μετὰ
454 2088 503 2124 τὴν
524 2089 672 2116 ἀνάστασιν
688 2089 741 2115 ὑπὸ
755 2089 802 2115 τοῦ
819 2089 875 2125 Ku-

89 2132 158 2167 ρίου·
177 2142 184 2158 ι
206 2134 303 2168 Πέτρε,
317 2134 408 2168 φιλεῖς
425 2143 481 2170 us;
506 2144 515 2161 ι
532 2135 581 2161 σὺν
597 2135 672 2171 πάσῃ
690 2135 818 2170 εὐλαὸεἱᾳ
827 2135 880 2161 άτι-

88 2176 198 2212 εκριθη,
216 2187 226 2202 ι
242 2178 306 2210 Ναὶ,
324 2179 420 2214 Κύριε,
433 2179 466 2205 σὺ
483 2176 556 2211 οἶδας
569 2180 609 2206 ὅτι
631 2179 702 2214 φιλῶ
715 2187 755 2205 σε.
773 2189 781 2204 ι
797 2178 877 2214 Διὶτῷ

87 2222 105 2255 ἡ
120 2221 193 2253 δόξα.
215 2223 312 2257 Ἀμήν.

937 995 978 1018 tas
1002 990 1145 1026 loquendi
1176 993 1346 1020 ahominatio
1367 1000 1429 1026 est,
1457 1001 1541 1030 utque
1578 997 1722 1033 Scriptura

934 1037 1061 1063 continet
1075 1037 1100 1063 in
1115 1038 1279 1065 Ecclesiaste
1296 1048 1302 1064 :
1321 1040 1486 1071 exsecratio.
1507 1041 1630 1075 inquam,
1647 1042 1721 1077 apud

934 1079 1094 1112 Dominum,
1111 1082 1158 1116 qui
1185 1081 1275 1109 ﬁrmat
1289 1083 1415 1116 oculum;
1437 1084 1485 1111 sed
1499 1090 1527 1112 et
1551 1086 1665 1117 indocti.
1682 1087 1723 1113 in-

933 1128 1117 1162 temperantis
1130 1128 1230 1163 linguze
1245 1131 1353 1157 sunt".
1368 1130 1396 1158 Si
1415 1131 1607 1159 verberavcris
1619 1133 1722 1167 impru-

932 1171 1055 1203 dentem.
1080 1173 1105 1199 in
1134 1174 1226 1200 medio
1253 1175 1361 1202 consilii
1384 1175 1424 1202 illi
1449 1177 1722 1212 opprobrans,nun-

932 1225 1014 1251 quam
1041 1217 1193 1245 abstuleris
1220 1220 1366 1247 stultitiam
1396 1221 1481 1249 illius.
1496 1223 1625 1250 Rursus:
1653 1223 1724 1251 «Sa-

932 1264 1034 1300 pientia
1062 1264 1183 1292 hominis
1205 1266 1326 1294 illustrat
1349 1267 1447 1294 t‘aci'em
1472 1268 1550 1302 ejus;
1576 1268 1722 1303 impudens

931 1314 1024 1336 autem
1056 1309 1125 1337 facie
1154 1311 1268 1338 odlbilis
1291 1311 1345 1338 erit
1360 1312 1393 1338 ".
1413 1321 1422 1336 ι
1439 1312 1473 1339 Et
1490 1312 1517 1338 in
1537 1313 1719 1340 Proverbiis:

936 1364 945 1380 ι
963 1355 1065 1382 Rarius
1082 1356 1154 1384 inter
1170 1357 1267 1392 pedem
1285 1362 1362 1385 tuum
1381 1358 1408 1385 in
1430 1358 1543 1385 domum
1561 1359 1661 1390 amici,
1687 1366 1722 1386 ne

931 1400 1003 1428 forte
1014 1402 1129 1429 satiatus
1141 1403 1232 1430 oderit
1247 1408 1273 1430 te
1287 1405 1388 1430 ’ἓν-ε
1404 1404 1504 1431 Averte
1518 1404 1567 1432 abs
1579 1409 1604 1432 te
1617 1413 1722 1432 sermo-

932 1454 982 1474 nes
997 1448 1139 1482 opprobrii
1155 1449 1188 1474 ".
1213 1458 1221 1474 ι
1253 1449 1354 1476 lterum
1370 1459 1376 1475 :
1396 1459 1405 1474 ι
1423 1449 1473 1482 Qui
1489 1449 1628 1476 bcnedicit
1642 1457 1722 1476 mane

931 1492 1051 1520 amicum
1069 1499 1177 1520 exserta
1192 1502 1270 1526 voce,
1295 1495 1364 1522 nihil
1379 1495 1491 1522 diﬂ‘erre
1505 1495 1616 1523 videtur
1634 1496 1668 1522 ab
1687 1503 1722 1523 eo

931 1539 979 1573 qui
1008 1539 1149 1566 maledicit
1160 1541 1193 1567 “.
1214 1549 1222 1566 ι
1248 1541 1369 1568 Rursum
1397 1550 1404 1567 :
1441 1551 1449 1566 α
1468 1541 1520 1574 Qui
1541 1540 1663 1568 custodit
1689 1549 1722 1569 os

931 1592 1012 1612 suum
1024 1590 1049 1611 et
1063 1585 1196 1620 linguam.
1213 1591 1359 1614 conservat
1374 1594 1389 1613 a
1408 1587 1588 1614 tribulatione
1599 1587 1719 1614 animam

930 1638 1008 1657 suam
1022 1631 1054 1657 ’⁷.
1072 1640 1081 1656 ι
1102 1632 1136 1658 Ει
1153 1639 1204 1658 nos
1227 1632 1312 1667 igitur
1329 1640 1380 1666 pro
1402 1633 1475 1660 virili
1490 1653 1497 1665 ,
1513 1633 1614 1660 fratres
1626 1653 1633 1665 ,
1662 1638 1721 1661 toto

929 1677 995 1704 nixu
1007 1677 1214 1712 provideamus.
1227 1686 1262 1706 ne
1273 1687 1356 1714 quem
1368 1679 1459 1706 locum
1470 1679 1496 1706 in
1509 1680 1589 1706 nobis
1603 1679 1722 1706 vitiosus

929 1723 974 1750 hic
991 1724 1169 1750 nanciscatur
1177 1724 1404 1759 allectuslingua:
1420 1725 1556 1759 procacis,
1574 1724 1721 1759 nequando

931 1768 1078 1796 adversum
1114 1777 1165 1796 nos
1198 1769 1347 1796 iuvalescat
1377 1770 1563 1804 imperiosius.
1582 1770 1721 1804 Pcrquam

931 1813 1046 1840 molesta
1059 1817 1102 1840 est
1123 1813 1182 1840 inec
1198 1813 1296 1841 anima:
1310 1813 1500 1848 intemperies,
1517 1821 1595 1848 equa
1606 1821 1655 1840 ceu
1673 1821 1720 1848 pa-

932 1861 1009 1883 rente
1027 1861 1133 1883 caetera:
1163 1857 1373 1892 progerminant
1389 1861 1417 1884 et
1442 1861 1606 1892 emergunt:
1632 1863 1721 1891 eoque

930 1903 1038 1930 fructus
1056 1902 1181 1930 exercitii
1206 1902 1288 1937 hujus
1306 1902 1394 1929 nostri
1424 1910 1524 1929 omnes
1552 1902 1721 1937 putrilagine

931 1955 963 1974 ac
980 1955 1105 1974 marcore
1122 1947 1212 1982 perdit
1228 1967 1234 1978 ,
1253 1947 1372 1974 virtutes
1387 1947 1459 1982 ipsas
1480 1947 1602 1974 hominis
1630 1947 1721 1974 reddit

932 1992 1029 2019 inanes
1054 1992 1141 2027 frugis
1167 1992 1256 2019 home.
1282 1992 1310 2019 In
1329 2000 1377 2019 eos
1392 1992 1597 2020 caditvitiosus
1616 1991 1660 2019 hic
1678 1991 1720 2018 af-

930 2038 1031 2068 fectus.
1045 2046 1116 2072 quos
1127 2038 1185 2065 odit
1200 2038 1273 2065 Deus
1291 2038 1488 2065 inl'ensissime.
1501 2037 1578 2065 Unde
1599 2042 1626 2065 et
1645 2037 1719 2064 Ozan

929 2085 975 2119 qui
993 2093 1041 2119 per
1053 2084 1237 2112 temeritatem
1253 2084 1430 2120 exporrigere
1443 2092 1552 2111 manum
1566 2091 1650 2110 ausus
1664 2087 1716 2114 est,

929 2134 958 2156 ut
975 2138 1039 2157 arca
1053 2130 1101 2157 Dei
1118 2135 1277 2157 servaretur
1295 2130 1458 2163 incolumis;
1475 2134 1506 2157 ut
1520 2129 1718 2157 exsecrabilem

928 2182 960 2202 ac
973 2175 1121 2210 profanum
1139 2175 1166 2202 in
1183 2175 1302 2210 vestigio
1313 2179 1402 2202 morte
1419 2175 1547 2202 multavit
1559 2174 1717 2207 ".Tcmcre

925 2229 994 2257 ergo
1012 2222 1087 2256 loqui
1104 2229 1136 2248 ac
1152 2229 1213 2249 sese
1232 2221 1331 2249 cllerre
1356 2221 1536 2256 impotentius
1549 2240 1556 2251 ,
1568 2224 1718 2253 utrumque

86 2268 161 2301 apud
180 2269 265 2296 Deum
278 2275 306 2296 et
332 2270 460 2298 homines
475 2275 551 2298 caret
577 2271 676 2306 gratia.
705 2270 784 2304 Quod
811 2278 873 2297 eum
893 2269 1038 2304 perspicue
1069 2272 1162 2295 nosset
1197 2267 1301 2300 David,
1324 2268 1458 2294 dicebat:
1491 2276 1500 2292 ‹
1518 2266 1623 2293 Bonum
1648 2265 1716 2293 mihi

86 2312 162 2346 quod
192 2313 344 2340 humiliasti
373 2322 416 2341 me
431 2334 438 2346 .
473 2319 503 2342 ut
531 2315 634 2342 discam
661 2314 874 2350 iustiﬁcationes
894 2317 955 2340 tuas
967 2314 1002 2339 ὀ.
1018 2322 1026 2338 ι
1064 2313 1098 2339 Et
1116 2321 1121 2339 :
1154 2322 1163 2337 ι
1183 2311 1295 2347 Conlige
1308 2312 1406 2340 timore
1420 2316 1468 2339 tuo
1478 2319 1577 2338 carnes
1588 2319 1684 2342 meos;
1701 2319 1716 2337 a

85 2357 201 2392 iudiciis
224 2359 297 2386 enim
312 2359 368 2386 tuis
387 2359 467 2386 timui
485 2360 504 2386 '.
523 2369 532 2385 i
549 2359 602 2387 Sed
618 2364 647 2386 et
678 2359 797 2387 Paulus:
817 2370 825 2384 ι
844 2359 930 2386 Datus
943 2362 985 2385 est
1001 2357 1069 2385 mihi
1102 2357 1231 2384 stimulus
1255 2357 1349 2384 carnis
1372 2357 1485 2392 angelus
1514 2355 1640 2388 Satame.
1670 2355 1716 2390 qui

86 2410 132 2429 me
159 2403 334 2437 colaphizet.
353 2408 383 2430 ut
408 2411 443 2431 ne
473 2404 590 2431 extollar
611 2405 631 2430 ‘.
652 2414 660 2429 ι
689 2403 768 2431 Alius
789 2404 877 2430 item:
902 2412 911 2428 ι
931 2402 999 2436 Quis
1009 2401 1318 2436 gloriabiturmundum
1348 2408 1378 2428 sc
1404 2400 1579 2428 haberecor?
1591 2399 1718 2434 Autquis

86 2448 176 2476 libere
201 2450 332 2484 loquetur
356 2457 449 2477 coram
484 2457 518 2477 eo
537 2451 592 2476 “In
611 2450 689 2478 Unde
727 2454 755 2477 et
781 2449 914 2477 Dominus
933 2449 1016 2477 Petro
1044 2448 1177 2475 audacius
1204 2455 1286 2482 quam
1315 2447 1498 2474 conveniebat
1515 2447 1628 2478 locuto;
1653 2454 1716 2473 cum

83 2495 161 2522 enim
175 2496 199 2530 is
215 2496 331 2523 dixisset
345 2505 352 2523 :
373 2507 382 2522 ι
400 2497 541 2532 Propitius
568 2502 629 2524 esto
652 2497 718 2528 tibi,
747 2497 877 2526 Domine.
899 2503 953 2522 non
969 2495 1023 2522 erit
1039 2495 1089 2522 tibi
1103 2495 1167 2525 hoc,
1185 2503 1194 2520 ι
1224 2494 1329 2521 acriter
1362 2501 1425 2521 eum
1437 2538 1445 2543 .
1456 2493 1603 2543 coarguit:
1623 2502 1632 2517 ι
1644 2492 1718 2543 Vade

85 2545 176 2573 retro.
192 2542 292 2569 Salana
305 2542 326 2570 ⁸.
346 2552 355 2568 ι
374 2543 456 2578 Atqui
473 2543 546 2570 idem
580 2550 642 2570 mox
661 2552 675 2570 a
696 2543 898 2570 resurrectione
918 2550 932 2569 a
943 2542 1062 2569 Domino
1078 2541 1282 2575 interrogatus:
1299 2549 1308 2564 ι
1325 2539 1416 2571 Petre,
1429 2538 1520 2574 diligis
1537 2539 1603 2565 me?
1616 2547 1624 2563 ι
1643 2538 1716 2564 omni

83 2596 150 2615 eum
167 2589 267 2616 timore
283 2596 315 2615 ac
333 2590 488 2616 reverentia
505 2590 666 2624 respondit:
690 2600 698 2614 ι
711 2590 807 2620 Certe.
824 2589 950 2621 Domine,
963 2593 992 2616 tu
1007 2588 1072 2617 scis.
1089 2587 1152 2622 quia
1182 2594 1244 2614 amo
1273 2592 1299 2614 te
1312 2587 1333 2613 '.
1344 2595 1353 2611 ι
1384 2586 1438 2620 1ρεί
1464 2585 1552 2620 gloria
1565 2585 1592 2612 in
1606 2584 1715 2612 saecula.

82 2633 183 2661 Amen.
505 2639 507 2642 '

116 2723 238 2750 "Eee'c.
256 2731 303 2752 ιιι,
321 2723 366 2750 22.
405 2723 428 2739 ”
443 2723 534 2750 Eccle.
546 2722 603 2755 vin,
623 2725 647 2751 l.
686 2724 707 2739 "
723 2724 804 2750 Prov.
823 2731 884 2754 xxv.
906 2723 948 2750 l7.
984 2723 1010 2739 “
1028 2723 1113 2750 Eccli.
1128 2730 1182 2754 xu,
1197 2722 1242 2750 ‘28.
1281 2722 1303 2738 "
1315 2723 1397 2750 Prov.
1422 2730 1503 2753 xxvu,
1525 2722 1566 2749 14.
1598 2721 1619 2737 ""
1635 2721 1715 2748 Prov.

85 2766 144 2788 ut.
162 2758 206 2784 ‘23.
241 2760 265 2774 τ’·
283 2758 305 2785 ll
319 2759 385 2792 Reg.
397 2766 433 2789 vr,
451 2759 477 2784 6.
517 2760 539 2774 ν’
556 2759 626 2787 Psal.
640 2767 730 2789 (:xvm.
746 2761 789 2789 7|.
831 2758 918 2785 ‘lbid.
937 2758 996 2785 l20.
1034 2759 1044 2773 ²
1059 2758 1081 2785 ll
1094 2757 1158 2785 Cor.
1175 2766 1221 2790 xu,
1252 2758 1278 2785 ’1.
1336 2758 1345 2773 ³
1362 2757 1442 2784 Prov.
1461 2757 1542 2785 “.9.
1592 2756 1602 2771 ⁸
1618 2756 1714 2784 Matth.

85 2801 141 2824 xvi,
158 2793 202 2822 "2‘2.
220 2793 264 2820 ‘23.
305 2793 314 2808 '
327 2793 406 2820 .loau.
425 2801 484 2824 ut.
498 2793 540 2825 l5,
560 2794 599 2822 l7.
