1975 3189
191 198 256 228 libi

806 195 989 225 ANTIOCHI
1011 195 1183 225 MONACIII

1756 197 1823 225 ηδ

188 252 298 278 divitias
317 250 425 278 mulieri
437 250 457 266 "
474 259 483 275 ι
503 258 510 276 :
527 253 647 276 mentem
665 254 749 281 tuam,
762 248 845 275 vitam
862 249 977 284 denique

1036 249 1072 286 μὴ
1089 249 1203 279 εἰδότας,
1221 247 1290 274 κατὰ
1306 247 1349 274 τὶν
1366 248 1443 281 λόγον
1457 247 1502 273 τοῦ
1519 247 1633 281 Κυρίου,
1650 248 1689 273 Et:
1706 258 1714 273 ι
1739 249 1824 275 Ἱίκεῐ⁴

189 303 215 325 et
229 297 385 325 consilium.
401 296 478 323 Alius
497 305 503 322 :
524 305 533 321 ι
551 295 619 323 Cum
637 295 785 322 cantatrice
802 295 931 322 assiduus
946 303 980 323 ne

188 348 259 375 esto,
267 342 413 378 nequando
423 341 542 376 capiaris
552 341 578 368 in
588 341 693 373 argutis
701 339 834 375 operibus
844 341 918 367 illius
927 341 956 367 ι’.
968 350 976 365 ι

187 389 258 421 Quin
277 393 305 416 et
325 388 422 415 Isaiam
442 387 476 414 de
497 387 558 414 istis
577 386 696 413 arbitror
715 385 789 420 loqui
811 394 818 412 ε
844 395 852 410 ε
875 385 929 412 Pro
947 393 980 412 eo

187 435 261 470 quod
276 435 402 462 exaltata)
416 438 480 461 sunt
493 433 556 460 lilia:
568 437 631 465 tute,
643 432 719 461 Sion.
729 436 756 458 et
769 431 981 458 ambulaverunt

187 485 301 508 extenso
324 480 408 510 collo,
429 484 456 506 et
479 478 600 506 nictibus
623 478 765 504 oculorum
778 477 812 509 ’°,
833 487 842 502 ι
869 481 896 503 et
920 485 980 511 qua:

1033 304 1078 326 νος
1095 294 1212 325 ὁδοῦ).ος
1232 295 1246 320 ὁ
1259 295 1339 327 γνοὺς
1354 294 1385 320 τὸ
1403 294 1508 328 θέλημα
1527 292 1572 319 τοῦ
1603 295 1707 329 κυρίου,
1721 295 1768 320 καὶ
1787 294 1823 329 μὴ

1032 342 1148 376 ποιήσας
1165 340 1233 375 πρὸς
1250 340 1281 366 τὸ
1295 339 1402 374 θέλημα
1418 339 1512 370 αὑτοῦ,
1528 339 1676 374 δαρήσεται
1699 340 1792 368 πολλὰ,
1811 350 1820 365 ι

1032 387 1087 412 Καὶ
1102 386 1200 419 ἐπάγει
1215 393 1222 400 ·
1239 395 1247 411 ι
1267 386 1351 412 Παντὶ
1373 382 1395 419 ᾧ
1416 385 1492 420 ἐδόθη
1512 385 1605 415 πολλὰ,
1627 387 1824 421 περιςσότερον

1032 433 1233 467 ἁπαιτήσουσιν
1250 432 1352 459 αὐτόν.’
1365 441 1374 457 ι
1391 431 1470 466 Αὐτῷ
1487 433 1503 466 ἡ
1517 432 1580 464 δόξα
1597 433 1637 463 εἰς
1650 433 1711 463 τοὺς
1722 433 1822 464 αἰῶνας

1033 478 1086 504 τῶν
1105 477 1221 503 αἰώνων.
1250 477 1346 512 Ἀμήν.

187 531 350 563 sequuntur.
362 527 396 554 Et
410 525 534 553 inducit:
555 535 563 550 ι
580 525 612 552 Et
625 524 757 551 Dominus
770 523 904 551 rcvelabit
917 523 1042 550 habitum
1056 524 1082 551 in
1099 524 1143 551 die
1160 524 1204 550 illa
1217 524 1249 551 “.
1268 533 1277 549 ι
1292 524 1320 550 ld
1335 523 1408 557 quod
1423 531 1496 550 nunc
1528 524 1660 558 temporis
1673 524 1822 559 contigisse

187 574 315 604 arbitror,
332 580 380 606 per
398 571 545 598 adventum
562 570 765 597 Chaldaeorum.
782 569 887 603 1055
906 569 977 596 Dicit
996 574 1087 596 autem
1099 574 1126 596 et
1138 570 1191 596 alio
1203 570 1262 596 loco
1285 578 1290 595 :
1314 579 1322 594 ι
1342 569 1481 604 Virginem
1502 577 1537 596 ne
1557 571 1770 604 eomtempleris,
1786 578 1820 597 ne

187 620 257 647 forte
284 617 479 646 seandalizeris
504 617 532 643 in
557 616 793 651 increpationibus
819 616 892 643 illius
922 617 956 642 ²¹.
978 626 987 641 ι
1012 616 1116 643 Rursus
1139 624 1146 642 :
1174 626 1182 639 ι
1206 616 1305 643 Vinum
1328 620 1356 643 et
1375 616 1507 642 mulieres
1527 620 1680 650 aposmtare
1716 615 1820 642 faciunt

188 665 270 692 corda
294 663 506 698 iutelligentium
539 662 572 688 ”.
596 672 604 687 ι
633 662 752 688 Proinde
778 661 959 688 Ecclesiastes
985 670 992 688 :
1018 671 1026 686 ε
1042 661 1169 688 Amarius
1183 666 1270 688 morte
1284 667 1335 693 est,
1365 662 1523 688 conversari
1537 669 1598 688 eum
1612 661 1740 692 muliere;
1763 661 1819 696 ipsa

187 711 260 738 enim
283 711 396 746 laqueus
417 709 556 737 venatoris
593 713 651 741 est,
687 713 714 735 et
734 716 833 742 Sagena
856 716 903 734 eor
925 707 1012 739 illius,
1033 708 1174 735 vinculum
1196 707 1223 734 in
1245 715 1342 734 manus
1361 708 1430 742 ejus.
1448 708 1540 735 Bonus
1561 712 1623 734 ante
1644 707 1740 734 faciem
1759 707 1818 738 Dei.

188 757 396 785 submovebitur
413 757 446 784 ab
464 746 513 788 ea;
532 755 579 790 qui
598 761 709 790 peccat,
726 755 978 789 comprehendetur
998 755 1024 782 in
1040 763 1071 782 ea
1083 757 1116 781 ".
1135 765 1143 781 ι
1162 755 1248 782 Infert
1268 764 1273 782 :
1294 765 1302 780 ι
1319 755 1435 786 Laetare,
1450 756 1570 790 juvenis,
1588 755 1614 782 in
1635 755 1818 782 adolescentia

188 807 244 834 tua,
259 805 286 829 et
303 801 412 828 ambula
429 801 456 828 in
470 801 522 827 viis
539 800 673 826 innocens
703 805 730 826 et
746 800 949 832 immaculatus,
983 805 1011 827 et
1031 800 1057 826 in
1074 801 1197 827 contuitu
1212 801 1355 827 Oculorum
1373 805 1493 835 tuorum,
1508 805 1534 827 et
1550 801 1618 828 scito
1632 801 1695 835 quia
1712 801 1820 835 probis

187 849 317 875 omnibus
339 848 457 875 adducet
479 851 504 874 te
530 847 602 874 Deus
628 847 655 873 in
677 847 811 881 judicium
827 847 860 873 ’³.
886 857 895 872 ι
921 847 976 874 Nec
996 847 1074 874 aliter
1093 848 1241 882 Apostolus
1262 857 1268 874 :
1296 857 1304 872 ι
1330 849 1429 874 Omnes
1467 848 1540 875 enim
1577 856 1627 875 nos
1648 849 1818 876 manifestari

188 899 296 929 oportet
313 898 377 921 ante
395 893 512 920 tribunal
531 893 644 926 Christi,
679 898 708 920 ut
726 894 828 921 referat
863 895 1051 929 unusquisque
1069 895 1179 930 propria
1196 895 1331 929 corporis,
1346 903 1406 930 quae
1439 896 1533 931 gessit,
1549 896 1606 922 sive
1641 896 1742 924 bonum
1761 897 1819 924 sive

188 941 289 968 malum
301 941 332 967 “.
354 950 362 966 ι
389 940 444 968 Nos
465 940 549 975 igitur
573 940 620 974 qui
640 941 746 968 eteteris
766 942 971 976 Scripturarum
991 943 1177 977 cognitionem
1213 943 1448 975 administramus,
1483 950 1534 970 nec
1552 947 1644 970 tamen
1661 951 1708 970 eas
1724 944 1818 978 exple-

187 979 250 1014 inus
265 994 358 1021 opere,
375 986 461 1013 multo
478 994 533 1020 prae
551 986 654 1021 ignaris
671 986 731 1013 istis
764 988 886 1014 atrocius
919 992 1012 1014 manet
1029 988 1180 1022 judicium,
1193 988 1269 1021 juxta
1286 988 1399 1015 verbum
1417 987 1526 1014 Domini
1544 987 1662 1015 dicentis
1684 997 1692 1015 :
1719 998 1727 1013 ι
1749 988 1819 1021 Quia

189 1040 285 1060 servus
301 1033 346 1068 qui
369 1033 445 1060 novit
462 1033 631 1060 voluntatem
650 1034 754 1060 domini
774 1034 827 1065 sui,
845 1042 896 1061 nec
912 1033 976 1061 fecit
995 1033 1149 1061 secundum
1176 1034 1266 1065 illam,
1285 1035 1427 1070 vapulabit
1468 1034 1562 1061 multis
1591 1035 1623 1061 ’⁷.
1646 1045 1655 1060 ›
1681 1036 1787 1063 lndueit
1810 1045 1816 1064 :

192 1090 199 1105 ι
219 1079 259 1106 Ab
276 1079 350 1106 omni
366 1079 410 1106 cui
427 1074 543 1106 multum
561 1079 692 1106 donatum
710 1084 761 1111 est,
777 1080 839 1114 plus
851 1083 977 1114 repetent
996 1079 1030 1106 ab
1044 1087 1077 1107 eo
1089 1080 1120 1106 “.
1139 1089 1148 1105 ι
1167 1079 1219 1114 lpsi
1233 1080 1321 1114 gloria
1337 1080 1364 1106 in
1381 1079 1478 1106 smeula
1495 1079 1669 1106 saeculorum.
1685 1081 1781 1109 Amen.

468 1136 609 1163 llOlilLlA
628 1136 698 1163 XIX.

1332 1137 1441 1163 ΛΟΓΟΣ
1461 1135 1510 1163 ῙΘ¹.

464 1181 501 1207 De
518 1182 702 1216 fornicatione.

225 1227 428 1254 Fornicationis
440 1227 556 1254 allectus
567 1227 718 1255 multiﬁdus
731 1228 841 1263 quidem
855 1236 887 1255 ex
900 1228 977 1255 fami-

190 1273 250 1300 liari
279 1273 403 1299 cooritur
428 1277 456 1299 et
482 1273 568 1307 surgit
596 1273 741 1300 mulierum
765 1275 974 1302 consuetudine.

188 1318 268 1345 z‘iullo
281 1319 354 1345 enim
368 1318 478 1353 negotio
493 1319 658 1345 assentatrix
673 1319 718 1346 illa
732 1324 759 1346 et
773 1320 836 1347 illex
849 1328 977 1355 congres-

188 1366 229 1393 sio
251 1360 408 1400 procaeium
427 1366 584 1398 mulierum,
600 1375 629 1393 se
649 1367 769 1394 hominis
788 1367 884 1394 inserit
900 1368 976 1395 eordi

189 1412 334 1444 illecebra,
348 1413 521 1440 veteratoris:
537 1413 605 1439 artis
623 1421 754 1448 perquam
777 1415 866 1448 plena.
882 1415 976 1449 Neque

189 1458 216 1484 id
244 1458 359 1493 simplex
384 1458 502 1489 malum,
525 1465 587 1484 cum
611 1458 802 1485 fornicationis
825 1459 976 1486 dzemonem

188 1504 324 1538 duplicem
342 1511 401 1530 esse
421 1508 537 1530 constet.
555 1504 601 1530 list
615 1505 688 1531 enim
704 1505 751 1539 qui
766 1505 899 1532 adversus
914 1506 976 1532 ani-

190 1557 271 1581 mum,
286 1553 328 1576 est
341 1554 367 1576 et
382 1549 428 1584 qui
446 1549 591 1576 adversum
611 1558 712 1585 corpus
729 1551 879 1586 conspiret.
895 1551 977 1578 Istius

189 1595 227 1621 rei
247 1595 332 1630 gratia
349 1603 418 1630 agon
436 1595 536 1630 duplex
555 1596 634 1623 nobis
651 1597 830 1631 excipiendus
845 1597 977 1625 adversus

190 1641 326 1675 impurum
344 1641 426 1668 hunc.
443 1641 536 1676 Neque
556 1643 630 1668 enim
652 1643 812 1669 sustinendo
829 1643 894 1670 huic
910 1651 976 1670 con—

188 1686 274 1713 ﬂictui
302 1686 368 1713 satis
392 1686 474 1713 fuerit
497 1688 640 1721 corporale
666 1687 817 1722 jejunium,
840 1688 928 1714 solum
954 1689 976 1714 si

189 1732 276 1763 adsit,
299 1736 330 1758 ut
357 1732 435 1758 hoste
466 1732 633 1766 triumphato
662 1734 824 1767 palmarium
854 1738 977 1768 reportes

190 1777 316 1812 perfecta:
330 1777 487 1804 sobrietatis
505 1782 533 1804 et
548 1778 724 1805 eastimonim.
741 1779 849 1805 Etenim
866 1787 976 1806 necesse

190 1824 235 1856 sit,
249 1823 341 1851 adsint
357 1824 397 1850 hre
412 1823 537 1855 comites,
553 1824 644 1851 cordis
664 1825 805 1856 contritio.
819 1825 976 1860 deprecatio

187 1870 262 1904 jugis
277 1869 310 1896 ad
325 1870 421 1901 Deum,
433 1869 529 1896 crebra
543 1869 686 1897 meditatio
703 1870 916 1905 Scripturarum.
930 1871 977 1898 llis

189 1915 275 1947 addc,
298 1915 436 1947 laborem,
459 1919 486 1941 et
511 1915 681 1942 manuariam
708 1909 883 1943 industriam.
906 1916 976 1944 Sane

190 1966 305 1997 possunt
317 1961 373 1988 haec
390 1961 587 1988 insolescentcs
599 1966 681 1996 atque
695 1962 868 1996 importunos
879 1963 977 1989 anima:

191 2012 280 2034 motus
307 2007 490 2041 supprimere.
514 2007 572 2034 Pra:
599 2007 642 2034 his
670 2007 799 2034 omnibus
828 2008 976 2042 plurimum

189 2052 271 2081 alIert
285 2053 464 2080 emolumenti
481 2053 578 2080 animm.
598 2061 658 2080 sese
677 2053 834 2088 dcjicientis
848 2054 976 2081 humilia-

191 2101 228 2128 tio
246 2109 253 2128 :
271 2108 324 2135 qua
341 2100 411 2132 sine,
428 2107 483 2126 non
501 2099 720 2131 fornicationem,
738 2107 790 2125 non
809 2099 891 2126 ullam
909 2100 977 2126 alia-

192 2154 251 2172 rum
268 2146 426 2180 passionum
443 2144 606 2179 pervincerc
625 2144 687 2178 quis
704 2144 834 2178 potuerit.
849 2145 977 2179 Pervigili

191 2193 283 2226 itaque
305 2191 430 2218 custodia
452 2190 647 2217 asservandum
673 2198 730 2221 cor,
748 2198 782 2216 ne
804 2191 869 2224 quid
890 2191 976 2218 insin-

190 2246 261 2264 cera:
289 2237 466 2272 cogitationis
498 2236 603 2270 irrepat
632 2235 767 2263 alicunde.
796 2235 875 2263 Juxta
904 2236 977 2263 enim

191 2284 359 2311 [)ominicam
374 2291 469 2310 vocem
488 2291 494 2308 ε
513 2291 522 2307 ι
539 2282 578 2309 Ex
591 2282 673 2308 corde
686 2287 786 2309 exeunt
798 2283 978 2317 cogitationes

191 2330 312 2356 malm“.
334 2339 343 2355 ι
368 2328 487 2356 Tametsi
509 2328 536 2354 in
559 2333 652 2355 nostra
674 2329 824 2362 repositum
845 2333 978 2362 potestate

190 2381 248 2408 est,
263 2376 343 2410 juxta
364 2374 488 2409 Apostoli
513 2374 693 2404 sententiam,
710 2378 741 2400 ut
765 2382 879 2409 agonem
905 2374 979 2401 hunc

191 2422 376 2449 sustineamus
395 2421 517 2456 legitime
534 2424 563 2446 et
580 2428 744 2446 coronemur
756 2420 777 2435 ³⁰
796 2429 802 2446 :
825 2420 847 2446 si
870 2421 979 2455 quando

1301 1183 1372 1217 Περὶ
1385 1184 1536 1217 πορνείας.

1063 1228 1098 1256 Τὸ
1111 1229 1197 1261 πάθος
1209 1229 1258 1264 τῆς
1276 1230 1405 1264 πορνείας
1421 1230 1451 1256 τδ
1470 1230 1630 1264 πολυσχιδὲς
1647 1230 1677 1255 ἐκ
1693 1229 1741 1264 τῆς
1756 1238 1816 1256 συν-

1026 1277 1122 1311 τυχίας
1149 1275 1203 1302 τῶν
1233 1275 1374 1309 γυναικῶν
1405 1276 1595 1302 ἐπανίσταται.
1623 1275 1736 1311 Ῥαδίως
1761 1276 1815 1310 γὰρ

1027 1322 1216 1350 ἐναποτίθεται
1236 1322 1264 1347 ἐν
1279 1323 1312 1356 τῇ
1327 1321 1425 1357 καρδίᾳ
1447 1321 1493 1347 τοῦ
1516 1321 1658 1356 ἀνθρώπου
1674 1321 1723 1352 τὰς
1734 1321 1815 1348 κολα-

1030 1369 1157 1400 ιευτικὰς
1170 1368 1277 1403 ὁμιλίας
1291 1368 1345 1395 τῶν
1368 1368 1488 1394 σοὸάδων
1510 1367 1649 1401 γυναικῶν
1675 1367 1705 1393 τὸ
1730 1367 1815 1394 δεινὶν

1026 1416 1134 1451 δέλεαρ·
1150 1417 1180 1442 οὐ
1201 1415 1281 1451 μόνον
1298 1415 1325 1441 δὲ
1343 1414 1432 1447 τοῦτο,
1461 1415 1529 1441 ἀλλὰ
1553 1415 1600 1440 καὶ
1619 1414 1729 1446 διπλοῦς
1747 1414 1815 1441 καθ-

1027 1463 1143 1496 έστηκεν
1157 1463 1171 1487 ὁ
1187 1461 1238 1495 τῆς
1261 1461 1390 1494 πορνείας
1404 1461 1521 1496 δαίμων,
1537 1461 1566 1486 ἐν
1581 1461 1614 1495 τῇ
1627 1460 1699 1495 ψυχῇ
1716 1461 1762 1486 καὶ
1776 1460 1815 1494 τῷ

1028 1507 1135 1542 σώματι
1161 1507 1366 1540 συνιστάμενος.
1395 1507 1450 1532 Καὶ
1478 1506 1575 1532 τούτου
1603 1507 1692 1541 χάριν,
1719 1506 1814 1540 διπλῆν

1027 1553 1088 1579 κατ’
1113 1552 1195 1579 αὑτοῦ
1221 1552 1274 1587 χρὴ
1298 1551 1347 1587 τὴν
1374 1551 1462 1586 πάλην
1487 1552 1678 1584 ἀναδέξασθαι.
1703 1552 1740 1578 Οὐ
1761 1552 1816 1587 γὰρ

1028 1597 1109 1632 ἱκανὴ
1134 1598 1251 1632 ὑπάρχει
1277 1598 1345 1632 μόνη
1375 1598 1422 1624 καὶ
1450 1598 1593 1632 σωματικὴ
1623 1598 1746 1632 νηστεία,
1772 1598 1816 1624 ἶνα

1029 1644 1163 1679 κτήσηταί
1179 1653 1220 1676 τις
1244 1644 1351 1670 τελείαν
1377 1643 1565 1678 σωφροσύνην.
1585 1644 1633 1670 καὶ
1654 1644 1774 1677 ἁγνείαν,
1791 1645 1817 1670 εί

1030 1690 1067 1725 μὴ
1080 1690 1196 1725 καρδίας
1219 1690 1332 1724 γένηται
1353 1689 1532 1724 συντριμμὸς,
1550 1689 1597 1716 καὶ
1616 1690 1681 1724 εὐχὴ
1704 1690 1816 1725 ὲκτενὴς

1029 1735 1096 1769 πρὸς
1115 1735 1192 1765 Θεὶν,
1215 1735 1262 1761 καὶ
1289 1734 1342 1760 τῶν
1371 1735 1487 1770 Γραιρῶν
1515 1734 1606 1770 πυκνὴ
1633 1735 1742 1769 μελέτη,
1769 1735 1818 1761 καὶ

1029 1781 1151 1814 κάματος
1173 1779 1220 1806 καὶ
1244 1780 1413 1815 ὲργόχειρον,
1441 1779 1513 1815 ἅπερ
1534 1780 1661 1806 δύνανται
1686 1780 1735 1812 τὰς
1751 1781 1817 1806 ἀτά-

1031 1835 1111 1856 κτους
1139 1826 1188 1860 τῆς
1217 1825 1306 1860 ψυχῆς
1336 1825 1424 1860 ὁρμὰς
1450 1825 1686 1860 συστέλλειν.ῐ1ρό
1704 1833 1733 1859 γε
1747 1825 1816 1852 πάν-

1031 1880 1084 1897 των
1121 1871 1304 1906 συμϐάλλεται
1339 1871 1503 1902 ταπείνωσις
1538 1871 1649 1905 ψυχῆς,
1674 1868 1708 1906 ἦς
1732 1872 1817 1906 χωρὶς

1030 1917 1092 1944 οὔτε
1112 1918 1251 1952 πορνείας,
1274 1916 1334 1943 οὔτε
1352 1917 1406 1942 τῶν
1424 1917 1511 1942 ἄλλων
1531 1917 1627 1943 παθῶν
1649 1917 1759 1943 δύναταί
1774 1925 1818 1947 τις

1031 1963 1235 1998 περιγενέσθαι.
1251 1964 1311 1998 Χρὴ
1330 1963 1357 1989 δὲ
1374 1962 1403 1988 τὸ
1419 1963 1468 1997 τὴν
1484 1963 1597 1998 καρδίαν
1613 1964 1687 1998 πάσῃ
1710 1962 1816 1997 φυλακῇ

1030 2012 1125 2046 τηρεῖν
1146 2010 1200 2036 ἀπὸ
1218 2008 1348 2044 ῥυπαρῶν
1374 2008 1521 2043 λογισμῶν.
1538 2018 1547 2033 ι
1569 2009 1616 2034 Ἐκ
1640 2011 1693 2043 γὰρ
1716 2008 1818 2042 ταύτης

1031 2056 1198 2091 ἐξέρχονται,
1215 2054 1285 2081 κατὰ
1297 2054 1345 2089 τὴν
1355 2053 1401 2079 τοῦ
1415 2054 1516 2088 Κυρίου
1532 2054 1635 2088 φωνὴν,
1648 2054 1819 2088 διαλογισμοὶ

1031 2101 1153 2137 πονηροί.
1172 2111 1180 2126 ι
1199 2101 1230 2127 Εἰ
1244 2098 1291 2127 οὖν
1313 2100 1387 2126 ἔστιν
1412 2101 1478 2134 ἡμῖν
1499 2101 1571 2126 κατὰ
1592 2101 1637 2126 τὸν
1657 2100 1821 2127 ’Δπόπτολον

1031 2147 1154 2181 νομίμως
1171 2145 1285 2180 ἁθλῆσαι
1308 2144 1355 2171 καὶ
1374 2144 1591 2179 στεφανωθῆναι,
1612 2146 1774 2180 νικήσαντας
1787 2145 1822 2171 τδ

1030 2192 1186 2226 ἀκάθαρτον
1209 2191 1317 2225 πνεῦμα
1341 2190 1391 2224 τῆς
1415 2189 1553 2224 πορνείας,
1579 2191 1616 2225 μὴ
1639 2192 1670 2225 τῇ
1695 2191 1821 2225 ἡμετέρᾳ

1031 2237 1168 2272 δυνάμειῆ
1184 2237 1298 2271 ἀσκήσει
1316 2236 1508 2271 θαρρήσωμεν,
1523 2236 1591 2262 ἀλλὰ
1612 2238 1644 2271 τῇ
1660 2236 1706 2262 τοῦ
1718 2238 1822 2262 Δεσπο-

1031 2291 1077 2308 του
1097 2281 1165 2307 Θεοῦ
1181 2281 1302 2316 βοηθείᾳ.
1321 2282 1357 2307 0'3
1374 2282 1489 2308 παύεται
1506 2282 1561 2317 γὰρ
1575 2282 1716 2316 ἄνθρωπος
1739 2281 1820 2306 πολε-

1034 2329 1167 2362 μούμενος,
1197 2326 1267 2361 ὑπὲρ
1295 2326 1341 2353 τοῦ
1370 2327 1523 2361 πνεύματος
1542 2328 1647 2359 τούτου,
1669 2327 1720 2357 ἓως
1736 2323 1766 2353 οὗ
1791 2328 1824 2352 ἐν

1032 2372 1147 2407 ἀληθείᾳ
1158 2372 1304 2407 πιστεύσῃ,
1317 2372 1358 2398 ὅτι
1370 2372 1430 2406 οὐχὶ
1443 2373 1495 2407 ίδίᾳ
1505 2372 1619 2407 σπουδῇ.
1632 2372 1678 2398 καὶ
1694 2373 1824 2407 καμάτῳ,

1032 2419 1100 2445 ἀλλὰ
1115 2420 1147 2453 τῇ
1163 2418 1210 2444 τοῦ
1233 2418 1301 2444 Θεοῦ
1323 2418 1411 2453 σκέπῃ
1429 2418 1476 2444 καὶ
1495 2418 1605 2452 βοηθείᾳ
1619 2417 1826 2445 ἀπαλλάττεται

192 2474 282 2496 tamen
300 2467 412 2495 dabitur
428 2466 560 2494 adversus
577 2466 650 2493 hunc
668 2466 875 2501 spurcissimum
893 2466 977 2493 forni-

1033 2465 1082 2498 τῆς
1096 2464 1173 2490 νόσου
1191 2465 1302 2499 ταύτης.
1327 2464 1416 2491 Καλὸν
1441 2463 1488 2490 οὖν
1510 2466 1584 2490 ἐστιν
1604 2464 1645 2495 εἰς
1664 2464 1826 2499 ἀποτροπὴν

191 2514 307 2541 cationis
324 2512 463 2548 spiritum,
476 2511 617 2538 victricem
633 2511 751 2546 palmam
766 2511 905 2544 obtinere;
922 2520 977 2539 non

191 2568 225 2587 eo
248 2559 405 2594 pertingere
428 2565 478 2584 nos
499 2557 620 2592 potuisse
643 2557 836 2584 conﬁdendum
859 2558 978 2592 propriis

1031 2511 1080 2538 τοῦ
1097 2511 1231 2543 ἐναντίου,
1247 2511 1294 2537 καὶ
1316 2510 1428 2544 ἁγνείαν
1444 2509 1580 2544 σώματος,
1598 2509 1650 2544 πρὸ
1668 2509 1753 2535 ὕπνου
1778 2512 1829 2536 ἐπὶ

1033 2557 1126 2592 κοίτης
1140 2556 1179 2589 τὸ,

192 2607 298 2634 viribus
322 2610 369 2632 aut
392 2603 542 2631 monastiea
583 2603 797 2634 exercitatione,
819 2604 866 2631 sed
893 2604 1001 2632 Domini
1023 2603 1134 2632 auxilio.
1170 2602 1264 2636 Neque
1286 2601 1361 2628 enim
1383 2601 1487 2628 homini
1512 2600 1654 2635 contingit»
1667 2600 1829 2635 requietum

192 2662 253 2682 esse
267 2653 302 2680 ab
318 2651 524 2687 impugnatione
541 2651 621 2678 istius
637 2650 738 2684 impuri
756 2651 881 2685 spiritus,
896 2651 984 2678 donec
1001 2651 1144 2679 verissime
1179 2648 1330 2676 crediderit
1364 2656 1392 2675 se
1408 2647 1484 2674 nullo
1501 2651 1590 2682 pacto,
1603 2652 1650 2673 aut
1667 2647 1766 2673 studio
1778 2652 1831 2674 aut

192 2700 333 2728 laboribus
361 2698 480 2734 propriis
525 2697 632 2732 1056
679 2697 847 2732 emancipari
876 2705 956 2732 posse
985 2698 1020 2725 ab
1038 2696 1173 2732 ejusmodi
1200 2695 1315 2728 morbo,
1337 2695 1383 2722 sed
1412 2694 1458 2721 Dei
1484 2695 1571 2721 solum
1598 2694 1770 2727 protectione
1793 2702 1831 2721 ac

193 2747 332 2782 pratsidio.
349 2746 408 2773 Non
426 2744 510 2780 igitur
525 2744 626 2770 malum
642 2743 725 2771 fuerit
740 2744 772 2770 ad
790 2744 980 2779 depulsionem
999 2743 1159 2774 adversarii,
1174 2742 1352 2777 corporisque
1371 2741 1499 2768 tuendam
1535 2740 1699 2771 castitatem,
1731 2740 1830 2774 priUs-

192 2801 274 2829 quam
287 2800 335 2820 vos
349 2799 432 2826 sopor
444 2795 561 2826 premat,
576 2790 647 2817 hanc
661 2793 691 2816 ut
703 2790 735 2817 ad
752 2791 838 2818 Deum
853 2791 1004 2818 effundatis
1019 2791 1045 2818 in
1062 2791 1146 2818 cubili
1163 2790 1316 2817 orationem
1332 2797 1338 2814 :

506 2847 527 2863 "
540 2847 624 2875 Eecli.
638 2856 673 2875 Ix.
687 2848 713 2874 4.
751 2847 947 2878 "lsa.tn,16.
987 2848 1008 2863 ²¹
1021 2847 1087 2874 ibid.
1100 2848 1140 2875 IS.
1180 2847 1203 2862 ¹¹
1215 2845 1299 2873 Eerli.
1312 2853 1349 2873 ις,
1362 2844 1386 2870 5.

584 2883 607 2899 ’⁸
618 2883 638 2910 ll
653 2883 716 2910 Cor.
726 2891 751 2914 v,
766 2882 806 2909 10.
847 2884 868 2899 ²⁷
881 2877 947 2910 Luc.
961 2891 975 2910 ι

1031 2883 1064 2910 l7.
1104 2883 1126 2897 "
1151 2881 1218 2909 ibid.
1242 2881 1275 2908 48
1324 2881 1346 2895 ἰ’
1357 2879 1451 2906 Matth.
1467 2886 1516 2906 xv.
1540 2877 1583 2904 18.

1425 2844 1449 2859 ’⁸
1459 2842 1542 2870 Eecli.
1563 2849 1617 2872 xxx,
1634 2840 1661 2867 Ξ.
1699 2839 1830 2866 “Ecelo.

230 2850 251 2865 "
262 2849 342 2877 Prov.
355 2857 428 2879 xxxv,
439 2849 466 2875 3.
506 2849 527 2863 "
540 2849 624 2875 Eccli.
638 2856 673 2875 Ix.
687 2849 713 2874 4.
751 2849 947 2878 "lsa.tn,16.

251 2885 282 2903 ῐιἾ
334 2886 355 2900 1⁸
369 2884 448 2903 Ιῗιιι-Ιμ
470 2891 493 2903 τι
519 2883 535 2903 9
584 2883 638 2903 "ll
653 2883 707 2903 ΠΑΙ-
726 2891 741 2903 v
766 2882 797 2903 10
847 2884 868 2899 ²⁷
881 2883 938 2903 [ιυ-
961 2891 975 2903 τ

1033 2849 1140 2875 hid.l8.
1180 2849 1203 2862 “
1215 2849 1386 2873 Errli.rs.o.
1426 2849 1542 2870 "nec".
1563 2849 1661 2872 xtx,:.
1700 2849 1829 2866 "eccm.

1031 2883 1054 2903 ιτ
1104 2883 1126 2897 ει
1151 2881 1217 2903 una.
1242 2881 1275 2903 is
1324 2881 1346 2895 ειν
1358 2879 1451 2903 Matth.
1467 2886 1516 2903 xv.
1540 2877 1583 2903 ts.
1623 2874 1679 2902 "Il
1700 2874 1829 2903 Timoth.

191 2893 228 2913 vn
251 2885 295 2911 ΞΠ.
334 2886 355 2900 ³⁸
368 2884 458 2911 Eeelv.
470 2891 506 2915 xi,
519 2883 544 2910 9.

192 2919 261 2954 [ηδ.
