1975 3189
112 214 194 251 1525,

539 224 543 229 ·
559 217 721 247 IIOMlLlA
745 219 862 247 KXl'll.
878 231 911 235 -
927 219 974 248 DE
996 219 1293 249 DESl’ERA'l'iONE.

1670 216 1736 248 1526

111 272 232 307 ξώμεοα,
244 271 390 306 ἀγαπητοὶ,
404 273 451 306 τὴν
466 272 599 308 κακίστην
611 273 776 308 συμϐουλίαν
787 273 832 299 τνιῦ
842 273 898 299 δικ·
914 299 915 302 η

949 274 1056 301 demum
1073 275 1218 303 diluculari
1232 280 1260 302 et
1272 275 1405 302 matutina
1425 274 1549 310 pctfrt’tar
1566 272 1670 308 requie,
1681 281 1732 306 qua

110 319 201 350 657.03,
214 318 297 352 ἤγουν
316 319 362 352 τῆς
383 318 575 351 ἀπογνώσεως·
595 319 657 354 μηδ’
678 319 746 350 ὅλως
763 319 830 355 εὕρῃ
848 328 898 346 πα-

112 364 248 400 ρείσδυσιν
266 365 305 394 εἰς
330 364 413 398 ἡμᾶς.
430 363 503 400 Αὕτη
529 364 583 399 γάρ
597 365 670 390 ἐστιν
688 366 704 400 ἠ
720 366 809 390 τελεία
826 365 898 399 χαρὰ

109 409 157 436 τοῦ
174 409 306 436 διαῆῧλου·
321 409 389 435 ἀλλὰ
403 409 692 444 μᾶλλονὶνανήλζρωμεν
715 410 752 441 ὡς
768 411 781 435 ὁ
794 411 898 441 ἄσωτος

110 455 178 487 υἱὸς,
192 455 239 482 καὶ
258 455 468 490 ἐπιστρέψωμεν
489 455 557 490 προς
576 456 622 481 τὸν
636 455 824 490 εὖππίηαγχνον
840 457 897 482 [Ια-

111 501 177 536 τέρα
194 500 263 536 μετὰ
277 500 367 532 αἰδοῦς
384 501 429 526 καὶ
446 502 533 536 χαρᾶς
544 509 550 515 ·
567 502 614 527 καὶ
625 502 757 536 εἴπωμενα
772 511 781 527 ‹
796 502 895 536 Πάτερ,

110 546 236 581 ἥμαρτον
252 547 292 576 εἰς
312 545 357 572 τὸν
376 545 492 580 οὐρανὺν
517 547 563 572 καὶ
580 546 695 573 ἐνώπιόν
712 556 770 578 eoo,
793 556 802 572 ι
821 546 896 579 δέξαι

113 600 147 626 με
167 591 203 617 ὠῖ
228 591 275 617 ἕνα
300 591 352 617 τῶν
374 591 488 626 μισθίων
514 600 559 618 σου
572 599 578 605 '
596 593 642 618 καὶ
661 592 790 626 εἰσάγαγὲ
809 601 841 626 με
859 593 898 624 εἰς

111 637 161 670 τὴν
179 637 300 671 μάνδραν
317 645 364 662 σου
379 636 409 662 τὸ
423 636 560 668 ἀπολωλὸς
572 637 716 671 πρόϐατον·
732 637 775 664 ἶνα
791 637 828 671 μὴ
845 637 896 669 ἔξω

112 682 200 716 εὑρών
214 690 246 716 με
260 682 365 713 ὸλύκος
381 677 397 708 ὅ
408 682 515 716 λυμεὼν
535 683 682 719 καταφάγῃ
699 692 741 718 με.
763 682 828 710 Οἶδα
843 685 897 719 γάρ

113 735 152 758 σε,
169 727 303 758 Δέσποτα,
328 727 374 753 τὸν
399 727 481 753 καλὸν
508 728 632 761 ποιμένα,
653 729 700 754 καὶ
728 729 826 763 λιμένα
843 729 898 755 τῶν

112 773 331 808 χειμαζομένων.
349 772 445 799 ἐλπίδα
468 772 522 798 τῶν
547 773 779 808 ἀπηλπισμένων,
805 774 897 809 ἰατρὸν

113 818 166 844 τῶν
179 818 399 853 ἀπεγνωσμένων
409 826 416 834 '
432 818 561 854 ἐπιδησον
573 818 598 850 ά,
614 820 748 849 Δέσποτα,
764 820 798 846 τὰ
813 821 898 854 τραύ-

115 865 187 899 ματά
202 873 252 899 μου
267 865 350 899 ἐλαίῳ
369 865 416 891 καὶ
434 864 508 899 οἴνῳ,
525 865 542 891 ἃ
565 865 688 900 ὲτρὼθην
705 866 757 892 ὑπδ
772 867 826 892 τῶν
850 866 897 902 λῃ-

113 910 194 936 στῶν.
209 910 294 941 Αὐτὸς
307 911 362 944 γὰρ
372 907 462 941 εἶπας,
480 910 579 945 Κύριε·
599 921 607 936 ι
624 911 660 937 Οὐ
677 911 771 945 χρείαν
790 911 896 946 ἔχουσιν

950 327 977 349 ιιι
994 327 1055 350 tuos
1073 323 1176 350 electos
1200 321 1425 356 tranquillissime
1438 320 1554 351 ret‘oves,
1581 319 1704 349 Domine,
1719 327 1735 346 a

948 369 1050 403 quibus
1066 376 1147 403 porro
1163 368 1242 395 dolor
1262 367 1331 402 fugit
1344 375 1374 394 ac
1390 366 1518 402 gemitus.
1546 365 1630 401 Regni
1646 365 1735 400 tuija-

948 422 1002 441 nua
1019 414 1097 445 mihi,
1126 421 1230 449 quaeso,
1257 413 1442 448 adaperiatur,
1462 418 1491 439 ut
1506 420 1566 439 eam
1597 412 1736 446 ingressus

948 467 1009 486 eum
1027 460 1071 486 his
1085 460 1131 494 qui
1153 459 1255 486 lumine
1269 459 1360 486 vultus
1375 459 1425 491 tui,
1442 458 1566 489 Domine,
1589 457 1736 492 perfruun-

949 509 1005 537 tur,
1021 505 1130 532 demum
1148 505 1206 540 ipso
1232 505 1358 540 perfruar
1376 505 1460 532 etiam
1475 503 1600 531 beatiﬂca
1618 503 1736 537 perfrui-

948 551 1022 578 tione
1036 556 1145 578 auorum
1170 551 1243 578 illitis
1269 556 1322 578 tua:
1336 551 1408 582 vitae,
1427 551 1453 577 in
1475 550 1585 577 Christo
1601 549 1666 576 Jesu
1684 549 1736 575 Dn-

948 597 1023 623 mino
1039 602 1143 624 nostro.
1159 596 1198 624 Ad
1218 604 1281 623 eum
1297 597 1420 629 modum,
1436 596 1457 623 si
1473 596 1580 631 dejecto
1595 600 1622 622 et
1639 595 1735 622 humili

947 643 1031 670 corde
1055 643 1106 678 ipsi
1137 643 1322 677 procidemus.
1348 643 1443 678 utique
1465 647 1586 670 nostram
1609 641 1735 669 admittet

948 688 1178 722 deprecationem.
1217 687 1247 714 lu
1275 688 1349 713 omni
1379 687 1461 722 igitur
1493 687 1649 721 all'ulgentia
1667 686 1736 713 lucis

948 734 1046 761 divina:
1060 741 1114 768 qua
1128 733 1262 760 illustrari
1282 741 1332 760 nos
1346 733 1480 759 sentimus
1493 736 1521 759 et
1540 731 1734 763 circumfundi,

949 780 1112 814 hymnorum
1131 779 1299 812 laudumque
1313 777 1408 813 jubilis
1428 785 1539 805 necesse
1557 777 1592 803 sit
1604 776 1692 811 ipsum
1706 780 1736 802 ut

948 826 1129 853 celebremus.
1151 825 1210 859 Ipse
1227 825 1301 852 enim
1324 824 1460 850 bonorum
1491 823 1614 849 ornnium
1640 826 1736 849 auctor

948 876 1000 903 est.
1015 871 1103 906 origo,
1119 871 1186 903 vita,
1201 869 1332 898 essentia.
1348 869 1422 896 ldem
1442 876 1536 896 eorum
1554 875 1663 902 quoque
1689 867 1734 902 qui

949 918 983 945 ab
1000 917 1058 952 ipso
1077 917 1253 944 desciverunt
1279 915 1417 942 revocatio
1431 919 1459 941 et
1484 914 1650 941 resurrectio
1666 922 1672 947 ;
1688 914 1734 948 qui

85 983 89 987 ,
113 955 138 982 οἱ
153 955 321 989 ὑγιαίνοντες
335 955 438 991 ἰατροῦ.
452 956 509 982 ἀλλ’
520 956 545 982 οἱ
561 957 653 987 κακῶς
667 957 783 991 ἔχοντες.
802 967 811 983 ι
836 958 898 983 Ἐὰν

951 948 1040 990 autem
1057 966 1083 988 et
1107 961 1280 988 deﬂuxerunt
1298 965 1378 994 atque
1402 959 1521 994 prolapsi
1537 963 1612 989 sunt.
1631 963 1736 986 restau-

113 1001 184 1028 οὕτω
200 1001 308 1037 δεηθῇς,
329 1004 422 1037 ἐγερεῖ
446 1002 482 1033 ὡς
503 1002 549 1028 τὸν
572 1003 739 1037 παρὰλυτον,
757 1004 803 1030 καὶ
829 1003 900 1036 λέξει

115 1056 174 1074 σοι·
198 1057 206 1074 ι
227 1049 279 1074 Ἴδε
296 1049 374 1084 ὑγιὴς
390 1049 515 1083 γέγονας,
535 1050 634 1084 μηκέτι
648 1050 800 1085 ἁμάρτανε.
822 1060 830 1076 ι
850 1051 902 1077 Λύ-

114 1095 159 1125 τὸς
174 1094 230 1130 γὰρ
245 1095 347 1129 Κύριος
366 1095 557 1130 παραϐολικῶς
581 1093 640 1121 εἷπε
663 1096 727 1130 περὶ
743 1096 790 1130 τῆς
803 1096 900 1131 χήρας,

114 1140 161 1166 καὶ
177 1140 221 1166 τοῦ
238 1140 331 1175 κριτοῦ
348 1141 395 1175 τῆς
409 1141 526 1173 ἀδικίας,
542 1142 607 1176 περὶ
619 1141 664 1168 τοῦ
679 1142 733 1168 δεῖν
748 1143 821 1177 ἡμᾶς
833 1143 902 1169 πάν-

113 1194 173 1212 τπε
191 1185 329 1221 εὔχεσθαι,
347 1187 393 1213 καὶ
410 1187 446 1222 μὴ
462 1189 599 1215 ὲκκακεῖν.
616 1189 671 1214 Καὶ
696 1189 794 1222 ἐπάγει
809 1197 815 1204 ·
839 1199 847 1214 ι
871 1189 901 1215 Ὀ

115 1232 180 1263 Θεὶς
206 1233 236 1258 οὐ
265 1232 301 1267 μὴ
333 1234 438 1268 ποιήσει
461 1234 510 1269 τὴν
534 1234 672 1270 ἐκδίκησιν
689 1235 743 1261 τῶν
764 1235 902 1261 ἐκλεκτῶν

114 1276 209 1307 αὖτἰὖ,
222 1277 275 1302 τῶν
291 1277 416 1312 βοώντων
432 1279 498 1312 προς
514 1280 595 1305 αὑτὸν
610 1280 718 1314 ἡμέρας
732 1282 778 1306 καὶ
793 1280 901 1311 νυκτὸς,

115 1321 161 1348 καὶ
186 1322 376 1357 μακροθυμεῇ
398 1324 441 1349 ναὶ
465 1323 538 1358 λέγω
564 1324 638 1357 ὑμῖν,
662 1325 702 1350 ὅτι
728 1326 834 1359 ποιήσει
850 1325 900 1360 τὴν

116 1368 254 1403 ὲκῐξκηπιν
270 1369 361 1396 αὑτῶν
383 1370 410 1395 ὲν
426 1369 514 1404 τάχει.
540 1379 548 1396 ι
567 1370 645 1404 Αὐτῷ
665 1371 679 1404 ἡ
696 1370 758 1402 δόξα
776 1373 816 1402 εἰς
837 1371 901 1402 τοὺς

113 1413 225 1444 αἰῶνας.
247 1414 342 1449 Ἀμήν.

951 1009 1021 1035 ratio
1035 1015 1066 1034 ac
1089 1006 1266 1034 rcformatio:
1293 1006 1425 1032 stantium
1443 1004 1557 1039 proinde
1581 1004 1695 1031 llrmitas
1709 1008 1737 1030 et

951 1053 1076 1080 tutelaris
1110 1052 1256 1087 protectio.
1282 1052 1355 1079 Dixit
1385 1051 1582 1078 Ecclesiastes:
1605 1051 1653 1077 Est
1674 1058 1736 1084 spes

950 1099 1014 1134 quia
1037 1109 1043 1123 ι
1059 1098 1134 1124 canis
1160 1097 1239 1134 vivus
1266 1096 1363 1123 melior
1383 1099 1424 1123 est
1442 1095 1521 1122 leone
1538 1099 1648 1122 mortuo
1659 1095 1681 1110 ⁷⁸
1697 1103 1703 1121 :
1725 1105 1733 1120 ι

951 1145 997 1179 qui
1016 1145 1089 1171 enim
1102 1144 1208 1175 vivunt,
1220 1133 1322 1177 Iutique
1336 1145 1473 1169 noverunt
1497 1149 1525 1169 se
1538 1148 1598 1168 esse
1619 1141 1735 1168 moritu-

954 1190 1134 1222 ros;mortui
1159 1196 1234 1221 vero,
1251 1196 1284 1215 ne
1308 1195 1404 1215 canem
1430 1187 1541 1222 quidem
1563 1187 1736 1222 deploratum

954 1237 1055 1263 sciunt.
1072 1235 1125 1263 Sed
1141 1239 1168 1261 et
1186 1234 1286 1261 Paulus
1311 1233 1344 1260 de
1358 1241 1391 1260 eo
1406 1233 1453 1268 qui
1475 1232 1600 1260 Corinthi
1613 1232 1640 1259 in
1655 1240 1737 1267 grave

950 1283 1099 1316 impegerat
1113 1281 1254 1311 delictum,
1272 1287 1320 1314 per
1331 1279 1480 1314 Epistolam
1496 1278 1581 1305 dicit:
1599 1288 1608 1304 ε
1621 1277 1659 1305 lta
1676 1282 1705 1304 ut
1722 1285 1736 1304 e

950 1325 1089 1352 contrario
1115 1324 1200 1359 magis
1232 1322 1341 1350 donetis
1352 1327 1380 1349 et
1402 1321 1592 1353 consolemini,
1607 1328 1641 1347 ne
1667 1321 1737 1347 forte

949 1370 1144 1398 abundantiori
1158 1370 1268 1397 tristitia
1280 1369 1462 1397 absorbeatur
1477 1368 1500 1395 is
1513 1376 1520 1394 :
1540 1371 1651 1403 propter
1663 1365 1736 1401 quod

949 1418 1066 1444 obsecro
1083 1424 1130 1443 vos
1149 1421 1178 1443 ut
1196 1415 1366 1443 eonﬁrmetis
1381 1415 1407 1442 in
1422 1415 1499 1442 illum
1517 1414 1690 1444 charitatem,
1709 1417 1737 1439 ut

113 1468 148 1486 ne
167 1461 417 1487 circumveniamur
429 1469 443 1488 ει
459 1461 578 1492 Salano;
597 1468 650 1487 non
664 1462 736 1495 enim
768 1461 924 1495 ignoramus
943 1463 1123 1498 cogitationes
1134 1463 1193 1497 ejus
1203 1462 1236 1488 ⁷³.
1248 1471 1256 1486 ι
1272 1461 1328 1488 Nos
1340 1461 1431 1495 itaque
1445 1468 1507 1487 cum
1528 1459 1612 1487 Paulo
1624 1459 1738 1493 parilem

114 1514 228 1541 agonem
241 1508 592 1539 sustineamns,dicentes:
626 1508 679 1535 «In
717 1509 844 1536 onmibus
874 1498 1079 1537 tribulationem
1115 1510 1245 1544 patimur,
1269 1509 1317 1536 sed
1351 1516 1406 1535 non
1435 1507 1645 1543 angustiamur;
1673 1514 1738 1540 apo-

118 1553 294 1586 riamur,sed
312 1561 366 1580 non
396 1553 593 1585 destituimur;
617 1554 836 1588 persecutionem
865 1557 993 1589 patimur,
1014 1557 1062 1583 sed
1088 1564 1143 1582 non
1171 1554 1384 1589 delinquimnr;
1418 1554 1574 1589 dejicimur,
1602 1553 1649 1580 sed
1683 1561 1736 1579 non

115 1599 238 1632 perimus
261 1607 268 1631 ;
312 1607 420 1634 semper
447 1598 686 1626 mortiﬁcationem
716 1599 780 1626 Jesu
820 1600 847 1626 in
881 1608 996 1636 corpore
1025 1601 1273 1631 circumferentes,
1290 1603 1320 1626 ut
1340 1603 1367 1626 et
1395 1599 1448 1625 vita
1477 1599 1541 1626 Jesu
1576 1598 1737 1625 manifeste-

116 1649 162 1672 tur
177 1645 204 1671 in
225 1652 306 1671 carne
332 1649 425 1671 nostra
454 1644 561 1671 mortali
578 1645 611 1670 ".
630 1653 637 1668 ι
657 1644 784 1670 Rursus:
801 1653 809 1669 ι
827 1645 907 1672 Pater
928 1645 1181 1672 miscricordiarum
1206 1649 1234 1672 et
1246 1645 1318 1672 Deus
1343 1644 1428 1672 totius
1448 1644 1658 1676 consolationis,
1690 1643 1737 1678 qui

115 1692 272 1720 consolatur
285 1700 335 1719 nos
348 1693 375 1718 in
392 1692 466 1718 omni
482 1691 659 1718 tribulatione
674 1699 722 1726 per
737 1692 953 1720 consolationem
969 1701 1022 1727 qua
1046 1693 1221 1719 consolamur
1255 1700 1270 1719 a
1305 1680 1361 1719 Deo
1377 1700 1384 1724 ;
1417 1692 1482 1727 quia
1502 1691 1574 1718 sicut
1597 1690 1740 1726 abundant

115 1739 257 1774 passiones
275 1739 349 1770 Jesu,
367 1739 404 1766 ita
419 1746 466 1773 per
483 1738 622 1765 Christum
639 1738 763 1765 abundat
773 1743 801 1766 et
814 1739 964 1766 consolatio
981 1744 1095 1773 nostra;
1119 1740 1178 1767 sive
1210 1740 1385 1771 tribulamur,
1408 1747 1458 1774 pro
1489 1742 1580 1766 vestra
1609 1738 1738 1765 exhorta-

115 1787 189 1814 tione
202 1791 229 1813 et
252 1787 351 1816 salute.
366 1786 423 1813 sive
449 1786 500 1820 ipsi
520 1786 703 1818 consolamur,
725 1794 771 1821 per
787 1791 905 1813 vestram
925 1787 1139 1814 consolationem
1156 1795 1216 1822 quae
1229 1787 1377 1814 cllicaciter
1401 1791 1530 1821 operatur
1553 1785 1581 1812 in
1615 1785 1740 1812 toleran-

116 1833 154 1860 tia
170 1832 327 1867 passionum
351 1834 449 1868 ipsius,
471 1841 540 1867 quas
561 1838 650 1860 etnos
665 1833 796 1868 patimur,
809 1838 837 1860 et
849 1841 911 1868 spes
928 1839 1021 1861 nostra
1042 1835 1118 1861 firma
1135 1840 1176 1862 est
1188 1835 1221 1862 ⁷³.
1238 1845 1246 1860 ι
1264 1835 1303 1862 Ne
1317 1835 1415 1870 igitur,
1443 1833 1615 1865 charissimi,
1643 1837 1745 1870 trucu-.

115 1881 258 1909 lentissimi
281 1880 360 1908 istius
376 1881 524 1911 daemonis.
543 1881 648 1917 1075
663 1890 761 1917 netnpe
780 1882 989 1917 desperationis,
1028 1890 1147 1917 unquam
1171 1882 1363 1908 admiscrimus
1383 1880 1540 1911 consilium,
1568 1884 1598 1906 ut
1633 1887 1667 1906 ne
1687 1887 1741 1913 qua

115 1935 149 1955 ex
165 1933 241 1962 parte
265 1929 417 1963 comperiat
442 1929 547 1956 aditum
568 1937 622 1964 quo
641 1937 670 1956 se
709 1930 794 1956 menti
820 1935 920 1957 nostrae
939 1929 1134 1956 blandissimus
1168 1933 1308 1956 veterator
1336 1928 1480 1959 insinuet,
1506 1927 1611 1953 clamve
1638 1926 1741 1960 irrepat.

116 1975 209 2009 (aliud
221 1976 295 2002 enim
311 1976 380 2003 nihil
393 1976 550 2010 desperatio
572 1984 654 2010 quam
676 1977 827 2011 perfectum
847 1976 949 2003 diaboli
964 1976 1137 2011 gaudium);
1169 1975 1235 2010 quin
1261 1974 1353 2009 potius
1386 1981 1437 2000 nos
1468 1972 1542 2007 ipsos
1573 1971 1741 2006 recipiamus

115 2020 148 2047 ad
167 2021 263 2048 sobria:
279 2029 310 2048 ac
338 2021 461 2049 melioris
490 2022 552 2049 vitre
574 2021 691 2056 frugem,
705 2022 830 2056 exemplo
851 2021 899 2048 lilii
919 2022 1036 2057 prodigi.
1050 2021 1118 2049 Cum
1134 2021 1288 2048 reverentia
1300 2019 1422 2047 simulet
1450 2018 1549 2053 gaudio
1575 2017 1608 2045 ad
1621 2017 1741 2044 clcmen-
1759 2010 1761 2012 ’

116 2065 252 2094 tissimum
278 2066 384 2092 Patrem
413 2071 618 2098 convertamur,
639 2067 684 2093 cui
711 2072 738 2094 et
762 2066 886 2093 dicamus
903 2076 909 2093 :
935 2077 944 2092 ‹
959 2067 1050 2098 Pater,
1066 2066 1176 2100 peccavi
1194 2066 1221 2092 in
1234 2065 1333 2092 cmlum
1347 2068 1375 2092 et
1391 2062 1483 2091 coram
1515 2067 1540 2090 te
1556 2063 1589 2096 7‘,
1606 2072 1614 2088 ›
1632 2063 1740 2096 suscipe

116 2119 160 2138 me
176 2117 206 2138 ut
222 2120 306 2139 unum
334 2113 452 2147 aliquem
467 2121 481 2140 e
507 2113 684 2140 mercenariis
708 2113 772 2144 tuis,
810 2123 909 2149 meque
929 2114 1057 2141 introduc
1075 2113 1101 2140 in
1129 2113 1235 2140 caulam
1257 2111 1347 2147 gregis
1379 2111 1428 2143 tui,
1447 2109 1581 2137 oviculam
1601 2108 1672 2135 hanc
1687 2108 1740 2134 mi-

116 2165 177 2185 sere
191 2158 336 2192 perditam,
349 2163 379 2185 ut
401 2166 434 2185 ne
456 2163 533 2186 extra
550 2160 634 2186 t-aula:
651 2164 704 2186 tua!
723 2165 799 2194 septa
816 2160 954 2187 inventam
967 2160 1089 2187 hiulcula
1110 2159 1188 2186 fauce
1210 2158 1359 2185 absorbcat
1388 2157 1469 2191 lupus
1498 2155 1543 2182 ille
1568 2153 1740 2181 truculentus

115 2208 271 2238 corruptor.
289 2204 370 2231 Plane
386 2205 448 2231 novi
461 2212 522 2239 ego,
538 2205 574 2230 mi
587 2204 672 2236 llere,
686 2205 789 2232 bonum
806 2209 832 2232 te
844 2213 904 2232 esse
923 2210 1072 2239 pastorem,
1104 2213 1135 2232 ac
1155 2212 1251 2231 eorum
1276 2211 1336 2231 esse
1362 2203 1531 2230 tutissimum
1563 2205 1673 2236 portum
1693 2201 1739 2236 qui

116 2249 212 2284 quavis
225 2254 383 2284 tempestate
400 2251 498 2277 misere
513 2251 710 2285 percellttntur.
743 2259 818 2285 spem
848 2252 1028 2278 certissimam
1050 2251 1084 2277 de
1117 2259 1146 2277 se
1171 2249 1398 2284 dcsperantium,
1424 2246 1619 2275 immedicabili
1645 2246 1741 2274 morbo

116 2295 508 2329 desperationislaborantium
521 2295 764 2329 prtesentissimum
778 2295 924 2322 medicum.
935 2295 1016 2326 Cura,
1028 2303 1044 2321 ο
1058 2294 1170 2321 Domine
1184 2315 1192 2325 ,
1204 2294 1256 2320 olei
1270 2302 1302 2320 ac
1315 2293 1371 2320 vini
1385 2292 1522 2319 inlusione
1535 2291 1650 2318 vulnera
1665 2298 1740 2318 mea.

115 2341 218 2376 quibus
230 2340 425 2375 praedonesisti
439 2349 481 2368 me
491 2341 667 2368 inclementer
679 2342 903 2368 consauciarnnt.
913 2342 1004 2371 Certe.
1019 2342 1143 2372 Domine,
1156 2341 1214 2375 ipse
1226 2340 1318 2367 dixisti
1334 2349 1340 2366 :
1357 2350 1365 2365 ‹
1378 2340 1437 2366 Non
1448 2343 1528 2374 egent
1541 2338 1586 2373 qui
1598 2337 1656 2364 sani
1677 2341 1741 2364 sunt

115 2386 290 2414 medico.sed
302 2386 348 2420 qui
360 2387 430 2413 male
444 2386 546 2413 habent
559 2387 592 2413 ⁷⁸.
606 2396 614 2412 ι
631 2387 686 2413 lloc
698 2392 777 2421 pacto
788 2395 850 2414 cum
860 2386 1136 2421 oraveris,jacentem
1150 2390 1175 2412 te
1185 2390 1212 2412 ul
1224 2385 1298 2412 illum
1314 2385 1490 2420 paralyticutn
1502 2384 1599 2418 eriget,
1614 2383 1741 2417 dicetque

116 2432 189 2460 tibi:
206 2441 215 2458 ‹
234 2432 304 2459 Ecce
331 2439 414 2459 sanus
446 2432 536 2458 factus
551 2440 606 2463 es;
634 2433 690 2467 jam
720 2433 838 2466 amplius
866 2433 927 2459 noli.
944 2439 1057 2466 peccare
1081 2432 1114 2458 ".
1133 2442 1142 2457 ι
1170 2431 1244 2459 ldcm
1267 2439 1385 2466 namque
1419 2431 1552 2457 Dominus
1586 2430 1620 2456 de
1654 2429 1736 2456 vidua

117 2478 166 2505 illa
184 2478 349 2512 parabolice,
365 2483 393 2505 et
407 2478 441 2505 de
467 2478 560 2513 judice
580 2478 733 2513 iniquitatis
764 2479 843 2510 dixit,
874 2483 1002 2513 oportere
1016 2487 1066 2506 nos
1094 2487 1202 2513 semper
1226 2486 1316 2510 orare,
1339 2486 1429 2512 neque
1462 2485 1582 2512 unquam
1617 2477 1742 2504 defetistéi

117 2526 167 2550 aut
179 2521 321 2557 defatigari
331 2522 353 2537 ⁷⁷
369 2530 376 2554 ;
391 2529 478 2556 eoque
494 2522 618 2549 inducit:
638 2532 647 2548 ι
662 2523 734 2550 Deus
748 2528 838 2550 autent
851 2531 905 2549 non
928 2523 1009 2550 faciet
1030 2523 1162 2550 ultionem
1185 2524 1338 2550 electorum
1372 2531 1485 2550 suorum
1515 2523 1692 2551 clamantium
1710 2522 1742 2549 ad

117 2577 148 2596 se
169 2569 213 2596 die
239 2577 270 2596 ac
294 2574 389 2601 ιὶοοῑθς
420 2574 449 2597 el
473 2570 670 2605 longanimiter
692 2572 811 2605 patietur
829 2571 840 2597 ?
868 2571 930 2598 dico
950 2571 1039 2602 vobis,
1058 2572 1121 2606 quia
1135 2571 1295 2606 propediem
1311 2571 1392 2598 faciet
1409 2571 1541 2598 ultionem
1565 2570 1707 2596 eorum".
1732 2580 1740 2594 ν

117 2616 173 2652 Ipsi
189 2617 274 2652 gloria
291 2618 317 2644 in
334 2618 431 2645 saecula
447 2619 618 2645 saeculorum.
635 2620 718 2646 Amen

154 2705 177 2722 "°
189 2705 279 2733 Eccle.
294 2714 330 2736 ix.
347 2705 372 2732 4.

116 2741 143 2758 ⁷⁵
157 2740 252 2768 Matth.

411 2706 431 2721 '“
455 2706 477 2732 ll
489 2706 552 2733 Cor.
586 2715 617 2736 η.
635 2707 660 2737 7,
677 2706 702 2734 8.
725 2707 763 2733 ll.
807 2707 829 2721 ⁷¹
845 2707 864 2733 ll
888 2706 954 2735 Cor.
983 2715 1018 2733 ιν.
1041 2708 1126 2733 3-11.

290 2749 325 2771 lx,
344 2740 385 2767 l2.
408 2740 521 2768 "Joan.
544 2749 570 2774 v,
586 2742 626 2768 Η.
668 2742 688 2756 ⁷⁷
703 2741 768 2768 Luc.
786 2750 857 2773 xvm,
875 2743 898 2768 l.
937 2743 958 2757 ⁷⁸
988 2742 1050 2769 ibid.
1069 2742 1124 2769 3-8.

1190 2707 1244 2734 "ll
1257 2708 1320 2735 Cor.
1336 2716 1353 2738 ι,
1369 2708 1442 2734 5-7.
1510 2708 1532 2722 7‘
1553 2705 1620 2734 Luc.
1638 2713 1680 2736 tv,
1702 2705 1742 2732 18.

757 2832 871 2860 VARUE
888 2832 1090 2860 LECTlONl‘ZS.

156 2900 167 2919 '1
182 2900 317 2937 ὲπίδτρον,
333 2900 422 2934 alliga,
441 2900 572 2933 astringe;
586 2900 644 2934 ιιιειε
672 2901 848 2935 ἐπικήόηπθν,
