1954 3323
102 197 172 228 1545

593 199 756 229 ΗΟΜΠᾸΛ
778 199 908 229 XXXVI.
930 210 964 216 -
986 199 1034 228 DE
1055 199 1238 229 PIGRITIA.

1662 201 1729 232 15ίὺ

101 259 145 285 ἵνα
173 256 211 292 μὴ
235 257 399 292 ἀκούσωμεν
418 257 494 293 παρὰ
510 256 556 282 τοῦ
576 256 753 292 ¹Λ66ακούμ·
785 267 793 282 ι
816 257 844 283 '0
861 256 886 282 δὲ

941 255 1084 284 deturbari
1099 257 1281 291 promeruit“.
1297 257 1356 284 Non
1370 258 1454 292 igitur
1465 257 1728 286 medioerlcircum-

101 304 278 338 κατοιὸμενος
306 304 354 329 καὶ
380 303 592 338 καταφρονητὴς
609 303 693 337 ἀνὴρ,
718 302 826 334 ἀλαζὼν
843 303 890 329 καὶ

100 350 290 384 ὑπερήφανος,
309 348 387 375 οὐδὲν
402 349 450 375 καὶ
468 349 504 384 μὴ
519 350 641 384 περανεῖ.
656 358 666 374 ι
683 349 737 375 Καὶ
753 349 798 375 ἀλλ
805 348 871 383 α.χοῦ
881 357 888 364 ·

102 406 112 422 ι
128 397 171 423 Ζῶ
185 395 251 430 ἐγὼ,
268 395 342 430 λέγει
359 394 473 428 Κύριος,
489 395 530 421 ὅτι
545 395 603 421 ἀλλ’
617 394 633 430 ἧ
649 395 712 426 τοὺς
727 394 889 426 δοξάζοντας

101 452 135 478 με
150 443 256 474 δοξάσω
266 462 274 475 ,
301 442 348 469 καὶ¹
363 442 377 468 6
391 441 540 473 ὲξουθενῶν
555 449 603 476 με,
630 441 859 476 ἀτιμασῠὴσεται.
877 450 887 466 ι

101 490 154 515 Kal
173 489 187 515 ὀ
202 488 426 524 Παροιμιαστής·
448 497 457 513 ι
476 487 506 514 ’0
519 487 698 522 καταφρονῶν
715 487 888 522 πράγματος,

100 533 373 569 καταφρονηθήσεται
392 533 437 559 ὑπ’
453 533 538 560 αὐτοῦ
551 540 557 548 ·
584 533 598 559 6
614 533 643 559 δὲ
662 532 829 567 φοϐούμενος
844 533 887 558 ὲν-

100 580 192 615 τολὴν,
205 577 284 610 οὗτος
297 579 428 612 ὑγιαίνει.
442 588 450 605 ι
468 579 524 606 Kal
537 579 551 605 ὁ
562 579 684 614 Μιχαίας
697 578 779 613 φησίν
789 586 795 593 -
810 578 890 610 «Υἱὸς

101 627 207 659 δοξάζει
224 625 342 661 πατέρα,
361 625 408 652 καὶ
421 624 522 656 δοῦλος
535 625 582 651 τὸν
596 624 691 660 κύριον
710 623 804 651 αὑτοῦ.
821 624 887 656 Καὶ,

102 673 132 698 Εἰ
147 671 238 707 πατὴρ
250 671 304 705 ἐγώ
315 671 384 706 εἰμι,
399 671 451 697 ποῦ
464 671 538 697 ἐστιν
552 670 568 705 ὴ
582 670 645 703 δόξα
658 679 725 705 μου;
740 671 796 702 καὶ,
810 671 834 696 εί
846 670 890 696 κύ-

102 719 159 754 ριός
182 720 250 754 εἰμι,
277 717 328 744 ποῦ
352 719 426 744 ἐστιν
451 717 465 742 6
488 716 572 750 φόϐος
590 725 658 751 pou;
674 726 683 742 ι
709 716 826 751 Ὁμοίως
842 716 890 743 καὶ

100 766 113 790 ὁ
129 763 228 790 Δαυῖδ·
259 771 268 788 ι
286 762 370 796 Φησὶ-ι
394 762 408 787 6
433 761 612 796 παράνομος,
646 759 694 786 τοῦ
718 761 889 795 ἁμαρτάνειν

100 811 128 835 ἐν
144 809 233 844 ἑαυτῷ
243 816 250 823 ·
268 808 326 835 Οὐκ
344 807 418 834 ἐστιν
434 807 516 841 φόὅος
527 805 607 839 Θεοῦ,
626 806 757 832 ἀπέναντι
771 806 825 832 τῶν
838 806 888 840 ὀφ-

100 855 213 890 θαλμῶν
230 853 323 882 αὑτοῦ.
334 863 343 879 ι
359 853 388 880 ὐ
402 853 429 879 δὲ
443 853 545 887 Πέτρος
562 853 656 888 φησὶν,
670 853 711 878 ὅτι
727 861 736 877 ι
751 852 781 878 'U
793 852 889 887 καιρὸς

98 902 146 928 τοῦ
170 901 306 936 ἄρξασθαι
328 899 361 926 τὸ
382 901 471 935 κρῖμα
493 898 547 925 ἀπὸ
563 898 611 925 τοῦ
625 898 701 925 οἴκου
716 898 764 924 τοῦ
779 897 858 925 Θεοῦ.
874 907 884 923 ι

942 302 1085 336 speetione
1097 311 1178 337 opus,
1195 303 1248 330 sibi
1265 308 1293 330 ut
1307 304 1425 339 quisque
1439 304 1574 336 attendat,
1587 313 1638 331 nec
1649 305 1714 339 quid
1724 319 1731 324 -

941 355 1024 382 quam
1053 356 1136 383 supra
1160 349 1291 376 viriculas
1313 350 1440 384 proprias
1464 358 1558 377 secum
1579 351 1730 378 constituat

941 393 1070 428 aggredi,
1089 394 1238 428 nequando
1254 394 1320 421 illud
1337 394 1465 421 llabaeuc
1480 395 1508 422 in
1522 403 1550 422 se
1565 395 1666 423 habeat
1679 397 1728 423 tle-

941 439 1064 473 torqueri
1096 449 1102 466 :
1133 449 1141 465 ι
1165 440 1305 474 Arrngans
1331 445 1360 467 ct
1383 445 1576 474 contemptor,
1604 441 1729 467 insolens

939 488 967 511 et
992 484 1148 518 superbus,
1177 485 1245 512 nihil
1271 485 1304 512 ad
1321 485 1405 513 ﬁnem
1423 494 1512 520 usque
1536 486 1702 521 perducet‘.
1719 498 1726 511 ι

940 529 1002 556 Alio
1018 530 1083 557 item
1097 531 1159 557 loco
1187 539 1192 557 :
1224 542 1232 556 ι
1249 531 1318 559 Vivo
1340 539 1406 567 ego,
1427 532 1495 559 dicit
1511 533 1656 565 Dominus,
1676 533 1730 559 nisi

938 575 1127 611 gloriﬁcantes
1135 577 1375 612 gloriiieabomui
1391 582 1484 606 autem
1500 579 1658 606 contemnit
1674 587 1728 611 me,

939 623 995 650 erit
1010 622 1142 658 ignobilis
1158 624 1204 649 Μ.
1221 633 1230 649 ν
1260 624 1455 652 Paranniastes
1470 634 1476 651 :
1495 634 1504 650 ί
1516 625 1567 658 Qui
1585 632 1642 652 rem
1658 634 1730 660 qua-

940 668 1107 703 lemeunque
1120 669 1287 701 contemnit,
1301 673 1498 697 conlemnelur
1511 671 1545 698 ab
1557 679 1606 704 ea;
1620 671 1668 706 qui
1682 679 1731 698 au-

941 719 995 741 tem
1015 719 1128 742 veretur
1145 716 1328 750 prwtergredi
1344 716 1516 748 mandatum,
1533 724 1618 744 sanus
1631 722 1674 744 est
1686 718 1706 743 ⁷.
1719 728 1727 742 ι

940 761 1067 789 Miehteas
1085 761 1150 788 item
1165 770 1172 788 :
1189 772 1197 786 ι
1214 762 1300 789 Filius
1309 762 1445 797 gloriﬁcat
1462 767 1580 797 patrem,
1595 768 1731 790 etservus

939 807 1082 834 dominmn
1106 816 1196 835 suum.
1228 808 1307 841 Quod
1326 808 1348 835 si
1365 813 1445 843 pater
1460 816 1511 844 ego
1526 817 1604 841 sum,
1625 809 1671 836 ubi
1687 814 1730 836 est

939 853 1027 888 gloria
1042 853 1120 880 mea?
1136 859 1174 886 et,
1185 854 1207 880 si
1225 853 1355 881 dominus
1369 862 1420 889 ego
1435 863 1507 887 sum,
1527 855 1574 882 ubi
1586 859 1629 883 est
1645 855 1729 883 timor

941 898 1085 924 meus”?
1102 907 1110 923 ι
1131 898 1234 925 Eodem
1252 904 1359 933 spectat
1375 899 1442 926 illud
1459 900 1570 928 Davidis
1596 909 1602 927 :
1631 911 1640 926 ι
1656 901 1730 928 Dixit

99 949 130 975 Εί
145 948 173 975 δὲ
189 948 237 982 ἀφ’
248 946 328 982 ἡμῶν
345 946 468 981 πρῶτον,
493 945 520 971 τί
535 945 565 972 τδ
577 945 655 976 τέλος
670 945 725 971 τῶν
738 944 884 971 ἀπειθούν-

939 943 1056 978 injustus
1068 963 1075 975 ,
1105 948 1135 970 ut
1161 944 1306 979 delinquat
1322 944 1349 972 in
1367 945 1536 980 semetipso,
1562 954 1617 973 non
1634 952 1676 974 est
1693 947 1730 974 ti-

98 1003 172 1028 των;
189 993 246 1020 Καὶ
263 994 287 1020 εί
303 995 317 1020 6
330 993 436 1024 δίκαιος
452 992 530 1027 μόλις
545 991 674 1023 σώζεται,
691 992 705 1018 ὁ
722 991 825 1026 ἀσεϐὴς
840 991 888 1018 καὶ

99 1041 263 1076 ἁμαρτωλὸς
279 1039 331 1066 ποῦ
347 1041 487 1074 φανεῖται;
505 1038 560 1065 Καὶ
573 1040 587 1065 6
601 1038 706 1069 Παῦλος
720 1038 886 1073 Κορινθίοις·

102 1097 111 1113 ι
127 1087 178 1114 Διὰ
193 1087 273 1113 τοῦτο
290 1088 318 1113 ἐν
334 1087 398 1121 ὑμῖν
415 1085 508 1112 πολλοὶ
522 1084 657 1117 ἀσθενεῖς,
675 1085 722 1111 καὶ
737 1085 886 1119 ἄρρωστοι,

99 1133 147 1159 καὶ
174 1131 325 1166 κοιμῶνται
351 1131 452 1158 ἱκανοί.
479 1130 511 1156 El.
527 1130 582 1166 γὰρ
601 1130 715 1161 ἑαυτοὺς
730 1130 886 1165 ἑκρίνομεν,

98 1179 150 1204 οὐκ
163 1177 196 1205 ἂν
210 1177 392 1212 ἐκρινόμεθα·
411 1177 569 1212 κρινόμενοι
582 1176 622 1208 δὲ,
639 1175 691 1202 ὑπὸ
704 1176 808 1211 Κυρίου
825 1185 888 1202 παι-

99 1222 233 1257 δευόμεθα
243 1241 250 1254 ,
279 1221 322 1248 ἵνα
350 1221 388 1256 μὴ
404 1221 452 1247 σὺν
467 1221 505 1256 τῷ
520 1221 616 1256 κόσμῳ
631 1221 858 1256 κατακριθῶμεν.
875 1231 884 1247 ι

100 1268 156 1295 Καὶ
170 1265 263 1299 αὖθιςσ
282 1277 291 1294 ‹
303 1267 335 1294 Ἠ
349 1267 440 1302 ἡμέρα
453 1267 556 1302 Κυρίου
569 1266 606 1298 ὡς
619 1267 739 1302 κλέπτης
754 1268 782 1293 ὲν
797 1267 885 1301 νυκτὶ,

99 1314 184 1345 οὕτως
201 1314 322 1348 ἔρχεται.
335 1314 420 1340 Ὀταν
431 1313 459 1339 se
474 1313 590 1347 λέγωσιν
599 1322 606 1329 -
619 1313 722 1348 Εἰρήνη
738 1314 784 1339 καὶ
797 1313 887 1347 ἀσφά-

99 1361 175 1393 λεια,
201 1359 262 1386 τότε
295 1359 428 1394 αἰφνίδιος
438 1357 580 1392 ἐφίσταται
604 1359 697 1390 αὐτοῖς
726 1358 849 1394 δλεθρος.
874 1369 883 1385 ι

98 1407 184 1441 Φησὶν
199 1406 226 1432 δὲ
242 1405 287 1432 καὶ
303 1405 398 1436 ἄλλος’
415 1413 425 1430 ‹
439 1405 485 1440 Μὴ
497 1404 588 1440 εἴπῃς,
603 1405 634 1430 Ὀ
647 1404 789 1440 οἰκτιρμδς
803 1405 885 1431 αὐτοῦ

99 1451 196 1483 πολὺς,
212 1451 259 1477 καὶ
273 1451 303 1476 τὸ
316 1450 418 1485 πλῆθος
433 1450 488 1476 τῶν
500 1450 644 1485 ἁμαρτιῶν
656 1459 707 1485 μου
721 1450 885 1482 ἐξιλάσεται.

101 1496 195 1528 Ἔλεος
211 1496 266 1530 γὰρ
283 1496 331 1522 καὶ
346 1495 415 1532 ὀργὴ
434 1496 499 1531 παρ’
513 1496 615 1531 αὐτῷ.)
635 1496 691 1522 Καὶ
708 1495 803 1522 πάλιν·
821 1505 830 1521 ι
841 1497 885 1531 Μὴ

99 1542 219 1577 ἀνάμενε
233 1541 408 1576 ἐπιστρέφειν
423 1541 491 1576 πρὸς
505 1541 609 1576 Κύριον
619 1561 627 1574 ,
653 1541 702 1568 καὶ
719 1540 756 1577 μὴ
769 1542 886 1569 ἀναὸἀλ-

98 1587 145 1614 λου
171 1587 279 1622 ἡμέραν
304 1588 334 1620 ἐξ
357 1586 476 1622 ἡμέρας.
507 1587 586 1613 Καοὰ
607 1587 661 1622 γὰρ
679 1587 711 1613 τὸ
727 1587 794 1613 πολὺ
812 1586 886 1619 ἔλεος

99 1633 180 1660 αὐτοῦ
191 1654 199 1667 ,
221 1633 307 1665 οὕτως
323 1634 370 1660 καὶ
384 1633 468 1665 πολὺς
484 1633 498 1659 ὁ
514 1632 625 1668 ἔλεγχος
640 1633 735 1660 αὐτοῦ.
752 1642 760 1658 ι
783 1633 885 1664 ’Δνὸρα

99 1679 170 1706 κατὰ
185 1679 219 1705 τὰ
233 1679 301 1714 ἔργα
316 1679 399 1705 αὐτοῦ
415 1679 515 1713 κρινεῖ,
534 1679 588 1705 Kal
604 1679 618 1704 6
634 1679 782 1714 Ὶεζεκιήλ·
813 1688 822 1704 ι
844 1680 888 1705 Ἐν

98 1723 138 1760 τῷ
159 1725 343 1759 ἀποστρέφειν
360 1724 466 1751 δίκαιον
491 1725 523 1750 ὲκ
537 1724 587 1758 τῆς
601 1724 777 1760 δικαιοσύνης
791 1724 886 1755 αὐτοῦ,

98 1771 146 1798 καὶ
171 1771 284 1805 ποιῆσαι
309 1770 418 1797 ἀδικίαν
431 1790 438 1802 ,
469 1771 557 1797 πᾶσαι
577 1772 604 1797 αἱ
618 1771 790 1798 δικαιοσύναι
804 1771 887 1798 αὑτοῦ

98 1817 130 1843 οὐ
157 1815 194 1851 μὴ
220 1816 391 1852 μνησθῶσιν,
410 1818 439 1843 ὲν
454 1817 486 1852 τῇ
502 1817 624 1852 ἁμαρτίᾳ
639 1816 722 1843 αὐτοῦ
741 1817 888 1844 ἀποθανεῖ-

98 1871 153 1890 ται.
177 1863 313 1889 Ἐκαστον
339 1862 410 1889 κατὰ
436 1863 485 1897 τὴν
510 1863 569 1890 ἁδὺν
590 1863 690 1895 αὐτοῦ,
719 1865 747 1889 ὲν
815 1863 888 1899 εὕρω

98 1909 191 1941 αὑτὸν,
210 1909 295 1943 κρινῶ
309 1909 400 1940 αὑτὸν,
414 1908 489 1942 λέγει
506 1908 617 1944 Κύριος.
640 1918 648 1934 ι
666 1909 721 1935 Καὶ
734 1910 748 1936 6
760 1909 866 1942 Παῦλος
879 1917 886 1925 ·

103 1965 113 1981 ι
131 1947 266 1990 Ἀραόὖν
285 1955 321 1990 μὴ
338 1955 527 1989 καθεύδωμεν,
544 1955 612 1982 ἀλλὰ
625 1955 820 1990 γρηγορῶμεν,
840 1955 887 1982 καὶ

97 2001 237 2035 νήφωμεν.
256 2001 287 2026 Ui
303 2000 358 2034 γὰρ
376 1999 565 2031 καθεύδοντες,
584 2000 682 2032 νυκτὺς
696 2000 884 2033 καθεύδουσιν,

98 2046 146 2072 καὶ
161 2046 185 2072 οἱ
200 2045 392 2081 μεθύσκοντες,
410 2046 508 2078 νυκτὺς
522 2046 716 2081 μεθύσκουσιν.
741 2056 750 2072 ι
768 2048 823 2074 Καὶ
837 2048 886 2074 ἑπ-

98 2092 181 2125 άγει·
210 2101 219 2118 ι
239 2092 282 2123 Ὠς
306 2092 389 2118 τέκνα
406 2092 495 2126 φωτὸς
513 2094 703 2127 περιπατεῖτε,
719 2092 885 2128 ἐξαγοραζό-

100 2145 177 2171 μενοι
199 2137 244 2164 τον
265 2138 381 2172 καιρὸν,
407 2138 448 2164 ὅτι
473 2138 500 2164 αἱ
519 2138 621 2174 ἡμέραι
640 2138 757 2174 πονηραί
775 2139 854 2165 εἰσιν.
873 2148 882 2164 ι

96 2183 181 2218 Φησὶν
195 2183 222 2209 δὲ
238 2183 285 2210 καὶ
300 2184 314 2209 ὀ
327 2183 443 2218 Κύριος·
463 2193 472 2208 ‹
487 2184 663 2219 Γρηγορεῖτε,
681 2184 722 2210 ὃτι
736 2185 786 2210 οὐκ
796 2185 885 2211 οἴδατε

96 2228 162 2263 ποίᾳ
174 2229 266 2264 ἡμέρᾳ
281 2230 295 2255 ὁ
309 2229 412 2263 Κύριος
425 2229 503 2263 ὑμῶν
515 2229 636 2264 ἔρχεται.
646 2230 750 2256 Ἐκεῖνο
765 2230 793 2256 δὲ
806 2231 885 2264 γινώ-

940 997 1000 1016 mor
1016 989 1063 1016 Dei
1080 993 1144 1017 ante
1158 990 1256 1017 oculos
1269 991 1330 1026 ejus
1341 991 1372 1018 ‘°.
1392 990 1491 1018 Petrus
1504 999 1615 1026 quoque
1629 1001 1634 1018 :
1650 992 1729 1020 «Jam

940 1041 1049 1070 tempus
1065 1040 1122 1067 est,
1147 1041 1177 1063 ut
1194 1037 1310 1071 incipiat
1322 1037 1459 1072 judicium
1476 1046 1490 1064 a
1507 1038 1591 1066 domo
1607 1039 1655 1066 Dei
1668 1039 1699 1066 “.
1716 1049 1725 1064 ι

941 1081 1047 1116 1085
1065 1081 1142 1115 Quod
1159 1082 1181 1109 si
1196 1090 1211 1109 a
1227 1082 1310 1110 nobis
1322 1083 1457 1117 primum,
1476 1084 1539 1118 quis
1554 1084 1616 1112 linis
1631 1092 1729 1112 eorum

938 1127 985 1162 qui
1003 1135 1057 1154 non
1073 1128 1208 1155 credunt?
1225 1128 1257 1155 Et
1275 1129 1296 1156 si
1308 1130 1402 1164 justus
1419 1129 1463 1156 vix
1476 1129 1612 1163 salvatur,
1627 1131 1730 1166 impius

938 1177 966 1199 et
978 1176 1108 1206 peccator
1120 1172 1167 1198 ubi
1181 1172 1336 1206 parebunt?
1346 1173 1447 1200 Paulus
1458 1173 1612 1202 Corinthiis
1622 1183 1629 1202 :
1641 1184 1650 1200 ι
1660 1175 1729 1202 Ρω-

938 1221 1001 1252 pter
1024 1218 1078 1245 hoc
1103 1218 1177 1245 inter
1192 1225 1244 1245 vos
1261 1219 1339 1246 multi
1355 1219 1457 1246 infirmi
1473 1225 1502 1248 et
1516 1220 1682 1251 imbecilles.
1700 1226 1729 1248 et

938 1263 1082 1290 dormiunt
1097 1263 1188 1291 nmiti.
1221 1263 1249 1292 Si
1267 1265 1342 1291 enim
1365 1273 1416 1292 nos
1434 1265 1509 1300 ipsos
1523 1266 1725 1302 judicaremus,

938 1317 993 1336 non
1018 1310 1114 1344 utique
1134 1310 1342 1345 judicaremur;
1368 1311 1434 1338 dum
1450 1317 1543 1340 autem
1557 1313 1727 1348 judieamur,

938 1363 952 1382 a
976 1356 1093 1383 Domino
1114 1357 1301 1391 corripimur,
1334 1363 1365 1384 ut
1390 1365 1447 1385 non
1474 1366 1538 1386 cum
1557 1359 1609 1386 hoc
1623 1361 1729 1387 mundo

938 1401 1157 1429 damncmur".n
1173 1403 1281 1430 Rursus
1294 1411 1300 1430 :
1316 1412 1324 1428 ο
1336 1403 1399 1430 Dies
1411 1404 1532 1437 Domini,
1543 1409 1674 1441 tanquam
1684 1406 1728 1433 fur

939 1447 965 1474 in
982 1452 1074 1480 nocte,
1093 1448 1131 1475 ita
1147 1449 1249 1476 veniet.
1269 1449 1338 1476 Cum
1352 1455 1445 1478 autem
1461 1450 1586 1484 dixerint
1605 1461 1611 1478 :
1629 1453 1684 1480 Pax
1700 1459 1729 1480 et

938 1494 1075 1521 securitas
1090 1513 1098 1525 ,
1126 1498 1192 1522 tunc
1209 1495 1373 1529 repentinus
1390 1497 1569 1530 superveniet
1583 1498 1625 1526 eis
1639 1499 1728 1526 inter-

938 1540 995 1566 itus
1010 1539 1042 1567 ι’.
1056 1549 1065 1566 ι
1097 1540 1150 1567 Sed
1166 1546 1193 1568 et
1207 1541 1277 1569 alius
1293 1550 1300 1568 :
1318 1551 1326 1567 ι
1341 1541 1380 1569 Ne
1394 1542 1510 1576 dixeris,
1529 1544 1594 1578 quia
1610 1545 1730 1572 miseras

939 1586 979 1612 tio
990 1585 1099 1613 Domini
1119 1587 1215 1618 multa,
1226 1587 1399 1615 multitudini
1412 1594 1588 1623 peccatorum
1602 1598 1731 1618 meorum
1779 1612 1787 1620 .

941 1632 1149 1667 propitiabitur.
1157 1633 1347 1661 Misericordia
1357 1639 1384 1661 et
1394 1634 1435 1662 ira
1446 1635 1519 1669 apud
1528 1643 1592 1662 eum
1604 1637 1726 1663 suntin:

940 1677 1042 1704 lterum
1071 1687 1077 1704 :
1109 1687 1116 1703 ι
1135 1679 1174 1706 Ne
1199 1679 1292 1707 tardes
1310 1681 1435 1708 converti
1457 1681 1491 1708 ad
1508 1681 1674 1716 Dominum,
1700 1688 1728 1710 et

939 1731 973 1750 ne
995 1723 1109 1750 diﬂ'eras
1132 1724 1166 1751 de
1187 1724 1232 1752 die
1254 1725 1282 1752 in
1303 1726 1400 1759 diem;
1429 1727 1583 1754 secundum
1600 1729 1728 1756 multitu-

939 1769 1031 1796 dinem
1042 1770 1241 1798 misericordire
1250 1771 1321 1806 ejus,
1332 1772 1367 1799 ita
1379 1776 1407 1800 ct
1419 1773 1574 1808 increpatio
1583 1775 1726 1810 ipsius".n

939 1816 1034 1843 Virum
1044 1817 1197 1844 seetmdum
1209 1819 1405 1853 operajudicat
1427 1820 1573 1849 Ezechiel:
1588 1832 1595 1848 ι
1609 1822 1637 1850 Si
1649 1831 1730 1851 aver-

939 1870 986 1890 sus
1001 1862 1087 1890 fuerit
1097 1864 1190 1898 justus
1206 1871 1220 1890 a
1234 1865 1342 1899 justitia
1355 1873 1419 1898 sua,
1437 1872 1466 1893 et
1481 1867 1579 1895 fecerit
1593 1869 1727 1904 iniquita-

939 1911 993 1934 tem
1008 1928 1014 1939 .
1043 1916 1140 1936 omms
1159 1909 1275 1944 justiti-.e
1291 1911 1352 1944 ejus
1370 1919 1425 1938 non
1441 1913 1677 1947 recordabuntur,
1697 1917 1725 1944 in

937 1957 1051 1987 peccato
1064 1961 1115 1980 suo
1129 1954 1275 1980 morietur.
1305 1954 1544 1991 Uuumquemque,
1560 1959 1637 1993 juxta
1653 1960 1725 1987 viam

937 2006 1015 2025 suam
1043 1999 1070 2025 in
1090 2006 1143 2033 qua
1167 1999 1301 2027 invenero
1323 2008 1402 2032 eum,
1426 2002 1569 2037 judicabo,
1587 2004 1655 2031 dicit
1670 2006 1726 2032 Du-

938 2044 1072 2071 minus".
1089 2054 1098 2070 ι
1121 2044 1222 2071 Paulus
1236 2045 1300 2072 item
1324 2054 1330 2072 :
1354 2056 1362 2071 ι
1379 2047 1473 2081 Itaque
1491 2056 1526 2076 ne
1541 2049 1724 2082 dormiamus,

936 2090 984 2117 sed
999 2090 1145 2124 vigilemus
1160 2094 1187 2117 et
1203 2090 1287 2117 sobrii
1303 2091 1401 2119 simus.
1416 2094 1467 2125 Qui
1482 2094 1556 2121 enim
1569 2095 1723 2129 dormiunt,

936 2141 1018 2164 nocte
1043 2136 1202 2167 dormiunt;
1232 2141 1260 2164 et
1287 2138 1333 2172 qui
1356 2138 1426 2166 clirii
1448 2145 1528 2172 sunt,
1554 2146 1635 2170 nocte
1650 2143 1723 2171 ebrii

936 2187 1000 2210 sunt
1013 2183 1044 2208 ¹⁷.
1056 2192 1064 2207 ›
1085 2182 1193 2210 lnducit
1209 2192 1214 2210 :
1232 2193 1240 2209 ι
1254 2184 1331 2211 Sicut
1349 2184 1396 2212 lilii
1412 2185 1483 2213 lucis
1498 2187 1655 2219 ambulate.
1678 2179 1735 2217 re».

935 2229 1071 2256 dimcntcs
1088 2234 1211 2264 tempus.
1237 2231 1301 2265 quia
1317 2231 1377 2258 dies
1390 2233 1453 2258 mali
1467 2238 1531 2259 sunt
1545 2234 1575 2260 ¹⁸.
1594 2245 1602 2260 ι
1625 2236 1678 2263 Sed
1696 2242 1724 2263 et

96 2283 189 2305 σκετε,
205 2275 245 2301 ὅτι
259 2275 284 2300 εἰ
299 2275 356 2310 ᾔδει
370 2275 383 2300 6
396 2275 592 2311 οἰκοδεσπότης
603 2275 668 2311 ποίᾳ
679 2276 787 2311 φυλακῇ
800 2278 813 2303 6
824 2277 885 2303 κλέ-

939 2276 1069 2302 Dominus
1086 2285 1092 2302 :
1111 2285 1120 2301 ι
1140 2276 1254 2310 V'igilatc
1267 2297 1274 2309 ,
1301 2279 1366 2312 quia
1384 2279 1498 2306 nescitis
1514 2288 1568 2314 qua
1582 2281 1649 2309 hora
1669 2283 1723 2309 Do-

95 2328 167 2355 πτης
183 2319 302 2355 ἔρχεται,
321 2321 513 2356 ὲγρηγάρησεν
528 2321 573 2353 ἂν,
590 2322 637 2347 καὶ
653 2322 704 2347 οὐκ
734 2322 825 2349 εἴασεν
841 2322 881 2348 δι-

95 2366 231 2399 ορυγῆναι
259 2365 308 2400 τὴν
333 2365 422 2391 οἰκίαν
441 2365 537 2392 αὑτοῦ.
553 2366 602 2393 Διὰ
627 2365 707 2392 τοῦτο
733 2367 781 2393 καὶ
801 2367 880 2402 ὑμεῖς

93 2410 204 2443 γίνεσθε
227 2410 349 2446 ἕτοιμοι,
377 2411 429 2443 ὅτι,
485 2411 545 2446 ὥρᾳ
563 2412 594 2437 ού
612 2411 773 2445 γινώσκετε,
792 2414 806 2439 6
820 2413 883 2444 Υἱὸς

94 2456 142 2482 τοῦ
157 2455 302 2491 ἀνθρώπου
319 2456 437 2492 ἔρχεται.
451 2467 460 2483 ι
481 2457 560 2492 Λεξιτῴ
574 2458 590 2492 ἡ
604 2458 667 2490 δόξα
683 2459 722 2490 είς
738 2459 800 2489 τοὺς
816 2458 883 2484 αἰῶ-

93 2511 143 2535 νας
159 2501 214 2529 τῶν
229 2503 345 2529 αἰώνων.
365 2503 462 2538 “Λμήν.

393 2603 501 2630 ΛΟΓΟΣ
513 2605 581 2638 AG".

368 2659 438 2693 Περὶ
452 2660 604 2695 ὀκνηρίας.

137 2711 168 2742 Ἐ
183 2714 295 2750 ὀκνηρία
313 2716 491 2748 συνέζευκται
507 2718 539 2752 τῇ
555 2718 683 2754 πονηρίᾳ.
700 2718 800 2745 «Δοῦλε
813 2721 877 2755 γὰρ,

96 2810 115 2827 ._
131 2790 153 2827 _'
168 2789 269 2827 [Rc-3.
296 2800 352 2824 xm,
379 2793 422 2820 15.
481 2793 492 2809 ⁸
507 2793 588 2822 Prov.
610 2803 664 2827 ηπ,
693 2795 737 2823 24.

92 2824 116 2860 ⁸9
131 2824 203 2860 Pani.
223 2824 302 2856 κίεν.
315 2828 342 2854 2.
401 2829 420 2844 “
441 2829 450 2856 I
465 2829 537 2857 Petr.
555 2838 591 2860 iv.
611 2831 650 2856 l7.

87 2859 128 2922 ᾗ
134 2859 200 2887 ibid.
218 2861 243 2887 8.
301 2863 323 2878 ε·
343 2863 442 2890 Ezech.
461 2872 536 2896 xvm,
552 2859 597 2896 ει,
611 2866 655 2892 so.

253 2942 388 2974 Ριιτιιοι.
409 2944 466 2975 Gn.
491 2946 644 2977 LXXXIX.

806 2798 840 2813 ¹’ί
858 2797 865 2824 Ι
882 2798 950 2835 Reg.
978 2807 1006 2835 ιι,
1033 2799 1076 2827 50.

709 2832 729 2846 ¹²
749 2831 834 2859 lCor.
851 2840 887 2864 vi,
903 2831 997 2860 30-5'2.

714 2867 733 2881 ¹⁷
754 2867 762 2893 l
780 2867 876 2894 Thess.
895 2876 920 2902 ν,
942 2869 967 2902 6,
999 2870 1023 2897 7.

936 2321 1028 2348 minus
1041 2325 1132 2349 vester
1145 2327 1280 2350 venturus
1292 2324 1336 2350 sit.
1351 2324 1418 2351 Illud
1431 2329 1522 2352 autem
1535 2327 1633 2355 scitote
1646 2329 1721 2363 quia,

936 2367 957 2393 si
973 2367 1058 2393 sciret
1073 2368 1271 2402 paterfamilias
1292 2377 1345 2403 qua
1361 2370 1453 2405 vigilia
1470 2371 1514 2398 fur
1527 2373 1651 2406 veniret,
1678 2377 1721 2402 vi-

933 2414 1148 2448 gilaretutique.
1164 2419 1191 2442 ct
1204 2423 1257 2443 non
1267 2416 1492 2452 sineretperl‘odi
1505 2419 1617 2447 domum
1631 2429 1720 2448 suam.

931 2460 1108 2495 Quapropter
1131 2465 1159 2488 et
1184 2469 1232 2488 vos
1261 2467 1351 2490 estote
1368 2464 1469 2498 parati,
1488 2461 1563 2500 quia,
1582 2475 1636 2501 qua
1654 2467 1720 2494 hora

933 2514 986 2533 non
1006 2506 1118 2540 putatis.
1136 2507 1223 2534 Filius
1241 2507 1363 2535 hominis
1382 2510 1515 2537 veniet”.
1532 2521 1539 2536 ι
1564 2512 1618 2546 Ipsi
1636 2513 1722 2548 gloria

932 2551 959 2578 in
976 2552 1086 2578 szcctila.
1103 2551 1201 2580 Amen.

1191 2610 1333 2638 ΗΟΜΙΙΑΙΑ
1349 2611 1470 2639 XXXVI.

1244 2667 1280 2694 De
1295 2669 1413 2704 pigritia.

970 2722 1083 2757 Pigritia
1099 2723 1230 2758 nequitia:
1246 2725 1392 2759 conjuncta
1408 2730 1449 2753 est
1463 2731 1490 2753 et
1503 2726 1602 2754 atiiuis.
1618 2736 1627 2754 ι
1638 2729 1724 2757 Serve

1464 2786 1504 2820 ""
1522 2805 1638 2833 Malach.
1658 2815 1677 2838 ι,
1695 2808 1720 2833 (ἰ.

1453 2838 1475 2854 ⁸⁵
1511 2840 1596 2867 Eccli.
1613 2849 1640 2873 ν,
1655 2841 1682 2873 ti,
1695 2842 1721 2870 τ.

1419 2874 1439 2890 ’⁸
1455 2874 1550 2902 Matth.
1567 2883 1639 2908 xm.
1671 2877 1719 2904 6‘2.

1504 2955 1538 2986 49

1147 2801 1156 2815 "
1175 2801 1254 2828 Prov.
1275 2810 1330 2833 XIX.
1358 2802 1401 2829 lti.

1056 2835 1102 2862 "l
1133 2835 1229 2863 Thess.
1249 2845 1276 2869 ν,
1307 2839 1334 2869 ‘3,
1366 2838 1391 2864 3.

1078 2870 1098 2885 "
1114 2870 1214 2905 Ephes.
1235 2880 1260 2903 v,
1277 2872 1302 2904 8,
1321 2873 1362 2900 16.
