1986 3246
172 259 179 263 -
226 237 297 271 ιδιτ

228 299 350 326 nequam
367 295 395 318 et
410 288 518 325 piger"
530 297 553 319 ι,
571 286 611 314 ait
625 283 770 313 Dominus.
788 279 857 308 Cum
872 279 965 312 itaque
980 282 1024 303 ro-
1039 277 1060 304 Α

231 342 284 368 bur
309 337 419 366 abunde
443 334 602 369 suppeditet
622 330 775 359 Dominus,
804 327 934 360 viresque
958 330 1024 357 sug-

232 389 325 421 gerat,
337 383 451 409 multam
461 380 553 414 reipsa
565 381 737 405 ostentemus
745 372 918 400 alacritatem
928 367 1024 400 animi,

233 433 317 463 atque
334 436 348 454 a
364 426 445 453 nobis
461 431 543 459 porro
555 426 747 456 expungamus
759 415 946 444 omnimodam
959 420 1027 439 cun-

235 474 386 501 ctationem
403 471 461 498 sive
477 467 617 504 pigritiam
632 486 639 498 ,
668 465 751 499 inque
767 461 858 490 veraci
875 461 956 487 vinea
973 458 1027 485 im-

236 521 314 556 pigre
331 524 480 552 operemur
497 522 547 550 per
563 517 689 540 exactam
705 508 900 537 mandatorum
916 502 1027 532 Domini

236 563 460 592 observationem
472 580 479 592 ,
505 565 637 593 tanquam
655 555 766 592 ingenui
785 561 818 581 ac
833 550 950 587 legitimi
966 549 1027 581 ﬁlii,

237 620 292 639 non
316 611 381 638 item
408 612 439 635 ut
464 605 537 634 servi
555 603 675 639 improbi
697 602 755 629 sive
772 604 802 627 ut
817 596 940 633 operarii
955 602 1029 622 mer—

238 655 341 685 cenarii
355 676 362 687 ,
390 653 437 688 qui
461 652 592 687 pietatem
614 648 689 676 aliud
704 654 764 675 esse
780 645 848 673 nihil
864 643 1031 679 promittunt

238 710 322 739 quam
347 704 502 736 quaestum,
529 705 580 725 suo
607 694 719 722 interim
747 691 902 719 servientes
928 687 1030 719 ventri,

239 757 289 786 per
309 753 408 776 suaves
423 750 568 772 sermones
591 745 620 768 et
642 738 852 767 benedictioncs
873 735 939 762 dum
956 731 1032 760 deci-

240 778 321 830 piunt
338 792 422 820 corda
438 788 638 817 innocentium.
669 785 723 816 Ne,
739 785 816 819 juxta
834 780 910 809 Pauli
926 778 1033 807 doctri—

241 848 320 871 nam,
340 838 489 865 abutamur
506 833 609 861 Christi
623 830 747 861 nomine,
764 827 843 863 quasi
860 827 888 853 in
902 824 1036 852 nundinis

242 884 436 920 negotiantes;
467 888 536 908 neve
560 878 594 906 ad
612 874 815 911 congerendum
831 871 977 908 pecuniam
995 869 1034 897 si-

243 939 306 959 mus
321 929 473 959 avidiores,
490 931 519 953 et
535 923 656 959 operarii
671 919 758 948 dolosi
769 940 777 952 .
807 917 1037 952 transfigurantes

245 985 296 1005 nos
322 977 350 1003 in
374 974 520 1001 ministros
541 969 630 1000 lucis,
659 975 722 994 cum
746 964 859 992 interim
877 969 961 997 opere
978 961 1038 996 ipso
1055 951 1075 978 Β

245 1024 333 1050 simus
353 1019 505 1048 tenebrat“
521 1025 542 1048 ,:
568 1014 676 1050 1086
699 1012 767 1048 quin
784 1011 877 1046 potius
892 1008 974 1044 digne
988 1014 1038 1034 vo-

247 1068 356 1096 catione
381 1070 579 1093 eonversemur
608 1065 636 1088 et
659 1057 833 1094 professione
856 1055 908 1083 hac
927 1057 1038 1084 nostra.

200 1138 208 1150 ,
247 1118 342 1142 sancte
363 1112 504 1142 viventes,
526 1109 601 1143 juste
626 1113 660 1133 ac
681 1105 742 1140 pie,
765 1101 945 1138 providentes
967 1099 1040 1127 bona

248 1169 304 1188 non
319 1159 410 1187 solum
423 1162 516 1183 coram
531 1154 660 1184 Domino.
678 1152 726 1180 sed
743 1151 828 1178 etiam
844 1154 938 1175 coram
949 1144 1040 1172 homi—

250 1207 332 1234 nibus
346 1215 352 1233 :
367 1205 421 1232 hoc
432 1203 507 1230 enim
518 1202 623 1237 justum
638 1204 667 1226 ut
679 1198 851 1233 gloriﬁcetur
861 1195 936 1222 Deus
945 1191 974 1218 in
983 1197 1043 1217 om—

250 1254 346 1281 nibus.
365 1251 546 1280 Excutiamus
559 1255 575 1274 a
587 1245 669 1273 nobis
684 1251 765 1277 quam
778 1238 938 1274 longissime
952 1237 1043 1264 lento-

252 1309 308 1328 rem
333 1298 430 1327 animi.
465 1297 500 1324 Ut
529 1294 627 1322 fideles
649 1288 734 1320 servi,
752 1287 825 1314 diem
848 1283 1044 1321 przestolemur

252 1347 388 1374 adventus
414 1341 523 1370 Domini
543 1338 631 1366 nostri
654 1346 660 1363 :
683 1342 739 1370 quo
753 1333 798 1360 die
812 1331 875 1367 caeli
888 1330 1043 1359 solventur,

254 1398 328 1419 terra
341 1394 433 1417 autem
446 1387 621 1415 effervescet,
631 1386 659 1410 et
671 1383 781 1408 evomet
792 1385 841 1405 eos
851 1376 921 1412 quia
931 1373 1045 1402 condito

254 1438 375 1473 primum
388 1433 455 1461 orbe
466 1428 679 1459 obdortnicrint.
689 1425 796 1453 Montes
807 1429 890 1457 atque
901 1419 979 1448 arida
986 1425 1047 1446 om-

255 1484 300 1511 nis
317 1481 518 1515 obstupescem
540 1484 555 1504 a
573 1474 644 1503 facie
660 1473 732 1508 ejus.
751 1470 821 1498 Cum
838 1467 948 1496 venerit
961 1464 1047 1500 judex

256 1537 320 1557 cum
336 1526 460 1555 nubibus
471 1545 477 1557 ,
507 1527 574 1550 tunc
596 1519 725 1548 universa
740 1515 873 1550 corripiet
886 1517 1004 1542 tremor,
1021 1513 1049 1537 et

257 1576 393 1604 “elerum
407 1574 527 1601 virtutes
543 1567 741 1596 movebuntur.
758 1562 842 1590 Multa
854 1559 958 1588 etenim
969 1555 1050 1584 valde

853 220 1038 252 ANTIOCHI
1059 217 1230 249 MONACHI

1800 207 1870 240 1533

1077 272 1174 307 φησὶν,
1200 271 1249 298 καὶ
1270 268 1374 304 πονηρὲ
1398 267 1445 295 καὶ
1465 266 1577 302 ὀκνηρέ.
1593 274 1602 292 ι
1632 264 1687 292 Τοῦ
1701 263 1749 291 οὖν
1761 263 1871 298 Κυρίου

1075 318 1126 353 τὴν
1145 317 1223 352 ἰσχὺν
1239 313 1482 350 ἐπιχορηγοῦντος,
1497 312 1544 339 καὶ
1557 313 1639 347 ἡμεῖς
1652 311 1683 337 τὸ
1695 309 1874 344 εὖπρόθυμον

1077 362 1228 397 δείξωμεν,
1255 361 1304 387 καὶ
1327 358 1528 394 ἀπορρίψωμεν
1552 357 1600 390 ἀφ’
1614 355 1693 391 ἡμῶν
1714 355 1809 381 πᾶσαν
1825 353 1875 379 ὀκ-

1079 405 1191 440 νηρίαν,
1210 404 1259 431 καὶ
1274 403 1390 438 ἐργάται
1405 401 1553 436 γενώμεθα
1567 401 1618 435 τῆς
1631 399 1764 435 ἀληθινῆς
1780 398 1868 433 ἀμπι-

1078 452 1125 479 λου
1138 472 1146 484 ,
1174 451 1222 478 καὶ
1247 449 1369 484 φύλακες
1386 447 1441 474 τῶν
1456 447 1574 474 ἐντολῶν
1589 446 1636 473 τοῦ
1648 446 1753 481 Κυρίου
1770 444 1810 476 ὡς
1822 443 1877 470 υἱοὶ

1079 500 1198 535 γνήσιοι,
1211 498 1258 525 καὶ
1275 497 1313 532 μὴ
1325 496 1363 528 ὡς
1375 495 1463 522 δοῦλοι
1479 494 1604 529 πονηροὶ,
1615 494 1632 528 ῆ
1646 493 1693 519 καὶ
1704 492 1743 523 ὡς
1755 491 1879 525 ὲργὰται

1083 546 1225 583 μισθωτοὶ,
1243 543 1403 579 νομίζοντες
1419 541 1556 577 πορισμὸν
1569 537 1639 566 εἶναι
1653 538 1704 574 τὴν
1717 536 1878 569 εὐσέϐειαν,

1080 591 1254 622 δουλεύοντες
1265 590 1325 620 ταῖς
1333 588 1424 615 αὐτῶν
1434 586 1564 617 κοιλίαις.
1575 585 1634 617 καὶ,
1645 584 1689 611 διά
1699 583 1749 618 τῆς
1757 590 1880 618 χρηστο-

1081 638 1178 673 λογίας
1193 637 1241 664 καὶ
1255 634 1395 669 εὐλογίας,
1411 632 1613 666 ὲξαπατοῦντες
1627 630 1678 662 τὰς
1691 629 1810 664 καρδίας
1821 627 1881 654 τῶν

1083 685 1206 712 ἀκάκων.
1218 683 1265 718 Μὴ
1274 680 1430 716 γενώμεθα,
1442 679 1480 711 ὡς
1492 680 1505 705 ὁ
1517 677 1624 708 Παῦλος
1635 685 1729 711 φησιν,
1740 674 1846 710 χρηστέ
1851 683 1884 709 μ-

1084 739 1175 767 ποροι,
1193 730 1241 757 καὶ
1257 729 1432 765 φιλάργυροι,
1451 725 1567 761 ἐργάται
1581 724 1675 755 δόλιοι.
1694 729 1883 758 μετασχημα-

1083 771 1222 812 τιζόμενοι
1237 776 1276 806 εἰς
1287 773 1430 804 διακόνους
1442 771 1542 806 φωτὸς,
1556 770 1671 800 σκότους
1683 768 1883 802 τυγχάνοντες-

1085 823 1154 850 and.
1178 821 1264 853 ἀξίως
1284 819 1335 854 τῆς
1355 818 1478 853 κλήσεως
1502 817 1550 843 καὶ
1573 816 1622 850 τῆς
1637 814 1787 848 ὁμολογίας
1801 812 1885 847 ἡμῶν

1085 865 1326 901 πολιτευώμεθα,
1341 865 1424 895 ὁσίως
1437 864 1484 890 καὶ
1496 861 1609 892 δικαίως
1623 861 1670 888 καὶ
1682 859 1807 890 εὐσεϐῶς
1818 858 1886 890 ζῶν-

1086 922 1132 944 τες
1143 935 1150 945 ,
1174 910 1372 947 προνοούμενοι
1387 908 1470 940 καλὰ,
1487 908 1518 934 οὐ
1537 907 1618 943 μόνον
1632 905 1750 932 ἐνώπιον
1764 904 1886 939 Κυρίου,

1088 959 1158 987 ἀλλά
1180 958 1228 985 καὶ
1250 956 1394 991 ἀγγέλων;
1410 955 1459 980 καὶ
1475 952 1640 988 ἀνθρώπων.
1667 950 1756 977 Τοῦτο
1770 950 1829 984 γὰρ
1843 949 1887 975 δί-

1089 1004 1167 1031 καιόν
1181 1004 1267 1034 ἐστιν,
1284 1002 1329 1028 ἴνα
1344 999 1491 1034 δοξάζηται
1505 999 1519 1025 ό
1531 998 1597 1030 Θεὸς
1609 999 1638 1024 ὲν
1651 995 1890 1031 πᾶσιν.¹Δπορῤί-

1089 1050 1185 1086 ψωμεν
1205 1047 1252 1076 οὖν
1273 1048 1323 1084 τὴν
1344 1047 1478 1082 ὀκνηρίαν
1504 1046 1552 1080 ἀφ’
1572 1043 1668 1080 ἡμῶν,
1693 1043 1741 1070 καὶ
1765 1042 1805 1074 ὡς
1824 1042 1890 1069 δοῦ-

1090 1097 1132 1123 λοι
1156 1095 1248 1122 πιστοὶ
1271 1093 1455 1128 ἀναμένοντες
1475 1091 1524 1125 τὴν
1543 1091 1651 1126 ἡμέραν
1666 1090 1717 1123 τῆς
1730 1087 1890 1123 παρουσίας

1091 1142 1139 1169 τοῦ
1164 1139 1301 1167 Δεσπότου
1325 1138 1424 1174 ἡμῶν,
1453 1134 1513 1174 ὲνῇ
1538 1137 1562 1163 ol
1579 1135 1693 1170 οὐρανοὶ
1708 1134 1890 1169 λυθήσονται,

1093 1188 1143 1216 καὶ
1163 1188 1179 1222 ἡ
1198 1187 1235 1222 γῆ
1256 1185 1428 1221 ἀναϐράσσει
1445 1183 1510 1215 τοὺς
1525 1183 1555 1216 ὲξ
1569 1183 1668 1214 αἰῶνος
1683 1180 1872 1211 καθεύδοντας
1883 1200 1891 1212 ,

1093 1235 1144 1270 ὅρη
1172 1234 1220 1261 καὶ
1245 1233 1320 1259 πᾶσα
1346 1232 1362 1266 ή
1388 1230 1460 1265 ξηρὰ
1483 1230 1649 1264 ἐκστήσεται
1665 1227 1720 1255 ἀπὸ
1736 1226 1893 1262 προσώπου

1096 1279 1193 1308 αὑτοῦ.
1211 1278 1308 1305 Ἡνίκα
1334 1276 1519 1311 παραγίνεται
1536 1276 1550 1301 ὸ
1566 1274 1672 1309 Κριτὴς
1691 1273 1762 1308 μετὰ
1777 1272 1834 1298 τῶν
1848 1280 1894 1297 νε-

1084 1325 1185 1362 νφιλῶν
1195 1345 1202 1357 .
1233 1324 1294 1351 τότε
1319 1323 1353 1350 τὰ
1366 1322 1515 1358 σύμπαντα
1529 1321 1630 1356 τρόμος
1643 1319 1779 1354 λήψεται,
1800 1318 1850 1344 καὶ
1865 1318 1894 1343 ai

1095 1374 1150 1400 τῶν
1175 1371 1301 1407 οὐρανῶν
1326 1369 1458 1404 δυνάμεις
1483 1367 1716 1401 σαλευθήσονται·
1747 1364 1788 1391 διὸ
1807 1363 1894 1397 πολλή

1098 1420 1174 1446 ἐστιν
1190 1418 1207 1453 ἡ
1223 1414 1388 1451 παρεμϐολὴ
1404 1413 1508 1447 σφόδρα
1521 1411 1621 1444 αὑτοῦ,
1647 1411 1690 1437 ὃτι
1707 1409 1811 1444 ισχυρὰ
1825 1409 1896 1444 ἔργα

1098 1465 1186 1498 λόγων
1200 1461 1283 1490 αὐτοῦ
1295 1462 1302 1476 "
1316 1462 1344 1487 ἐν
1361 1458 1502 1493 συντελείᾳ
1519 1458 1566 1484 καὶ
1583 1458 1612 1484 ὲν
1628 1455 1789 1490 συσσεισμῷ
1805 1455 1823 1487 ἡ
1837 1454 1897 1485 ἁδὺς

1100 1509 1186 1544 αὐτῷ,
1205 1507 1254 1535 καὶ
1277 1506 1378 1541 νεφέλη
1395 1503 1536 1539 κονιορτὸς
1551 1502 1640 1529 ποδῶν
1652 1500 1752 1528 αὑτοῦ’
1772 1499 1898 1527 ἀπειλῶν

1101 1555 1236 1589 θαλάσσῃ,
1262 1553 1310 1579 καὶ
1334 1551 1470 1586 ξηραίνων
1493 1549 1589 1584 αὑτήν.
1614 1548 1693 1580 Ἥξει
1713 1547 1768 1582 γὰρ
1794 1546 1898 1580 Κύριος

257 1592 338 1604 ιιειυι
347 1592 393 1602 ull]
412 1592 445 1601 Ill
455 1592 527 1600 ουννυ
544 1592 586 1596 -..ν
597 1592 601 1595 ν
612 1592 640 1595 ν-
650 1592 680 1594 7v

205 1639 211 1645 ι
258 1620 346 1648 series
360 1623 402 1646 est
417 1622 571 1644 castrorum
585 1613 657 1648 ejus,
668 1610 732 1646 quia
746 1607 828 1636 fortia
840 1612 924 1641 opera
934 1610 995 1638 quae
1006 1609 1049 1629 so-

1105 1601 1175 1638 μετὰ
1189 1600 1277 1635 θυμοῦ
1292 1597 1375 1625 αὑτοῦ
1392 1597 1430 1628 ὡς
1444 1596 1511 1630 πῦρ,
1524 1595 1571 1622 καὶ
1582 1594 1619 1626 ὡς
1634 1593 1796 1628 καταιγιδες
1806 1592 1842 1619 τὰ
1855 1592 1899 1626 ἆρ-

259 1667 286 1693 ln
297 1665 384 1693 verbo
397 1665 456 1699 ejus
473 1662 539 1690 fient
552 1670 558 1687 :
573 1660 600 1687 in
617 1654 830 1690 consumptione
845 1656 873 1680 et
887 1648 1052 1679 commotio-

261 1720 295 1740 ne
309 1713 351 1739 via
363 1695 423 1746 ejus
436 1714 464 1736 et
478 1708 567 1736 nubes
579 1705 669 1741 pulvis
682 1703 783 1738 pedum
795 1700 866 1735 ejus.
890 1695 1054 1725 Intermina-

262 1765 309 1786 tur
324 1757 403 1787 mari.
419 1759 447 1782 et
459 1753 581 1782 exsiccat
593 1751 671 1778 illud.
686 1747 822 1776 Adveniet
832 1745 908 1772 enim
920 1741 1055 1770 Dominus

262 1811 326 1832 cum
353 1803 447 1830 furore
468 1807 519 1827 suo
531 1819 538 1831 ,
565 1797 644 1832 quasi
668 1794 750 1830 ignis.
768 1796 797 1820 et
811 1789 890 1826 quasi
906 1790 1056 1821 tempestas

264 1848 404 1878 inundans
421 1853 532 1874 currus.
554 1843 628 1879 Ignis
646 1838 785 1876 praecedet
799 1836 896 1864 faciem
911 1834 982 1868 ejus.
1003 1830 1055 1864 Qui

263 1893 472 1929 comperientur
489 1888 595 1918 strenui
609 1887 694 1914 fuisse
707 1889 736 1912 et
750 1881 860 1917 impigri
878 1880 906 1907 in
921 1876 1057 1913 operibus

264 1941 358 1972 bonis.
374 1938 408 1966 ad
424 1938 508 1964 vitam
524 1933 701 1970 emigrabunt
715 1935 865 1960 aeternam;
884 1929 992 1957 contra,
1009 1922 1056 1958 qui

265 1984 513 2022 deprchendemur
535 1968 617 2016 pigro
641 1979 748 2006 lentore
773 1973 927 2009 intepuisse
953 1977 986 1999 ac
1007 1968 1057 1996 ila-

265 2033 365 2068 gitiose
381 2030 483 2057 vixisse
496 2047 503 2059 ,
521 2026 555 2054 ad
570 2023 738 2060 supplicium
751 2025 887 2048 aeternum
902 2016 1057 2051 rapientur.

267 2060 301 2107 “Et
313 2077 426 2114 quidem
440 2073 527 2102 visuri
539 2075 606 2100 sunt
621 2068 791 2097 horrendum
804 2064 871 2093 illud
883 2070 915 2090 ae
927 2060 1060 2089 formida-

268 2105 330 2152 in.“
348 2121 456 2151 Judicis
475 2117 599 2147 tribunal
624 2126 630 2144 ι
657 2114 705 2142 ubi
728 2117 756 2140 et
774 2111 856 2140 sedes
878 2109 906 2136 in
919 2108 974 2152 hoc
984 2105 1059 2152 judi-

267 2169 342 2196 cium
351 2169 491 2201 apparata:
501 2160 719 2196 conspiciemur.
728 2156 801 2192 Ignis
809 2153 926 2191 proinde
937 2149 1060 2179 fluminis

269 2215 296 2242 in
311 2219 417 2240 morem
434 2208 626 2246 prmterlluens
648 2207 676 2233 in
695 2206 846 2238 conspectu
866 2198 966 2235 iudicis
979 2196 1059 2224 tanti.

270 2259 345 2287 Libri
355 2242 469 2292 insuper
477 2254 580 2291 aperti;
590 2253 655 2280 hinc
664 2250 794 2279 omnibus
803 2247 892 2283 palam
901 2245 968 2272 ﬁent
976 2242 1063 2270 homi-

273 2313 341 2333 num
358 2305 483 2332 actiones
491 2285 518 2330 et
528 2300 693 2337 perspicuae.
704 2297 796 2330 Quare
808 2294 862 2322 diei
875 2292 950 2320 illius
963 2289 1062 2318 sedulo
1079 2285 1099 2313 ο

272 2347 424 2381 memores.
439 2356 486 2380 ne,
507 2353 616 2382 qliarso,
629 2345 830 2372 lenteseamus.
844 2347 879 2366 ne
898 2341 1065 2365 cunctemur

271 2406 304 2424 ea
316 2397 427 2431 explere
441 2402 503 2430 qua:
517 2393 550 2420 ad
563 2391 708 2425 abreptum
724 2388 787 2414 vita:
799 2385 880 2413 istius
893 2382 1064 2419 propositum

273 2444 409 2474 attinent;
438 2427 529 2474 neque
553 2434 730 2471 temporariis
746 2433 791 2460 his
807 2436 939 2465 tanquam
953 2427 1066 2456 :eternis

275 2492 396 2515 mentem
414 2485 566 2520 affigamus.
595 2482 681 2509 Docet
698 2479 752 2506 boc
781 2484 832 2504 nos
847 2475 1043 2503 Parwmiastes
1058 2482 1064 2500 :

278 2543 287 2558 1
303 2532 332 2560 Si
349 2518 585 2566 impiger—fueris,
607 2524 702 2552 veniet
717 2522 796 2558 quasi
812 2521 875 2548 fons
890 2518 989 2547 messis
1002 2522 1066 2550 tua;

275 2582 383 2612 egestas
398 2565 502 2606 autem,
517 2578 649 2608 tanquam
666 2570 708 2598 vir
723 2569 823 2600 malus,
841 2566 929 2602 fugiet
944 2573 959 2592 a
973 2569 1000 2592 te
1010 2565 1043 2590 ".
1057 2573 1065 2589 ι

276 2625 398 2652 Rursum
417 2632 423 2649 ε
442 2631 450 2647 1
465 2621 518 2654 Qui
535 2623 668 2655 operatur
685 2621 789 2644 terram
806 2621 896 2645 suam.
915 2610 1070 2646 replebitur

277 2670 414 2706 panibus;
431 2668 479 2704 qui
495 2675 562 2694 vero
577 2669 700 2694 sectatur
714 2662 814 2694 otium,
831 2658 987 2695 replebitur
1001 2664 1070 2692 pau-

278 2705 385 2752 pertate
394 2716 444 2742 ".i
463 2714 566 2742 lterum
582 2721 588 2738 :
606 2721 615 2737 1
630 2711 659 2738 In
674 2708 784 2745 pigritia
800 2705 995 2734 humiliabitur
1005 2710 1073 2730 con-

279 2762 441 2799 tignatio,et
458 2761 486 2788 in
502 2760 560 2788 otio
574 2764 706 2786 manuum
722 2754 887 2791 ingemiscet
900 2751 1001 2778 domus
1010 2749 1045 2777 “.
1059 2757 1069 2774 ι

280 2810 388 2837 llursus
401 2818 408 2835 :
425 2818 433 2834 1
449 2808 598 2842 Paupertas
612 2804 702 2831 virum
716 2800 854 2831 bumiliat,
868 2804 968 2825 manus
979 2799 1071 2822 autem

282 2855 394 2883 fortium
407 2841 601 2882 ditescent“.i
618 2850 722 2877 lterum
737 2856 744 2875 :
761 2856 769 2872 1
785 2843 928 2873 Desideria
941 2841 1073 2870 occulunt

317 2913 341 2929 '°
355 2911 452 2939 Matth.
473 2918 534 2943 xxv,
548 2909 597 2937 ‘26.
649 2907 672 2924 “
689 2905 711 2933 ll
725 2903 789 2932 Cor.
804 2910 841 2936 ιι,
862 2901 905 2933 15.
920 2899 964 2932 Η,
994 2899 1038 2926 15.

287 2948 308 2962 ’⁵
323 2947 404 2976 Prov.
421 2954 448 2979 ι,
463 2945 488 2972 ι.

1096 2897 1118 2914 ¹¹
1135 2896 1216 2924 Prov.
1232 2903 1270 2927 vr,
1288 2893 1330 2920 ll.

1106 1655 1180 1683 ματα
1205 1645 1308 1673 αὐτοῦ·
1339 1643 1387 1670 καὶ
1411 1642 1468 1677 πῦρ
1495 1641 1716 1677 προπορεύσεται
1740 1639 1901 1674 ἔμπροσθεν

1104 1682 1200 1719 αὐτοῦ.
1219 1690 1277 1717 Καὶ
1293 1690 1318 1716 oi
1335 1690 1363 1715 ὲν
1377 1689 1434 1720 τοῖς
1450 1687 1592 1722 μνήμασιν
1607 1683 1772 1712 ἀκούσονται
1787 1682 1841 1716 τῆς
1853 1690 1900 1716 φορ

1105 1738 1190 1773 ϐερᾶς
1207 1735 1299 1771 φωνῆς
1314 1733 1416 1764 αὑτοῦ.
1446 1733 1495 1759 καὶ
1520 1730 1737 1767 ἐκπορεύσονται
1754 1729 1780 1755 οἱ
1795 1728 1900 1759 ἄοινοι,

1105 1771 1152 1810 mi
1176 1782 1202 1808 οι
1224 1781 1253 1807 ὲν
1275 1779 1389 1813 ἀγαθοῖς
1408 1777 1512 1813 ἔργοις,
1531 1777 1571 1808 είς
1587 1774 1659 1810 ζωὴν
1673 1772 1784 1800 αἰώνιον
1798 1781 1805 1788 ·
1832 1772 1860 1799 οἱ
1874 1771 1901 1798 δὲ

1105 1827 1219 1863 ὀκνηροὶ
1230 1827 1278 1853 καὶ
1289 1824 1399 1860 φαῦλοι,
1409 1824 1450 1855 είς
1462 1822 1575 1849 κόλασιν
1588 1820 1708 1848 αἰώνιον.
1720 1819 1776 1846 Καὶ
1788 1818 1902 1852 ὄψονται

1107 1874 1138 1901 τὸ
1155 1872 1292 1908 φρικῶδες
1308 1870 1486 1905 δικαστήριον
1500 1867 1548 1894 τοῦ
1563 1865 1683 1902 Χριστοῦ
1695 1873 1702 1880 ·
1727 1864 1794 1891 ἕνθα
1811 1863 1903 1898 θρόνοι

1108 1907 1272 1955 πρόκεινται
1291 1917 1332 1948 είς
1350 1915 1458 1951 κρίσιν.
1486 1913 1533 1939 καὶ
1550 1912 1580 1939 τὸ
1595 1910 1754 1946 ποταμηδδν
1769 1909 1834 1944 ῥέον
1848 1907 1904 1941 πῦρ

1107 1953 1268 2000 ιμπροσθεν
1296 1961 1402 1989 αὑτοῦ·
1433 1959 1482 1986 καὶ
1508 1958 1597 1994 βίϐλοι
1621 1955 1815 1991 ἀνεῳγμέναι,
1839 1953 1904 1980 ἔνθα

1109 2010 1225 2047 πράξεις
1253 2007 1505 2036 ἀνακαλύπτονται.
1535 2004 1581 2030 Διὸ
1608 2001 1830 2039 μνημονεύοντες
1856 2000 1906 2034 τὴν

1109 2059 1218 2094 ἡμέραν
1243 2056 1373 2090 ἐκείνην,
1414 2054 1452 2090 μὴ
1477 2050 1554 2088 ὦμεν
1577 2051 1692 2086 δκνηροὶ
1717 2050 1766 2077 καὶ
1791 2049 1906 2084 ἀμελεῖς

1111 2107 1140 2132 ἐν
1165 2105 1222 2136 τοῖς
1246 2101 1442 2137 προκειμένοις
1465 2101 1531 2135 ἡμῖν
1545 2119 1552 2132 ,
1583 2098 1653 2134 μηδὲ
1677 2098 1734 2129 τοῖς
1758 2095 1907 2122 ἑνεστῶσιν

1111 2152 1148 2184 ὡς
1161 2150 1283 2181 αἰωνίοις
1295 2148 1471 2184 προσχῶμεν.
1483 2146 1610 2172 Διδάσκει
1624 2145 1652 2171 δὲ
1665 2144 1739 2178 ἡμᾶς
1753 2142 1803 2169 καὶ
1813 2143 1827 2168 ὁ
1837 2141 1910 2175 Παρ-

1112 2195 1271 2231 οιμιαστὴς,
1287 2194 1377 2228 λέγων
1386 2201 1392 2208 ·
1414 2202 1422 2218 1
1436 2191 1467 2218 El
1483 2191 1580 2222 ἄοκνος
1593 2188 1638 2225 ᾖς,
1651 2189 1710 2224 ἥξει
1721 2187 1819 2222 ὥσπερ
1832 2190 1908 2221 πηγὴ

1112 2242 1127 2267 ὸ
1142 2230 1248 2276 ἀμητός
1264 2246 1327 2265 σου-
1345 2239 1362 2272 ἠ
1379 2237 1408 2264 δὲ
1424 2236 1524 2267 ἔνδεια,
1544 2234 1641 2268 ῶσπερ
1657 2231 1742 2262 κακὸς
1758 2230 1842 2266 ἀνὴρ,
1859 2231 1912 2256 ἀπ-

1114 2287 1312 2322 αυτομολὴσει.
1330 2294 1339 2310 ι
1374 2283 1430 2310 Καὶ
1458 2281 1562 2308 πάλιν·
1595 2288 1606 2306 1
1627 2277 1831 2313 Ἐργαζόμενος
1861 2276 1912 2310 τὴν

1114 2321 1213 2361 ἑαυτοῦ
1224 2333 1288 2366 γῆν,
1302 2329 1494 2365 πλησθήσεται
1505 2327 1588 2361 ἄρτου
1597 2333 1604 2340 '
1616 2326 1630 2351 ὀ
1640 2324 1669 2350 δὲ
1680 2322 1788 2350 διώκων
1800 2321 1913 2356 σχολὴν,

1115 2379 1306 2416 πλησθήσεται
1334 2375 1441 2406 πενίας.
1457 2383 1466 2399 ι
1498 2373 1554 2400 Καὶ
1579 2370 1675 2398 πάλιν·
1705 2378 1715 2394 1
1732 2369 1777 2394 Ἐν
1795 2368 1915 2402 ὀκνηρίᾳ

1115 2413 1353 2459 ταπεινωθήσεται
1379 2422 1397 2456 ἡ
1419 2420 1554 2450 δόκωσις,
1585 2417 1633 2445 καὶ
1659 2417 1687 2442 ὲν
1708 2414 1795 2450 ἀργίᾳ
1811 2413 1915 2448 χειρῶν

1117 2472 1213 2504 στάζει
1238 2471 1256 2505 ἡ
1278 2470 1363 2496 οἰκία.
1378 2477 1388 2494 ι
1421 2467 1478 2494 Καὶ
1502 2465 1584 2492 πάλιν
1598 2472 1605 2479 ο
1635 2473 1644 2489 1
1660 2462 1744 2489 Πενία
1760 2460 1850 2496 ἄνδρα
1866 2468 1912 2486 τα-

1117 2519 1222 2546 πεινοῖ’
1239 2503 1330 2552 έεϊρες
1343 2514 1371 2540 δὲ
1383 2513 1515 2548 ἀνδρείων
1529 2509 1745 2537 πλουτίσαυσιν.»
1757 2507 1812 2534 Καὶ
1823 2503 1913 2536 αὖθις⁴

1120 2575 1130 2591 1
1152 2561 1314 2595 Ἑπιθυμίαι
1335 2559 1453 2595 ὀκνηρὸν
1473 2557 1700 2585 ἀποκτείνουσιν
1725 2554 1756 2580 οὗ
1771 2553 1828 2588 γὰρ
1846 2560 1915 2587 προ-

1119 2609 1264 2646 αιροῦνται
1287 2608 1315 2634 αἱ
1335 2608 1427 2642 χεῖρες
1443 2604 1526 2632 αὑτοῦ
1544 2603 1632 2629 ποιεῖν
1646 2609 1683 2627 τι.
1699 2609 1709 2626 ι
1740 2599 1797 2626 Καὶ
1813 2599 1916 2625 πάλιν·

1123 2665 1132 2681 1
1152 2641 1205 2682 ἰἸθι
1222 2653 1291 2689 πρὸς
1321 2641 1469 2687 μύρμηκα,
1485 2648 1508 2675 ὢ
1520 2647 1641 2682 ὸκνηρὲ,
1668 2645 1715 2672 καὶ
1729 2643 1855 2678 ζήλωσον
1869 2641 1917 2671 τὰς

1125 2701 1204 2732 ὀδοὺς
1221 2698 1304 2726 αὑτοῦ
1315 2706 1321 2713 ·
1340 2697 1387 2725 καὶ
1400 2695 1481 2730 γενοῦ
1497 2694 1603 2721 ἐκείνου
1619 2691 1784 2727 σοφώτερος.
1799 2698 1808 2714 ι
1831 2687 1917 2715 Ἐκεὶ-

1126 2756 1164 2782 νῳ
1179 2747 1234 2780 γὰρ
1250 2744 1386 2780 γεωργίου
1403 2743 1454 2777 οὐχ
1468 2741 1648 2775 ὑπάρχοντος,
1661 2737 1723 2764 οὐδὲ
1737 2737 1784 2762 τδν
1800 2733 1918 2769 ἀναγκά-

1126 2780 1208 2826 ζοντα
1223 2791 1304 2826 ἔχων,
1319 2789 1498 2825 ἑτοιμάζεται
1511 2787 1607 2821 θέρους
1618 2784 1669 2819 τὴν
1678 2782 1796 2819 τροφήν.
1807 2782 1865 2808 Καὶ
1875 2780 1919 2806 πά-

1126 2839 1186 2865 λιν·
1221 2847 1230 2862 1
1248 2836 1401 2871 Πορεύθητι
1426 2835 1495 2870 πρὸς
1519 2833 1568 2867 τὴν
1594 2831 1747 2866 μέλισσαν,
1776 2829 1827 2855 καὶ
1855 2827 1919 2862 μάθε

1386 2893 1408 2909 ’³
1427 2892 1508 2919 Prov.
1525 2898 1572 2923 xu,
1589 2889 1632 2916 ll.
1687 2887 1710 2903 ’⁸
1724 2885 1820 2914 Eccle.
1840 2893 1869 2914 ι.
1881 2883 1921 2913 l8.
