1986 3270
135 271 201 305 1549

379 273 544 304 HOMILIA
565 275 712 305 XXXVII.
727 287 760 292 —
775 274 859 306 ADV.
880 274 962 305 0PT.
980 273 1058 306 NON
1078 276 1169 307 ESSE
1184 277 1507 310 CONTENDENDUM.

1689 280 1756 313 nso
1792 256 1803 263 ’

133 331 170 363 ὡς
193 329 314 365 ἐργάτης
337 329 421 357 ἐστίν.
439 339 449 356 ι
482 330 537 365 Τὴν
559 339 590 357 τε
615 331 747 365 ἐργασίαν
764 331 802 362 ὡς
818 332 921 367 σεμνὴν

973 331 1081 367 pigrum
1093 352 1101 364 ,
1129 341 1184 360 non
1210 334 1284 361 enim
1306 335 1404 361 volunt
1420 343 1518 362 manus
1533 335 1592 371 ejus
1607 336 1759 373 quidquam

133 377 268 408 ποιεῖται,
286 373 320 410 ἧς
338 375 400 407 τοὺς
417 375 516 407 πόνους
533 375 652 411 βασιλεῖς
669 377 715 403 καὶ
730 377 834 404 ίδιῶται
851 377 922 412 πρὸς

134 422 239 455 ὑγίειαν
255 420 467 456 προσφέρονται.
487 421 541 447 Καὶ
557 421 638 447 πάλιν
649 430 655 436 ·
668 430 677 447 ι
693 422 765 453 Ἕως
780 421 860 454 τίνος,
876 423 922 448 ὁκ-

131 474 163 500 νη
169 466 208 499 ρὲ,
218 465 395 498 κατάκεισαι;
406 466 471 491 πότε
483 465 511 491 δὲ
521 465 550 497 ἐξ
561 465 646 491 ὕπνου
657 465 810 500 ὲγερθήσῃ;
823 465 922 500 μικρὸν

133 511 279 546 κωμάσαι,
303 510 394 545 ὀλίγον
416 510 444 536 δὲ
469 510 637 547 ὲναγκαλίζῃ
652 511 731 546 χερσὶ
745 510 841 546 στήθη,
858 520 867 537 ι
887 525 922 530 -—-

135 567 143 583 ι
157 556 224 584 Εἶτα
239 557 424 592 παραγίνεταί
437 565 479 583 σοι
494 557 510 592 ἡ
525 557 617 589 πενία,
630 557 677 584 καὶ
689 558 705 593 ἡ
717 557 816 589 ἔνδεια,
826 557 921 593 ὥσπερ

131 604 233 638 ἀγαθὸς
246 604 390 639 δρομεύς.»
412 604 441 630 '0
456 604 485 630 δὲ
503 604 640 639 Ἱερεμίας
653 605 752 640 φησιν·
770 613 780 630 α
791 605 922 640 Ἐκοιμή-

132 650 219 685 θημεν
236 651 265 676 ὲν
279 651 312 685 τῇ
328 650 444 686 αἰσχύνῃ
457 650 558 685 ἡμῶν,
585 650 634 678 καὶ
657 651 830 686 ἐπεκάλυψεν
848 652 922 686 ἡμᾶς

131 696 148 731 ὴ
170 695 266 730 ἀτιμία
287 695 376 731 ἡμῶν.
405 696 474 722 Οὐαὶ
498 696 564 731 ἡμῖν
589 696 630 723 δτι
653 696 892 732 ταλαιπωροῦμεν.
908 706 918 723 ι

131 741 215 774 Λέγει
228 741 256 767 δὲ
274 741 321 767 καὶ
336 740 416 773 ἄλλος
427 749 434 756 ’
467 750 477 766 ι
492 741 567 775 Λίθῳ
580 741 767 777 ὴρδαλωμένῳ
779 750 921 777 παρασυν-

131 787 236 822 εσλήθη
251 788 264 814 ὁ
275 787 392 823 ὀκνηρὸς
404 807 411 820 ,
440 787 487 814 καὶ
504 788 560 818 πᾶς
575 788 699 822 ἐκσυριεῑ
713 788 760 814 ἐπὶ
775 789 809 824 τῇ
823 787 922 823 ἀτιμίᾳ

131 833 226 860 αὑτοῦ.
241 843 250 859 ι
280 834 336 860 Καὶ
360 832 457 865 αὖθις·
489 842 499 860 ι
520 833 735 868 Ὀνειδιζόμενος
750 834 866 869 ὀκνηρὸς
890 835 921 861 οὺ

131 879 357 914 καταισχύνεται.
384 879 506 914 Βολϐίτῳ
519 879 575 914 γὰρ
590 878 708 914 κοπρίας
721 879 921 914 παρομοιοῦται

130 926 144 951 ὀ
157 924 286 960 ὀκνηρός.
304 934 312 950 ι
336 924 571 960 ’Λποὸαλλὼμεθα
593 922 652 957 οὖν,
671 924 793 959 ἀδελφοὶ,
812 925 862 960 ὅση
876 924 922 951 δύι

130 978 214 1005 ναμις
230 969 282 1005 τὴν
295 969 427 1005 ὁκνηρίαν
444 969 491 996 καὶ
504 969 554 1004 τὴν
567 969 677 1004 ἀργίαν,
695 969 738 995 ἵνα
755 969 792 1005 μὴ
807 968 858 1004 τῆς
871 969 920 1004 βατ

130 1016 239 1048 σιλεὶας
264 1016 318 1042 τῶν
342 1015 465 1051 οὐρανῶν
489 1015 685 1050 στερηθῶμεν,
714 1016 747 1050 τῇ
771 1015 800 1041 δὲ
823 1014 922 1051 γεέννῃ

975 1023 1035 1042 mus
1045 1016 1078 1042 ³³.
1094 1025 1103 1041 ι
1133 1015 1211 1042 Alius
1227 1015 1294 1042 item
1321 1023 1327 1041 :

128 1061 178 1087 τοῦ
204 1061 290 1096 πυρὸς
315 1060 576 1096 παραπεμφθῶμεν.
608 1060 784 1095 ’Δκούσωμεν
805 1058 852 1087 οὖν
874 1059 921 1086 τοῦ

135 1106 302 1133 Ἀποστόλου
318 1106 552 1142 συμϐουλεύοντος
562 1114 569 1122 ·
589 1115 598 1132 ι
611 1106 650 1141 Τῇ
667 1106 769 1141 σπουδῇ
788 1105 825 1140 μὴ
840 1106 922 1141 ὀκνη-

128 1152 185 1187 pol,
209 1151 249 1187 τῷ
274 1151 413 1187 πνεύματι
439 1151 606 1186 ζέοντες,τῷ
617 1151 712 1187 Κυρίῳ
722 1151 920 1183 δουλεύοντες.»

127 1198 288 1230 Ψάλλοντες
302 1198 330 1226 δὲ
346 1199 392 1225 καὶ
410 1198 478 1233 μετὰ
492 1198 541 1224 τοῦ
554 1198 636 1225 Δαυτδ
645 1206 652 1213 ·
674 1206 684 1223 ι
699 1197 851 1232 Εὐλογητὸς
864 1196 922 1223 Κύ-

129 1252 205 1279 ριος,
223 1245 238 1271 ὁ
254 1244 321 1275 Θεός
338 1252 389 1279 μου
401 1264 408 1275 ,
434 1244 448 1270 ὀ
470 1243 607 1271 διδάσκων
629 1243 679 1275 τὰς
698 1242 793 1278 χεῖράς
811 1250 861 1277 μου
884 1242 924 1273 εις

126 1289 288 1325 παράταξιν
300 1310 306 1322 ,
334 1290 382 1316 καὶ
398 1290 461 1321 τοὺς
475 1289 626 1320 δακτύλους
641 1297 693 1324 μου
709 1289 748 1320 εἰς
763 1288 894 1322 πόλεμον.
910 1296 921 1314 ι

125 1334 299 1369 Φοδηθῶμεν
314 1334 350 1361 τὸ·
358 1335 512 1369 ὑπόδειγμα
524 1335 571 1361 ’τοῦ
583 1334 739 1369 κρύψαντος
751 1333 783 1360 τὸ
793 1333 923 1360 τάλαντον

123 1381 168 1412 είς
190 1380 243 1414 τὴν
264 1380 326 1415 γῆν,
347 1379 391 1406 ἴνα
409 1380 446 1415 μὴ
461 1379 626 1415 ἀκούσωμεν
643 1379 720 1414 παρὰ
736 1378 790 1407 ιτοᾶ
798 1377 902 1414 Κυρίου
914 1385 921 1392 ·

127 1435 137 1452 ι
156 1426 244 1452 Δοῦλε
267 1425 371 1460 πονηρὲ
394 1425 443 1452 καὶ
461 1425 574 1461 ὀκνηρέ.
588 1434 597 1450 ι
628 1424 683 1451 Καί
696 1433 702 1440 ·
733 1433 742 1450 ι
758 1425 860 1459 Ἄρατε
875 1423 922 1450 ἀπ’

124 1471 214 1497 αὐτοῦ
229 1470 260 1497 τὸ
272 1470 415 1503 τάλαντον,
431 1470 478 1497 καὶ
491 1470 537 1497 τὸν
549 1471 659 1505 ἀχρεῖον
672 1469 764 1496 δοῦλον
775 1468 923 1496 ἐκϐάλλετε

123 1515 166 1547 εἰς
190 1515 222 1542 τὸ
247 1515 382 1551 ἐξώτερον
410 1515 515 1546 σκότος.
536 1515 611 1541 Ἐκεῖ
639 1515 716 1541 ἔσται
739 1515 753 1540 ὁ
769 1514 922 1549 κλαυθμὸς,

122 1562 173 1588 καὶ
189 1561 343 1596 ὀ’βρυγμδς
359 1560 412 1587 τῶν
426 1561 568 1588 ὀδόντων.»
588 1560 668 1587 Ἀλλὰ
685 1559 786 1595 μᾶλλον
802 1559 923 1586 σπουδά-

123 1615 222 1642 σωμεν
240 1606 358 1634 ἀκοῦσαι
373 1607 404 1633 τό
418 1614 425 1622 ·
458 1615 468 1632 ι
485 1605 521 1634 Εὖ
533 1627 540 1639 ,
565 1605 645 1633 δοῦλε
661 1604 750 1641 ἀγαθὲ
766 1605 815 1632 καὶ
829 1604 920 1638 πιστὲ,

120 1653 172 1679 ἐπὶ
197 1653 281 1687 ὀλίγα
305 1651 346 1684 εἷς
367 1653 481 1686 πιστὸς,
510 1653 557 1680 ἐπὶ
573 1651 680 1679 πολλῶν
698 1651 729 1677 σὲ
744 1651 921 1686 καταστήσω,

975 379 1084 412 operari
1096 379 1145 405 “.v
1161 379 1284 414 itemque
1300 388 1306 406 ε
1322 389 1330 405 ι
1344 380 1418 407 Vade
1431 380 1464 407 ad
1477 380 1630 413 formicam,
1643 390 1659 409 ο
1671 383 1758 417 piger,

975 427 1003 450 et
1016 423 1127 451 imitare
1142 424 1201 451 vias
1215 425 1322 459 ejus,et
1338 425 1384 452 illa
1396 429 1458 452 esto
1472 425 1624 460 sapientior
1634 427 1668 453 ".
1682 436 1690 452 ι
1712 427 1760 454 Illa

973 469 1059 500 enim,
1077 477 1139 496 cum
1172 470 1197 497 ei
1231 478 1285 498 non
1308 475 1437 505 suppetat
1453 471 1507 510 ulla
1520 472 1692 506 agricolatio,
1712 481 1762 500 ne-

975 522 1028 549 que
1043 515 1148 542 habens
1164 515 1210 550 qui
1227 523 1256 543 se
1269 523 1303 543 eo
1316 517 1420 544 laboris
1433 517 1542 552 adigat,
1569 522 1646 552 parat
1663 519 1761 546 messis

976 565 1098 595 tempore
1114 561 1218 588 cibum.
1245 562 1348 589 lterum
1375 571 1382 589 :
1410 572 1419 588 ι
1444 563 1530 598 Perge
1553 563 1588 590 ad
1609 564 1759 598 apiculam,

975 613 991 633 ο
1016 606 1095 641 piger
1107 627 1114 640 ,
1140 611 1169 634 et
1192 607 1269 635 disce
1288 616 1372 643 quam
1387 608 1445 636 haec
1467 609 1585 636 solerter
1598 617 1631 636 ac
1646 613 1762 637 strenue

975 657 1114 686 operetur.
1131 661 1140 678 ι
1166 651 1241 687 Opus
1254 653 1319 692 facit
1332 661 1398 681 sane
1413 662 1494 688 quam
1510 654 1653 681 munditia:
1668 658 1695 681 et
1709 655 1761 681 ho-

975 698 1092 724 nestatis
1104 698 1228 732 plenum,
1247 699 1327 734 cujus
1340 698 1450 727 labores
1466 707 1544 735 reges
1557 700 1635 735 juxta
1648 708 1680 727 ac
1692 700 1762 728 idio-

976 745 1009 769 tae
1026 742 1161 770 adhibent
1177 744 1286 771 tuenda:
1298 744 1420 771 sanitati.
1450 745 1518 771 Item
1539 753 1545 771 :
1571 754 1579 770 ι
1599 745 1759 779 Usquequo,

974 787 1063 823 piger,
1075 788 1214 816 dormies?
1225 789 1337 824 quando
1351 789 1385 817 de
1401 797 1499 817 somno
1519 791 1738 826 expergisceris?
1749 800 1758 817 I

974 837 1028 860 etc.
1060 843 1068 859 ι
1092 834 1189 861 Postea
1215 835 1344 862 adveniet
1365 835 1414 862 tibi
1437 841 1584 870 paupertas
1599 841 1628 863 et
1641 841 1760 871 egestas.

976 882 1104 913 tanquam
1115 880 1206 907 bonus
1215 888 1312 907 cursor
1320 881 1353 906 ".
1361 890 1370 905 ι
1377 881 1482 916 1087
1490 881 1626 909 Jcremias
1635 889 1759 916 quoque:

978 933 987 949 ι
1002 924 1189 952 Dormivimus
1205 924 1233 951 in
1247 925 1411 952 confusione
1424 930 1529 958 nostra,
1547 930 1575 953 et
1589 927 1700 961 operuit
1716 932 1765 953 nos

975 969 1126 1005 ignominia
1142 974 1238 997 nostra
1264 978 1271 997 ι
1285 970 1331 997 Vae
1346 970 1427 997 nobis
1444 971 1509 1005 quia
1525 971 1618 998 miseri
1634 971 1699 998 facti
1712 980 1760 999 su-

1357 1024 1365 1040 l
1385 1015 1482 1049 Lapidi
1501 1015 1608 1049 polluto
1632 1023 1760 1050 exaaqua-

973 1064 1018 1088 tus
1033 1065 1074 1088 est
1088 1061 1175 1096 piger,
1196 1064 1223 1087 et
1238 1060 1329 1088 omnis
1342 1059 1499 1088 exsibilabit
1511 1067 1596 1094 super
1608 1060 1760 1095 ignominia

973 1107 1090 1142 ejus'M
1104 1107 1207 1134 lterum
1221 1115 1227 1132 :
1244 1115 1252 1130 ι
1267 1105 1358 1140 Piger,
1371 1105 1422 1132 etsi
1435 1105 1595 1140 opprobriis
1607 1106 1758 1140 oppetitur,

973 1152 1043 1179 nihil
1068 1155 1159 1179 tamen
1188 1151 1368 1186 suppudescit
1397 1159 1404 1177 :
1431 1150 1515 1177 boum
1541 1151 1616 1178 enim
1644 1152 1760 1179 stercori

974 1201 1149 1232 comparatus
1165 1201 1208 1224 est
1221 1197 1298 1231 piger
1310 1196 1342 1223 ³¹.
1359 1205 1369 1221 ι
1391 1195 1460 1223 Toto
1474 1195 1559 1230 igitur
1572 1200 1685 1228 conatu,
1703 1196 1760 1222 fra-

975 1246 1045 1274 tres,
1074 1242 1287 1269 submoveamus
1309 1248 1360 1267 nos
1385 1240 1419 1267 ab
1441 1240 1493 1267 hac
1517 1240 1614 1267 incerti
1634 1240 1761 1268 socordia

974 1291 1057 1321 atque
1070 1287 1139 1319 otiol
1158 1294 1192 1313 ne
1209 1293 1260 1313 nos
1275 1286 1322 1313 illo
1336 1293 1420 1321 regno
1435 1285 1542 1320 privet,
1560 1285 1645 1320 inque
1658 1286 1761 1320 gehen-

973 1341 1038 1360 nam
1055 1333 1126 1368 ignis
1152 1336 1214 1368 agat
1229 1331 1388 1367 prwcipites
1403 1339 1434 1358 ac
1448 1331 1588 1358 deturbet.
1607 1331 1760 1359 Audiamus

974 1379 1097 1413 Apostoli
1109 1378 1267 1410 consilium,
1279 1377 1398 1404 dicentis
1411 1385 1417 1404 :
1434 1386 1442 1402 ι
1453 1377 1646 1404 Sollicitudine
1655 1384 1709 1404 non
1720 1377 1761 1411 pi-

973 1425 1026 1459 gri,
1041 1423 1140 1458 spiritu
1152 1422 1302 1455 ferventes,
1316 1422 1433 1450 Domino
1446 1423 1601 1450 servientes
1610 1422 1658 1449 ³¹.›
1674 1422 1760 1449 David

974 1476 1083 1504 quoque
1097 1468 1171 1495 hunc
1186 1468 1214 1495 in
1227 1467 1339 1494 modum
1351 1468 1541 1495 concinentem
1554 1468 1758 1495 auscultemus:

978 1523 987 1540 ι
1005 1513 1171 1541 Benedictus
1200 1512 1334 1540 Dominus
1351 1513 1398 1547 qui
1425 1513 1506 1540 docet
1523 1520 1621 1540 manus
1634 1520 1709 1539 meas
1725 1512 1759 1539 ad

972 1560 1109 1596 praelium.
1127 1564 1156 1587 et
1171 1560 1272 1594 digitos
1288 1567 1363 1586 meos
1379 1559 1413 1586 ad
1427 1559 1530 1586 bellum
1541 1559 1589 1586 ³³.»
1609 1560 1757 1587 Terrorem

975 1606 1055 1633 nobis
1065 1605 1182 1632 incutiat
1194 1605 1266 1633 servi
1278 1605 1354 1632 illius
1365 1605 1533 1639 exemplum,
1545 1605 1592 1640 qui
1603 1605 1656 1632 sibi
1667 1605 1759 1632 credi-

975 1654 1033 1677 tum
1045 1650 1177 1678 talentum
1195 1649 1292 1677 infodit
1304 1649 1400 1682 humo,
1416 1654 1445 1677 et
1456 1650 1589 1682 occuluit,
1610 1649 1758 1685 nequando

119 1698 236 1726 εἴσελθε
253 1699 292 1730 εἰς
301 1698 349 1734 τὴν
363 1698 452 1733 χαρὰν
465 1698 512 1725 τοῦ
527 1697 630 1733 Κυρίου
644 1705 719 1724 σου.»
737 1696 817 1732 Αὐτῷ
829 1697 845 1731 ἡ
856 1695 920 1730 δόξα

971 1696 1066 1724 audire
1078 1696 1221 1731 contingat
1235 1703 1250 1722 a
1265 1699 1368 1723 nostra:
1383 1695 1506 1722 omnium
1520 1695 1630 1723 vindice
1644 1696 1758 1724 salutis:

118 1747 164 1777 εἰς
177 1745 250 1775 τοὺς
261 1744 373 1776 αἰῶνας.
397 1744 496 1779 Ἀμήν.

977 1750 986 1767 ι
1001 1741 1086 1769 Serve
1101 1741 1171 1768 male
1184 1745 1212 1767 et
1224 1740 1358 1775 βῖκοι-³⁸.»
1377 1740 1428 1767 Et:
1444 1749 1452 1766 ι
1466 1740 1567 1768 Tollite
1580 1741 1614 1768 ab
1626 1748 1659 1768 eo
1672 1741 1760 1768 talen-

118 1796 182 1820 tum
193 1792 247 1818 ³⁸.»
265 1791 299 1819 Ει
315 1800 321 1818 :
340 1800 349 1817 ι
365 1791 444 1818 Hunc
459 1790 586 1818 inutilem
600 1796 712 1817 servum
727 1788 820 1825 ejicite
835 1788 864 1815 in
896 1787 1025 1815 tenebras
1048 1787 1209 1815 exteriores.
1240 1786 1280 1813 lbi
1304 1786 1360 1813 erit
1381 1787 1462 1814 ﬂetus
1491 1790 1520 1814 et
1552 1786 1657 1814 stridor
1688 1786 1759 1814 den-

117 1839 194 1866 tium
204 1839 258 1865 ⁸⁶.›
273 1838 449 1865 Festinamus
462 1844 512 1871 pro
523 1837 610 1869 virili,
621 1835 769 1871 aliquando
798 1839 830 1863 ut
849 1834 944 1862 audire
962 1834 1102 1870 contingat
1116 1842 1122 1860 :
1138 1843 1146 1860 ι
1162 1834 1249 1870 Euge,
1273 1840 1353 1860 serve
1365 1833 1438 1861 bone
1450 1837 1478 1860 et
1491 1833 1590 1865 lidelis,
1600 1841 1685 1869 super
1692 1841 1757 1868 pau-

116 1892 152 1912 ca
171 1883 255 1912 fuisti
270 1883 376 1915 ﬁdelis,
396 1890 480 1918 super
494 1882 580 1909 multa
595 1886 620 1910 te
635 1881 802 1909 constituam
820 1889 826 1908 :
843 1880 915 1911 intra
934 1880 962 1907 in
978 1879 1109 1915 gaudium
1130 1879 1239 1907 Domini
1258 1879 1298 1906 tui
1325 1879 1359 1905 ".
1373 1888 1383 1904 ›
1414 1878 1468 1914 lpsi
1484 1879 1570 1915 gloria
1585 1880 1614 1907 in
1644 1879 1757 1908 saecula.

116 1930 227 1959 Amen.

427 1997 536 2024 ΛΟΓΟΣ
560 1996 621 2024 ΛΖ’.

234 2053 306 2088 Περὶ
323 2053 376 2081 τοῦ
390 2052 433 2088 μὴ
444 2052 549 2087 ἐρίζειν
559 2052 635 2087 μετὰ
647 2052 811 2080 δυνάστου.

157 2153 236 2180 ’Υπὸ
252 2152 303 2188 τῆς
316 2152 393 2184 θείας
405 2152 518 2188 Γραφῆς
533 2152 720 2187 παιδευόμεθα
732 2152 772 2180 ὃτι
786 2153 919 2188 ἀσύμφω-

110 2209 160 2228 νον
174 2201 250 2235 ήμῖν
264 2200 339 2225 ἐστιν
355 2199 425 2234 μετὰ
440 2199 571 2226 δυνάστου
587 2198 698 2233 ἐρίζειν.
708 2199 744 2225 Οὐ
759 2199 814 2234 γὰρ
830 2199 918 2226 ἱκανοί

109 2247 205 2281 ἐσμεν
230 2244 362 2280 κριθῆναι
392 2245 461 2279 μετὰ
489 2244 790 2279 ἀσυγκρίτου.Ὧσπερ
809 2244 864 2280 γὰρ
893 2245 917 2271 οί

108 2292 220 2320 τέλειοι
243 2290 335 2325 ἰχθύες
348 2290 554 2325 ἐφεδρεύοντες,
565 2290 736 2324 κατάὸρωμα
751 2289 840 2316 αὐτῶν
853 2291 917 2322 τοὺς

106 2338 241 2372 ἥττονας
259 2334 383 2362 ποιοῦσιν
396 2335 500 2370 ἰχθύας,
509 2335 596 2366 οὕτως
610 2333 656 2360 καὶ
670 2334 694 2360 οί
711 2334 818 2361 δυνατοὶ
830 2334 916 2369 εὐμα-

1212 1993 1354 2022 HOMILIA
1375 1993 1507 2021 XXXVII.

969 2053 1098 2080 Adversus
1110 2052 1289 2088 optimates.“
1313 2051 1449 2112 pdrwfeclos
1462 2059 1515 2078 non
1531 2058 1585 2078 esse
1597 2051 1757 2079 contenden-

1343 2095 1396 2112 um.

1343 2095 1396 2112 um.

1004 2155 1110 2183 Divinis
1127 2154 1239 2182 Litteris
1255 2153 1409 2186 erudimur,
1422 2161 1456 2181 ne
1473 2161 1536 2181 cum
1554 2160 1587 2181 eo
1602 2153 1647 2188 qui
1660 2153 1754 2189 publi-

966 2208 998 2228 ca
1010 2200 1134 2235 fungitur
1147 2199 1324 2231 auctoritate,
1342 2199 1507 2226 velitaribus
1524 2199 1618 2226 verbis
1633 2203 1681 2226 aut
1697 2200 1754 2227 liti-

966 2246 1018 2274 bus
1049 2244 1250 2273 conﬂictemur.
1283 2243 1426 2280 Ejusmodi
1465 2244 1540 2271 enim
1580 2245 1754 2272 contentiosa

965 2292 1090 2319 velitatio
1113 2299 1175 2319 cum
1199 2294 1315 2325 potente
1340 2290 1471 2325 quopiam
1489 2290 1558 2317 adeo
1577 2290 1649 2317 nihil
1673 2290 1754 2317 all'ert

966 2335 1115 2369 commodi,
1128 2340 1159 2363 ut
1169 2334 1356 2362 incommodet
1369 2335 1528 2370 plurimum.
1543 2334 1672 2365 lnidonei
1679 2335 1754 2363 enim

110 2382 173 2418 ρῶς
192 2381 308 2416 ἔχουσιν
328 2380 376 2406 τοῦ
391 2380 519 2415 ἀδικῆσαι
546 2380 610 2411 τοὺς
624 2379 782 2412 ἀδυνάτους.
795 2380 917 2415 Κέκτην-

971 2389 1020 2408 nos
1049 2388 1101 2408 nec
1125 2380 1292 2408 subicientes
1308 2380 1356 2415 qui
1377 2388 1488 2407 causam
1506 2380 1613 2416 judicio
1628 2382 1754 2415 experia-

105 2436 158 2455 ται
188 2427 222 2453 δὲ
248 2425 297 2451 καὶ
312 2425 342 2451 τὸ
356 2425 460 2459 ἀπηνὲς
488 2425 535 2451 καὶ
552 2424 703 2459 ἀνάλγητον
714 2433 721 2441 ·
734 2424 782 2451 καὶ
795 2425 912 2461 διαρπά-

106 2473 212 2506 ζοντες
225 2471 265 2497 τὰ
280 2471 334 2498 τῶν
348 2471 474 2505 πενήτων
485 2491 491 2502 ,
509 2470 671 2505 θηρεύματα
686 2469 755 2497 αὐτὰ
772 2470 913 2505 ἡγοῦνται.

104 2520 147 2546 Οὐ
161 2518 227 2553 γὰρ
241 2516 333 2543 ἴσασιν
344 2515 390 2542 τοῦ
402 2516 460 2551 βίου
471 2516 501 2542 τὸ
512 2515 619 2551 ἄδηλον.
630 2516 661 2542 El
672 2516 726 2551 γὰρ
736 2517 782 2542 καὶ
793 2516 914 2551 ᾔδεισαν,

102 2564 160 2591 οὐκ
186 2562 226 2590 ἂν
260 2561 294 2587 τὰ
322 2562 499 2596 ὑστερήματα
525 2561 580 2587 τῶν
601 2560 699 2587 ἐνδεῶν
724 2561 914 2597 προστεθήκα-

102 2618 150 2637 σιν
168 2610 216 2640 εις
234 2607 269 2634 τὸ
284 2607 375 2633 αὐτῶν
389 2607 573 2642 περίσσευμα.
593 2606 803 2642 Ἀγωνιζόμενοι
819 2607 914 2643 ὥσπερ

99 2654 270 2692 ἀκυρῶσαι
293 2653 344 2688 τὴν
361 2652 472 2688 ἐντολὴν
486 2652 533 2679 τοῦ
560 2653 724 2679 Ἀποστόλου
749 2654 911 2688 φάσκοντος,

99 2702 143 2728 Τὸ
177 2709 188 2725 ί
221 2698 306 2733 ὑμῶν
348 2697 522 2733 περίσσευμα
554 2699 594 2730 είς
626 2698 656 2724 τὸ
683 2698 827 2734 ὑστέρημα
859 2699 914 2726 τῶν

98 2744 250 2781 πτωχῶν.
275 2751 285 2768 ι
303 2743 403 2774 Καλῶς
431 2743 496 2778 γοῦν
525 2744 541 2779 ἡ
572 2743 633 2770 θεία
665 2743 761 2779 Γραφὴ
785 2746 915 2778 παραινεί

95 2793 174 2827 ἡμῖν
192 2787 390 2824 φυλάττεσθαι
409 2787 463 2814 ἀπὸ
479 2788 532 2815 τῶν
556 2788 686 2815 τοιούτων
700 2797 706 2804 ·
724 2789 807 2824 φησὶν
832 2789 886 2825 γάρ
905 2798 911 2804 ”

98 2849 109 2864 ι
131 2837 185 2872 Μὴ
213 2834 402 2869 παρεκτείνου
427 2834 511 2869 πένης
535 2834 572 2862 ὢν
594 2835 732 2862 πλουσίου.
754 2845 763 2861 ι
783 2835 913 2868 Πλούσιος

151 2937 179 2954 ’⁸
199 2936 291 2963 Prov.
305 2941 360 2964 xxx.
376 2934 421 2962 25.

91 2974 118 2991 δε
138 2974 234 3001 Rom.
258 2975 308 3002 xu,
325 2968 367 2996 ll.
425 2969 447 2985 ⁸³
463 2969 533 2996 Psal.
553 2976 642 3002 cum,
660 2969 684 2995 ι.

459 2934 482 2949 ’⁷
501 2934 582 2961 Prov.
601 2942 637 2966 vi,
653 2934 679 2961 6.
720 2933 742 2949 “
761 2933 828 2963 ibid.
842 2934 870 2966 9,
889 2934 931 2961 ll.
969 2935 991 2950 ”
1008 2935 1111 2962 Jerem.
1132 2944 1169 2963 Ill.
1186 2935 1230 2962 25.

742 2969 764 2984 ³⁸
777 2969 873 2996 Matth.
894 2977 953 3001 xxv,
979 2969 1023 2996 26.

966 2435 1029 2454 mur
1049 2434 1115 2454 cum
1128 2426 1385 2461 incomparabiliter
1406 2426 1487 2454 nobis
1506 2426 1702 2454 eminentiorc.
1718 2427 1753 2455 Ut

964 2474 1037 2501 enim
1065 2473 1156 2508 pisces
1182 2473 1229 2508 qui
1252 2474 1308 2508 jam
1337 2472 1519 2500 adoleverunt
1538 2472 1612 2508 jusla
1628 2473 1753 2507 corporis

964 2519 1171 2554 magnitudine.
1187 2527 1222 2546 ex
1249 2518 1359 2546 insidiis
1383 2518 1529 2546 imminent
1553 2517 1676 2545 nondum
1703 2526 1753 2553 per

963 2569 1070 2591 aetatem
1100 2563 1212 2594 adultis,
1228 2570 1283 2598 quo
1310 2563 1374 2590 illos
1393 2567 1490 2598 parent
1516 2563 1544 2590 in
1563 2570 1641 2590 suam
1657 2563 1753 2590 alimo-

963 2609 1037 2636 niam
1056 2618 1063 2636 :
1078 2609 1116 2636 ita
1129 2614 1156 2637 et
1170 2609 1214 2637 isti
1232 2609 1367 2644 primores
1380 2617 1413 2636 ac
1422 2609 1599 2644 magistratus
1611 2609 1687 2636 nullo
1702 2617 1752 2637 suo

963 2656 1074 2690 negotio
1099 2655 1194 2690 injurii
1220 2659 1285 2682 sunt
1318 2655 1346 2682 in
1373 2655 1500 2683 imbelles
1518 2659 1546 2682 et
1564 2655 1750 2689 opprimunt:

962 2701 1010 2736 qui
1024 2701 1046 2728 si
1062 2701 1129 2736 quid
1142 2701 1328 2733 obtinuerint,
1344 2700 1474 2728 indemne
1491 2701 1545 2728 illis
1567 2700 1645 2728 dedit
1658 2705 1687 2728 et
1702 2701 1752 2727 im-

962 2754 1052 2781 pune,
1078 2754 1168 2781 neque
1193 2747 1259 2774 hinc
1289 2747 1441 2782 quidquam
1474 2747 1600 2775 sentiunt
1623 2745 1749 2776 doloris,

962 2792 1032 2819 adeo
1049 2795 1079 2818 ut
1094 2799 1157 2819 cum
1174 2796 1254 2827 rapto
1271 2792 1382 2826 vivant,
1400 2792 1524 2828 rapinam
1543 2799 1557 2818 a
1579 2791 1750 2826 pauperibus

962 2837 988 2864 vi
1013 2841 1167 2870 extortam,
1188 2845 1266 2864 suam
1280 2837 1414 2873 deputent
1441 2837 1616 2864 venationem
1634 2845 1640 2863 :
1659 2843 1750 2871 neque

1600 2934 1620 2950 ³⁸
1637 2934 1703 2962 ibid.
1719 2936 1746 2965 Ξ.

1561 2969 1582 2986 ³⁷
1611 2970 1678 2997 ibid.
1700 2972 1746 2999 τι.

1290 2936 1313 2951 ³¹⁵
1330 2935 1416 2963 Eccli.
1435 2941 1498 2965 xxn,
1516 2935 1541 2962 l.

1080 2970 1101 2985 ³⁵
1119 2970 1187 2997 ibid.
1222 2970 1266 2997 28.
1324 2971 1345 2986 "
1362 2970 1428 2998 ibid.
1465 2970 1507 2997 50.
