1986 3271
207 245 210 248 ’
240 268 307 301 test

870 270 1052 302 ANTIOCHI
1077 270 1249 300 MONACHI

1803 270 1870 304 13-52

237 325 313 352 enim
342 331 435 351 secum
458 329 588 360 reputare
614 330 720 353 norunt
732 347 739 358 ,
752 326 810 353 vita
827 325 886 353 haec
901 333 984 361 quam
997 325 1028 352 sil

1084 324 1138 359 γὰρ
1160 323 1301 359 ἠδίκησεν,
1316 325 1364 351 καὶ
1379 325 1458 357 αὐτὸς
1483 325 1757 361 προσενεσριμήσατο
1773 335 1780 343 ·
1799 337 1870 354 πτω-

239 371 353 396 tttccrta.
372 369 472 404 Utique
485 370 507 397 si
521 375 645 403 nossent.
663 379 805 406 nunquam
818 378 1030 406 supervacanem

238 417 349 444 istisuae
360 415 446 451 copiae
461 415 571 443 fuerant
582 417 718 452 adjecturi
731 417 888 453 indigorom
903 417 1030 451 inopum-

239 470 271 489 γε
290 462 447 497 penuriam.
465 462 497 490 In
514 462 567 490 hoc
581 462 674 490 studia
691 463 782 490 locant
797 471 862 497 sua,
875 468 907 490 ut
920 467 1031 498 aposto—

238 507 292 534 lico
305 507 345 534 illi
363 507 495 535 mandato
514 508 710 536 auctoritatem
728 508 876 535 detrahant
891 513 920 535 et
945 508 1030 535 abro—

238 557 327 588 gent:
352 562 361 578 ι
384 553 480 581 Vestra
505 554 675 581 abundantia
705 562 859 589 pauperum
903 554 1030 589 suppleat

240 601 332 636 inopia
346 601 379 628 ³⁸.
402 610 412 627 t
427 601 512 629 Recte
528 601 612 637 igitur
629 601 724 628 divina
736 609 788 628 ttos
806 601 937 628 admonet
960 600 1031 627 Scri-

240 651 332 681 ptura,
345 646 461 673 istorum
474 654 652 682 congressum
665 647 824 682 utvitemus
838 655 844 673 :
858 646 925 674 dicit
936 647 1010 673 enim
1022 655 1028 672 :

242 702 250 718 ι
270 693 310 720 Ne
332 696 358 720 te
378 692 517 720 extendas
542 701 629 728 usque
647 693 681 720 ad
699 693 824 725 divitem,
841 700 947 727 pauper
966 701 1029 720 eum

239 739 278 765 sis
299 738 332 764 ".
351 747 358 762 ι
379 738 461 765 Dives
478 738 564 770 enim,
591 739 749 773 quempiam
767 739 790 766 si
806 739 908 774 injuria
923 737 1028 770 aﬂ‘ccit,

240 785 434 812 intermittatur
449 793 481 812 ac
498 785 606 813 lrcndet
622 785 661 812 ira
677 795 683 812 :
702 793 807 820 pauper
821 792 888 812 vero
901 785 1029 819 injuriam

239 831 261 857 si
288 831 432 862 sustinuit,
449 831 563 866 insuper
580 837 608 859 et
631 832 715 859 minis
739 832 909 858 deterretur.
930 839 938 856 ι
958 830 1029 864 Quid

239 877 324 909 enim,
353 878 391 904 ait
409 877 566 912 Scriptura,
585 878 806 905 communicabit
825 878 880 904 olla
899 877 933 904 rd
948 884 1029 906 caca-

1081 369 1126 404 χὺς
1140 369 1279 405 ⁴ῖχδὶκηται,
1301 371 1349 397 καὶ
1375 371 1456 403 αὐτὸς
1486 372 1787 408 προσαπειληθήσεται.
1806 384 1816 400 ι
1839 375 1871 401 ΤΞ

1081 414 1136 450 γὰρ
1157 417 1317 450 κοινωνήσει
1329 435 1337 449 ,
1356 417 1450 451 φησὶν,
1468 417 1556 453 χύτρα
1571 418 1641 453 πρὸς
1654 418 1775 455 λέϐητα;
1796 421 1873 456 Αὐτὴ

1081 461 1274 496 προσκρούσει,
1292 462 1340 489 καὶ
1353 462 1422 497 αὐτὴ
1438 464 1660 499 συντριϐήσεται.
1675 474 1685 491 ο
1698 465 1767 500 Φησὶ
1781 467 1810 492 δὲ
1825 468 1873 494 καὶ

1081 508 1094 533 ὁ
1111 507 1333 543 Παροιμιαστῆς*
1354 518 1362 534 ί
1378 509 1423 544 Μὴ
1442 510 1624 545 παρεκτείνου
1640 510 1726 546 πένης
1739 511 1778 537 ὣν
1791 511 1874 538 πλου-

1081 553 1142 587 σίῳ,
1159 554 1207 579 καὶ
1229 553 1267 588 μὴ
1291 553 1385 589 φάγῃς
1410 554 1457 581 τὸν
1489 554 1584 590 ψωμόν
1608 564 1656 582 σου
1687 556 1746 590 μετ’
1775 557 1871 583 αὐτοῦ’

1081 599 1206 634 ὲξεμέσει
1231 600 1286 635 γὰρ
1313 600 1405 632 αὐτὸν,
1422 601 1469 627 καὶ
1493 600 1611 636 λυμανεῐ
1631 602 1694 633 τοὺς
1708 602 1807 636 λόγους
1825 612 1873 630 σου

1079 646 1144 676 τοὺς
1168 645 1280 677 καλούς.
1298 655 1307 672 t
1327 646 1381 672 Καὶ
1394 646 1409 672 6
1430 647 1574 682 προφήτης
1595 647 1687 683 Ἀμὼς
1701 649 1766 684 περὶ
1780 649 1873 675 αὐτῶν

1081 699 1164 725 φησιν
1174 700 1181 706 ⁸
1197 701 1206 717 ‹
1225 691 1410 724 Ἐκονδύλιζον
1423 693 1462 724 εις
1473 693 1595 727 κεφαλὰς
1609 693 1736 728 πτωχῶν,
1751 694 1800 720 καὶ
1814 694 1874 721 ὁδὸν

1081 737 1217 764 ταπεινῶν
1237 737 1386 770 ἐξέκλιναν,
1396 736 1467 764 οἶνον
1483 740 1515 765 ὲκ
1533 739 1722 773 συκοφαντιῶν
1737 739 1845 766 ἔπινον·
1859 749 1870 765 ι

1079 784 1134 811 ὸδὲ
1154 785 1235 816 καλὸς
1260 785 1410 820 είσηγητὴς
1440 786 1602 817 ’Λπόστολος
1622 786 1778 821 Κορινθίοις
1802 786 1872 821 γρά-

1081 838 1139 864 φων
1162 830 1255 863 Ελεγεν
1266 839 1273 846 π
1288 839 1298 855 ‹
1319 830 1369 856 Διὰ
1384 831 1409 856 τί
1425 830 1454 856 οὐ
1471 830 1571 864 μᾶλλον
1586 831 1784 865 ἀποστερεῖσθε
1801 839 1808 863 ς
1823 831 1872 857 Διὰ

1080 876 1106 902 τί
1126 876 1227 910 μᾶλλον
1251 875 1313 910 οὐχὶ
1336 876 1490 908 ἀδικεῖσοε;
1507 876 1565 902 ἀλλ’
1580 877 1660 911 ὑμεῖς
1675 877 1807 908 ἀδικεῖτε,
1824 878 1872 903 καὶ

240 923 324 950 ltum?
335 923 393 958 Ipsa
405 923 500 958 utique
515 923 622 958 1038
632 923 775 958 impinget,
786 928 813 950 et
824 923 921 950 eadem
936 927 1028 950 conte-

1081 922 1259 956 ἀποστερεῖτε
1273 943 1280 955 ,
1300 922 1347 949 καὶ
1378 921 1468 954 τοῦτο,
1491 922 1622 956 ἀδελφούς
1635 930 1642 937 ·
1660 931 1669 948 t
1688 923 1736 948 καὶ
1749 923 1849 956 ἐπάγει
1862 929 1870 937 '

241 970 372 996 τοιονδί.»
385 969 417 996 Et
430 979 436 995 :
449 978 457 994 ι
472 969 510 996 Ne
522 970 677 996 comederis
686 977 748 996 cum
761 977 794 997 eo
807 969 919 997 oﬂ‘ulam
932 973 1006 996 tuam
1021 977 1028 995 :

1084 978 1093 994 ι
1113 969 1203 1000 "Oho;
1230 969 1340 1003 ἥττημα
1364 968 1428 1002 ὑμῖν
1448 970 1531 1000 ἐστιν,
1547 969 1588 994 ὅτι
1603 969 1691 1002 κρῖμα
1715 969 1791 1003 ἔχετε
1810 968 1872 994 καθ’

238 1019 348 1042 evomct
371 1015 446 1041 enim
475 1014 560 1046 illant,
576 1019 604 1042 et
633 1015 776 1050 disperdet
801 1022 945 1043 sermones
967 1019 1028 1041 tuos

1083 1014 1197 1040 ἑαυτῶν.
1213 1014 1248 1040 Ἢ
1261 1014 1310 1040 οὑκ
1332 1013 1422 1040 οἴδατε
1444 1013 1485 1038 ὃτι
1502 1013 1588 1039 ἄδικοι
1602 1013 1742 1047 βασιλείαν
1755 1012 1826 1039 Θεοῦ
1842 1013 1873 1040 οὐ

239 1061 327 1088 bottos
336 1061 367 1087 “.
384 1070 393 1086 ›
404 1061 441 1088 De
454 1061 496 1088 his
515 1065 542 1088 el
556 1061 639 1088 Amos
652 1062 785 1096 proplteta
800 1070 806 1088 :
822 1072 831 1087 ε
849 1061 951 1096 Pugnis
967 1065 1028 1088 tun-

1083 1059 1355 1094 κληρονομήσουσινς
1379 1067 1388 1084 ι
1409 1058 1437 1084 '0
1453 1058 1481 1084 δὲ
1501 1058 1604 1093 Κύριος
1622 1058 1757 1093 περὶτῶν
1779 1059 1876 1094 Γραμ-

239 1107 341 1134 dobant
361 1107 450 1141 capita
467 1115 633 1141 pauperum,
649 1113 677 1134 et
690 1105 764 1134 viam
782 1107 930 1134 humilium
944 1106 1028 1134 decli-

1085 1106 1194 1140 ματέων
1215 1106 1262 1132 καὶ
1285 1105 1441 1140 Φαρισαίων
1457 1105 1555 1140 φησίν·
1571 1114 1580 1130 ι
1596 1106 1781 1138 Δεσμεύουσιν
1805 1113 1872 1140 φορ-

239 1158 384 1180 naverunt.
420 1153 519 1180 Vinum
549 1153 780 1180 calumniantium
816 1153 1028 1181 bibebant“.t

1080 1152 1122 1178 τία
1150 1152 1236 1187 βαρέα
1270 1151 1318 1178 καὶ
1341 1151 1546 1182 δυσϐάστακτα,
1562 1151 1610 1178 καὶ
1627 1151 1673 1177 ἐπὶ
1696 1151 1759 1182 τοὺς
1779 1150 1876 1185 ὤμους

239 1198 355 1225 Pulchre
379 1202 407 1226 et
434 1198 532 1226 doctor
556 1199 679 1234 gentium
695 1199 862 1234 Apostolus,
879 1198 1028 1226 Corinthiis

1080 1199 1132 1226 τῶν
1158 1197 1311 1234 ἀνθρώπων
1335 1198 1516 1229 ἐπιτιθέασιν,
1528 1198 1568 1232 τῷ
1587 1197 1614 1224 δὲ
1631 1197 1757 1232 δακτύλῳ
1779 1197 1875 1224 αὐτῶν

238 1244 313 1270 scrib
333 1252 383 1271 ns:
405 1254 413 1270 ι
430 1245 465 1272 Ut
479 1245 546 1279 qttid
562 1252 616 1271 non
631 1245 718 1280 magis
735 1244 860 1271 fraudem
883 1244 1028 1279 patimini?

1080 1244 1109 1270 ού
1135 1243 1258 1270 Θέλουσιν
1277 1243 1388 1279 κινῆσαι
1410 1244 1491 1270 αὐτὰ.
1514 1253 1524 1269 ι
1542 1243 1622 1278 Αὑτῷ
1642 1244 1659 1277 ὴ
1674 1243 1738 1274 δόξα
1753 1243 1793 1274 εις
1809 1243 1876 1274 τοὺς

238 1297 323 1324 quare
342 1298 395 1317 non
413 1291 501 1325 magis
517 1290 647 1325 injuriant
664 1290 810 1325 accipitis?
828 1290 877 1317 sed
894 1298 942 1317 vos
960 1290 1028 1325 inju-

1080 1290 1193 1317 αἰῶνας.
1215 1290 1316 1325 Ἀμήν.

238 1337 306 1362 riam
330 1336 420 1363 facitis
437 1340 464 1362 et
480 1335 625 1368 fraudatis,
643 1341 671 1363 et
687 1336 739 1363 hoc
758 1335 891 1363 fratribus
904 1336 937 1362 ".
956 1346 965 1361 ν
982 1335 1091 1362 inducit
1108 1344 1114 1350 -
1137 1344 1146 1360 I
1165 1334 1286 1363 Omnino
1318 1335 1423 1362 dictum
1456 1339 1499 1362 est
1514 1335 1588 1362 inter
1602 1342 1651 1362 vos
1665 1343 1672 1361 :
1687 1335 1729 1362 An
1757 1335 1877 1362 nescitis

238 1383 301 1417 quia
320 1382 409 1417 iniqui
424 1390 537 1417 regnum
553 1382 602 1409 Dei
615 1391 668 1410 non
681 1382 924 1418 possidebunt“?t
935 1382 1070 1410 Dominus
1095 1383 1162 1410 item
1199 1383 1233 1410 de
1272 1382 1378 1410 Scribis
1399 1387 1427 1410 et
1460 1383 1605 1410 Pharismis
1638 1383 1678 1410 ait
1697 1393 1703 1410 :
1721 1392 1731 1409 ι
1752 1383 1878 1418 Alligant

237 1437 322 1456 onera
348 1429 440 1465 gravia
465 1436 493 1457 et
511 1430 706 1465 importabilia,
725 1436 752 1458 et
768 1431 914 1466 imponunt
931 1433 958 1458 tn
977 1431 1108 1458 ltntneros
1123 1431 1277 1462 hominum,
1297 1430 1384 1465 digito
1397 1435 1488 1458 autem
1506 1431 1604 1458 nolunt
1624 1437 1656 1458 ea
1683 1438 1795 1458 movere
1809 1430 1844 1457 ⁸⁸.
1864 1439 1889 1455 ις

238 1475 291 1511 Ipsi
310 1476 395 1512 gloria
414 1476 441 1503 in
467 1476 567 1504 saecula
584 1476 759 1503 saeculorum.
774 1477 871 1503 Amen.

483 1543 627 1572 HOMILIA
636 1544 782 1572 XXXVIII.

503 1600 541 1627 De
572 1600 763 1627 inobedientia.

272 1655 511 1688 Quemadmodum
529 1656 612 1683 vitam
635 1656 806 1688 obedientia,
822 1656 860 1683 ita
886 1660 914 1684 et
936 1656 1031 1684 inobc-

237 1702 342 1729 dientia
370 1701 519 1728 elIicaciter
549 1707 667 1729 mortem
701 1707 845 1737 operatur.
878 1702 939 1730 Meo
965 1703 1031 1730 huic

239 1745 359 1772 sermoni
396 1746 586 1772 testimonium
607 1746 689 1774 facile
721 1747 814 1774 reddit
840 1747 924 1774 homo
942 1748 964 1774 is
981 1747 1029 1782 qui

239 1789 346 1823 primus
363 1789 409 1816 Dei
425 1797 508 1816 manu
523 1789 660 1816 formatus
672 1795 724 1817 est.
739 1791 809 1817 Dum
825 1791 901 1818 enim
919 1792 961 1818 sui
974 1791 1032 1826 opi-

240 1836 299 1863 litis
314 1836 443 1863 mandato
462 1836 547 1871 gessit
562 1844 678 1868 morem,
693 1837 856 1872 nentiquattt
878 1838 944 1872 ligni
963 1838 1030 1864 vita-

238 1882 273 1909 lis
288 1881 412 1916 privatus
428 1886 470 1908 est
482 1890 533 1909 usu
552 1886 684 1914 :~contra,
699 1891 714 1910 a
734 1883 855 1917 paradisi
870 1883 1030 1911 atnmnitate

239 1928 266 1954 in
295 1927 367 1954 ltanc
395 1927 622 1962 cmnplorationis
642 1936 674 1956 ac
699 1929 819 1956 miseria:
849 1929 948 1956 vallem
981 1937 1030 1963 per

241 1972 458 1999 inobcdicntiam
477 1973 626 2008 relegatus.
643 1982 673 2001 se
686 1981 820 2009 suamque
837 1975 1028 2009 posteritatem

239 2022 348 2044 aeternae
373 2017 479 2044 addixit
504 2018 596 2044 morti.
612 2018 727 2045 Audivit
750 2019 842 2046 enim:
862 2028 871 2045 ι
890 2019 976 2046 Terra
999 2026 1030 2046 es

239 2067 266 2090 rt
285 2063 312 2089 in
341 2068 444 2090 terram
478 2063 532 2090 ibis
545 2064 578 2091 ‘°.
601 2074 610 2089 ι
631 2064 685 2092 Sed
711 2068 739 2091 et
756 2064 844 2092 Judaei
862 2064 981 2099 profecti
995 2071 1029 2091 ex

239 2107 366 2143 Egypto,
399 2115 517 2142 quorum
545 2108 681 2136 cadavera
710 2109 738 2136 in
767 2117 861 2137 eremo
890 2114 1029 2144 prostrata

240 2159 315 2185 sunt,
327 2162 344 2179 γε
366 2149 424 2181 Non
438 2154 622 2181 exaudierunt
638 2162 734 2182 vocem
750 2155 869 2187 Domini,
884 2159 912 2182 et
928 2155 955 2182 in
970 2155 1028 2190 lege

239 2201 299 2235 ejus
327 2199 476 2227 noluerunt
504 2200 649 2228 ambulare
664 2202 697 2228 ".
716 2211 725 2227 ι
745 2201 792 2228 Dei
805 2201 879 2228 enim
900 2202 1029 2228 mandato

237 2246 408 2281 jubebantur
433 2248 534 2282 singuli
552 2248 656 2282 quique
674 2255 729 2274 uno
744 2255 854 2282 quoque
869 2247 913 2274 die
927 2254 1027 2273 tnanna

240 2299 269 2320 ιιι
301 2289 492 2326 vescerentur,
509 2301 559 2321 nec
573 2294 724 2328 quidquam
739 2301 772 2321 cx
788 2301 822 2320 eo
838 2293 1028 2327 relinquerent

239 2339 265 2365 in
281 2339 442 2366 erastinunt.
457 2339 581 2374 Cumque
596 2340 711 2366 istorum
728 2338 854 2365 nonnulli
870 2338 897 2364 in
910 2338 1026 2364 alterum

1375 1543 1485 1570 ΛΟΓΟΣ
1510 1541 1575 1570 All'.

1345 1599 1413 1632 Περὶ
1436 1606 1554 1632 παρακο
1559 1596 1606 1632 ἦς.

1116 1656 1224 1690 Ὥσπερ
1245 1656 1262 1691 ἠ
1279 1655 1388 1689 ὑπακοὴ
1407 1654 1480 1689 ζωὴν
1496 1653 1708 1689 κατεργάζεται,
1721 1654 1810 1686 οὕτως
1826 1656 1877 1682 καὶ

1081 1702 1098 1738 ὴ
1116 1701 1241 1737 παρακοὴ
1275 1700 1400 1728 θάνατον.
1413 1700 1469 1726 Καὶ
1496 1701 1630 1735 μαρτυρεῖ
1653 1708 1699 1734 μοι
1713 1700 1753 1735 τῷ
1776 1700 1877 1735 λόγῳΰ

1081 1746 1191 1783 πρῶτος
1216 1746 1286 1781 χειρὶ
1305 1745 1373 1772 Θεοῦ
1400 1745 1530 1777 πλασθεὶς
1545 1745 1700 1781 ἄνθρωπος.
1716 1746 1747 1772 Et
1762 1745 1819 1781 γὰρ
1837 1747 1876 1781 μὴ

1082 1793 1256 1828 παρήκουσεν
1282 1791 1332 1826 τῆς
1363 1791 1474 1825 ἐντολῆς
1498 1791 1545 1818 τοῦ
1563 1791 1749 1827 Δημιοὺργοῦ,
1766 1792 1818 1818 οὒκ
1841 1791 1876 1818 ἃν

1083 1838 1132 1872 μὲν
1158 1838 1298 1871 ὑστερεῇο
1320 1835 1367 1862 τοῦ
1399 1835 1479 1868 ξύλου
1504 1836 1552 1870 τῆς
1573 1836 1646 1870 ζωῆς
1663 1843 1670 1851 ·
1691 1836 1831 1870 ἐξόριστος
1846 1836 1875 1862 δὲ

1080 1882 1128 1909 τοῦ
1161 1882 1326 1917 παραδείσου
1358 1881 1513 1916 γενόμενος,
1541 1881 1656 1908 θάνατον
1686 1881 1874 1918 κατεδικάσθη

1079 1928 1163 1959 αὐτὸς
1179 1928 1228 1954 καὶ
1241 1928 1265 1953 οἱ
1281 1928 1328 1954 ἀπ’
1342 1927 1425 1953 αὑτοῦ
1456 1927 1503 1953 τὸν
1525 1926 1645 1959 αἰώνιον,
1662 1927 1793 1958 ἀκούσας·
1808 1937 1820 1952 ε
1835 1927 1874 1963 Γῆ

1081 1974 1108 2002 εἶ
1126 1975 1172 2001 καὶ
1190 1975 1230 2006 είς
1245 1974 1298 2008 γῆν
1309 1973 1467 2002 ἁπελεύσει.
1483 1983 1492 1999 t
1515 1972 1633 2008 Ὁμοίως
1647 1973 1695 1999 καὶ
1710 1974 1735 1999 οὶ
1750 1973 1875 2006 ἐξελθόν-

1079 2029 1126 2052 τες
1144 2020 1174 2052 ἐξ
1191 2020 1341 2054 Αἰγύπτου,
1354 2016 1392 2046 ὧν
1412 2019 1448 2046 τὰ
1469 2019 1544 2045 κῶλα
1560 2018 1657 2046 ἔπεσεν
1673 2020 1701 2045 ὲν
1715 2020 1748 2054 τῇ
1764 2020 1873 2054 ἐρήμῳ,

1083 2076 1092 2093 ι
1108 2067 1165 2093 οὐκ
1182 2067 1346 2100 είσήκουσαν
1360 2066 1409 2100 τῆς
1426 2066 1517 2100 φωνῆς
1532 2064 1580 2092 τοῦ
1595 2065 1710 2101 Κυρίου,
1726 2067 1774 2092 καὶ
1789 2066 1818 2092 ὲν
1833 2066 1875 2101 τῷ

1079 2113 1155 2147 νόμῳ
1175 2111 1259 2138 αὑτοῦ
1289 2112 1341 2138 οὐκ
1363 2111 1557 2146 ἠϐουλήθησαν
1574 2111 1751 2146 πορεύεσθαι.
1772 2120 1782 2137 ι
1799 2112 1875 2146 Παρ-

1079 2158 1205 2193 ήγγειλεν
1226 2157 1280 2192 γὰρ
1305 2157 1398 2189 αὐτοῖς
1425 2158 1440 2184 ό
1468 2157 1534 2189 Θεὸς
1556 2157 1712 2192 αόθήμερον
1732 2157 1763 2183 τδ
1783 2158 1875 2192 μάννα

1079 2204 1180 2231 ἐσθίειν
1191 2224 1198 2237 ,
1215 2203 1262 2230 καὶ
1277 2203 1314 2239 μὴ
1329 2204 1546 2238 καταλιμπάνειν
1569 2205 1610 2235 εις
1622 2204 1672 2238 τὴν
1687 2203 1783 2238 αΰριον
1798 2212 1805 2219 ·
1825 2206 1875 2230 καὶ

1079 2247 1323 2282 παρακουσάντων,
1338 2248 1383 2274 καὶ
1399 2248 1621 2282 καταλείψαντων
1637 2248 1690 2280 ἓως
1711 2247 1784 2284 πρωῒ
1795 2268 1802 2280 ,
1829 2248 1876 2281 ἐξ·

1079 2293 1194 2328 ήνεγκεν
1208 2292 1366 2327 σκώληκας,
1380 2293 1427 2319 καὶ
1436 2293 1567 2325 ἐπόξεσεν
1576 2301 1583 2308 '
1600 2294 1646 2320 καὶ
1656 2293 1751 2328 ὥσπερ
1761 2295 1800 2325 είς
1812 2295 1876 2320 ἀτι-

1080 2339 1146 2374 μίαν
1173 2338 1220 2365 καὶ
1245 2338 1348 2370 ὄνειδος
1371 2338 1511 2374 ἐχώρησεν
1531 2340 1588 2370 τοῖς
1601 2339 1822 2374 παρακούσασιν.
1842 2341 1876 2366 Ὤ

237 2384 391 2411 diluculum
401 2384 454 2411 sibi
462 2385 663 2419 seposuissent,
676 2392 726 2419 pro
736 2391 836 2411 manna
849 2387 1026 2418 reportarunt

1080 2384 1129 2419 τῆς
1153 2385 1306 2419 παρακοῆς,
1323 2383 1369 2410 καὶ
1393 2384 1459 2410 αὐτὸ
1488 2384 1518 2410 τὸ
1543 2384 1631 2419 μάννα
1651 2384 1803 2418 σκωλήκων
1826 2387 1877 2411 καὶ

239 2437 357 2461 vermes.
376 2429 450 2464 iique
466 2430 493 2456 itt
509 2430 703 2464 putrilaginem
718 2433 782 2456 sunt
795 2429 867 2456 versi
887 2437 893 2456 :
911 2428 938 2456 id
953 2428 1026 2463 quod

238 2475 265 2502 in
285 2475 463 2509 ignominiam
483 2479 566 2509 atque
582 2474 705 2502 dedecus
722 2475 839 2501 istorum
856 2475 942 2502 cessit
956 2474 1028 2502 male

239 2520 460 2555 tuorigcrorum:
479 2520 597 2555 perinde
627 2524 711 2555 atque
739 2520 848 2548 diceres
867 2529 874 2547 :
893 2520 957 2547 Sola
986 2525 1029 2548 est

237 2565 425 2592 inobedientia
449 2570 547 2593 auctor
561 2574 668 2593 manna:
685 2566 713 2593 in
729 2573 842 2593 vermes
858 2566 1028 2601 degeneran-

238 2611 283 2642 tis.
300 2615 327 2637 et
342 2610 436 2637 odoris
447 2611 527 2638 istius
539 2610 658 2645 graviter
673 2610 804 2645 spirantis
821 2619 827 2637 :
843 2610 922 2645 prius
938 2610 1024 2642 enim,

238 2657 307 2684 niltil
341 2657 406 2684 dum
433 2657 486 2684 tale
511 2657 661 2692 contigisse
686 2657 878 2691 conspicitur:
902 2656 942 2683 0b
971 2656 1025 2683 hoc

237 2703 310 2730 enim
334 2703 412 2738 juxta
436 2703 540 2738 regium
560 2703 681 2735 Psalten,
696 2703 936 2729 nomettclaturam
959 2710 1026 2737 pro-

237 2753 338 2777 merun
355 2749 485 2784 angelicae
494 2748 633 2776 a1imoni:e
647 2757 654 2774 :
676 2756 688 2773 ί
712 2748 813 2775 Panem
825 2747 900 2774 enim
912 2747 1025 2782 angelo-

238 2804 299 2822 rum
327 2794 504 2822 manducavit
530 2794 612 2821 homo
627 2794 660 2820 “.
683 2804 692 2820 ι
724 2794 786 2820 Filii
819 2793 936 2829 proinde
953 2793 1025 2825 Heli,

236 2841 327 2876 Uplttti
343 2845 370 2868 et
385 2840 515 2872 Phinces,
527 2839 601 2875 quod
619 2840 705 2874 patris
724 2839 767 2867 sui
783 2847 878 2867 vocent
890 2839 1025 2866 exaudire

271 2931 292 2944 "‘
312 2931 329 2956 ll
345 2931 409 2957 (Tur.
426 2939 483 2961 vm,
514 2931 557 2958 Η.
597 2931 618 2947 ³⁹
639 2931 722 2959 Ereti.
740 2939 799 2963 xm,
826 2931 854 2957 ἓ.
893 2930 916 2946 ‘°
931 2929 997 2957 ibid.
1016 2930 1044 2957 3.
1083 2929 1102 2945 "
1120 2929 1187 2957 ibid.
1217 2930 1244 2959 6.
1284 2930 1306 2946 "
1324 2930 1407 2957 Amos
1422 2937 1459 2961 It,
1486 2929 1543 2957 6-8.

1077 2430 1210 2462 δυσωδίας
1227 2430 1314 2456 αἴτιον
1327 2429 1451 2463 γέγονεν.
1468 2429 1597 2456 Φαίνεται
1624 2430 1678 2465 γὰρ
1702 2430 1756 2464 πρὸ
1774 2430 1875 2456 τούτου

1078 2475 1163 2511 μηδὲν
1181 2475 1305 2502 τοιοῦτον
1331 2475 1518 2510 γεγενημένον
1530 2483 1537 2489 ·
1551 2475 1595 2501 διὰ
1616 2475 1648 2502 τὸ
1673 2475 1791 2510 μάλιστα
1808 2484 1876 2510 τρο-

1078 2522 1131 2557 φὴν
1147 2522 1272 2556 ἀγγέλων
1293 2521 1530 2556 κεχρηματικέναι
1543 2528 1549 2535 ·
1567 2520 1605 2552 ὥς
1629 2530 1712 2556 φησιν
1726 2522 1741 2547 ὸ
1757 2522 1877 2557 Προφή-

1077 2575 1127 2602 της
1140 2575 1147 2582 ·
1166 2575 1176 2592 ι
1199 2567 1301 2602 Ἄρτον
1315 2567 1441 2600 ἀγγέλων
1458 2566 1560 2600 ἔφαγεν
1573 2567 1730 2602 ἄνθρωπος.
1749 2576 1758 2592 ι
1780 2567 1836 2593 Καὶ
1850 2568 1876 2594 οι

1078 2612 1133 2638 υἱοὶ
1152 2612 1223 2645 Ἠλὶ,
1246 2613 1334 2645 Ὀφνὶ,
1347 2612 1450 2644 Φινεὲς,
1466 2612 1516 2638 οὐκ
1533 2613 1698 2647 είαήκουσαν
1713 2611 1763 2646 τῆς
1779 2612 1877 2646 φωνῆς

1077 2657 1124 2685 τοῦ
1139 2657 1241 2692 πατρὸς
1257 2657 1349 2684 αὐτῶν
1361 2665 1368 2672 ⁸
1387 2658 1434 2684 καὶ
1450 2657 1495 2684 διὰ
1510 2657 1590 2684 τοῦτο
1606 2659 1620 2684 6
1640 2656 1755 2693 Κύριος,
1772 2658 1877 2690 αὐτοὺς

1076 2703 1137 2739 μὲν,
1149 2703 1196 2731 καὶ
1212 2703 1275 2734 τοὺς
1291 2702 1366 2734 υίοὺς
1385 2702 1444 2729 Ἠλὶ
1461 2704 1490 2729 ὲν
1505 2703 1629 2738 ῥομφαίᾳ
1646 2703 1790 2729 ἀπώλεσεν
1801 2724 1808 2734 ,
1823 2703 1878 2738 τὴν

1074 2749 1100 2776 δὶ
1119 2749 1235 2776 κιϐωτὸν
1258 2749 1299 2780 εἰς
1322 2750 1419 2784 χεῖρας
1443 2748 1498 2774 τῶν
1514 2748 1675 2783 ἀλλοφύλων
1698 2749 1875 2784 παρέδωκεν.

1076 2793 1181 2828 Ὠσπερ
1207 2793 1254 2820 καὶ
1279 2794 1321 2827 ἐφ’
1337 2795 1404 2828 ἡμῖν
1421 2793 1468 2820 νῦν
1484 2793 1615 2828 γέγονεν·
1632 2793 1678 2821 τὸν
1697 2794 1746 2829 μὲν
1767 2794 1835 2821 λαὸν
1849 2797 1876 2822 οἱ

1077 2838 1204 2864 Χαλδαῖοι
1216 2837 1382 2865 ἀπέκτειναν
1395 2839 1424 2864 ὲν
1440 2839 1573 2874 ῥομφαίᾳ,
1583 2839 1613 2865 ὲν
1629 2839 1704 2874 μέσῳ
1717 2839 1766 2866 καὶ
1779 2839 1879 2877 κύκλῳ

1582 2930 1615 2964 ,⁸³
1631 2929 1715 2957 lCor.
1741 2938 1780 2957 vt.
1805 2930 1868 2959 τε.

234 2956 258 2980 ⁸⁸
272 2965 328 2992 ibid
358 2968 385 2993 ε).
403 2956 408 2957 ⁷
425 2956 558 2993 “dial-th.
576 2956 892 2999 xtltt,V‘tv."Vi-Gbn:tll,
912 2956 965 2993 19.7
996 2964 1019 2980 ⁸⁷

1080 2965 1104 2992 λι.
1123 2956 1294 3000 tut-"fio.
1326 2956 1358 2981 ⁷η
1375 2956 1442 2993 ibid.
1453 2956 1502 2992 '25.
