1986 3264
149 233 218 267 155:1

576 242 740 272 HOMlLfA
758 242 968 274 XXXVIII.—
988 244 1036 274 DE
1058 244 1344 274 INOBEDlENTl.\.

1717 243 1785 273 μοι

150 293 332 328 Ἰερουσαλήμ.
344 301 351 308 ·
371 295 418 320 καὶ
433 295 483 321 οὐκ
497 293 531 329 ἦν
547 297 561 322 ὁ
578 296 699 323 θάπτων.
713 298 764 324 Τὸν
777 298 804 324 δὲ
822 298 938 333 σταυρὸν

993 300 1143 331 noluerut,
1166 307 1220 326 una
1245 308 1306 327 cum
1333 300 1397 327 filiis
1430 300 1513 327 Israel
1548 299 1575 326 in
1616 300 1674 327 acie
1703 301 1786 335 gladii

144 340 174 365 ἐν
200 339 357 374 Ἀσσυρίοις
379 340 529 375 ἀπῴκισεν.
551 342 691 374 Ὡσαύτως
717 344 763 370 καὶ
792 345 806 370 ὁ
831 344 939 375 Σαοὺλ,

145 385 405 421 παραλογισάμενος
420 387 470 426 τήν
483 388 592 424 ἐντολὴν
609 389 656 415 τοῦ
670 389 749 422 Θεοῦ,
768 389 938 425 ὲματαιώθη,

145 433 192 458 καὶ
207 433 255 465 τῆς
275 432 413 467 βασιλείας
439 434 580 466 ἐξέπεσεν,
596 436 642 472 καὶ
662 436 799 462 οἴκτιστον
825 436 941 463 θάνατον

145 479 334 512 ἀπενέγκατο·
349 480 396 506 καὶ
409 480 494 507 πολλὰ
511 481 617 507 πενθῶν
632 483 695 517 περὶ
712 481 796 509 αὑτοῦ
808 483 822 508 6
832 483 940 518 προφή-

144 534 195 560 της
208 526 336 560 Σαμουὴλ
347 545 354 556 .
367 527 414 552 tu".
432 527 477 552 τὸν
490 527 557 553 θεὸν
573 528 754 563 παρακαλῶν,
765 528 842 555 οὐδὲν
859 528 940 555 αὑτὸν

140 572 262 608 ὤνησεν,
275 572 332 598 ἀλλ’
350 572 465 608 ὓστερον
483 573 601 609 ἤκουσεν
632 575 708 610 παρὰ
724 575 773 601 τοῦ
788 576 939 610 προφήτου·

148 628 157 644 4
178 619 279 653 ’Λγαθὴ
299 619 407 654 ὑπακοὴ
431 619 501 654 ὑπὲρ
523 620 631 651 θυσίαν⁹
650 621 696 647 καὶ
710 621 843 655 ἀκρόασις
871 622 941 657 ὑπὲρ

146 665 230 700 στέαρ
244 664 339 700 κριῶν.
359 673 368 691 ι
388 665 484 692 Ταῦτα
502 666 551 700 μὲν
567 667 595 692 ὲν
614 668 646 701 τῇ
665 667 725 700 θείᾳ
738 667 845 702 Γραφῇ.
865 666 942 693 Ἐπεὶ

145 711 195 736 καὶ
212 710 327 745 ἀδήκοος
345 710 482 746 μαθητὴς,
499 712 595 747 ὥσπερ
613 712 693 745 ξύλον
708 712 939 748 διεστραμμένον,

146 756 192 782 καὶ
202 755 232 782 οὐ
251 755 288 791 μὴ
300 756 418 792 ὀρθωθῇ,
429 757 607 792 ἐλεγχόμενος
618 758 748 793 συνεχῶς.
764 758 817 784 Καὶ
829 759 843 784 6
852 757 941 792 ἀσύμ-

145 811 234 836 φωνος
246 803 370 836 ἀδελφὸς,
386 803 424 834 ὡς
437 804 582 839 ἀπηχοῦσα
597 803 668 841 αὖρα
681 805 794 839 ἀνέμου,
807 807 840 841 τῇ
854 805 942 839 ἀσυμ-

146 848 235 883 φωνία
248 849 366 884 λυομένη
382 849 429 876 τοῦ
445 851 539 876 καινοῦ
556 850 664 884 μέλους,
677 852 723 878 καὶ
739 851 862 887 ὥσπερὴ
879 851 941 885 σερί-

145 902 181 927 κη
209 894 273 925 τοὺς
304 894 402 926 πόνους
421 895 476 922 τῶν
507 896 644 931 μελισσῶν
667 897 770 930 ἐσθίει,
787 897 874 929 οὕτως
894 897 941 924 καὶ

147 939 269 974 ῥᾴθυμος
291 940 420 974 ἀδελφὸς,
441 941 547 976 ἀχρειοῖ
565 943 688 974 συνοδίας
708 943 845 979 ἐναρέτων
865 943 941 978 ,πρά-

991 345 1200 376 cuncideruut.
1237 345 1355 372 Domino
1388 345 1521 375 vindice.
1553 345 1599 379 qui
1631 351 1659 372 ct
1692 353 1785 372 arcam

994 390 1020 417 in
1037 398 1134 427 manus
1153 390 1266 427 tradidit
1284 390 1541 426 alienigeuarmn“.
1553 389 1591 416 Ad
1604 391 1675 418 hanc
1691 399 1786 417 exem<

992 436 1095 470 plarem
1114 436 1261 463 formulam
1275 437 1375 463 divina:
1391 437 1505 463 ultionis
1522 445 1597 464 nunc
1615 436 1695 463 nobis
1716 443 1787 471 quo-

992 489 1045 516 que
1057 481 1183 517 conligit.
1197 482 1387 510 Circ‘umcirca
1411 483 1564 510 Jerusalem
1580 503 1586 515 ,
1604 482 1735 517 populum
1758 482 1784 509 in

993 527 1020 554 in
1037 536 1086 554 ore
1098 528 1179 562 gladii
1194 528 1314 556 Chaldaei
1329 529 1502 560 ceciderunt,
1522 536 1573 555 nec
1589 533 1632 555 est
1648 529 1693 563 qui
1708 536 1787 563 sepe-

992 573 1041 600 liat
1057 584 1065 608 ;
1113 581 1226 601 crucem
1242 583 1308 601 vero
1323 575 1385 610 Syri
1401 575 1477 602 velut
1494 575 1521 601 in
1538 575 1677 601 coloniam
1690 581 1784 600 secum

992 623 1183 653 exportarunt.
1201 619 1378 647 Consimilem
1395 621 1420 647 in
1436 620 1547 647 modum
1566 620 1628 647 Saul
1646 619 1693 646 Dei
1710 627 1788 646 mau-

993 665 1087 692 datum
1125 666 1269 692 venatoria
1295 671 1378 701 alque
1407 667 1524 694 subdola
1554 666 1786 700 interpretatione

991 711 1118 743 eludens,
1152 716 1243 738 tuente
1257 716 1330 739 mota
1347 712 1476 739 vcsauire
1490 712 1574 746 empit
1588 717 1669 746 atque
1682 711 1786 737 excidit

992 764 1088 791 regno.
1106 764 1138 783 ac
1165 756 1276 783 demum
1303 757 1455 784 miserabili
1480 757 1602 783 concidit
1631 761 1720 783 morte
1736 756 1783 782 ⁵⁰ε

995 799 1104 834 1089
1122 800 1230 827 tametsi
1244 800 1320 827 hunc
1335 801 1471 835 propheta
1487 800 1597 827 Samuel
1612 801 1698 827 multo
1715 805 1785 827 tem-

991 852 1059 879 pore
1078 845 1194 880 lugeret,
1212 854 1318 881 proque
1346 847 1435 874 salute
1454 847 1513 881 ejus
1528 846 1740 873 venerabundus
1754 854 1786 873 ac

992 891 1107 925 supplex
1134 896 1304 925 precaretur,
1322 891 1392 918 adeo
1421 891 1490 918 nihil
1515 891 1598 926 juvit,
1615 895 1645 917 ut
1666 891 1787 917 audierit

994 937 1104 963 tandem
1126 937 1193 963 illud
1218 944 1285 964 voce
1309 937 1470 971 prophetica
1487 946 1492 963 :
1509 947 1517 962 4
1537 937 1633 963 Melior
1653 941 1695 964 est
1720 936 1787 962 ohe—

146 985 227 1017 ξεων.
246 987 300 1012 Καὶ
317 987 412 1023 ὥσπερ
428 987 515 1019 δειλὸς
527 988 697 1024 στρατιώτης
713 989 764 1021 τὰς
777 991 873 1026 χεῖρας
885 990 940 1017 τῶν

993 980 1097 1008 dientia
1123 989 1206 1016 quam
1232 981 1356 1013 victima,
1372 985 1400 1008 et
1428 981 1596 1008 auscultatio
1624 989 1680 1015 prm
1705 980 1786 1014 adipe

145 1032 320 1067 πολεμιστῶν
347 1034 456 1066 ἐκλύει,
474 1035 560 1068 οὕτως
576 1037 623 1063 καὶ
637 1038 754 1072 μοναχδς
768 1037 874 1073 ἀμελὴς
891 1038 940 1073 τὴν

145 1080 201 1106 τῶν
230 1080 352 1114 ἀδελφῶν
377 1081 535 1116 προθυμίαν
564 1084 670 1117 χαυνοῖ.
696 1083 865 1118 Φοϐηθῶμεν
881 1081 939 1116 οῦν,

145 1125 269 1159 ἀδελφοὶ,
300 1126 334 1153 τὰ
358 1127 477 1154 τοσαῦτα
501 1128 724 1163 παραδείγματα,
740 1129 787 1155 καὶ
807 1129 940 1165 φύγωμεν

146 1171 193 1196 τὸν
206 1170 316 1205 ὄλεθρον
331 1171 381 1206 τῆς
401 1172 561 1206 παρακοῆς,
575 1172 618 1198 ἴνα
636 1173 673 1208 μὴ
695 1173 744 1199 σὺν
759 1174 817 1205 τοῖς
839 1174 940 1209 προλα-

147 1215 242 1242 ϐοῦσιν
257 1217 481 1251 κατακριθῶμεν.
497 1217 576 1244 Ποῖον
588 1219 642 1253 γὰρ
654 1218 752 1253 ὄφελος
764 1219 841 1246 ἔσται
855 1220 894 1254 τῷ
911 1220 941 1246 τὸ

147 1261 228 1295 σῶμα
244 1262 380 1297 παρθένον
396 1264 558 1298 τηρῆσαντι,
577 1264 627 1299 τὴν
651 1265 679 1291 δὲ
697 1265 787 1299 ψυχὴν
810 1265 864 1292 ὑπὸ
890 1266 941 1301 τῆς

147 1309 291 1343 παρακοῆς
309 1310 520 1345 μεμοιχευμέυῳ
540 1310 684 1345 Saturniae;
707 1312 742 1337 ’Ἡ
764 1311 822 1343 πῶς
839 1320 940 1345 στεφα-

147 1353 301 1389 νωθήσεται
314 1355 327 1380 6
339 1354 562 1390 γαστριμαργίας
579 1355 629 1389 μὲν
643 1376 650 1387 ,
667 1355 715 1381 καὶ
735 1355 825 1390 πάσης
843 1355 940 1382 ἐπιθυ-

149 1398 214 1434 μίας
225 1400 377 1434 κρατήσας,
393 1400 508 1435 οἰήσεως
525 1401 553 1427 δὲ
568 1400 614 1427 καὶ
628 1401 781 1435 φιλοδοξίας
793 1401 831 1436 μὴ
844 1402 942 1436 ἐπιμεο

147 1445 320 1480 λησάμενοςς
340 1445 422 1479 Λέγει
444 1445 472 1472 δὲ
500 1446 546 1472 καὶ
575 1447 589 1472 6
613 1447 837 1482 Παροιμιαστής·
856 1456 865 1472 4
878 1447 941 1478 Υἱὸς

148 1490 315 1525 πανοῦργος,
345 1490 466 1523 ὑπήκοος
491 1490 594 1526 πατρί’
618 1491 675 1522 υἱὸς
701 1491 729 1517 δὲ
761 1491 887 1525 ἀνήκοος,
911 1492 940 1517 ἐν

147 1535 273 1570 ἀπωλείᾳ
298 1535 386 1562 ἔσται.
408 1544 418 1561 ›
435 1536 491 1562 Καὶ
517 1534 605 1567 αὖθις·
628 1545 637 1561 4
678 1535 788 1570 Ἐπειδὴ
813 1536 939 1570 ἐκάλουν,

147 1582 198 1608 καὶ
209 1582 259 1616 οὐχ
273 1581 461 1617 ὑπηκούσατε,
473 1582 543 1609 ἀλλά
559 1581 678 1616 ἀκύρους
694 1582 842 1617 ἐποιήσατε
857 1581 942 1617 ἐμοὺς

147 1627 254 1661 λόγους,
280 1627 426 1663 τοιγαροῦν
443 1627 521 1662 κάγὼ
546 1629 579 1663 τῇ
605 1628 725 1664 ὑμετέρᾳ
742 1629 865 1664 ἀπωλείᾳ
882 1630 942 1655 ὲπι-
957 1643 979 1671 c

148 1672 312 1706 γελάσομαι.
325 1673 421 1698 Ἔσται
443 1672 498 1708 γὰρ
522 1673 587 1699 ὅταν
603 1673 803 1708 ὲπικαλέσησῦὲ
820 1682 854 1707 με
865 1694 871 1705 ,
887 1673 942 1707 ἐγὼ

146 1719 176 1745 δὲ
190 1719 241 1744 οὐκ
258 1718 455 1753 εἰσακούσομαι
469 1727 475 1733 ·
493 1718 641 1754 ζητήσουσι
663 1720 717 1754 γάρ
734 1728 768 1753 με
790 1720 880 1751 κακοὶ,
897 1720 943 1746 καὶ

148 1764 199 1798 οὐχ
218 1764 391 1799 εὑρήσουσιν,
409 1764 450 1790 ὅτι
470 1764 515 1790 τὸν
534 1764 616 1799 φόϐον
632 1765 736 1800 Κυρίου
755 1765 785 1791 οὐ
802 1765 943 1799 προείλον-

147 1818 190 1836 το.
206 1809 358 1845 Τοιγαροῦν
386 1810 491 1836 ἔδονται
518 1809 565 1836 καὶ
596 1811 647 1845 τῆς
676 1810 782 1836 ἑαυτῶν
799 1810 861 1837 ὁδοῦ
876 1810 940 1842 τοὺς

148 1856 283 1891 καρπούς.
305 1866 314 1881 ι
332 1857 386 1882 Καὶ
407 1856 498 1883 πάλιν·
520 1866 528 1882 ι
548 1856 594 1892 Μὴ
617 1856 757 1892 ἀσεϐήσῃς
773 1857 877 1889 πολλὰ,
895 1857 943 1882 καὶ

150 1901 190 1936 μὴ
211 1900 287 1935 γίνου
312 1901 440 1936 σκληρὸς,
462 1902 505 1928 ἵνα
530 1901 567 1936 μὴ
595 1902 735 1937 ἀποθάνῃς
760 1902 790 1928 ἐν
806 1903 836 1928 οὺ
853 1901 943 1937 καιρῷ

151 1954 210 1973 σου.
225 1955 234 1971 ι
252 1947 306 1973 Καὶ
319 1946 410 1974 πάλιν·
424 1957 433 1972 4
447 1946 477 1974 Ὀ
492 1947 625 1973 ἐκκλίνων
637 1947 667 1973 τὸ
678 1945 725 1978 οὖς
738 1944 832 1978 αὐτοῦ,
842 1946 889 1973 τοῦ
904 1946 942 1982 μὴ

148 1992 308 2020 εἰσακοῦσαι
330 1993 424 2028 νόμον,
440 1994 486 2019 καὶ
508 1993 589 2024 αὐτὸς
618 1993 667 2027 τὴν
692 1992 846 2028 προσευχὴν
859 1992 942 2019 αὑτοῦ

148 2038 319 2066 ὲὸδέλυκται.
341 2039 396 2065 Καὶ
415 2038 504 2070 ἄλλος·
524 2048 533 2065 4
559 2038 588 2065 '0
604 2039 806 2073 ἁπολιπόμενος
825 2039 943 2073 φυλάξαι

147 2084 276 2111 παιδείαν
298 2085 412 2120 πατρὸς,
428 2084 573 2121 μελετήσει
600 2084 696 2119 ῥήσεις
727 2084 825 2116 κακὰς.
850 2093 859 2109 ι
887 2083 944 2111 Καὶ

148 2131 241 2157 πάλιν·
258 2140 267 2156 4
294 2131 324 2157 Ὀ
341 2132 461 2166 σπείρων
486 2131 593 2165 φαῦλα,
612 2131 715 2166 θερίσει
738 2130 822 2157 κακὰ.
846 2130 943 2157 Ἀπαι-

147 2176 235 2212 δεύτῳ
246 2176 300 2212 γὰρ
313 2177 430 2212 συναντᾷ
447 2176 571 2209 θάνατος.
591 2186 600 2203 ι
618 2177 699 2211 Λέγει
713 2176 742 2203 δὲ
759 2177 806 2203 καὶ
821 2177 835 2203 ὁ
858 2176 942 2211 Ἱερε-

150 2222 227 2257 μίαςο
246 2231 255 2247 4
279 2222 483 2257 Ἐπιστράφητε
503 2223 570 2257 πρός
587 2232 632 2258 με,
649 2223 726 2256 λέγει
744 2222 847 2257 Κύριος
863 2231 870 2238 ·
893 2222 943 2249 καὶ

148 2267 200 2293 οὐκ
217 2265 251 2302 ἦν
275 2268 289 2294 6
310 2268 471 2295 εἰσακούων.
492 2278 501 2294 ι
521 2270 576 2295 Καὶ
591 2270 605 2295 ὸ
624 2268 787 2301 Ἀπὸστολος
803 2277 809 2283 ·
828 2279 837 2295 ι
858 2269 888 2295 Εἰ
913 2268 942 2295 δέ

992 1027 1111 1054 arietum
1130 1027 1163 1053 “.
1184 1036 1193 1052 ι
1210 1027 1272 1054 llaec
1288 1035 1353 1054 sane
1371 1027 1464 1054 divina
1487 1027 1610 1054 continet
1630 1027 1784 1060 Scriptura.

992 1072 1148 1107 Discipulus
1166 1073 1282 1108 proinde
1307 1073 1377 1100 male
1396 1073 1513 1100 audiens
1533 1072 1608 1099 dicto
1622 1072 1785 1107 superioris.

992 1118 1108 1153 perinde
1135 1127 1167 1145 ac
1183 1119 1287 1153 lignum
1301 1118 1444 1145 obtortum
1463 1123 1490 1145 et
1511 1118 1624 1152 oblique
1648 1118 1786 1145 interver-

992 1172 1074 1198 sum;
1094 1165 1202 1192 tametsi
1224 1165 1401 1192 continenter
1411 1170 1554 1200 arguatur,
1570 1172 1604 1191 ne
1620 1165 1659 1192 sic
1672 1164 1785 1199 quidem

992 1218 1113 1245 unquam
1131 1218 1160 1238 se
1178 1211 1211 1238 ad
1227 1211 1423 1239 rectitudiuem
1440 1211 1676 1246 recipiet.‘Fraler
1691 1219 1789 1238 amans

992 1256 1139 1283 discordiae
1154 1260 1182 1283 et
1199 1257 1266 1288 litis,
1284 1261 1314 1284 ut
1329 1257 1399 1284 lenis
1422 1261 1522 1284 ventus
1541 1257 1588 1283 sed
1605 1256 1741 1284 stridulus
1755 1266 1788 1284 ac

993 1303 1142 1335 dissonus.
1164 1311 1215 1330 suo
1245 1303 1293 1331 illo
1318 1303 1438 1331 discordi
1471 1303 1593 1331 stridore
1621 1304 1787 1330 concordem

992 1347 1110 1375 aliorum
1128 1349 1154 1375 in
1173 1356 1319 1376 commune
1339 1349 1418 1376 vitiat
1433 1356 1465 1376 ac
1493 1348 1583 1383 perdit
1605 1353 1786 1381 concentum;

993 1397 1078 1427 utque
1104 1393 1183 1420 fucus
1200 1393 1310 1421 labores
1330 1394 1363 1421 ad
1390 1394 1554 1421 industriam
1586 1398 1788 1429 argumentosa:

993 1439 1054 1473 apis
1068 1439 1160 1467 exedit
1187 1447 1219 1466 ac
1245 1440 1417 1475 depascitur,
1436 1441 1471 1467 ita
1488 1446 1516 1468 et
1532 1441 1617 1467 frater
1636 1440 1713 1474 segni
1731 1440 1788 1466 otio

993 1485 1161 1518 lentescens,
1177 1486 1262 1512 totius
1276 1487 1499 1521 congregationis
1513 1489 1703 1522 operationem
1717 1488 1788 1515 aiio-

993 1531 1041 1565 qui
1058 1531 1196 1558 ellicacem
1216 1530 1313 1558 reddet
1330 1531 1466 1559 inutilem.
1485 1532 1518 1560 Ut
1533 1533 1611 1560 miles
1626 1533 1739 1567 ignavus
1757 1541 1789 1560 ac

995 1576 1139 1604 timidulus
1171 1584 1269 1604 manus
1304 1577 1524 1603 commilitonum
1553 1578 1680 1605 dissolvit
1706 1584 1789 1613 atque

996 1627 1121 1652 enervat,
1142 1622 1178 1649 ita
1211 1623 1364 1649 monachus
1395 1630 1510 1650 securus
1539 1631 1613 1651 cura:
1645 1623 1735 1651 omnis
1761 1629 1789 1651 ct

996 1671 1080 1701 iners,
1105 1669 1222 1696 fratrum
1247 1670 1417 1696 alacritatem
1439 1670 1554 1697 emollit.
1571 1671 1622 1698 Tot
1647 1679 1679 1698 ac
1706 1673 1789 1698 ta:.tis

995 1714 1098 1742 eruditi
1119 1715 1252 1749 exemplis
1267 1715 1425 1747 timeamus,
1439 1715 1607 1748 eharissimi,
1626 1725 1659 1744 ae
1671 1717 1789 1744 vitemus

996 1761 1078 1788 istius
1106 1761 1303 1788 inobedientirc
1331 1762 1494 1796 perniciem.
1510 1771 1543 1790 ne
1574 1771 1636 1790 eam
1662 1765 1721 1791 istis
1741 1765 1786 1798 qui

994 1811 1102 1833 aetatem
1129 1811 1250 1833 nostram
1277 1811 1501 1839 anteverterunt,
1526 1808 1699 1836 danmemur.
1717 1810 1788 1842 Quid

995 1853 1070 1879 enim
1094 1853 1127 1879 ad
1155 1856 1180 1879 te
1211 1852 1317 1880 resiliet
1345 1853 1544 1885 emolumenti,
1561 1855 1583 1881 si
1602 1855 1787 1889 virginitatem

997 1898 1175 1926 indelibatam
1198 1898 1311 1932 quidem
1336 1899 1505 1926 conservasti
1526 1900 1660 1934 corporis,
1679 1905 1706 1927 at
1726 1902 1787 1927 ani-

995 1953 1068 1972 mam
1092 1945 1210 1972 daemoni
1230 1953 1280 1980 per
1297 1945 1513 1972 inobedientiam
1533 1946 1718 1980 prostituisti?
1734 1948 1789 1973 Aut

996 2000 1049 2026 qua
1067 1991 1155 2018 fronte
1170 1999 1265 2026 speres
1281 1996 1306 2018 te
1321 1991 1452 2018 donatum
1473 1991 1506 2018 iri
1521 1999 1633 2022 corona.
1649 1992 1694 2027 qui
1719 2000 1788 2019 ven-

997 2036 1046 2063 tris
1060 2036 1208 2069 ingluviem
1221 2041 1249 2063 et
1262 2036 1394 2071 reliquam
1411 2045 1520 2064 onmem
1536 2037 1788 2072 concupiscentiam

997 2082 1189 2117 temperantire
1207 2082 1285 2109 freno
1302 2083 1499 2117 suppressisti;
1517 2083 1563 2110 uni
1579 2089 1671 2110 autem
1687 2092 1786 2118 super-

997 2129 1050 2156 biae
1065 2133 1093 2156 et
1119 2128 1265 2155 ambitioni
1295 2136 1327 2156 ex
1354 2129 1448 2155 animo
1475 2129 1655 2156 deturbauda:
1684 2130 1787 2156 nullam

997 2174 1156 2209 ilnpendisti
1179 2174 1374 2209 diligentiam?
1389 2175 1461 2203 Dicit
1477 2175 1690 2211 Parmmiastes:
1710 2185 1719 2202 ι
1743 2177 1788 2203 Fi-

996 2222 1050 2249 lius
1062 2222 1150 2249 solers
1163 2221 1257 2249 obedit
1270 2223 1341 2257 patri
1359 2230 1419 2255 suo,
1429 2223 1502 2250 ﬁlius
1516 2227 1607 2250 autem
1624 2223 1788 2256 inobcdieus

998 2267 1026 2294 in
1052 2267 1207 2302 perditione
1225 2267 1320 2294 erit“.
1341 2277 1349 2293 ι
1370 2267 1477 2295 Rursus
1494 2277 1500 2294 :
1521 2278 1530 2293 4
1551 2267 1619 2301 Quia
1635 2268 1741 2301 vocavi,
1759 2275 1788 2296 et

147 2320 191 2343 τις
205 2312 254 2346 οὐχ
277 2312 410 2339 ὑπακούει
423 2313 511 2347 ἡμῶν,
523 2312 568 2340 διὰ
590 2313 640 2348 τῆς
666 2313 813 2348 ἐπιστολῆς
844 2315 940 2342 τοῦτον

994 2321 1049 2340 ιιοη
1077 2312 1248 2344 obedivistis,
1264 2313 1312 2340 sed
1337 2313 1413 2340 irrita
1440 2313 1544 2341 fecistis
1568 2314 1682 2341 consilia
1705 2323 1764 2341 mea
1779 2335 1786 2344 .

150 2357 317 2392 σημειοῦσθε
330 2377 338 2390 ,
351 2359 399 2384 καὶ
417 2359 454 2393 μὴ
480 2358 718 2393 συναναμίγνυσθε
741 2358 827 2393 αὐτῷ,
842 2358 886 2385 ἵνα
905 2358 943 2393 μὴ

147 2403 315 2439 ὲντραπῆτε.
340 2413 348 2429 ι
366 2404 422 2430 Καὶ
446 2403 516 2439 πρὸς
531 2403 608 2439 Τῖτον
630 2413 714 2440 φησιν
732 2413 739 2420 ο
757 2414 767 2430 4
788 2404 864 2431 Εἰσὶν
889 2404 944 2439 γὰρ

148 2449 244 2475 πολλοὶ
260 2450 456 2483 ἀνυπότακτοι,
482 2450 669 2485 ματαιολόγοι.
690 2452 737 2477 καὶ
756 2451 942 2485 φρεναπάται,

146 2494 195 2527 οὓς
210 2495 251 2522 δεῖ
269 2496 468 2531 ἐπιστομίζειν.
491 2506 500 2523 ι
518 2497 572 2523 Καὶ
591 2497 659 2532 πρδς
680 2497 824 2532 Ἐϐραίους
839 2505 846 2512 '
863 2506 872 2522 ι
888 2498 942 2523 Πε-

147 2543 316 2578 ρισσοτέρως
337 2543 365 2570 δὲ
381 2543 423 2570 δεῖ
434 2544 578 2579 προσέχειν
597 2543 671 2578 ἡμᾶς
697 2544 734 2579 μή
756 2552 821 2569 ποτε
846 2551 941 2578 παρα-

147 2588 269 2624 ρυῶμεν,
283 2599 292 2614 ι
310 2589 490 2625 Ἀποστῶμεν
499 2588 556 2623 οὖν,
568 2590 719 2624 ἀγαπητοὶ,
734 2590 788 2616 ἀπὸ
799 2590 848 2624 τῆς
857 2589 940 2616 θανα-

145 2635 268 2670 τηφόρου
292 2635 396 2670 ταύτης
420 2635 575 2671 παρακοῆς,
589 2636 637 2662 καὶ
654 2636 771 2670 ὑπήκοοι
794 2635 940 2670 γενώμεθα

148 2681 179 2707 ὲν
198 2679 312 2713 ἅπασιν,
324 2682 381 2712 τοῖς
396 2683 594 2716 πνευματικοῖς
622 2681 764 2717 Πατράσιν
792 2681 883 2716 ἡμῶν,
898 2681 942 2707 ἵνα

147 2725 312 2762 ἀκούσωμεν
336 2727 414 2762 παρά
433 2727 481 2754 τοῦ
504 2728 620 2763 Κυρίου·
639 2738 647 2753 4
675 2728 703 2754 Ὀ
719 2727 827 2753 ἀκούων
843 2726 940 2760 ὑμῶν,

145 2771 217 2807 ἐμοῦ
244 2771 350 2804 ἀκούει,
369 2772 416 2799 καὶ
429 2773 444 2799 ὀ
457 2772 604 2808 δεχόμενος
619 2772 702 2807 ὑμᾶς,
719 2772 769 2806 ἐμὲ
782 2772 889 2806 δέχεται
904 2779 911 2786 ·
926 2771 941 2797 ὀ

145 2817 176 2845 δὲ
194 2817 244 2852 ἐμὲ
268 2818 431 2853 δεχόμενος,
449 2818 556 2853 δέχεται
577 2819 623 2845 τὸν
640 2818 839 2846 ἀποστείλαντά
862 2825 905 2851 με.
929 2826 937 2843 ι

148 2863 228 2894 Αὐτῷ
240 2862 261 2897 ἡ
277 2861 340 2894 δύξσ.
351 2863 392 2895 εις
409 2863 471 2894 τοὺς
483 2863 594 2895 αἰῶνας.
621 2864 718 2898 Ἀμήν.

186 2917 209 2934 δ’
252 2918 323 2954 Reg.
336 2926 372 2954 ly,
390 2919 436 2946 Η.
452 2920 497 2946 ‘°l
516 2921 581 2954 Reg.
600 2928 631 2946 xv
653 2927 729 2953 seqq.

149 2959 204 2986 νυ,
225 2953 266 2981 l8.
297 2953 328 2969 "'
341 2953 422 2982 Prov.
440 2962 534 2988 xxviii,
556 2953 582 2982 υ.
622 2955 643 2970 ’⁵
658 2955 739 2982 Prov.
756 2962 799 2983 .\v.
816 2955 841 2982 ὃ.

770 2920 789 2934 “
807 2920 815 2946 l
836 2920 900 2953 Reg.
917 2927 959 2948 xv.
972 2919 1017 2946 2'2.

895 2954 916 2969 ⁵⁷
931 2954 1013 2982 l‘rov.
1032 2963 1086 2982 χλιι
1100 2976 1106 2988 ,
1124 2956 1150 2982 8.

995 2359 1078 2394 igitur
1106 2362 1134 2386 et
1154 2363 1251 2386 vestrae
1278 2359 1427 2393 perditioni
1456 2359 1594 2386 insultaho
1612 2368 1618 2386 :
1639 2360 1693 2387 erit
1712 2362 1788 2387 enim

994 2404 1104 2439 quando
1118 2404 1283 2432 invocabitis
1296 2413 1349 2437 me,
1367 2413 1418 2440 ego
1433 2410 1525 2432 autem
1547 2414 1602 2432 non
1620 2405 1765 2432 exaudiam
1779 2415 1786 2432 :

993 2454 1118 2484 quan-ent
1149 2458 1193 2477 me
1225 2450 1301 2483 mali,
1318 2458 1369 2478 nec
1392 2451 1545 2483 invenient,
1564 2451 1629 2486 quia
1660 2451 1786 2478 timorem

993 2496 1102 2523 Domini
1132 2496 1304 2523 noluerunt:
1322 2497 1467 2524 comedent
1494 2497 1578 2532 igitur
1605 2497 1713 2524 fructus
1736 2497 1788 2523 viae

993 2552 1050 2571 sua:
1063 2545 1094 2570 ⁵³.
1116 2554 1125 2569 ι
1139 2544 1241 2571 lterum
1257 2565 1264 2571 .
1284 2554 1293 2569 4
1312 2545 1350 2571 Ne
1367 2544 1451 2579 impie
1464 2545 1554 2580 egeris
1570 2545 1698 2576 multum,
1713 2549 1740 2571 et
1753 2552 1786 2570 ne

994 2590 1032 2616 sis
1044 2589 1131 2616 durus
1145 2598 1152 2616 :
1173 2593 1202 2616 ut
1218 2598 1252 2616 ne
1267 2590 1395 2617 moriaris
1409 2591 1437 2617 in
1457 2595 1581 2624 tempore
1597 2598 1652 2617 non
1670 2595 1717 2618 tuo
1732 2590 1783 2617 “.v

993 2635 1112 2663 Rursum
1129 2645 1135 2662 :
1152 2645 1160 2660 4
1180 2635 1231 2669 Qui
1247 2636 1372 2663 declinat.
1391 2644 1487 2663 aurem
1508 2645 1547 2667 ne
1575 2637 1669 2664 audiat
1686 2637 1784 2671 legem.

993 2681 1051 2716 ipse
1079 2689 1189 2716 quoque
1228 2682 1254 2708 in
1290 2683 1417 2710 oratione
1456 2690 1504 2710 sua
1530 2683 1710 2710 exsecrabilis
1723 2683 1784 2709 ".t

995 2727 1096 2754 Alius:
1121 2737 1130 2753 4
1154 2727 1205 2760 Qui
1232 2728 1323 2754 renuit
1339 2728 1479 2756 custodire
1502 2728 1675 2763 disciplinam
1701 2727 1786 2762 patris

996 2772 1050 2804 sui,
1063 2773 1231 2808 excogitabit
1244 2774 1399 2801 locutiones
1415 2774 1500 2801 malas
1515 2774 1547 2800 ⁸⁸.
1566 2783 1574 2798 ι
1591 2773 1640 2800 Et:
1662 2782 1670 2798 4
1695 2773 1785 2799 Semi-

996 2827 1066 2846 nans
1081 2828 1222 2854 perversa,
1237 2825 1321 2848 metet
1335 2821 1405 2848 mala
1422 2830 1427 2847 :
1445 2820 1584 2847 inerudito
1597 2819 1670 2847 enim
1686 2826 1786 2847 occur-

995 2865 1035 2891 rit.
1057 2873 1132 2892 mors
1145 2866 1199 2891 “.i
1227 2866 1384 2893 Jeremias:
1406 2875 1414 2890 4
1435 2865 1634 2891 Convertimiui
1664 2865 1697 2891 ad
1729 2873 1784 2897 lue,

1073 2921 1096 2937 ⁸³
1113 2921 1194 2948 Prov.
1215 2929 1239 2953 κ,
1260 2922 1282 2948 l.
1321 2921 1342 2936 “
1358 2921 1439 2948 Prov.
1458 2926 1476 2950 l,
1502 2919 1595 2947 22—31.
1651 2919 1673 2935 ⁵⁸
1692 2919 1780 2949 Eccle.
