1986 3238
221 210 289 242 ίῧόὅ

850 213 1032 244 ANTIOCHI
1053 214 1227 244 MONACHI
1783 209 1852 240 1556

215 266 282 292 dicit
316 266 450 294 Dominus
466 276 471 295 :
486 270 513 294 et
526 275 580 295 nou
594 267 711 302 cratqui
731 267 840 296 audiret
865 276 915 295 nos
930 269 963 295 ".
984 277 992 294 ι
1013 268 1184 303 Apostolus:
1203 278 1213 294 ι
1234 268 1336 303 Siquis
1351 276 1406 295 non
1435 267 1530 295 obedit
1560 266 1649 298 nobis,
1680 273 1731 300 per
1747 264 1852 299 episto-

215 313 268 340 lam
285 313 358 342 hunc
373 319 478 347 notate,
494 320 522 342 et
537 323 571 342 ne
586 315 821 342 comntisccamini
854 315 904 346 illi,
933 320 963 342 ut
991 315 1178 342 confundatur
1191 316 1225 342 ".
1260 325 1270 341 ι
1304 315 1371 342 Item
1390 314 1424 342 ad
1441 314 1555 347 Titum:
1578 325 1588 339 ς
1609 313 1679 340 Sunt
1705 311 1784 338 multi
1808 311 1852 336 in-

216 361 389 393 obcdientes,
422 362 565 396 loquentes
593 370 673 393 vana,
701 366 730 389 et
757 362 927 394 seductorcs,
954 369 1024 396 quos
1043 367 1155 397 oportet
1187 362 1314 398 redargui
1334 362 1367 389 °°.
1386 372 1394 388 ι
1429 362 1469 389 Ad
1498 361 1647 388 Hebraeos:
1668 369 1677 385 ι
1701 357 1853 386 Abundan-

218 408 273 434 tius
286 412 378 435 autem
392 412 502 443 oportet
519 409 662 437 attendere
694 417 756 439 nos,
789 405 838 436 ne.
856 409 927 437 forte
947 409 1192 443 praeterellluamus
1211 409 1244 436 “.
1263 419 1273 435 ι
1306 409 1348 436 Ab
1369 409 1428 446 'hac
1456 409 1541 444 igitur
1573 406 1761 435 inobedientia
1791 411 1854 438 qua:

219 457 436 486 prtesentaneam
464 454 544 482 aﬂert
568 458 685 481 mortem
704 454 748 481 sui
763 454 906 487 studiosis,
931 462 1011 489 quam
1032 455 1193 490 longissime
1219 463 1270 482 nos
1305 463 1464 487 avocemus,
1485 453 1653 484 charissimi,
1675 456 1703 479 et
1723 450 1856 485 spiritua-

219 497 285 525 lium
299 499 411 526 Patrum
430 499 605 527 hortamenta
640 506 833 528 consectemur
854 500 882 527 in
914 500 1044 528 omnibus
1064 501 1194 536 morigeri
1214 506 1243 528 et
1263 501 1437 533 obedientcs,
1455 506 1486 528 ut
1503 500 1570 527 illud
1589 507 1603 526 a
1619 498 1736 526 Domino
1755 495 1855 523 audia-

219 553 302 620 IIDUSA:
325 557 334 572 ‹
357 547 409 581 Qui
422 548 499 575 audit
513 555 572 581 vos,
591 554 620 576 et
637 557 680 576 me
695 549 773 577 audit
788 558 794 582 ;
809 549 856 584 qui
871 549 972 584 accipit
987 556 1047 580 vos,
1065 549 1168 584 accipit
1185 557 1249 577 eum
1262 549 1309 584 qui
1326 557 1369 577 me
1385 549 1461 576 misit
1473 549 1506 574 θ’.
1527 556 1536 574 ι
1551 546 1605 582 Ipsi
1620 545 1708 581 gloria
1720 545 1749 571 in
1765 550 1856 571 secu-

233 601 256 620 a.
302 601 374 620 men.

233 601 256 620 ﬂ.
277 601 374 621 Anien.

415 653 677 688 10901l0MlLlA
704 654 824 681 χχχιχ.
1027 641 1050 670 Α

497 711 534 737 De
568 711 724 738 obedientia.

258 765 309 799 Qui
327 767 436 794 sincero
457 767 556 795 all'cetu
579 776 627 802 per
644 769 734 795 omnia
753 767 938 803 spiritualium
962 766 1013 793 Pa—

225 809 296 838 trum
329 813 495 840 monitiones
522 818 703 845 sectatur,ct
727 812 844 845 obedit;
863 812 932 839 nihil
957 819 1012 838 non

224 865 320 884 eorum
348 866 410 893 quae
436 866 487 893 per
511 866 540 886 se
564 858 640 890 facit,
662 858 695 885 ad
712 859 759 885 Dei
780 858 940 885 transcribit
953 858 1013 892 glo-

226 903 314 936 riam;
347 909 375 931 et
406 904 445 931 illi
477 905 525 932 uni
551 904 688 940 quidquid
715 903 796 931 laude
822 911 885 930 cum
915 903 1014 938 primis

225 949 337 985 dignum
351 958 448 986 magna
468 950 551 978 animi
571 950 746 978 contentione
760 949 897 977 conﬁcere
916 954 1014 984 potue-

226 995 278 1027 rit,
298 996 383 1022 multa
416 1003 479 1023 cum
506 995 649 1023 alacritate
677 999 831 1022 consecrat.
859 995 908 1022 Vir
933 994 1014 1029 plane

226 1040 369 1073 obediens,
384 1041 490 1068 tametsi
506 1041 533 1068 in
548 1041 604 1069 vita
621 1041 751 1076 praesenti
762 1044 814 1074 est,
842 1044 962 1067 attamen
979 1039 1015 1066 ita

226 1091 408 1113 conversatur
426 1090 554 1121 tanquam
573 1094 588 1114 a
616 1086 721 1114 mundo
737 1086 857 1113 extorris
872 1091 901 1113 et
926 1085 1015 1113 exoti-

228 1140 296 1159 cus:
314 1132 451 1167 propriam
465 1132 540 1160 enim
563 1133 732 1160 voluntatem
751 1131 936 1159 renuntiando
953 1128 1024 1158 cum'

227 1186 243 1204 a
255 1186 284 1204 se
307 1178 470 1208 excusserit.
489 1186 548 1206 eam
565 1178 675 1213 perﬁcit
697 1177 812 1205 liberius
827 1184 888 1212 quae
905 1176 1015 1203 Domini

228 1228 278 1252 cst.
295 1223 377 1259 Atqui
392 1224 455 1252 talis
469 1225 496 1251 in
513 1232 659 1252 numerum
674 1223 773 1250 transit
788 1222 890 1250 Christi
910 1222 1018 1249 confes-

229 1277 322 1296 sorum
335 1278 342 1296 :
356 1276 407 1297 nec
429 1270 456 1297 id
479 1270 636 1304 assequitur
658 1269 758 1301 solum,
772 1268 820 1295 sed
835 1272 863 1295 et
880 1267 953 1303 quod
972 1274 1017 1294 rc-

230 1315 335 1350 liquum
365 1316 403 1343 illi
433 1320 475 1344 est
504 1315 635 1351 temporis
669 1315 713 1342 sui
736 1314 872 1342 incolatus
903 1320 1018 1348 prorsus

230 1361 298 1389 vivit
320 1369 393 1389 curae
410 1362 500 1389 omnis
519 1361 598 1389 liber.
613 1361 654 1388 Ad
671 1361 738 1393 haec,
755 1367 839 1395 opere
854 1359 923 1394 ipso,
937 1359 1018 1387 scdu-

231 1406 288 1433 lum
310 1414 340 1434 se
357 1407 454 1442 probat
470 1407 577 1434 Domini
594 1407 780 1434 imitatorem:
796 1405 855 1440 ipse
866 1405 940 1432 enim
956 1415 965 1430 ι
979 1404 1020 1432 fa-

232 1458 293 1480 rtus
321 1457 364 1480 est
396 1453 530 1481 obediens
557 1454 591 1481 ad
625 1459 752 1484 mortem,
774 1457 890 1479 mortem
927 1455 1019 1478 autem

232 1499 322 1527 crucis
335 1500 366 1526 ".
387 1509 396 1524 ι
413 1500 484 1526 Sane
502 1499 659 1526 obedientia
675 1503 717 1526 est
729 1518 736 1529 ,
753 1505 806 1532 qua
827 1497 890 1531 quis
906 1503 1021 1531 persua-

232 1546 314 1574 detur
342 1550 370 1574 et
396 1545 490 1573 obedit
513 1545 582 1572 citra
601 1545 684 1572 ullam
699 1543 937 1579 dijudicationem,
950 1541 1020 1569 adeo

233 1591 351 1627 utquod
378 1592 528 1627 superioris
555 1591 672 1626 imperio
693 1589 855 1624 imponitur,
881 1587 1021 1623 jucundus

233 1637 296 1672 quis
310 1642 337 1665 et
350 1638 451 1669 alacer,
468 1645 523 1664 non
539 1638 604 1664 item
617 1635 804 1666 turbulentus,
816 1634 933 1669 expleat.
947 1633 1021 1660 Obc-

234 1683 339 1710 dienlia
369 1683 538 1711 renuntiatio
562 1682 682 1721 proprize
705 1686 746 1709 est
767 1680 929 1711 voluntatis,
947 1679 1021 1706 nulla

235 1737 290 1756 non
316 1729 359 1756 sui
378 1734 455 1764 parte
478 1728 610 1764 perfecta,
628 1735 688 1763 qua:
705 1728 763 1755 solo
778 1725 962 1753 moderatoris
979 1725 1021 1752 sui

235 1779 341 1802 annutu
365 1776 399 1802 ad
428 1775 540 1810 quidvis
566 1774 737 1810 operandam
766 1772 835 1800 nihil
865 1772 1022 1799 turbulente

237 1826 374 1848 movetur.
390 1821 431 1848 Ad
454 1820 588 1856 explenda
611 1827 694 1855 opere
722 1819 862 1851 mandata,
887 1817 1022 1846 obedien—

237 1868 274 1895 tia
304 1867 424 1902 primum
463 1867 579 1894 sortitur
606 1866 707 1893 locum.
735 1866 810 1894 Inter
832 1873 879 1893 eas
906 1864 1025 1892 virtutes

236 1920 298 1947 qua:
326 1912 466 1940 hominem
491 1911 566 1941 velut
599 1919 682 1941 manu
711 1912 816 1940 ducunt
828 1916 857 1940 et
874 1912 1025 1939 instituunt

1357 653 1468 680 ΛΟΓΟΣ
1497 651 1560 678 ΛΘ¹.

1341 709 1412 744 Περὶ
1426 706 1576 741 ὑπακοῆς.

1109 767 1137 793 '0
1152 765 1307 801 εἰλικρινῶς
1320 765 1349 791 ὲν
1365 764 1448 790 πᾶσιν
1464 759 1613 788 ὑπακούων
1628 759 1685 790 τοῖς
1704 765 1859 792 πνευματι-

1066 813 1124 844 κοῖς
1141 811 1276 847 πατράσιν
1291 809 1384 841 αὐτοϋ,
1398 808 1433 835 τὰ
1443 807 1514 834 κατά
1521 805 1587 833 Θεὸν
1600 804 1639 839 τῷ
1656 803 1715 838 Θεῷ
1728 802 1859 836 ἀνατίθη-

1068 867 1122 885 σιν.
1131 858 1161 884 ’0
1177 857 1298 891 ὑπήκοος
1309 854 1379 890 ἀνὴρ
1395 854 1446 880 κᾶν
1457 854 1485 880 ὲν
1496 852 1566 888 τῷδε
1577 850 1617 886 τῷ
1633 850 1683 885 βίῳ
1695 849 1788 884 διάγῃ,
1798 847 1860 874 ἀλλ’

1066 904 1103 936 ὡς
1118 903 1171 936 ἔξω
1189 902 1237 929 τοῦ
1252 902 1357 936 κόσμου
1373 900 1469 928 τούτου
1487 897 1672 933 πομπεύεται.
1684 894 1722 921 Τὸ
1735 893 1790 928 γὰρ
1807 892 1861 919 αὑ-

1067 950 1114 977 τοῦ
1139 949 1246 985 Θέλημα
1273 946 1474 984 ἀρνησάμενος,
1488 944 1519 971 τὸ
1545 942 1594 970 τοῦ
1616 941 1720 977 Κυρίου
1740 938 1859 985 ἔκτελεῖΓ

1069 996 1124 1024 Καὶ
1137 997 1151 1022 ό
1165 995 1287 1026 τοιοὺτος
1311 994 1367 1024 τοῖς
1386 991 1568 1027 ὁμολογηταῖς
1594 987 1812 1022 συναριθμεῖταυ
1828 984 1860 1010 οὑ

1071 1043 1150 1078 μόνον
1164 1041 1193 1068 δὲ
1208 1040 1298 1072 τοῦτο,
1310 1039 1379 1067 ἀλλά
1392 1039 1438 1065 καὶ
1451 1036 1611 1072 ἀμερίμνως
1624 1033 1678 1069 βιοῖ
1690 1033 1798 1078 ἅπαντα
1813 1029 1862 1056 τὸν

1068 1076 1118 1122 τῆς
1135 1085 1281 1122 παροικίας
1298 1083 1380 1111 αὑτοῦ
1403 1084 1511 1118 χρόνον.
1530 1081 1604 1116 Πρδς
1620 1078 1725 1109 τούτοις
1740 1076 1788 1104 καὶ
1816 1083 1863 1110 μι-

1071 1133 1160 1167 μητὴς
1175 1131 1222 1158 τοῦ
1240 1131 1343 1166 Κυρίου
1368 1129 1573 1159 ἀναδείκνυται,
1605 1126 1646 1152 ὅτι
1666 1134 1675 1150 ι
1698 1122 1783 1154 Αὐτὸς
1806 1121 1862 1148 ὑπ-

1070 1179 1150 1212 ήκοος
1164 1177 1273 1210 ἐγένετο
1285 1175 1367 1211 μέχρι
1383 1173 1512 1204 Θανάτου,
1529 1170 1648 1198 Θανάτου
1656 1169 1684 1196 δὲ
1698 1167 1828 1202 σταυροῦ.

1077 1222 1201 1258 ’Υπακοὴ
1227 1221 1274 1248 οὖν
1304 1221 1380 1247 ἐστιν
1405 1219 1564 1253 ἀδιάκριτος
1585 1214 1689 1242 πειθώο
1706 1214 1748 1240 ἴνα
1773 1211 1862 1242 τιςτὺ

1071 1267 1242 1302 προσταχθὲν
1264 1265 1375 1296 ἀλύπως
1396 1263 1550 1299 ἐπιτελέσῃ.
1574 1259 1697 1294 Ὕπακοή
1715 1259 1771 1285 ἔστι
1789 1265 1862 1283 παν-

1033 1296 1148 1348 Β*ιε-λὴις
1173 1296 1299 1347 ὑποταγὴ
1321 1309 1368 1338 τοῦ
1392 1309 1460 1336 ίδίου
1488 1296 1642 1343 θελήματος
1668 1302 1860 1338 ἑστερημένη,

1069 1360 1116 1387 καὶ
1127 1347 1205 1394 μόνῳ
1225 1358 1264 1393 τῷ
1277 1357 1324 1384 τοῦ
1342 1355 1552 1386 ἐπιστατοῦντος
1568 1353 1687 1387 νεύματι
1712 1347 1863 1384 ἀταράχως

1070 1407 1139 1443 πρὸς
1152 1406 1252 1442 πρᾶξιν
1266 1404 1414 1439 κινουμένη
1433 1403 1462 1429 ὲν
1479 1401 1581 1432 πάσαις
1602 1398 1734 1428 ἐντολαῖς.
1753 1395 1789 1443 ΔἮ
1807 1395 1862 1420 ὑπ-

1071 1453 1140 1488 ακοὴ
1159 1453 1265 1488 πρῶτον
1280 1452 1309 1478 ὲν
1323 1451 1425 1482 πάσαις
1448 1449 1509 1479 ταῖς
1533 1444 1730 1479 είσαγωγικαίς
1747 1441 1864 1476 ἀρεταῖς

1071 1486 1204 1534 ἔγνωσται
1217 1499 1350 1533 ὑπάρχειν
1363 1496 1454 1523 καλόν·
1467 1494 1515 1522 καὶ
1531 1493 1580 1528 τὴν
1596 1491 1645 1526 μὲν
1658 1490 1747 1524 οἴησιν
1758 1486 1862 1534 aliud,

1062 1546 1120 1584 _‘:l1v
1139 1545 1167 1571 δὲ
1179 1543 1430 1578 ταπεινοφροσύνην
1450 1540 1547 1567 τίκτει.
1570 1537 1655 1573 Ἀρχὴ
1679 1535 1733 1570 γὰρ
1756 1533 1866 1584 γίνεται

1072 1575 1122 1625 cii:
1149 1590 1189 1621 είς
1207 1575 1325 1623 mni»)
1342 1575 1464 1622 ἀγάπης.
1479 1584 1561 1610 Ὀθεν
1578 1583 1626 1609 καὶ
1649 1582 1663 1608 ό
1686 1578 1805 1615 Χριστὸς
1825 1575 1866 1612 τῷ

1072 1636 1122 1670 τῆς
1144 1634 1301 1669 οἰκονομίας
1321 1633 1393 1668 λόγῳ
1420 1632 1485 1666 ἄχρι
1510 1628 1628 1664 σταυροῦ
1661 1627 1709 1653 καὶ
1733 1625 1865 1655 θανάτου,

1074 1682 1214 1717 ὑπήκουσε
1239 1680 1279 1714 τῷ
1305 1677 1403 1705 ἑαυτοῦ
1430 1676 1528 1711 Πατρὶ,
1545 1676 1590 1701 ἴνα
1616 1673 1680 1704 τοὺς
1697 1673 1725 1698 ὲν
1753 1670 1866 1717 ὑπακοῇ

1074 1713 1221 1762 ζήσαντας,
1237 1713 1277 1758 είς
1309 1725 1419 1752 αἰώνιον
1438 1722 1511 1758 ζωὴν
1536 1720 1676 1756 ἐπαγάγῃ.
1695 1717 1742 1748 Τίς
1761 1713 1868 1762 οὖννμὴ

1075 1761 1217 1808 μακαρίσῃ
1240 1771 1286 1798 τὸν
1301 1769 1422 1797 τοιοῦτον
1438 1777 1445 1801 ;
1463 1767 1572 1795 Μᾶλλον
1588 1767 1616 1793 δὲ
1631 1765 1673 1796 τίς
1696 1763 1733 1798 μὴ
1754 1761 1870 1808 ζηλῴσῃ

1073 1807 1123 1855 τὴν
1141 1807 1268 1852 totadi
1295 1816 1451 1848 πολιτείαν;
1464 1814 1500 1840 Τὸ
1517 1813 1571 1848 γὰρ
1601 1807 1869 1855 ἑκκάᾲαιῂτδψῐδιον

1075 1851 1181 1897 θέλημα
1203 1851 1405 1896 αἱματεκχυσία
1416 1858 1486 1889 ἐστὶ,
1502 1858 1550 1883 καὶ
1567 1857 1606 1887 είς
1618 1854 1714 1881 ουσίαν
1727 1851 1869 1886 λογίζεται

1075 1908 1114 1943 τῷ
1125 1906 1260 1943 ἀνθρώπῳ
1273 1914 1281 1921 ’
1299 1905 1345 1932 καὶ
1359 1903 1492 1940 φρονίμου
1508 1901 1555 1928 καὶ
1567 1900 1672 1927 τελείου
1688 1897 1786 1932 ἀνδρός
1809 1897 1870 1922 ἐστι

237 1943 270 1986 ad
298 1959 439 1993 pietatem,
464 1960 594 1996 quiddam
619 1960 759 1995 egregium
784 1958 812 1986 in
832 1966 861 1986 se
879 1958 1024 1993 complecti

1077 1956 1108 1983 τὸ
1118 1954 1294 1989 κατόρθωμα.
1316 1952 1372 1979 Καὶ
1388 1951 1480 1985 σαφῶς
1493 1948 1615 1976 διδάσκει
1631 1947 1704 1982 ἡμᾶς
1720 1946 1734 1971 ὁ
1751 1943 1870 1973 Ἡσαΐας

237 2007 404 2042 perspicitur
422 2006 594 2034 obedientia.
611 2006 675 2034 llaec
690 2005 804 2032 stultam
820 2004 895 2032 illam
913 2004 956 2031 sui
969 2004 1028 2031 exi-

239 2052 425 2080 stimationem
455 2053 514 2080 sive
545 2051 730 2086 arrogantiam
764 2049 1026 2085 aspcrnatur:jure

238 2098 363 2132 quidem,
378 2105 480 2134 parens
494 2096 636 2124 modestia:
653 2103 716 2123 cum
731 2095 767 2122 sit
781 2099 863 2129 atque
886 2094 1028 2121 humilita-

241 2144 275 2172 tis
291 2153 297 2171 :
315 2144 484 2180 principium
498 2143 573 2171 enim
585 2142 686 2170 divinae
703 2145 745 2169 est
761 2141 937 2170 dilectionis:
955 2139 1029 2167 unde

239 2195 267 2218 et
285 2189 418 2217 Dominus
438 2189 515 2225 juxta
542 2188 677 2215 rationem
699 2186 916 2222 dispensationis
942 2192 1029 2220 usque

240 2237 274 2264 ad
292 2235 402 2264 crucem
418 2240 446 2263 et
467 2238 584 2262 mortem
599 2233 673 2262 Patri
690 2241 741 2261 suo
762 2232 896 2265 obedivit,
913 2232 941 2258 in
965 2231 1028 2262 hoc,

244 2287 273 2311 ut
287 2290 335 2310 eos
348 2289 419 2317 quos
435 2280 588 2316 comperiet
599 2280 627 2307 in
642 2279 694 2307 hac
708 2279 763 2306 vita
780 2278 945 2306 inolIensum
963 2276 1032 2303 obe-

242 2328 352 2355 dientize
368 2328 489 2356 tenuisse
509 2327 618 2358 callem,
636 2325 671 2352 ad
688 2330 819 2352 aeternam
834 2324 908 2350 illam
920 2323 1034 2350 revehat

242 2375 338 2401 vitam.
357 2374 424 2406 Quis
440 2381 496 2400 non
514 2373 597 2400 talem
614 2371 767 2398 demiretur
788 2377 820 2397 ac
837 2369 947 2396 beatum
963 2375 1027 2403 prae-

243 2419 338 2447 dicet?
351 2419 424 2452 Quin
440 2418 533 2453 potius
543 2417 611 2452 quin
625 2423 680 2443 non
700 2416 772 2442 hanc
787 2413 960 2441 admirabilis
971 2413 1034 2440 vitae

245 2464 380 2492 rationem
400 2463 512 2490 studeat
533 2460 870 2489 aemulari‘lVoluntatem
893 2458 1035 2493 propriam

245 2519 260 2540 a
276 2515 302 2539 te
316 2509 490 2540 exscindere,
511 2506 626 2543 perinde
651 2510 694 2533 est
709 2513 741 2533 ac
763 2505 786 2532 si
801 2504 946 2539 proprium
971 2504 1036 2531 l'un-

245 2558 295 2584 das
310 2556 474 2591 sanguinem
492 2563 498 2581 ι
515 2553 563 2581 scd
581 2558 609 2580 et
623 2553 682 2580 hare
697 2551 802 2578 homini
821 2551 975 2585 imputatur
986 2556 1036 2584 pro

245 2603 369 2630 victima.
385 2601 500 2629 Functio
527 2600 596 2631 haec,
615 2599 668 2626 hoc
683 2605 796 2630 munus,
816 2596 868 2624 viri
894 2596 975 2631 plane
996 2599 1038 2622 est

247 2651 274 2675 et
293 2646 440 2682 prudentis
452 2650 479 2673 ct
495 2645 610 2680 perfecti
625 2653 631 2671 :
649 2643 678 2671 ld
695 2643 769 2678 quod
783 2641 936 2670 clarissime
954 2641 1037 2668 docet

248 2701 299 2721 nos
329 2693 413 2721 Isaias
442 2692 539 2719 dicens
558 2700 565 2718 ε
588 2699 597 2716 ‹
617 2690 646 2718 Si
667 2698 723 2717 non
740 2688 841 2716 feceris
865 2687 1038 2715 voluntatem

249 2744 324 2766 tuam
346 2738 373 2765 in
394 2737 439 2765 die
462 2740 566 2768 sancto,
585 2740 612 2763 et
625 2742 679 2762 non
696 2733 828 2761 extuleris
842 2732 940 2767 pedem
960 2735 1037 2757 tuum

249 2787 284 2814 ad
307 2793 385 2822 opus,
405 2792 495 2820 neque
523 2784 632 2817 locutus
645 2781 730 2809 fueris
750 2779 864 2807 vcrbum
878 2778 905 2806 in
918 2778 969 2811 ira,
985 2777 1040 2805 eris

286 2875 421 2903 ".lcrcm.
438 2883 478 2909 tu,
493 2874 539 2901 22.
577 2872 636 2901 "ll
666 2871 765 2899 Thess.
794 2877 834 2903 nt,
852 2869 894 2896 ll.
932 2865 1020 2895 "Tit.

1076 2864 1151 2899 3,“.
1188 2860 1307 2890 "Hebr.
1332 2868 1362 2894 ιι,
1385 2859 1410 2887 ι.

253 2918 286 2944 ιι,
301 2912 329 2938 8.

1078 2002 1174 2034 λέγων·
1197 1999 1260 2027 Ἐὰν
1293 1999 1330 2034 μὴ
1354 1997 1470 2032 ποιήσῃς
1493 1995 1523 2022 τὸ
1547 1994 1654 2028 θέλημα
1676 1992 1707 2018 τὺ
1731 1991 1777 2017 σὺν
1791 1990 1870 2024 ὲντῇ

1078 2033 1172 2083 ἡμέρᾳ
1186 2046 1219 2081 τῇ
1249 2043 1391 2078 ἀγίᾳ,καὶ
1412 2042 1464 2069 οὑκ
1494 2041 1565 2076 ἄρῃς
1587 2039 1633 2065 τδν
1660 2037 1728 2083 auida
1760 2043 1809 2061 σου
1826 2033 1870 2060 ἐπ’

1079 2081 1169 2129 tam;
1183 2090 1243 2118 οὐδὲ
1257 2089 1377 2124 λαλήσῃς
1389 2087 1469 2121 λόγον
1484 2086 1513 2112 ὲν
1529 2085 1610 2120 ὀργῇ.
1628 2081 1743 2129 autem
1769 2087 1871 2129 πεποι-

1081 2125 1135 2170 οὶιές
1156 2137 1202 2164 ἐπὶ
1220 2135 1334 2171 Κύριον,
1351 2133 1398 2160 καὶ
1421 2131 1540 2166 ψωμιεῖς
1554 2129 1589 2156 τὰ
1602 2127 1694 2162 ἀγαθὰ
1707 2127 1755 2160 τῆς
1771 2125 1836 2159 γῆς.

1080 2184 1164 2219 Φησὶν
1189 2182 1219 2208 δὲ
1246 2169 1363 2214 bracae;
1386 2176 1525 2212 Σολομώψ
1540 2184 1550 2200 ι
1570 2174 1633 2205 Υίδς
1663 2169 1873 2219 ἐγενόμην-καὶ

1081 2215 1165 2264 πατρὶ
1178 2228 1308 2262 ὑπήκοος,
1325 2225 1372 2251 καὶ
1391 2225 1420 2250 ἐν
1433 2221 1571 2258 προσώπῳ
1589 2219 1692 2255 μητρὸς
1718 2215 1875 2264 ἀγαπώμετ

1082 2262 1260 2307 νοςλοῖτινες
1285 2271 1426 2299 ἐδίδασκον
1453 2277 1487 2304 με
1517 2268 1659 2301 λέγοντες
1695 2262 1875 2298 Ἐρείδοιτοὸ

1083 2320 1161 2354 λόγος
1189 2318 1268 2354 ὴμῶν
1290 2317 1319 2342 ἐν
1334 2317 1368 2351 τῇ
1386 2313 1487 2349 καρδίᾳ
1508 2320 1566 2338 σου.
1587 2319 1596 2336 ι
1615 2310 1669 2336 Καὶ
1687 2308 1776 2354 ἄλλος·
1793 2315 1804 2331 ι

1083 2349 1217 2399 φυλάσσει
1246 2349 1368 2396 ἐντολὴνς
1380 2359 1460 2394 τηρεῖ
1488 2357 1538 2391 τὴν
1560 2353 1659 2399 ὲαυτοὺ
1685 2351 1774 2386 ψυχήν
1788 2359 1795 2365 ·

1084 2408 1264 2444 καταφρονῶν
1289 2406 1344 2433 τῶν
1367 2402 1463 2431 ἑαυτοῦ
1493 2401 1572 2432 ὁδῶν,
1586 2398 1774 2426 ἀποθανεῖται.
1788 2405 1797 2420 ι
1819 2395 1877 2421 Καὶ

1085 2441 1200 2482 πάλιν-κ
1220 2451 1364 2487 Μακάριος
1380 2450 1409 2480 ὃς
1424 2447 1616 2481 καταπατήσει
1636 2444 1725 2471 πάντα
1741 2442 1777 2469 δι’
1791 2441 1878 2468 εὐλά-

1086 2503 1172 2528 ϐειαν.
1196 2500 1226 2526 Ὁ
1241 2498 1295 2534 γὰρ
1317 2495 1462 2532 φυλάσσων
1478 2491 1599 2527 ἐντολὴν,
1621 2490 1652 2516 οὐ
1668 2487 1808 2534 γνώσεται
1827 2494 1879 2513 ποι

1086 2547 1167 2582 νηρά.
1183 2545 1231 2571 »Ὁ
1247 2532 1274 2570 δὲ
1282 2532 1392 2578 Πέτρος
1407 2537 1560 2566 ἐπιστέλλει
1575 2536 1673 2569 λέγων’
1685 2543 1694 2559 ι
1708 2532 1884 2582 Ὑποτάγητε

1088 2577 1134 2619 οὑν
1153 2592 1229 2626 πάσῃ
1245 2587 1405 2623 ἀνθρωπίνῃ
1423 2585 1510 2612 κτίσει
1527 2583 1572 2609 διὰ
1589 2581 1635 2608 τὸν
1651 2579 1764 2614 Κύριον.
1781 2578 1839 2626 ιςαι

1053 2625 1076 2653 D
1090 2637 1195 2664 οἰκέται
1215 2621 1434 2667 ὑποτασσόμενοι
1465 2631 1494 2656 ὲν
1516 2627 1600 2654 παντὶ
1613 2626 1689 2660 τόπῳ
1709 2624 1766 2655 τοῖς
1781 2621 1882 2648 5:61:6-

1089 2692 1160 2714 ταις,
1175 2682 1205 2708 οὑ
1225 2681 1305 2716 μόνον
1327 2679 1383 2709 τοῖς
1409 2675 1533 2710 ἀγαθοῖς,
1553 2673 1601 2699 καὶ
1623 2672 1680 2702 τοῖς
1711 2667 1879 2716 ἐπιεικέσιν,

1089 2712 1159 2756 ἀλλά
1174 2712 1292 2756 καὶ-τοῖς
1319 2723 1447 2753 σκολιοῖς,
1469 2731 1478 2747 ι
1502 2719 1641 2749 Ὡσαύτως
1662 2716 1710 2743 καὶ
1730 2715 1744 2741 ὁ
1770 2712 1880 2744 Παῦλός

1091 2782 1185 2811 φησιν·
1204 2783 1214 2800 ‹
1236 2772 1278 2799 Τὰ
1296 2770 1378 2798 τέκνα
1399 2767 1554 2796 ὑπακούετε
1572 2765 1629 2796 τοῖς
1643 2761 1752 2797 γονεῦσι
1768 2769 1775 2776 ⁸
1792 2769 1802 2786 ι
1821 2757 1879 2786 καί·

1466 2858 1488 2874 ⁸³
1499 2856 1566 2884 Luc.
1583 2862 1614 2889 ι,
1632 2853 1674 2881 l6.
1710 2852 1737 2870 "
1757 2850 1881 2887 Philipp.
