1986 3269
117 240 182 274 1557

635 247 801 276 HOMILIA
822 247 882 278 XL.
904 259 938 266 -
958 249 1007 278 DE
1026 249 1235 279 CALUMNIA.

1678 248 1746 280 1558

117 309 126 326 ι
144 299 174 326 Ol
200 298 300 328 δοῦλοι.
329 298 482 326 ὑπακούετε
499 299 556 330 τοῖς
580 300 652 326 κατὰ
680 300 770 335 σάρκα
793 301 898 337 κυρίοις

962 302 1078 330 iduciam
1093 303 1198 330 habens
1210 303 1237 330 in
1251 302 1376 335 Domino,
1395 306 1423 330 et
1439 302 1543 330 cibabit
1557 306 1583 330 te
1596 302 1678 330 bonis
1693 307 1747 330 ter-

114 343 200 380 ὖμῶν,
214 344 251 379 μὴ
266 345 591 380 κατ’ὀιρθαλμοδουλείας,
605 345 642 377 ὡς
656 345 897 382 ἁνθριιιτιάρεσκοι,

113 389 169 418 ἀλλ’
182 391 210 416 ὲν
220 389 273 424 φόδ
283 400 295 423 μ
307 390 386 417 Θεοῦ.
397 400 406 415 ι
419 391 473 416 Kal
481 390 610 426 ἀλλαχοῖν
623 400 632 416 ι
644 391 693 418 Διὰ
701 392 780 418 τοῦτο
791 391 899 426 ἔγραψα

113 436 176 472 ὑμῖν
193 436 236 462 ἵνα
255 436 312 470 γνῶ
328 436 378 471 τὴν
394 435 510 472 δοκιμὴν
530 436 618 471 ὑμῶν,
636 438 660 464 εί
679 438 720 468 είς
737 438 826 465 πάντα
846 438 899 464 ὑπ-

114 482 190 517 ήκοοί
206 483 280 510 ὲστε.
292 491 301 508 ι
325 482 335 518 ι
351 482 415 510 Καί·
431 493 440 509 ι
454 483 489 510 Et
508 492 551 515 τις
565 484 614 519 οὐχ
645 483 778 511 ὑπακούει
811 483 898 519 ὑμῶν,

111 530 156 555 τὸν
190 528 313 555 τοιοῦτον
356 528 400 555 διὰ
450 529 500 564 τῆς
528 529 676 564 ἐπιστολῆς
712 529 898 564 σημειοῦσθε,

113 576 158 602 καὶ
186 575 223 610 μὴ
250 575 486 610 συναναμίγνυσθε
508 575 636 612 αὑτῷμι]
653 577 708 603 Kal
723 575 811 607 αὖθις·
832 585 842 600 ι
868 576 900 603 'H

111 621 164 655 γὰρ
178 619 255 655 ὑμῶν
273 619 380 656 ὑπακοὴ
402 621 442 652 είς
467 621 572 652 πάντας
594 621 719 656 ἀφίκετο.
738 630 748 646 ι
769 621 822 647 Καὶ
836 621 901 656 περὶ

111 667 156 693 τοῦ
171 666 274 702 Κυρίου
286 673 292 679 “
315 676 324 692 ι
343 667 452 702 Καίπερ
466 667 504 694 ὢν
517 667 580 700 Υἱὸς
591 667 694 703 ἔμαθεν
706 667 753 702 ἀφ’
765 664 803 695 ὧν
815 667 900 694 ἔπαθε

110 712 160 747 τὴν
188 712 324 747 ὑπακοὴν,
345 713 394 740 καὶ
419 713 576 746 τελειωθεὶς
603 715 713 749 ἐγένετο
743 715 811 742 πᾶσι
842 717 900 747 τοῖς

111 757 295 785 ὑπακούουσιν
314 759 390 794 αὐτῷ
408 760 494 792 αττιος
510 761 650 796 σωτηρίας
670 761 791 788 αἰωνίου.
815 771 823 787 ι
844 762 900 788 Καὶ

109 805 124 830 ό
141 804 252 839 Κύριος·
272 814 281 830 ι
306 805 505 840 Καταϐέὸηκα,
524 808 618 841 φησὶν,
644 807 677 833 ὲκ
697 807 744 834 τοῦ
772 807 900 842 οὐρανοῦ,

109 849 158 884 οὐχ
175 850 218 876 ἵνα
234 850 303 877 ποιῶ
313 851 343 877 τὸ
357 850 464 886 θέλημα
477 852 508 878 τὸ
519 852 597 887 ἐμὸν,
607 853 675 880 ἀλλὰ
687 854 718 880 τὸ
732 853 838 888 θέλημα
853 853 900 880 τοῦ

110 895 269 930 πέμψαντός
287 905 321 932 με
344 897 463 933 Πατρός.
478 897 546 934 [Kal
563 899 656 926 ιιτόιλιν⁸
675 909 685 925 ι
706 899 735 926 '0
757 899 901 935 δεχόμενος

110 941 194 976 ὑμᾶς,
206 941 258 977 ἐμὲ
274 943 392 978 δέχεται.
414 953 423 969 ι
437 944 493 970 Kal
505 942 594 977 αὖθις·
604 945 626 971 ἰ
647 945 677 971 '0
691 945 798 972 ἀκούων
818 946 899 981 ὑμᾶς,

952 355 989 374 rae
999 347 1032 373 ⁸⁸.
1053 357 1062 373 ι
1081 347 1211 374 Salomon
1230 348 1296 375 item
1317 357 1324 375 :
1345 357 1354 374 ι
1373 347 1460 374 Filius
1485 347 1525 374 fui
1549 351 1577 374 et
1598 353 1649 382 ego
1675 347 1746 381 patri

951 395 1096 429 obedicns,
1118 398 1146 421 et
1173 394 1292 422 dilectus
1314 394 1342 421 in
1368 397 1520 428 conspectu
1539 393 1636 419 matris
1650 400 1717 419 mea:
1735 401 1741 419 :

952 441 1000 475 qui
1016 441 1154 469 docebant
1170 449 1213 468 me
1228 440 1353 467 dicentes
1368 448 1374 466 :
1388 439 1577 466 Conllrmetur
1591 445 1682 465 sermo
1698 445 1747 464 no-

953 491 1011 514 ster
1028 488 1057 514 in
1074 488 1158 515 corde
1173 492 1220 514 tuo
1229 487 1260 513 ⁸³.
1283 496 1293 512 ι
1311 486 1390 513 Alius
1407 486 1541 521 insuper:
1563 495 1571 511 ι
1588 485 1640 518 Qui
1656 490 1748 512 custm

952 532 992 559 dit
1009 533 1178 563 mandatum,
1189 536 1335 559 conservat
1347 531 1465 558 animam
1478 537 1556 558 suam
1566 539 1573 562 ;
1585 530 1633 564 qui
1652 534 1745 557 autem

952 577 1067 611 negligit
1088 577 1147 604 vias
1170 584 1244 608 suas.
1258 576 1394 603 morietur
1412 575 1445 602 “.
1464 585 1474 601 ι
1493 575 1600 602 Rursus
1618 583 1625 601 :
1650 584 1658 600 ι
1679 575 1748 602 Bea-

953 626 997 649 tus
1010 622 1052 649 vir
1062 622 1109 657 qui
1125 622 1203 648 timet
1217 622 1308 648 omnia
1321 629 1370 656 per
1384 620 1662 655 circumspectionem
1678 628 1686 652 ;
1700 619 1747 654 qui

952 669 1025 696 enim
1055 669 1178 696 custodit
1205 669 1378 700 mandatum,
1399 676 1455 695 non
1478 668 1580 695 sentiet
1595 667 1746 702 quidquam

953 717 1017 744 mali
1037 718 1070 743 ".
1091 727 1100 742 ι
1131 717 1251 744 Proinde
1266 717 1364 744 Petrus
1392 725 1441 751 per
1471 715 1623 750 Epistolam
1652 715 1745 742 dicit:

956 773 966 790 ι
999 763 1124 799 Subjecti
1161 763 1247 798 igitur
1275 767 1362 790 estote
1400 762 1472 789 omni
1514 762 1641 788 humana:
1669 769 1747 787 crea—

952 814 1020 837 turae
1049 814 1162 844 propter
1198 810 1345 837 Dominum
1377 809 1409 835 ".
1450 817 1459 834 ι
1485 808 1519 835 Et
1547 816 1554 834 :
1592 817 1600 832 ι
1642 805 1747 833 Famuli

953 856 1071 892 subjecti
1102 856 1130 882 in
1154 856 1228 882 omni
1259 855 1331 887 loco,
1345 854 1467 882 dominis
1487 861 1542 880 non
1560 853 1649 879 solum
1668 851 1749 879 bonis

953 906 981 930 et
996 901 1139 933 modestis,
1156 901 1205 928 sed
1235 901 1318 928 etiam
1346 901 1466 936 dyscolis
1480 901 1512 926 θ’.
1532 909 1540 924 ι
1568 898 1692 926 Similem
1721 897 1748 924 in

954 947 1067 974 modum
1081 947 1182 974 Paulus
1200 954 1207 972 :
1228 955 1237 971 ι
1254 945 1327 976 Filii,
1343 944 1453 971 obedite
1466 941 1718 978 parentibus".IEt
1741 949 1748 968 :

108 987 176 1022 ἐμοῦ
188 988 295 1015 ἀκούει.
311 998 320 1015 ι
333 988 344 1025 ]
357 989 437 1025 Αὑτῷ
447 991 463 1025 ἡ
475 990 540 1030 δόξα
552 992 592 1022 εις
603 991 667 1023 τοὺς
677 991 790 1023 αἰῶνας.
805 992 832 1019 ’Δ
839 993 903 1028 μήν.

962 1002 968 1018 l
991 992 1081 1025 Servi,
1103 991 1213 1019 obedite
1243 990 1403 1018 carnalibus
1426 989 1547 1016 dominis
1567 987 1678 1018 vestris,
1693 993 1749 1013 non

108 1033 141 1060 ad
154 1034 266 1062 oculum
278 1035 441 1069 servientes,
459 1036 538 1071 quasi
553 1036 696 1071 placentes
711 1037 883 1072 hominibus,
895 1037 999 1073 1091
1012 1037 1059 1066 sed
1076 1038 1103 1065 in
1120 1038 1218 1065 timore
1233 1036 1282 1064 Dei
1295 1038 1344 1063 τί.»
1360 1035 1422 1063 Alio
1434 1035 1499 1063 item
1515 1035 1576 1061 loco
1591 1043 1597 1060 :
1614 1043 1622 1059 ι
1635 1033 1751 1067 Propter

109 1080 162 1106 hoc
186 1079 288 1115 scripsi
308 1081 399 1114 vobis,
416 1086 446 1109 ut
461 1082 623 1118 intelligatis
651 1083 847 1117 probationem
882 1089 1014 1116 vestram,
1027 1084 1050 1112 si
1067 1084 1095 1111 in
1115 1084 1245 1111 omnibus
1272 1083 1435 1111 obedientcs
1449 1082 1516 1110 estis
1532 1082 1566 1108 τ’.
1587 1090 1596 1106 ι
1614 1080 1721 1106 Rursus
1741 1087 1746 1104 ε

111 1135 120 1151 ι
138 1126 238 1154 Vestra
264 1128 337 1155 enim
358 1128 518 1156 obedientia
550 1129 584 1156 ad
607 1137 704 1157 omnes
730 1131 857 1165 pervenit
881 1131 916 1158 ⁷³.
948 1140 958 1158 ι
983 1132 1018 1159 Ει
1033 1132 1067 1160 de
1081 1131 1197 1159 Domino
1219 1140 1225 1158 :
1248 1141 1257 1156 ι
1282 1131 1316 1158 Et
1336 1130 1448 1166 quidem
1463 1137 1525 1157 cum
1547 1133 1619 1155 esset
1652 1127 1749 1157 Filius,

109 1173 209 1201 didicit
231 1182 266 1202 ex
292 1175 326 1203 iis
358 1184 420 1211 qua:
437 1184 535 1212 passus
551 1182 604 1208 est,
620 1177 822 1210 obedientiam,
851 1182 879 1205 et
904 1182 1115 1206 consummatus
1149 1178 1238 1206 factus
1263 1182 1305 1206 est
1337 1177 1467 1205 omnibus
1495 1173 1748 1210 obtemperantibus

108 1220 174 1253 sibi,
195 1229 280 1249 causa
303 1222 400 1249 salutis
415 1228 527 1250 aeternae
545 1223 580 1250 ⁷⁸.
603 1233 612 1248 ι
635 1224 769 1251 Dominus
794 1224 915 1259 denique
935 1225 995 1252 ait:
1015 1235 1024 1251 ι
1046 1225 1182 1252 Descendi
1193 1225 1227 1252 de
1240 1225 1320 1256 caelo.
1338 1232 1394 1252 non
1415 1228 1445 1252 ut
1465 1223 1561 1251 faciam
1579 1223 1749 1249 voluntatem

111 1276 212 1301 meam,
224 1268 274 1297 sed
287 1270 456 1297 voluntatem
466 1270 536 1306 ejus,
548 1269 595 1305 qui
606 1270 680 1298 misit
692 1279 746 1304 me,
759 1270 847 1299 Patris
863 1271 885 1288 ⁷⁵
908 1281 914 1298 :
929 1281 938 1298 ι
962 1271 1005 1299 cui
1023 1275 1052 1298 et
1074 1271 1161 1307 gloria
1184 1275 1213 1299 et
1230 1271 1377 1306 imperium
1396 1271 1424 1298 in
1453 1270 1552 1298 saecula
1575 1268 1748 1296 seculorum.

113 1314 216 1342 Amen.

423 1373 534 1400 ΛΟΓΟΣ
547 1373 592 1400 Μ’.

364 1428 433 1463 Περὶ
441 1430 658 1465 συκοφαντίας.

149 1485 246 1512 Δεινδν
266 1485 296 1512 τὸ
315 1486 365 1521 τῆς
380 1487 566 1522 συκοφαντίας
581 1487 679 1520 πάθος,
703 1488 804 1522 μᾶλλον
819 1489 847 1515 δὲ
862 1489 910 1516 καὶ

112 1531 283 1563 διαῦο).ικδν,
297 1532 368 1559 κατὰ
384 1532 414 1558 τὺ
436 1533 500 1568 περὶ
515 1533 598 1560 αὐτοῦ
614 1534 643 1560 ὲν
658 1535 784 1569 Ψαλμοῖς
796 1535 909 1570 εἰρημέ-

114 1585 160 1604 νον
172 1585 180 1593 ο
198 1577 384 1605 Ταπεινώσει
403 1578 612 1613 συκοφάντην.
628 1580 774 1608 ’Λσπονδοι
793 1581 848 1616 γὰρ
864 1580 909 1608 δν-

113 1630 160 1654 τες
186 1623 237 1649 καὶ
261 1623 417 1658 θεοστυγεῖς
438 1624 463 1651 οε
487 1625 677 1659 συκοφάνται,
702 1626 844 1658 κοινωνοὶ,
862 1626 910 1653 καὶ

1246 1373 1388 1402 HOMILIA
1408 1373 1466 1400 XL.

1254 1431 1294 1458 De
1315 1430 1463 1458 calumnia.

997 1489 1126 1516 Pervicax
1144 1493 1171 1516 et
1186 1488 1316 1523 perplexa
1331 1492 1373 1515 est
1389 1486 1498 1514 all‘ectio
1516 1486 1573 1512 haec
1587 1483 1750 1515 calumniae;

959 1535 1053 1562 verius
1067 1535 1182 1562 dixerint
1198 1542 1258 1562 esse
1274 1533 1450 1564 diabolicam.
1469 1531 1622 1560 secundum
1638 1531 1664 1558 id
1677 1530 1752 1565 quod

961 1581 995 1608 de
1008 1589 1039 1608 ea
1054 1581 1081 1607 in
1099 1580 1212 1608 Psalmis
1223 1579 1329 1607 dictum
1344 1583 1386 1606 est
1404 1587 1410 1605 :
1427 1577 1585 1605 Humilinbit
1599 1575 1750 1602 calumnia-

961 1627 1091 1653 tor-em".
1121 1626 1201 1653 Tales
1232 1625 1335 1652 nemini
1370 1623 1563 1653 conciliantur,
1590 1621 1666 1648 inlidi
1687 1628 1751 1648 cum

114 1668 299 1702 συμμέτοχοι,
315 1668 362 1695 καὶ
379 1669 483 1703 συγκλη
488 1669 596 1704 ρονὸμοι
607 1669 728 1704 γίνονται
741 1671 797 1702 τοῖς
806 1670 908 1705 προδώ-

962 1673 1027 1703 sint.
1042 1676 1070 1699 et
1083 1679 1133 1706 per
1148 1671 1210 1703 hoc,
1225 1671 1280 1698 Dco
1293 1670 1372 1697 invisi
1386 1669 1514 1697 maxime.
1531 1668 1642 1695 Illorum
1654 1674 1752 1694 accen-

110 1720 196 1738 κασιν
211 1713 260 1738 καὶ
272 1712 462 1747 σταυρώσασιν
474 1712 523 1748 τὴν
538 1712 668 1747 ἀλήθειαν
678 1721 684 1728 ·
700 1713 850 1745 τουτέστιν,
866 1713 912 1740 τὸν

114 1758 222 1793 Κύριον
248 1758 325 1792 ἡμῶν
350 1758 456 1793 Ἰησοῦν
475 1758 605 1794 Χριστόν.
626 1768 635 1784 ι
660 1757 731 1792 Ἐγὼ
755 1758 810 1795 γάρ
835 1759 910 1794 είμι,

113 1803 212 1838 φησὶν,
230 1804 248 1838 ἡ
261 1803 375 1838 ἀλήθεια
389 1823 396 1836 ,
410 1803 458 1831 καὶ
473 1804 490 1839 ἡ
504 1803 573 1839 ζωή.
591 1812 601 1830 ι
621 1803 847 1840 Παρακελεύιται
865 1802 913 1832 οὖν

112 1850 127 1875 ό
142 1849 228 1884 νόμος
244 1848 342 1883 λέγων,
357 1849 414 1876 Οὐκ
430 1849 546 1884 ἐμμένει
564 1849 671 1886 μάρτυς
687 1847 728 1881 εἷς
739 1849 811 1876 κατὰ
822 1851 913 1877 πᾶσαν

113 1895 227 1922 ἀδικίαν
239 1896 288 1922 καὶ
304 1896 444 1931 ἁμαρτίαν
460 1896 493 1931 ἢν
505 1897 642 1931 ἥμαρτεν.
657 1905 667 1922 ι
687 1896 751 1923 Ἐπὶ
767 1896 912 1931 στόματος,

113 1941 201 1976 φησιν
215 1961 223 1972 ,
243 1940 292 1967 δύο
307 1940 324 1976 ἦ
338 1941 422 1975 τριιῖιν
444 1940 595 1976 μαρτύρων
611 1941 777 1976 σταθήσεται
796 1942 850 1968 πᾶν
866 1941 914 1976 ῥῆ-

115 1995 165 2022 μα.
187 1995 198 2012 ι
226 1986 256 2012 '0
279 1985 307 2012 δὲ
330 1985 418 2012 Σαοὺλ
438 1986 704 2020 παρακρουσάμενος
727 1986 777 2020 τὴν
803 1986 914 2022 ἐντολὴν

113 2033 236 2067 ταύτην,
246 2031 310 2062 τοὺς
320 2031 495 2066 τριακοσίους
508 2032 591 2066 ἱερεῖς
600 2032 648 2058 τοῦ
664 2033 768 2067 Κυρίου
785 2033 915 2060 ἀπέκτει-

113 2087 160 2105 νεν
178 2076 228 2104 διὰ
251 2076 301 2110 τῆς
326 2076 483 2112 μαρτυρίας
499 2076 560 2109 ἑνὸς
583 2078 753 2112 συκοφάντου
766 2078 846 2114 Δωὴκ
863 2078 911 2106 τοῦ

114 2124 220 2159 Σύρου.
243 2122 302 2149 Καὶ
319 2120 408 2154 αὖθις’
427 2131 437 2148 ι
451 2122 488 2149 οὐ
515 2123 717 2158 συκοφαντήσει
737 2124 854 2156 ἕκαστος
869 2125 915 2152 τὸν

113 2168 238 2204 πλησίον
249 2167 344 2195 αὑτοῦ.
361 2176 370 2193 ι
384 2168 689 2204 ΚαὶὸΠαροιμιαστής’
707 2178 717 2195 ι
740 2169 771 2196 Ὀ
783 2178 916 2204 συκοφαν-

113 2215 171 2242 τῶν
185 2215 307 2249 πένητα,
328 2213 475 2250 παροξύνει
487 2214 533 2241 τὸν
549 2215 703 2250 ποιήσαντα
717 2215 810 2242 αὐτόν.
835 2225 844 2241 ι
859 2215 916 2242 Kal

113 2261 239 2296 ἐπάγει·
270 2270 280 2287 ι
316 2260 386 2293 Δόξα
410 2261 489 2296 ἀνδρὶ
517 2261 739 2297 ἀποστρέφεσθαι
769 2262 915 2298 λοιδορίας.

114 2308 175 2339 na;
187 2307 218 2334 δὲ
234 2307 330 2341 ἄφρων
342 2306 448 2339 τούτοις
463 2307 701 2343 συμπλακήσεται.
717 2317 726 2333 ι
737 2299 766 2335 ίΟ
781 2308 809 2335 δὲ
822 2309 914 2336 Δαυϊδ·

117 2363 127 2379 ι
157 2337 245 2388 ’ἐμοὶ
261 2337 311 2387 μὲν
325 2337 452 2388 είρηνικά
466 2337 589 2384 ἐλάλουν,
604 2337 651 2380 καὶ
667 2354 710 2380 ἐπ’
723 2354 808 2390 ὀργὴν
823 2354 916 2386 δόλους
932 2337 954 2365 D

113 2400 316 2434 διελογίζοντο.
341 2408 350 2425 ι
379 2400 434 2426 Kal
458 2399 539 2431 αὐτὸς
568 2399 717 2435 ἐπεύχεται
744 2399 917 2435 λυτρωθῆναι

114 2446 174 2473 ἀπὸ
191 2445 382 2480 συκοφαντίας
396 2445 549 2481 ἀνθρώπων
559 2454 568 2462 ο
581 2445 629 2472 καὶ
650 2446 851 2480 ἐπαγγέλλεται
866 2453 918 2480 φυ-

114 2492 238 2519 λάσσειν
259 2490 310 2522 τὰς
323 2491 434 2522 ὲντολὰς
450 2490 545 2518 αὑτοῦ.
562 2491 618 2518 Kal
633 2489 712 2522 αὖθις
724 2498 731 2506 ·
747 2500 757 2517 ι
776 2490 918 2517 Σκέπασόν

117 2546 154 2572 με
179 2536 240 2563 ἀπὸ
264 2535 447 2570 συκοφαντίας
458 2535 625 2571 ἀνθρώπων,
642 2536 690 2562 καὶ
706 2536 860 2571 συστροφῆς
872 2544 920 2562 πο-

115 2580 331 2617 νηρευομένων,
357 2580 384 2607 οἶ
406 2589 479 2612 ’τινες
500 2581 638 2615 ἠκόνησαν
659 2581 697 2612 ὡς
711 2581 857 2616 ῥομφαίαν
872 2579 920 2612 τὰς

115 2627 255 2661 γλώσσας
276 2625 378 2652 αὐτῶν.
398 2635 408 2652 ι
425 2627 480 2652 Kal
502 2626 610 2659 ἐπάγει·
628 2634 637 2652 ι
656 2626 800 2661 Μακάριος
812 2625 882 2661 ἀνὴρ
899 2622 921 2658 ᾦ

113 2674 148 2700 οὗ
167 2674 209 2708 μὴ
224 2671 370 2706 λογίσηται
386 2672 488 2706 Κύριος
500 2672 641 2707 ἁμαρτίαν
652 2692 659 2704 ,
676 2672 737 2699 οὺδέ
749 2673 823 2698 ἐστιν
838 2672 867 2698 ὲν
882 2671 920 2706 τῷ

116 2719 242 2754 στόματι
269 2717 352 2744 αὑτοῦ
368 2717 452 2749 δόλος.
472 2727 481 2744 ι
508 2718 563 2744 Kal
579 2718 676 2749 ἄλλος’
699 2727 708 2744 ι
734 2718 765 2744 ὐ
783 2725 920 2751 συκοφαν-

115 2764 175 2791 τῶν
192 2763 308 2798 πτωχὸν
321 2783 329 2796 ,
343 2764 429 2790 πολλὰ
442 2765 515 2790 ποιεῖ
526 2764 561 2790 τὰ
583 2763 680 2792 ἑαυτοῦ
696 2764 783 2794 κακά.
806 2773 816 2789 ι
835 2763 891 2790 Kal
906 2765 920 2790 ὁ

963 1715 1041 1743 sendi
1055 1720 1120 1743 sunt
1136 1715 1287 1745 consortio,
1299 1713 1457 1749 participio,
1478 1721 1528 1740 nec
1539 1713 1641 1747 dispari
1663 1712 1752 1739 haereo

964 1759 1058 1792 dilati,
1079 1759 1126 1794 qui
1145 1759 1290 1787 veritatem
1311 1759 1399 1793 ipsam
1417 1757 1600 1793 perﬁdissime
1619 1756 1752 1791 prodide-

963 1808 1039 1835 runt.
1058 1803 1177 1839 denique
1190 1803 1265 1831 cruci
1281 1803 1444 1835 aﬂixerunt,
1467 1802 1519 1829 hoc
1532 1806 1584 1834 est,
1605 1801 1752 1828 Dominum

964 1854 1089 1877 nostrum
1108 1849 1201 1877 Iesum
1212 1849 1365 1877 Christum.
1381 1849 1441 1884 Ipse
1456 1848 1530 1876 enim
1553 1847 1624 1875 dixit
1641 1855 1647 1874 :
1668 1856 1676 1872 ι
1697 1846 1754 1881 Ego

965 1903 1025 1923 sum
1045 1896 1149 1923 veritas
1161 1901 1188 1923 et
1205 1896 1261 1923 vita
1272 1896 1305 1922 ⁷⁷.
1324 1904 1333 1920 ι
1351 1895 1435 1922 Cavet
1449 1895 1522 1921 enim
1534 1893 1576 1921 lex
1590 1901 1624 1920 ne
1642 1901 1713 1920 unus
1726 1897 1756 1920 et

964 1941 1040 1968 solus
1053 1941 1185 1968 consistat
1199 1941 1287 1973 testis,
1301 1941 1333 1968 ad
1347 1940 1550 1975 perhibendum
1564 1939 1754 1966 testimonium

965 1986 1099 2014 adversus
1116 1991 1261 2021 peccatum
1281 1993 1363 2013 omne
1387 1992 1443 2020 quo
1459 1985 1522 2019 quis
1535 1984 1670 2019 peccavit.
1694 1991 1704 2009 ι
1725 1983 1754 2010 ln

965 2040 1026 2065 ore,
1047 2033 1098 2065 ait,
1119 2032 1237 2059 duorum
1262 2036 1310 2059 aut
1337 2032 1420 2059 trium
1445 2030 1556 2058 testium
1578 2030 1755 2057 stabitomne

965 2077 1083 2105 verbum
1098 2078 1132 2105 ".
1164 2087 1172 2104 ι
1193 2077 1248 2105 Sed
1265 2081 1294 2104 et
1320 2076 1397 2109 Saul,
1421 2080 1590 2111 prmceptum
1614 2075 1668 2102 hoc
1691 2083 1756 2102 cum

965 2122 1052 2150 veluti
1069 2123 1179 2158 objecto
1191 2122 1286 2150 cubito
1305 2130 1321 2149 a
1334 2130 1362 2149 se
1374 2121 1473 2149 luisset
1485 2121 1616 2148 amolitus
1627 2128 1660 2147 ac
1674 2127 1758 2153 repu-

965 2167 1080 2200 diasset,
1096 2167 1129 2195 ad
1153 2167 1236 2195 unius
1256 2166 1432 2203 sycophantae
1447 2166 1522 2201 Doeg
1547 2165 1609 2200 Syri
1629 2164 1758 2192 testimo-

966 2214 1055 2246 nium,
1080 2217 1235 2242 tercentum
1260 2213 1421 2240 sacerdotes
1444 2211 1552 2239 Domini
1578 2211 1696 2246 peremit
1722 2211 1754 2236 τ’.

967 2260 1074 2288 Rursus
1098 2259 1189 2287 edicto
1209 2263 1297 2291 cavet,
1321 2266 1357 2286 ne
1380 2258 1443 2293 quis
1467 2258 1593 2292 proximo
1613 2265 1664 2285 suo
1677 2257 1758 2284 faciat

969 2306 1145 2334 calumniam.
1164 2305 1358 2333 Parcemiastes
1370 2304 1436 2331 item
1453 2313 1459 2330 :
1476 2313 1486 2330 ‹
1506 2303 1558 2336 Qui
1572 2303 1759 2331 calumniatur
1790 2333 1792 2335 ς

968 2359 1131 2387 pauperem,
1157 2350 1308 2379 exaccrbat
1323 2357 1386 2377 eum
1402 2350 1450 2385 qui
1464 2349 1528 2376 fecit
1539 2349 1616 2376 illum
1633 2348 1668 2375 '°.
1690 2357 1699 2374 ι
1715 2348 1760 2375 ln-

967 2398 1044 2425 ducit
1061 2406 1068 2424 :
1090 2406 1099 2423 ι
1114 2397 1208 2425 Gloria
1224 2401 1267 2424 est
1284 2396 1345 2424 viro
1356 2395 1404 2431 qui
1422 2395 1523 2423 avertit
1535 2402 1564 2422 se
1579 2403 1594 2422 a
1609 2394 1756 2426 conviciis,

967 2443 1016 2478 qui
1039 2447 1132 2470 autem
1156 2442 1319 2477 imprudens
1340 2446 1383 2469 est
1409 2441 1613 2468 immiscebitur
1631 2441 1675 2468 his
1694 2440 1728 2467 ⁸¹.
1747 2450 1756 2466 ι

968 2489 1054 2517 David
1069 2498 1076 2516 :
1098 2499 1107 2514 ι
1124 2488 1189 2516 Mihi
1206 2488 1318 2523 quidem
1332 2487 1446 2522 paciﬁce
1463 2487 1648 2521 loquebantur
1661 2507 1668 2519 ,
1689 2490 1717 2514 et
1731 2486 1760 2513 in

969 2535 1114 2563 iracundia
1130 2534 1209 2562 dolos
1221 2533 1381 2569 cogitabant
1395 2534 1429 2561 θ’.
1450 2544 1458 2560 ι
1477 2534 1552 2562 ldcm
1568 2533 1684 2568 supplex
1699 2537 1761 2560 orat

970 2581 1053 2608 eximi
1063 2581 1121 2608 sive
1135 2580 1234 2608 redimi
1245 2588 1260 2606 a
1272 2579 1418 2607 calumniis
1431 2579 1587 2612 hominum,
1601 2583 1684 2614 atque
1696 2579 1761 2606 hinc

971 2627 1108 2661 promisso
1131 2626 1280 2660 obstringit
1291 2633 1321 2653 se
1337 2625 1370 2652 ad
1386 2626 1541 2653 custodiam
1569 2625 1762 2652 mandatorum

971 2672 1031 2699 Dei.
1044 2673 1165 2699 Rursum
1182 2663 1193 2698 τ’
1206 2680 1215 2697 ι
1230 2672 1346 2707 Protcge
1360 2679 1403 2699 me
1417 2679 1431 2698 a
1447 2676 1586 2699 conventu
1607 2671 1760 2706 malignan—

972 2717 1039 2745 tium
1056 2738 1063 2750 ,
1080 2727 1089 2743 ι
1108 2718 1156 2752 qui
1171 2717 1284 2752 quidem
1304 2726 1313 2743 ι
1331 2721 1502 2745 exacuerunt
1525 2722 1555 2744 ut
1571 2716 1692 2752 gladium
1708 2716 1762 2742 lin-

969 2771 1037 2799 guas
1051 2771 1114 2791 suas
1126 2764 1159 2791 ³³.
1177 2773 1187 2789 ›
1204 2763 1333 2792 lnducit:
1351 2772 1360 2789 ι
1376 2763 1476 2790 Beatus
1489 2762 1531 2789 vir
1544 2762 1588 2789 cni
1598 2769 1652 2788 non
1671 2761 1760 2795 impn-

155 2842 181 2858 “
197 2840 345 2876 1:14.71,an
361 2839 404 2872 1'5.
423 2838 467 2867 11.
496 2840 526 2876 7"
540 2840 620 2868 Prov.
633 2842 706 2876 mli,
717 2843 744 2871 6.
752 2841 773 2856 “
782 2841 862 2867 Prov.
877 2848 934 2873 χιχ,
953 2840 997 2868 16.
1035 2841 1057 2856 "
1076 2841 1167 2868 Ecclc.
1181 2839 1286 2876 vm.75.
1322 2839 1348 2876 ff
1360 2839 1460 2876 [Βίην.
1484 2845 1517 2876 n_._
1536 2838 1579 2876 131.
1618 2837 1664 2876 °°_[
1678 2837 1751 2876 Petr.

119 2885 150 2907 ιι,
171 2876 218 2906 18.
262 2875 285 2890 ⁷⁸
302 2875 404 2910 Ephes.
428 2883 464 2908 vr,
491 2875 517 2902 1.

119 2920 160 2943 vr.
175 2912 226 2940 58.
268 2909 291 2926 "
308 2910 380 2938 Psal.
397 2918 468 2941 uxr.
482 2911 508 2938 4.
566 2911 588 2926 ’⁷
608 2911 688 2939 Joan.
702 2919 756 2942 xxv.
769 2911 795 2938 6.

555 2876 575 2890 ⁷¹
592 2875 704 2904 illid.5.'
733 2875 789 2902 "ll
808 2876 871 2904 Cor.
887 2884 916 2902 ιι.
938 2876 964 2903 9.
1004 2876 1027 2892 "
1045 2876 1125 2902 Rom.
1149 2883 1208 2905 xvt.
1227 2875 1269 2901 19.

566 2911 588 2926 '”
608 2911 688 2938 Joan.
702 2919 756 2938 xxv.
769 2911 795 2938 6.
852 2911 874 2926 "
900 2910 976 2938 Dcul.
988 2918 1043 2938 nx.
1056 2911 1097 2938 15.
1171 2911 1192 2927 "
1209 2911 1217 2938 Ι
1235 2910 1269 2937 Rc

922 2918 976 2938 cut.
988 2918 1043 2945 xtx,
1056 2918 1097 2940 ιῐ).

1321 2874 1345 2890 ⁷⁵
1361 2874 1444 2901 llebr.
1461 2881 1487 2905 ν,
1503 2873 1519 2898 8
1532 2893 1539 2901 ,
1560 2873 1586 2899 9.
1642 2873 1664 2887 ⁷³
1677 2872 1758 2900 Jozm.

1171 2911 1192 2927 "
1209 2911 1217 2938 l
1235 2910 1302 2944 Reg.
1324 2917 1388 2942 xxu,
1403 2909 1443 2936 l8.
1500 2907 1522 2923 ⁸⁰
1539 2907 1616 2934 Prov.
1634 2915 1696 2941 ιλιι,
1717 2907 1758 2936 ιδ.

119 2948 140 2963 ⁸¹
163 2948 254 2976 Prov.
277 2952 321 2978 xx,
333 2945 360 2973 ὅ.
398 2947 420 2962 "
437 2946 507 2974 Psal.
521 2953 610 2978 xxxiv,
625 2946 670 2973 20.
715 2947 738 2962 "
753 2946 824 2974 Psnl.
840 2953 913 2978 Lxm,
927 2946 954 2978 5,
971 2946 996 2972 .1.
