1986 3255
260 220 327 252 1.2719

877 226 1059 257 ANTIOCHI
1081 229 1253 259 MONACHI

1826 225 1837 256 1
1843 227 1895 258 560

258 281 326 307 tabit
345 278 476 306 Dominus
492 286 646 315 precatum,
666 288 754 315 neque
767 286 809 308 est
823 282 850 308 in
864 291 913 309 ore
925 283 986 318 ejus
1002 283 1046 310 do-

1104 286 1310 321 Παροιμιαστής
1323 295 1417 321 φησιν·
1435 295 1444 310 ι
1472 285 1608 320 Ἀνδρεῖος
1624 284 1652 310 ἒν
1670 283 1794 315 ἁσεῦεία,
1812 292 1897 310 coxo-

257 326 298 352 Ius
311 325 343 351 ".
367 335 376 351 ι
399 324 476 351 Alius
495 334 502 351 :
519 334 527 350 ι
543 325 594 357 Qui
612 325 779 353 calumniam
805 328 905 354 astruit
919 329 1046 363 pauperi,

255 375 385 405 aggravat
401 378 450 396 sua
468 370 555 404 ipsius
566 376 688 405 peccata.
709 381 718 396 ι
733 372 928 400 Parmmiastcs
945 383 951 400 :
971 384 979 399 ι
995 374 1047 407 Qui

256 416 289 442 ad
307 416 476 450 impietatem
490 416 570 443 fortis
585 422 636 449 est,
649 418 834 445 calumniatur
851 427 987 454 pauperes
995 421 1044 448 “.I

257 461 359 488 lterum
378 470 383 487 :
401 471 410 486 σ
435 461 490 489 Leo
507 462 652 494 esuriens,
667 467 696 490 et
715 464 797 499 lupus
811 464 909 492 sitiens
918 465 950 496 ⁸⁸,
974 475 982 490 ι
999 466 1046 500 qui

256 514 319 532 cum
337 506 364 532 fit
376 514 491 540 panper,
506 507 649 542 tyrannide
664 511 765 542 premit
775 514 883 544 gentem
895 518 1049 545 paupercu-

257 551 356 579 lnrum.
375 552 480 587 1092
506 553 562 579 Et:
582 562 590 578 ι
621 553 678 580 [lex
703 555 829 590 indigens
853 561 1046 590 proventuum,

257 606 372 632 magnus
384 603 425 625 est
441 598 636 626 calumniator.
660 609 669 625 ι
689 600 722 627 Et
736 610 741 626 :
762 610 771 626 ί
789 601 840 634 Qui
856 601 926 628 fodit
940 602 1047 630 foveam

257 643 392 677 proximo,
413 644 517 671 incidet
531 645 557 671 in
571 653 632 672 eam
646 645 679 674 ³⁷.
700 656 709 671 ι
727 646 908 674 Ecclesiastes
927 656 934 673 :
949 657 957 672 ι
975 648 1048 674 Con-
1070 666 1073 669 .

256 688 326 716 verti
357 697 409 724 ego
435 697 489 722 me,
519 694 548 716 ct
576 690 632 717 vidi
652 691 796 719 universas
812 692 965 720 calumnias
987 702 1048 728 quae

257 735 325 762 liunt
348 735 400 762 sub
420 737 488 767 sole,
513 741 541 763 et
553 744 617 764 ecce
632 738 760 773 lacryma:
770 747 866 766 eorum
885 740 932 774 qui
952 741 1047 775 oppri-

256 784 370 808 muntur
396 782 562 814 calumniis,
593 788 620 810 et
657 792 710 811 non
738 789 781 811 est
813 785 860 820 qui
890 786 1049 813 consoletur

255 835 304 854 eos
316 826 348 854 ³⁸.
366 838 374 853 ι
390 828 514 855 Rursus:
527 839 536 854 ι
552 829 721 863 Circumagit
732 838 763 857 ac
776 831 923 865 perturbat
938 832 1047 866 sapien-

257 878 321 904 tem.
344 877 371 900 ct
388 873 481 908 perdit
507 875 722 908 generositatem
743 876 804 911 ejus
827 877 861 903 ".
880 886 889 902 ι
914 877 1048 905 Dominus

255 922 346 945 autem
369 928 377 943 ι
397 919 493 946 Salvos
505 919 589 947 faciet
603 919 674 948 ﬁlios
688 929 852 956 pauperum,
870 926 899 949 et
915 922 1048 950 humilia-

256 963 295 990 bit
311 964 540 992 calumniatorem
561 966 593 992 ὀ.
617 975 626 990 ι
650 966 868 994 Ριωιιιυιιίιιιηιιε
893 967 977 1002 igitur
996 976 1047 995 nos

255 1009 340 1043 ipsos,
362 1009 460 1037 fratres
475 1011 541 1042 mei,
555 1010 688 1038 adversus
706 1011 884 1044 calumniam,
900 1013 974 1040 nulla
991 1021 1046 1040 non

253 1056 296 1082 sui
309 1060 386 1090 parte
402 1057 578 1090 pestilentem
595 1064 626 1084 ac
642 1057 823 1092 perniciosam
834 1078 840 1090 ,
853 1065 949 1085 eorum
959 1059 1046 1086 atroci

254 1102 392 1137 supplicio
422 1103 558 1135 exterriti,
579 1103 626 1138 qui
653 1103 843 1131 ambitiosiore
869 1104 962 1131 studio
986 1111 1046 1132 eam

252 1148 448 1175 cxcoluerunt.
478 1148 634 1176 Adversum
663 1148 734 1176 hanc
763 1149 894 1176 melieum
919 1149 987 1176 illud
1018 1155 1048 1177 et

254 1202 387 1229 perquam
402 1202 486 1222 suave
502 1195 580 1222 Pauli
600 1195 715 1222 verbum
733 1203 796 1222 cuin
814 1195 911 1223 eodem
923 1196 1048 1224 cantille-

254 1247 338 1267 mus:
373 1250 381 1266 ι
414 1241 640 1268 Persecutionem
667 1241 799 1276 patimur,
823 1246 851 1268 et
866 1241 1046 1273 sustinemus,

255 1286 491 1321 blasphemamur.
513 1291 542 1314 et
565 1287 743 1314 obsecramus
757 1307 764 1319 .
791 1293 921 1322 tanquam
947 1295 1048 1322 purga-

253 1338 346 1360 menta
372 1332 468 1360 mundi
502 1332 566 1360 facti
592 1340 701 1362 sumus.
733 1332 857 1360 omnium
892 1332 1048 1368 peripsema

253 1386 340 1413 usque
350 1378 441 1406 adhuc
451 1379 490 1405 "z
505 1389 514 1404 ι
527 1383 557 1406 ut
566 1387 599 1406 ne
609 1387 672 1406 cum
683 1378 786 1406 ludatis
793 1379 840 1414 qui
852 1378 994 1406 Christum
1008 1379 1050 1406 in-

253 1424 332 1451 fenso
347 1429 432 1460 atque
450 1425 544 1452 hostili
558 1425 676 1452 oderant
691 1425 796 1457 animo,
810 1424 933 1459 compari
950 1425 1050 1451 multe-

251 1478 316 1497 mnr
341 1470 530 1499 damnatione.
559 1472 606 1499 Isti
625 1472 659 1499 ad
682 1472 800 1499 Pilatum
817 1479 879 1498 cum
895 1471 1050 1503 venissent,

1097 332 1196 365 φαντεῖ
1210 331 1346 366 πτωχούς.
1374 341 1383 357 ι
1403 332 1459 358 Καὶ
1475 331 1557 358 πάλιν
1569 339 1575 344 ·
1596 339 1605 356 ι
1621 330 1696 356 Λέων
1712 329 1829 360 πεινῶν,
1846 330 1897 356 καὶ

1097 376 1178 409 λύκος
1191 377 1287 412 διψῶν,
1306 387 1314 402 ι
1334 377 1362 409 ὃς
1379 378 1517 413 τυραννεῖ,
1531 376 1639 411 πτωχὺς
1652 375 1706 408 ὣν,
1724 375 1752 402 ει
1760 383 1802 406 νος
1817 384 1897 402 mw

1099 423 1176 458 χρόν.
1194 423 1258 450 Καιι
1270 433 1278 448 ι
1291 423 1425 454 Βασιλεὺς
1436 423 1527 458 ἐνδεὴς
1544 422 1693 456 προσόδων,
1710 421 1798 455 μέγας
1813 428 1899 447 συκο-

1097 469 1212 504 φάντης.
1245 479 1254 494 ι
1274 469 1338 495 Καί·
1355 479 1364 495 ‹
1386 469 1416 495 '0
1436 469 1563 504 ὀρύσσων
1591 467 1686 501 βόθρον
1709 466 1748 501 τῷ
1773 466 1896 501 πλησίῳ,

1097 515 1259 549 ἐμπεσεῖται
1273 515 1313 546 εις
1323 515 1415 542 αὐτόν.
1428 524 1437 540 ι
1447 515 1501 541 Καὶ
1515 515 1529 540 ό
1549 513 1768 548 Ἐκκλησιαστῆς
1778 520 1784 526 ·
1798 521 1808 537 ε
1830 512 1897 538 Ἐπ-

1099 560 1219 595 έστρεψα
1241 560 1308 594 ἐγὼ,
1328 560 1376 586 καὶ
1395 561 1450 586 ἴδον
1467 560 1558 590 πάσας
1575 559 1624 590 τὰς
1645 558 1832 592 συκοφαντίας
1844 557 1897 588 τὰς

1098 606 1249 640 γενομένας
1266 606 1318 632 ὑπὸ
1337 606 1383 632 τὸν
1396 606 1472 640 ἥλιον
1484 614 1490 620 ·
1513 606 1562 632 καὶ
1578 605 1634 632 ἰδοὺ
1649 605 1756 639 δάκρυα
1769 603 1827 629 τῶν
1845 611 1897 629 συ-

1098 652 1343 686 κοφαντουμένων·
1361 652 1408 679 καὶ
1435 652 1488 678 οὒκ
1513 651 1588 678 ἔστιν
1609 651 1709 681 αὐτοὺς
1731 650 1745 676 ὀ
1761 657 1896 685 rapax:-

1097 697 1162 724 λῶν.
1191 707 1200 723 ι
1217 698 1273 724 Καὶ
1291 696 1370 730 αὖθις
1383 705 1390 712 '
1417 707 1426 723 ι
1450 698 1482 724 Ἦ
1500 696 1668 730 συκοφαντία
1687 695 1833 730 περιφέρει
1851 703 1897 720 σο-

1099 741 1159 776 φὸν,
1175 742 1222 768 καὶ
1233 741 1362 769 ἀπολλύει
1374 742 1422 777 τὴν
1439 742 1554 777 καρδίαν
1569 741 1708 774 εὐγενείας
1726 739 1821 766 αὐτοῦ.
1844 749 1854 765 ι
1866 739 1896 766 '0

1098 786 1126 812 δὲ
1141 787 1242 822 Κύριος
1260 796 1269 812 ι
1290 787 1371 813 σώσει
1389 787 1454 818 τοὺς
1467 787 1542 817 υἱοὺς
1557 785 1611 812 τῶν
1629 786 1764 820 πενήτων.
1780 785 1831 810 καὶ
1844 793 1895 810 τα-

1099 831 1227 858 πεινώσει
1242 832 1424 867 συκοφάντην.
1438 841 1446 858 ι
1464 831 1691 865 Ἀσφαλισώμεϐα
1701 828 1748 857 οὖν
1764 830 1895 861 ἑαυτοὺς.

1098 876 1209 911 ἀδελφοὶ
1223 897 1231 908 ,
1254 877 1308 904 ἀπὸ
1333 878 1383 912 τῆς
1398 877 1544 911 παγκὰκου
1561 876 1756 910 συκοφαντίας,
1771 875 1896 905 δεδιότες

1099 922 1149 957 τὴν
1164 923 1266 958 πικρὰν
1284 923 1394 950 κόλασιν
1411 923 1467 949 τῶν
1479 922 1582 957 ταύτην
1599 921 1758 956 μετιόντων.
1771 921 1897 947 Τοῦναν-

1097 968 1154 994 τίον
1169 967 1208 1000 δὲ,
1229 968 1262 994 τὰ
1280 968 1328 995 τοῦ
1345 968 1452 995 Παύλου
1465 989 1471 999 ,
1490 968 1539 995 σὺν
1555 967 1595 1002 τῷ
1609 967 1709 1001 Παύλῳ
1726 966 1897 1001 μελῳδήσω-

1097 1022 1159 1049 μεν·
1179 1024 1188 1040 ι
1206 1014 1416 1050 Λοιδοροὺμενοι
1432 1013 1608 1049 εὐλογοῦμεν,
1621 1013 1784 1047 διωκόμενοι
1797 1012 1897 1046 ἀνεχό-

1098 1059 1177 1094 μεθα,
1193 1059 1434 1095 βλασφημούμενοι
1452 1058 1676 1094 παρακαλοῦμεν.
1692 1057 1823 1092 Ὠσπερεὶ
1844 1066 1898 1082 κα-

1098 1104 1229 1140 θάρματα
1240 1104 1287 1132 τοῦ
1300 1105 1403 1140 κόσμου
1419 1105 1603 1140 ἐγενήθημεν,
1619 1104 1729 1130 πάντων
1744 1103 1897 1138 περίψημα

1095 1150 1149 1181 ἕως
1164 1150 1237 1185 ἄρτι.
1257 1160 1266 1177 ι
1290 1151 1336 1184 Mi)
1361 1149 1630 1184 συγκατακριθῶμεν
1648 1149 1704 1179 τοῖς
1727 1148 1896 1182 δυσμενέσιν

1096 1195 1203 1230 ἐχθροῖς
1218 1195 1265 1222 τοῦ
1278 1195 1408 1231 Χριστοῦ,
1430 1195 1570 1226 Ἰουδαίοις
1581 1203 1588 1209 ·
1609 1194 1709 1224 οἴτινες
1729 1193 1899 1226 προσελθόν-

1095 1250 1142 1273 τες
1164 1241 1202 1276 τῷ
1225 1242 1334 1276 Πιλὰτῳ
1345 1261 1353 1274 ,
1374 1240 1447 1268 κατὰ
1459 1241 1506 1267 τοῦ
1523 1240 1626 1276 Κυρίου
1639 1239 1743 1274 ἔλεγονσ
1766 1248 1776 1264 ‹
1792 1239 1899 1265 Τοῦτον

1097 1287 1221 1323 ηὒραμεν
1239 1287 1434 1322 διαστρέφοντα
1455 1286 1486 1312 τὺ
1507 1286 1593 1318 ἔθνος,
1607 1286 1655 1312 καὶ
1669 1285 1811 1312 κωλύοντα
1827 1285 1900 1310 Καί-

1099 1342 1161 1368 σαρι
1176 1333 1276 1359 διδόναι
1299 1332 1411 1367 φόρους,
1432 1332 1548 1366 λέγοντα
1569 1331 1665 1358 ἑαυτὸν
1683 1330 1802 1366 Χριστὸν
1818 1330 1900 1364 βασιο

1098 1379 1147 1405 λέα
1162 1376 1242 1405 εἶναι.
1266 1387 1274 1404 ι
1295 1377 1380 1408 Αὐτὸς
1397 1377 1425 1404 δὲ
1443 1378 1533 1404 πάντα
1550 1377 1589 1408 ὠς
1605 1376 1697 1412 ἀρνίον
1718 1376 1826 1403 ἄκακον
1845 1384 1900 1409 μα-

1100 1423 1245 1459 κροθύμως
1266 1423 1373 1459 ἔφερεν.
1398 1423 1479 1458 Αὐτῷ
1502 1423 1519 1458 ἡ
1545 1422 1609 1455 δόξα
1629 1423 1669 1454 εἰς
1695 1422 1760 1453 τοὺς
1779 1421 1898 1452 αἰῶνας.

1107 1471 1134 1496 Ἀ
1141 1470 1206 1504 μήν.

251 1522 359 1546 exserta
382 1527 448 1546 voce
465 1519 599 1546 adversus
614 1519 760 1546 Dominum
778 1517 908 1546 dicebant
925 1527 931 1544 ε
951 1527 960 1543 ι
984 1516 1062 1544 Hunc
1082 1516 1241 1544 invenimus
1259 1515 1468 1543 sttbvertentem
1494 1520 1614 1551 gentem,
1635 1519 1663 1542 et
1695 1514 1899 1550 prohibentem

255 1563 358 1590 tributa
380 1563 438 1591 dari
459 1564 572 1594 Caesari.
588 1565 727 1592 dicentem
752 1571 782 1592 se
795 1563 938 1592 Christum
973 1569 1066 1598 regem
1085 1569 1147 1589 esse
1158 1562 1182 1578 ”
1201 1570 1208 1588 :
1227 1571 1236 1586 ι
1255 1561 1314 1596 ipse
1328 1566 1420 1589 autem
1443 1565 1474 1588 ut
1504 1569 1591 1596 agnus
1607 1561 1753 1593 innocens,
1765 1560 1900 1595 longani-

252 1610 290 1637 ιιιὶ
310 1610 454 1638 tolerantia
469 1616 568 1638 cuncta
590 1610 757 1645 perferebat.
779 1611 835 1646 Ipsi
848 1610 935 1646 gloria
949 1609 977 1636 in
1000 1607 1101 1636 saecula
1117 1607 1215 1635 Amen.

536 1677 677 1705 llOSIlLlA
697 1677 763 1704 XLI.

578 1734 616 1761 De
633 1734 714 1768 furto.

1394 1674 1504 1701 ΛΟΓΟΣ
1521 1674 1590 1702 MA’.

1383 1731 1454 1765 Περὶ
1475 1730 1606 1765 κλοπῆς.

291 1791 400 1818 llzcmon
421 1790 466 1817 hic
488 1790 663 1824 improbandi
689 1790 756 1817 furti
783 1791 919 1825 reprobus
946 1792 1044 1819 artifex

1135 1785 1219 1820 Οὗτος
1242 1788 1256 1815 ό
1271 1787 1436 1822 κακότεχνος
1456 1787 1506 1822 τῆς
1520 1787 1625 1822 κλοπῆς
1646 1787 1767 1823 δαίμων,
1787 1789 1901 1824 πρῶτον

254 1835 374 1870 primum
383 1834 496 1870 quidem
507 1843 521 1861 a
534 1834 636 1861 vilibus
647 1838 674 1862 et
685 1834 792 1869 exiguis
801 1836 884 1863 rebus
894 1836 1048 1870 auspicium

254 1881 340 1908 sumit
361 1889 418 1908 sua:
446 1881 524 1908 artis.
554 1880 636 1915 Atqui
664 1881 796 1915 temporis
832 1889 980 1916 progressu
1013 1881 1048 1908 ad

254 1935 352 1963 magna
366 1927 469 1955 sensim
483 1927 658 1962 provehitur,
672 1934 703 1954 ac
718 1926 828 1954 tandctn
844 1927 871 1954 in
888 1927 1049 1955 difﬁcillima

254 1980 372 2008 qumque
386 1972 498 2000 desinit.
516 1972 618 1999 Eorum
630 1972 703 1999 enim
716 1979 778 2006 quae
795 1972 864 1999 fiunt
875 1972 1050 2007 unumquod-

255 2026 320 2053 quc,
335 2026 351 2046 a
370 2018 484 2045 minimo
502 2026 582 2045 suum
603 2018 678 2052 capit
696 2018 862 2047 exordium:
884 2018 930 2045 tibi
956 2025 1048 2046 autem

255 2074 287 2091 ra
301 2072 344 2092 res
359 2068 467 2099 stnnpta
486 2063 619 2098 paulatim
641 2063 771 2090 alimonia
786 2063 950 2096 adoleverit,
966 2072 1046 2098 gran-

256 2110 347 2138 descit
369 2111 426 2146 jam
456 2110 618 2145 quotidiana
646 2110 814 2137 accessione.
841 2110 949 2137 Malitite
973 2110 1048 2137 enim

257 2154 338 2182 istius
353 2153 582 2189 deploratissinne
594 2162 648 2184 ars.
674 2159 732 2181 rete
745 2154 883 2188 quoddam
903 2159 946 2181 est
971 2154 1049 2181 miris

258 2200 366 2228 Iecltnis
384 2200 533 2234 implexum
551 2204 579 2226 et
594 2199 749 2226 involutum
767 2208 773 2225 ς
788 2199 834 2234 qui
852 2199 945 2234 aliquo
961 2207 1048 2234 usque

257 2256 286 2274 se
311 2247 368 2282 jam
396 2247 461 2274 sivit
491 2246 544 2274 hoc
582 2245 718 2281 implicari
759 2245 877 2280 laqueo,
911 2245 1048 2280 siquidem

257 2298 405 2321 cunctetur
420 2298 448 2320 ct
461 2293 579 2328 negligat
597 2292 639 2319 liis
651 2292 727 2319 tricis
738 2292 876 2326 explicare
893 2299 922 2318 se
936 2295 963 2319 et
976 2291 1051 2318 evol-

258 2349 333 2372 ποτε,
349 2341 424 2367 omni
449 2348 512 2367 mox
526 2348 558 2367 ex
581 2343 658 2374 parte
684 2338 858 2372 astringitur.
883 2339 951 2365 Dum
975 2338 1049 2366 enim

257 2387 388 2410 extenuat
412 2383 478 2410 furti
498 2383 672 2418 gravitatem,
697 2389 790 2408 secum
806 2382 997 2409 admurmurat
1010 2387 1050 2409 ta-

258 2430 331 2456 citus
349 2438 355 2455 :
386 2436 471 2463 parva
491 2432 557 2455 sunt
577 2428 645 2459 lucc,
674 2427 742 2454 nihil
760 2427 818 2454 haec
837 2432 914 2460 sunt,
938 2435 993 2454 non
1009 2432 1051 2455 est

1102 1835 1152 1869 μὲν
1164 1834 1271 1870 μικρῶν
1283 1835 1338 1860 τῶν
1350 1833 1523 1869 πραγμάτων
1533 1834 1700 1869 ἁπάρχεται.
1715 1834 1773 1861 Καὶ
1792 1835 1900 1870 προῖὼν
1938 1843 1943 1846 ·

1100 1880 1140 1911 είς
1158 1879 1266 1914 μεγάλα
1283 1880 1329 1906 καὶ
1347 1879 1436 1914 παχέα
1451 1879 1610 1914 καταλήγει.
1627 1880 1682 1906 Καὶ
1697 1880 1754 1915 γὰρ
1772 1882 1822 1907 καὶ
1838 1882 1900 1908 ἔκα-

1101 1925 1223 1952 στοντῶν
1235 1925 1385 1961 γινομένων
1399 1925 1452 1952 ἀπὸ
1468 1925 1571 1960 μικροῦ
1584 1925 1815 1960 ἀπάρχεται,”καὶ
1828 1928 1899 1954 κατὰ

1102 1971 1185 2007 μέρος
1205 1972 1372 2007 τρεφόμενον
1397 1971 1532 2006 λαμϐάνει
1555 1971 1606 2006 τὴν
1627 1972 1765 2006 αὔξησιν·
1795 1973 1838 2000 ὅτι
1861 1973 1900 2000 δί-

1100 2017 1180 2044 κτυόν
1195 2017 1269 2043 ἔστιν
1283 2016 1452 2043 πολύπλοκον
1464 2016 1513 2051 τῆς
1526 2017 1624 2049 κακίας
1637 2017 1757 2051 μέθοδος.
1778 2018 1810 2045 '0
1824 2027 1900 2053 μερι-

1101 2062 1157 2094 κῶς
1171 2062 1334 2096 ἐμπλακεὶς,
1352 2063 1399 2089 ἐὰν
1423 2062 1560 2098 ἁμελήσῃ,
1578 2063 1763 2098 περιεκτικῶς
1780 2063 1900 2098 σφίγγε-

1099 2117 1145 2134 ται
1155 2116 1164 2124 ·
1179 2107 1331 2140 Εὑτελίζων
1355 2108 1409 2142 γὰρ
1424 2107 1460 2134 τὰ
1473 2108 1560 2143 μικρά
1572 2128 1579 2140 ,
1596 2108 1689 2142 φησὶν,
1705 2107 1793 2135 Οὐδέν
1817 2110 1897 2142 εἰσιν,

1100 2155 1150 2181 οὐκ
1171 2154 1245 2180 ἔστιν
1273 2154 1413 2189 ἁμαρτία·
1431 2153 1479 2181 καὶ
1496 2154 1590 2181 λοιπὸν
1613 2154 1758 2188 συνηθείας
1775 2156 1898 2191 ἐπικρα-

1101 2199 1211 2235 τούσης,
1224 2199 1262 2230 ὡς
1273 2199 1429 2234 γάγγραινα
1437 2199 1526 2234 νομὴν
1538 2199 1755 2234 εὑρίσκει.Ἕθος
1767 2199 1836 2234 γὰρ,
1853 2210 1901 2236 φης

1102 2247 1155 2278 etv,
1169 2245 1285 2280 δευτέρα
1303 2246 1397 2280 φύσις,
1414 2245 1470 2271 Καὶ
1488 2244 1577 2279 πολλῷ
1589 2245 1666 2280 κόπῳ
1678 2245 1721 2276 τίς
1735 2245 1901 2278 ἐλευθεροῦ-

1101 2302 1146 2320 ται
1169 2292 1438 2326 κατακυριευόμενος
1456 2291 1503 2317 ὑπ’
1524 2291 1620 2324 αὐτοῦ,
1646 2292 1670 2318 εἰ
1695 2291 1732 2326 μὴ
1749 2292 1900 2324 ἀνενὸὀτως

1102 2339 1149 2366 καὶ
1163 2338 1279 2369 ἀναιδῶς
1295 2337 1434 2373 προσέλθῃ
1445 2337 1484 2372 τῷ
1493 2337 1614 2372 Δεσπότῃ
1625 2336 1736 2371 Χριστῷ
1752 2337 1799 2363 διὰ
1810 2345 1899 2372 1:955-

1102 2384 1187 2420 ευχῆς
1211 2384 1258 2411 καὶ
1286 2384 1425 2419 νηστείας,
1444 2384 1490 2410 καὶ
1516 2383 1848 2420 ἐλεημοσύνηςκκράζων
1863 2383 1900 2418 τῷ

1102 2429 1200 2465 Ἰησοῦ,
1210 2430 1256 2456 καὶ
1267 2430 1364 2463 λέγων·
1378 2428 1577 2463 Ἐλιυθέρωςόν
1593 2437 1638 2463 με,
1651 2429 1788 2458 Δέσποτα.
1804 2428 1844 2460 ὡς
1854 2429 1900 2455 τὸν

259 2479 403 2510 peceatum
424 2484 430 2501 :
445 2483 477 2502 ac
498 2474 535 2501 ita
552 2473 684 2508 deinceps
703 2473 889 2501 invalescente
902 2479 1048 2501 consuetu-

1104 2475 1331 2510 συσταυρωθέντα
1345 2482 1385 2500 σοι
1400 2473 1513 2509 λῃστὴν,
1531 2473 1580 2500 καὶ
1590 2473 1682 2505 Λευὶν,
1697 2473 1745 2499 καὶ
1758 2474 1900 2508 Ζακχαῐον

259 2522 335 2552 dine,
359 2527 511 2556 gangraena:
535 2519 562 2546 in
586 2526 701 2550 morem,
727 2518 753 2546 in
776 2519 855 2546 ulcus
878 2519 1051 2546 fedissimum

260 2573 425 2600 proserpere
450 2565 601 2592 invenitur.
627 2564 808 2592 Consuetudo
830 2565 915 2597 enim,
933 2565 971 2592 ait
995 2565 1051 2598 ille,

259 2613 345 2639 altera
367 2617 410 2639 est
434 2615 541 2639 natura.
569 2612 671 2647 Ecquis
687 2611 797 2639 tandem
816 2612 850 2638 ab
874 2612 925 2638 hac
942 2611 1052 2638 furandi

260 2658 473 2689 consuetudine,
496 2658 719 2693 quantiscunque
756 2657 898 2685 laboribus
920 2658 1052 2685 eximitur

260 2710 288 2732 (ιι
301 2705 500 2740 emancipatur,
522 2705 565 2732 vel
579 2705 664 2732 semel
680 2705 714 2732 ab
726 2713 758 2731 ea
775 2705 932 2732 edomitus?
948 2705 975 2732 ni
994 2705 1049 2732 for-

261 2759 310 2778 san
325 2751 348 2778 is
362 2759 415 2778 non
430 2750 618 2785 perfunctorie
639 2758 669 2778 ac
686 2751 763 2777 nullo
778 2755 933 2777 remorante
945 2751 1050 2785 pudore

261 2796 364 2823 Christi
378 2795 487 2824 Domini
498 2796 614 2831 supplex
630 2796 754 2830 procidat
772 2795 888 2831 pedibus
900 2815 906 2826 .
924 2803 973 2829 per
988 2804 1051 2824 ora-

299 2889 322 2902 “
343 2889 412 2916 l‘s:il.
429 2895 500 2918 xxxi,
514 2887 541 2913 '2.
600 2887 621 2902 "‘
640 2887 723 2914 Eccli.
743 2888 845 2919 xu:,30

265 2919 286 2931 '°
302 2924 391 2951 Eecle.
408 2931 454 2957 vn,
467 2921 492 2950 ε’.
532 2923 554 2939 '°
569 2922 638 2951 Psal.
651 2931 721 2957 ιλιι,
741 2924 766 2950 Δ.

912 2888 934 2902 ⁸⁸
949 2889 1028 2915 Prov.
1047 2896 1138 2917 “vni.
1157 2888 1197 2914 l3.

806 2924 824 2939 "
843 2923 853 2951 Ι
869 2923 930 2951 Cur.
951 2932 987 2957 tv,
1006 2924 1046 2958 ιι,
1066 2923 1105 2950 15.
1137 2925 1159 2939 ’³
1179 2923 1246 2950 Luc.
1265 2930 1338 2957 um,
1358 2922 1386 2949 Ξ.

1102 2522 1165 2553 τοὺς
1181 2521 1317 2553 τελώνα;;
1337 2520 1397 2556 Χρὴ
1415 2520 1444 2546 δὲ
1459 2519 1506 2546 καὶ
1521 2519 1627 2554 δάκρυα
1644 2519 1838 2554 προσκομίσαι
1853 2519 1900 2545 αὺ-

1102 2567 1152 2602 τῷ,
1176 2569 1216 2594 ὅτι
1235 2567 1270 2593 τὰ
1283 2567 1389 2601 δάκρυα
1412 2565 1495 2592 δεκτὰ
1510 2565 1675 2600 αὖτῷεῐσιν.
1688 2564 1744 2591 Καὶ
1759 2564 1872 2598 βλέπων
1885 2565 1899 2590 ό

1101 2614 1168 2645 θεὸς
1198 2613 1248 2646 τὴν
1269 2612 1415 2648 μετάνοιαν
1439 2611 1532 2644 αὐτοῦ,
1556 2610 1672 2646 παρέχει
1694 2610 1771 2645 αὐτῴ
1796 2611 1898 2644 ἀγαῧὸ,

1102 2659 1233 2694 λογισμὸν
1243 2658 1291 2685 τοῦ
1309 2658 1346 2694 μὴ
1358 2657 1500 2693 ὀρέγεσθαι
1517 2657 1550 2684 τὰ
1561 2657 1607 2683 τοῦ
1621 2657 1745 2690 πλησίον.
1768 2657 1800 2683 '0
1813 2657 1899 2683 Θέλων

1104 2704 1160 2737 οὖν,
1176 2705 1213 2736 ὡς
1228 2705 1335 2740 εἴρηται
1347 2724 1354 2736 ,
1369 2704 1419 2738 τῆς
1433 2703 1536 2738 ἀνόμου
1553 2703 1656 2738 ταύτης
1670 2703 1807 2737 ἐργασίας
1822 2703 1898 2729 ἐλευ-

1106 2751 1200 2786 θερίας
1211 2751 1314 2786 τυχεῖν,
1326 2749 1466 2784 εὐμαρῶς,
1480 2749 1514 2775 δι’
1526 2748 1729 2784 ὰκτημοσύνης,
1745 2749 1794 2774 καὶ
1809 2748 1899 2781 όλιγοο

1107 2797 1206 2830 σιτίας,
1234 2797 1281 2824 καὶ
1306 2796 1481 2832 προσευχῆς,
1505 2795 1553 2822 καὶ
1582 2795 1631 2830 τῆς
1659 2794 1713 2820 τῶν
1742 2794 1899 2829 μελλόντων

1614 2883 1636 2899 ⁸⁵
1653 2881 1746 2910 Ect'le.
1777 2890 1816 2914 ιν,
1837 2882 1860 2914 Ι,
1873 2882 1900 2908 Γ).

1255 2887 1276 2901 ³⁷
1302 2887 1382 2914 Prov.
1419 2892 1492 2916 xxvi,
1523 2884 1567 2911 9.7.
