1986 3236
106 206 173 239 ibi}!

106 262 273 297 προσδοκίας
284 284 292 295 ,
322 264 422 300 ῥᾳδίως

105 308 161 344 γὰρ
178 308 223 354 τὸν
236 309 319 344 νόμον
330 329 337 341 .
356 311 522 345 φυλάττεται
537 315 590 341 ὑπὸ
605 317 749 351 νομοδότου
767 320 897 354 Χριστοῦ,

104 354 150 387 Μὴ
166 353 213 380 οὖν
227 355 422 391 ἀμελήσωμεν,
433 359 581 394 ἀγαπητοὶ,
595 361 643 388 τοῦ
660 353 800 399 συντόμως
815 366 900 393 ἁπαλ-

105 399 223 434 λαγῆναι
237 401 287 435 τῆς
304 401 433 438 τοιαύτης
449 404 591 440 αἰσχύνης·
610 406 684 433 ἔστιν
697 408 752 443 γὰρ
766 409 796 435 τὸ
813 411 899 443 πάθος

104 443 184 471 τοῦτο
194 445 417 474 δυσαπάλλακτον
431 456 438 462 ·
455 449 548 485 ἐπειδὴ
561 451 762 488 θυμηδέστερον
773 456 898 489 φαίνεται

103 490 144 525 τῷ
157 490 261 528 κλέπτῃ
276 492 420 528 ἐπιθυμεῖν
434 494 488 521 τῶν
504 496 663 532 ἀλλοτρίων.
682 500 736 526 Καὶ
751 501 838 528 δοκῶν
855 502 899 538 θη-

105 535 197 569 ρεύειν
213 537 248 563 τὰ
269 538 306 572 μὴ
320 538 414 570 αὑτοῦ,
430 540 580 568 ἀπόλλυσιν
593 543 628 569 τὰ
644 544 738 572 αὐτοῦ.
758 546 897 580 Συνῆπται

103 581 133 608 δὲ
151 582 198 609 καὶ
212 584 246 618 τῇ
265 584 352 620 κλοπῇ
367 584 398 611 τὸ
411 585 510 619 ψεῦδος
529 588 576 615 καὶ
591 590 607 624 ἠ
629 592 808 625 συκοφαντία.
829 594 898 628 Φησὶ

104 628 160 664 γὰρ
176 629 190 654 6
208 629 290 664 νόμος
302 638 337 658 ’,ι
360 631 396 657 Οὐ
415 632 536 667 κλέψεις,
552 635 582 660 οὐ
596 635 719 669 ψεύσεις,
735 638 796 665 οὐδὲ
817 648 898 666 συκο-

105 675 253 709 φαντήσεις
269 677 315 702 τὸν
329 675 442 711 πλησίον
457 686 514 706 σου.
536 689 545 705 ι
565 680 595 707 '0
610 681 638 707 δὲ
656 682 746 718 ’Δχαρ
761 684 787 717 ιλ,
805 694 896 720 παρα-

104 719 189 755 ϐάτης
202 721 286 756 νόμου
305 723 352 748 καὶ
371 724 482 759 ἐντολῆς
496 726 652 762 γενόμενος,
666 729 780 765 ἔκλεψεν
803 733 834 758 ὲκ
847 719 896 760 τοῦ

103 765 286 813 άναθέματος,
296 768 461 804 ψελλὴν,καὶ
469 771 597 805 γλῶσσαν
609 775 723 810 χρυσῆν,
735 778 781 803 καὶ
790 778 897 813 δίδραγ-

105 818 143 857 μα
162 811 306 840 διακόσια·
331 816 378 842 καὶ
400 816 444 843 διὰ
465 817 514 853 τὴν
530 819 613 845 αὑτοῦ
639 821 777 856 ἁμαρτίαν
799 824 813 850 6
832 811 897 857 λαδς

102 855 199 890 ὤλετο,
219 859 244 885 εἰ
262 859 300 895 μὴ
316 861 330 887 6
356 861 484 897 θεράπων
506 864 610 899 Ἰησοῦς
625 855 740 901 ἐϐόησεν
757 869 825 904 πρὸς
839 855 897 897 Κιὲζ

104 910 173 936 ριον,
189 904 235 930 καὶ
250 905 332 937 αὐτὸς
354 907 527 943 ἐφανέρωσεν
543 911 617 946 αὐτῷ
640 912 733 941 αὐτόν.
752 915 807 941 Καὶ
819 914 896 943 εἶπεν

110 947 217 994 Ἰησοῦς
231 958 239 965 ·
258 959 268 975 (
293 951 327 978 Τί
349 951 391 979 ὅτι
414 953 519 987 ὤλεσας
538 956 631 991 ὴμᾶςς
654 958 844 994 ἐξολοθρεύσαι
867 970 897 989 σε

104 993 219 1042 Ιξύριος.
244 1005 254 1022 ›
278 998 333 1024 Καὶ
356 1000 493 1028 ἀπέλαϐεν
510 1002 653 1038 ἰσόρροπον
676 1005 724 1032 τοῦ
738 993 897 1042 κλέμματος

103 1039 156 1086 τῆς
179 1044 363 1078 παρανομίας.
392 1046 598 1082 Ἐλιθοϐόλησεν
621 1051 676 1086 γὰρ
701 1039 858 1086 αὑτὸν-πᾶς

104 1085 170 1118 λαὸς
199 1087 248 1114 σὺν
277 1090 362 1116 πᾶσιν
387 1093 444 1124 τοῖς
463 1093 557 1127 αὑτοῦ,
575 1096 622 1122 καὶ
648 1097 792 1125 ἀπέθανεν.
807 1100 864 1126 Καὶ
883 1102 897 1127 6

104 1132 248 1168 προφήτης
261 1135 400 1171 Ζαχαρίας
414 1138 478 1173 περὶ
489 1139 543 1166 τῶν
558 1141 687 1168 τοιούτων
704 1143 797 1177 φησίν’
817 1154 826 1170 ι
842 1145 896 1171 Καὶ

104 1179 291 1208 εἰσελεύσεται
311 1184 328 1218 ὴ
359 1185 414 1220 ἀρὰ
431 1186 471 1217 είς
487 1186 533 1213 τὸν
547 1185 622 1214 οἷκον
635 1189 682 1215 τοῦ
699 1190 816 1217 κλέπτου
827 1211 834 1223 ,
851 1192 897 1218 καὶ

104 1225 146 1255 εἰς
156 1224 201 1252 τὸν
212 1224 286 1253 οἶκον
303 1228 348 1255 τοῦ
361 1230 519 1264 ὀμνύοντος.
542 1233 590 1260 καὶ
604 1235 754 1262 καταλύσει
771 1237 801 1263 ἐν
822 1237 897 1272 μέσῳ

104 1270 198 1298 αὑτοῦ.
213 1281 222 1298 ι
242 1272 319 1308 Ἔχει
330 1273 358 1301 δὲ
372 1275 420 1302 καὶ
434 1278 447 1303 ὁ
463 1277 594 1314 κλέπτης,
612 1280 660 1306 καὶ
676 1281 722 1308 τὸν
736 1282 816 1317 ὅρκον
832 1291 897 1309 συν-

104 1317 283 1352 επισχύοντα,
298 1319 368 1347 ὥστε
382 1322 436 1348 πᾶν
452 1323 570 1358 κλέμμα
585 1325 720 1360 ἀνάθεμα.
736 1327 764 1353 Ὀ
780 1327 807 1354 δὲ
823 1328 897 1363 Παρ-

103 1364 270 1410 οιμιαστής·
289 1374 298 1390 ι
325 1365 419 1400 Ὁδοὺς
433 1368 541 1396 ἀσεϐῶν
558 1370 595 1406 μὴ
623 1372 752 1410 ὲπέλθῃς,
774 1374 897 1402 ἕκκλινον

104 1407 153 1433 ἀπ’
168 1410 263 1445 αὐτῆς,
280 1411 327 1438 καὶ
339 1414 522 1449 παράλλαξον.
546 1425 555 1442 ι
584 1407 787 1454 Ἀσέϐειανγάρ
811 1421 895 1453 ἐστιν,

104 1453 141 1480 τὰ
165 1455 219 1482 τῶν
244 1456 334 1485 ἄλλων
354 1459 560 1488 οἰκειώσασθαι.
581 1463 636 1489 Καὶ
654 1453 818 1498 ἐπάγειίΕἰ
842 1467 896 1502 γὰρ

104 1499 270 1536 ἐπορεύοντο
302 1504 414 1538 τρίϐους
440 1506 556 1540 ἀγαθὰς,
584 1508 702 1544 εὖροσαν
727 1511 760 1538 ἂν
784 1499 897 1548 τρίϐους

102 1547 290 1595 δικαιοσύνης.
305 1551 361 1577 Καὶ
380 1553 394 1578 6
421 1553 526 1585 Παῦλος
544 1557 686 1590 παραινῶν
698 1566 781 1593 φησιν
797 1567 803 1573 ·
819 1568 829 1585 ι
849 1559 895 1595 Μὴ

101 1591 190 1619 δίδοτε
208 1593 290 1622 τόπον
307 1595 345 1630 τῷ
360 1597 493 1632 διαϐόλῳ·
511 1599 525 1625 6
550 1600 686 1633 κλέπτων,
712 1591 812 1638 μηκέτι
832 1591 895 1630 κλελ

102 1638 205 1670 πτέτω,
228 1640 327 1674 μᾶλλον
342 1641 370 1668 δὲ
384 1643 517 1676 κοπιάτω,
538 1645 723 1680 ἐργαζόμενος
740 1649 800 1679 ταῖς
817 1648 896 1680 ἰδίαις

102 1685 199 1719 χερσὶν
218 1685 248 1712 τὺ
262 1687 383 1721 ἀγαθὸν,
413 1689 456 1716 ἵνα
474 1689 523 1725 ἔχῃ
551 1692 722 1726 μεταδιδόναι
742 1692 781 1728 τῷ
801 1695 896 1729 χρείαν

99 1729 203 1766 ἔχοντι.
230 1739 239 1756 t
260 1733 314 1759 Καὶ
339 1733 427 1766 αὖθις·
454 1744 464 1760 ι
495 1736 586 1770 Ἔγνω
613 1737 714 1773 Κύριος
733 1739 796 1771 τοὺς
818 1739 897 1771 ὄντας

101 1776 199 1804 αὐτοῦ,
215 1787 225 1802 ο
239 1778 302 1805 Καί’
318 1789 326 1805 ι
339 1779 499 1816 Ἀποστήτω
515 1783 570 1808 ἀπὸ
583 1783 690 1815 ἀδικίας
703 1785 757 1816 πᾶς
773 1786 786 1811 6
798 1785 897 1820 ὀνομά-

100 1821 160 1853 ζων
172 1822 202 1848 τὸ
217 1823 303 1858 ὄνομα
321 1826 436 1861 Κυρίου.
459 1837 468 1852 ι
495 1827 549 1854 Καὶ
564 1828 709 1864 ἐπιφέρει·
733 1839 742 1856 ι
773 1830 836 1857 Ἐὰν
849 1831 896 1858 οὖν

100 1867 246 1904 ἐκκαθάρῃ
269 1878 311 1901 τις
324 1871 422 1898 ἑαυτὸν
437 1873 492 1899 ἀπὸ
511 1873 632 1908 τούτων,
652 1875 730 1902 ἔσται
744 1876 840 1908 σκεῦος
858 1877 897 1907 εἰς

100 1912 186 1948 τιμὴν
200 1915 380 1949 ἡγιασμένον.
400 1926 410 1942 ι
428 1918 481 1944 Καὶ
494 1920 647 1946 ἐπιστέλλει
660 1920 698 1955 τῷ
710 1921 792 1955 Τίτῳ·
808 1931 817 1947 ι
832 1921 897 1947 Δού-

100 1957 168 1989 λους
182 1958 330 1992 δεσπόταις
347 1960 421 1992 ἰδίοις
437 1963 641 1991 ὑποτάσσεσθαι
654 1966 682 1991 ἐν
695 1967 789 1999 πᾶσιν,
799 1967 897 2002 εὐαρέ-

101 2013 184 2036 στους
201 2003 282 2038 εἶναι,
307 2015 316 2032 t
340 2006 378 2042 μὴ
399 2007 600 2042 ἀντιλέγοντας,
619 2010 655 2046 μὴ
671 2013 894 2047 νοσφιζομένους,

102 2051 173 2078 ἀλλὰ
192 2052 283 2078 πᾶσαν
307 2051 399 2079 πίστιν
425 2053 647 2089 ἐνδεικνυμένους
662 2057 777 2092 ἀγαθήν.
794 2059 824 2085 Εἰ
841 2060 895 2095 γὰρ

103 2098 138 2124 ὲκ
154 2097 209 2124 τῶν
231 2098 341 2125 οἰκείων
361 2100 555 2134 νοσφισάμενοι
567 2121 574 2132 ,
592 2101 714 2129 τοιοῦτον
731 2103 809 2136 τέλος
823 2105 895 2141 ἁπη-

102 2143 248 2178 νέγκαντο,
275 2143 401 2176 Ἀνανίας
417 2145 465 2171 καὶ
481 2146 625 2182 Σάπφειρα
642 2147 677 2183 (οἱ
690 2149 718 2174 ἐν
733 2142 794 2181 ταῖς
819 2151 895 2185 Πρά·

104 2189 191 2222 ξεσιν,
208 2190 302 2226 φημὶ),
317 2191 393 2225 πόσῳ
411 2191 511 2225 μᾶλλον
525 2193 548 2218 οἱ
560 2193 592 2219 ἐκ
605 2193 661 2220 τῶν
675 2193 821 2230 ἀλλοτρίων
835 2204 842 2229 ;
860 2196 896 2222 Τὺ

104 2235 160 2269 γὰρ
187 2235 300 2270 κλέμμα
327 2236 463 2271 σύμϐολόν
487 2238 560 2264 ἐστιν
585 2239 633 2265 τοῦ
661 2239 827 2273 ἀφίστασθαι
846 2243 896 2276 τῆς

104 2279 236 2316 ἀληθείας
248 2289 255 2296 ·
276 2282 377 2316 μᾶλλον
388 2283 417 2310 δὲ
429 2283 474 2310 καὶ
490 2283 540 2319 τῆς
556 2284 720 2320 δεσποτικῆς
736 2288 892 2322 προδοσίας.
912 2284 933 2312 Ι)

106 2327 263 2362 Γέγραπτα.
291 2328 347 2363 γὰρ
373 2329 403 2355 ὲν
423 2329 462 2364 τῷ
481 2330 553 2357 κατὰ
573 2330 700 2367 Ἰωάννην
723 2332 894 2369 Εὑαγγελίῳ³

109 2382 118 2397 ι
140 2373 222 2406 Λέγει
236 2370 282 2399 οὖν
304 2371 344 2405 εἷς
357 2374 389 2401 ὲκ
411 2374 465 2401 τῶν
480 2375 627 2410 μαθητῶν,
653 2376 753 2409 Ἰούδας
777 2379 868 2414 Σίμων
883 2381 897 2405 6

112 2417 301 2452 Ἰσκαριώτης
328 2418 378 2446 Διὰ
406 2419 433 2446 τί
458 2420 537 2446 τοῦτο
557 2420 588 2447 τὺ
613 2421 699 2456 μύρον
715 2422 765 2448 οὐκ
788 2423 895 2459 ἐπράθη

105 2463 272 2496 τριακοσίων
293 2464 430 2500 δηναρίων
444 2486 450 2496 ,
470 2466 516 2492 καὶ
540 2466 616 2502 ἐδόθη
648 2470 784 2502 πτωχοῖ;;
811 2467 895 2496 Εἶπεν

104 2509 134 2536 δὲ
152 2509 250 2541 τοῦτο,
273 2510 321 2545 οὐχ
336 2511 377 2537 ὅτι
392 2512 456 2547 περὶ
473 2512 528 2538 τῶν
552 2513 666 2549 πτωχῶν
687 2513 784 2550 ἔμελεν
807 2515 895 2550 αὐτῷ,

105 2554 162 2580 ἀλλ’
177 2555 219 2581 ὅτι
240 2553 362 2589 κλέπτης
376 2554 420 2591 ἦν,
435 2558 482 2584 καὶ
498 2558 527 2584 τὸ
540 2558 734 2595 γλωσσόκομον
750 2561 832 2596 ἔχων,
850 2563 896 2588 καὶ

104 2600 139 2626 τὰ
152 2600 306 2635 βαλλόμενα
319 2601 481 2635 ἐϐάσταζεν.
501 2613 511 2629 ι
537 2605 568 2631 '0
582 2604 610 2630 δὲ
626 2605 727 2640 Κύριος
756 2607 895 2641 μακροθύ-

107 2655 164 2681 μως
186 2647 276 2674 πάντα
296 2648 405 2684 ἔφερεν.
421 2650 499 2686 Αὑτῴ
520 2652 535 2687 ἡ
560 2652 623 2684 δόξα
639 2653 677 2685 είς
696 2654 758 2685 τοὺς
782 2655 894 2686 αἰῶνας.

112 2692 138 2717 ’Λ
145 2692 209 2727 μήν.

158 2768 280 2811 ﬁnitumi.
294 2768 577 2811 xxéli5,._losue
589 2783 633 2808 vu,
651 2776 696 2803 25.
747 2777 769 2792 "
789 2777 894 2805 Zaehar

971 2776 999 2804 5.
1048 2777 1072 2793 ’⁵
1085 2777 1165 2805 Prov.
1194 2786 1231 2811 tv,
1254 2778 1297 2811 Η,
1319 2779 1363 2806 15.

107 2802 130 2817 ⁹¹¹
143 2803 161 2830 ll
180 2803 250 2830 Tim.
272 2811 288 2830 It
306 2805 370 2836 .19.
409 2807 431 2822 ’9
450 2806 516 2834 ibid.

665 217 828 249 HOMILIA
849 221 925 251 XLI.
943 234 978 241 —
997 224 1046 254 DE
1065 225 1203 256 FURTO.

451 265 669 297 ἀπαλλάσσεται.
700 271 730 298 Ὀ
754 273 896 306 φυλάττων

951 278 1066 313 tionem,
1091 281 1240 316 jejunium,
1257 286 1286 309 et
1311 275 1526 319 eleemosynam,
1541 293 1648 314 exserta
1676 295 1742 314 voce

1675 231 1744 264 1562

949 325 1046 352 dicens
1064 334 1070 352 :
1089 326 1166 358 Jesn,
1184 332 1225 359 tu,
1242 327 1278 354 mi
1303 328 1431 362 Domine,
1450 330 1549 362 libera,
1565 340 1669 366 quaeso,
1686 341 1741 366 me,

950 370 1054 397 utolim
1068 371 1192 398 liberasti
1204 372 1340 400 latronem
1355 382 1409 400 una
1423 378 1514 402 tecum
1526 377 1602 403 cruci
1617 377 1740 411 allixum,

949 415 1015 443 Levi
1045 417 1158 452 insuper
1179 423 1208 445 et
1234 418 1395 446 Zacchaeum
1419 421 1599 455 publicanos?
1623 423 1742 451 Necesse

949 463 1065 496 proinde
1096 464 1142 496 sit,
1168 465 1241 492 hunc
1262 466 1344 493 talem
1365 466 1398 493 ad
1430 467 1578 495 Dominum
1607 469 1743 504 lacrymas

949 509 1116 543 praemittere
1143 516 1170 538 ct
1195 511 1296 539 offerre
1318 521 1324 538 :
1350 514 1453 540 etenim
1480 514 1608 550 lacrymae
1626 515 1665 542 illi
1681 523 1743 550 per-

949 561 1030 588 quam
1049 559 1168 589 acceptte
1188 560 1261 582 sunt.
1276 557 1362 584 Simul
1381 558 1455 584 enim
1473 558 1546 586 Deus
1559 564 1589 586 ut
1604 560 1685 587 istius
1699 560 1742 587 vi-

949 599 995 626 det
1015 600 1216 634 pmnitentiam,
1242 601 1341 629 bonam
1368 610 1431 629 mox
1448 604 1552 638 aspirat
1573 605 1650 632 cordi
1669 606 1743 640 cogi-

949 645 1100 677 tationem,
1118 648 1148 672 ut
1168 653 1202 672 ne
1218 646 1245 673 in
1266 652 1407 680 posterum
1424 648 1575 683 quidquam
1591 650 1660 677 male
1673 658 1742 677 con-

948 689 1073 723 cupiscat
1096 696 1194 716 eorum
1223 699 1284 725 qum
1315 691 1342 718 in
1375 693 1485 726 peculio
1512 698 1576 721 sunt
1608 695 1740 729 proximi.

951 734 1057 769 1093
1081 734 1214 770 Quisquis
1237 737 1331 772 igitur,
1355 737 1390 764 ab
1410 738 1462 764 hac
1480 739 1575 774 exlege
1593 745 1622 767 et
1645 741 1741 776 iniqua

948 780 1109 814 operatione
1135 789 1191 808 non
1221 790 1321 818 magno
1350 784 1500 814 admodum
1526 785 1637 820 negotio
1664 787 1741 821 cupit

947 828 1118 862 emancipari
1142 833 1170 856 et
1193 829 1323 858 libertate
1342 832 1458 866 perfrui,
1481 841 1547 860 sane
1568 834 1591 861 is
1606 841 1655 868 per
1669 835 1741 862 elee-

948 879 1090 906 mosynam
1108 877 1137 900 et
1157 872 1341 907 frugalitatem
1356 876 1413 902 sive
1428 877 1627 910 parcimoniam
1638 879 1739 910 victus,

948 925 998 952 per
1019 918 1173 945 orationem
1196 923 1224 945 et
1244 919 1402 946 futurorum
1417 929 1494 955 spem
1515 923 1643 950 neutrubi
1657 925 1742 951 vacil-

914 953 933 980 Β
948 964 1060 997 lantem,
1090 964 1170 992 facile
1184 965 1240 991 voti
1269 965 1314 992 ﬁet
1326 973 1449 1000 compos.
1466 967 1518 999 Qui
1543 972 1635 995 autem
1650 974 1741 997 servat

948 1011 1045 1045 legem,
1073 1011 1168 1046 utique
1193 1011 1227 1037 ab
1256 1019 1290 1038 co
1312 1012 1466 1047 protegitur
1488 1017 1517 1040 et
1539 1017 1666 1040 servatur
1690 1014 1740 1048 qui

948 1058 1038 1085 sanxit
1061 1057 1160 1092 legem,
1183 1057 1303 1085 Christo.
1323 1058 1362 1084 Ne
1380 1058 1474 1093 igitur,
1495 1059 1652 1086 charissimi
1673 1067 1742 1087 cun-

948 1109 1056 1131 etemur
1071 1104 1106 1130 ab
1122 1104 1174 1131 hoe
1186 1111 1236 1139 per
1250 1111 1279 1130 se
1294 1103 1424 1138 pudendo
1435 1109 1464 1131 et
1485 1105 1668 1139 ignominioso
1690 1105 1739 1134 de-

948 1150 1058 1181 decore,
1073 1157 1155 1184 quatn
1171 1149 1298 1176 ocissime
1311 1149 1491 1183 emancipari.
1514 1150 1576 1177 Haec
1591 1150 1666 1177 enim
1681 1151 1741 1178 ani-

949 1195 985 1221 mi
997 1195 1133 1229 aegritudo
1146 1195 1270 1222 insidens
1281 1195 1374 1222 animo
1385 1196 1487 1227 'Semel,
1500 1196 1534 1222 ab
1548 1203 1581 1223 eo
1596 1197 1740 1232 aegerrime

948 1250 977 1269 se
992 1241 1058 1269 sinit
1073 1241 1165 1273 avelli,
1187 1249 1248 1268 cum
1269 1241 1313 1268 fur
1328 1242 1433 1273 credat,
1451 1241 1630 1276 cupiditatem
1650 1242 1740 1271 aliena

949 1287 1099 1322 suppilare,
1111 1295 1169 1314 rem
1189 1295 1250 1314 esse
1268 1295 1434 1322 magnopere
1447 1288 1628 1322 expetendam
1646 1295 1678 1314 ac
1690 1287 1740 1314 de-

948 1333 1103 1360 lectabilem
1123 1341 1129 1359 :
1149 1332 1213 1359 inde
1226 1332 1255 1359 fit
1266 1337 1305 1364 ut,
1319 1340 1381 1359 cum
1397 1333 1508 1360 videtur
1524 1341 1579 1359 non
1592 1340 1641 1360 sua
1654 1340 1740 1360 vena-

949 1383 1038 1406 torum
1060 1386 1137 1406 more
1155 1378 1320 1410 consectari,
1332 1386 1393 1412 qua:
1415 1378 1456 1405 sui
1476 1383 1542 1405 sunt
1558 1378 1629 1413 juris
1644 1378 1741 1413 perdat

948 1424 1142 1452 miseni’urto
1158 1424 1332 1451 mendacium
1347 1427 1429 1458 atque
1445 1424 1582 1451 calumnia
1598 1425 1657 1459 pari
1674 1424 1740 1459 jugo

948 1470 1176 1498 confmderantur
1195 1478 1202 1496 ε
1229 1470 1368 1504 siquidem
1388 1470 1432 1497 lex
1447 1470 1486 1497 ait
1503 1479 1509 1497 :
1526 1479 1534 1495 ι
1555 1470 1615 1497 Νοιι
1635 1470 1739 1497 furtum

948 1515 1043 1545 facies.
1053 1523 1108 1542 non
1122 1514 1275 1548 mentieris,
1289 1523 1343 1541 non
1356 1515 1573 1542 calumniabaris
1583 1516 1739 1550 proximum

950 1565 1027 1587 tuum
1042 1560 1076 1586 ’³.
1099 1569 1108 1584 ι
1125 1559 1217 1586 Achar
1237 1559 1282 1586 ille
1300 1559 1412 1586 sancita:
1433 1559 1501 1594 legis
1515 1559 1594 1586 istius
1614 1567 1645 1587 ac
1661 1567 1740 1586 man-

910 1617 930 1645 α
949 1605 1007 1632 dati
1036 1605 1230 1640 prmvaricator
1254 1604 1352 1636 factus,
1378 1604 1485 1631 furatus
1502 1609 1544 1632 est
1569 1613 1602 1632 ex
1622 1605 1739 1632 anathe-

949 1654 1020 1677 mate
1039 1649 1159 1676 militare
1183 1649 1295 1683 pallium
1315 1654 1343 1675 et
1366 1649 1487 1683 linguam
1508 1657 1620 1676 auream
1636 1654 1664 1676 et
1688 1649 1740 1676 du-

948 1699 1043 1723 centas
1063 1694 1241 1721 didrachmas
1258 1703 1264 1720 :
1283 1699 1366 1729 atque
1383 1694 1419 1721 ob
1437 1695 1490 1721 hoc
1511 1699 1656 1729 peccatum
1673 1703 1739 1730 per-

949 1742 1019 1769 ierat
1045 1741 1176 1776 pnpulus,
1210 1740 1265 1767 nisi
1298 1740 1382 1767 Josue
1409 1740 1530 1768 famulus
1558 1741 1667 1768 Domini
1704 1740 1738 1768 ad

948 1788 1034 1815 Deum
1060 1787 1174 1821 supplex
1195 1787 1386 1813 exclamasset.
1403 1786 1437 1814 At
1461 1787 1507 1814 hic
1534 1787 1637 1814 furtum
1658 1795 1738 1814 suum

948 1831 1071 1866 prodidit
1097 1831 1190 1862 Jusue,
1209 1831 1255 1865 qui
1278 1836 1306 1858 et
1330 1831 1421 1857 dixit:
1442 1840 1450 1856 ι
1472 1831 1506 1859 Ut
1526 1831 1594 1865 quid
1620 1831 1738 1858 turbasti

948 1878 1014 1904 nos?
1039 1877 1169 1904 exturbet
1195 1880 1221 1903 te
1252 1875 1426 1903 Dominus”.
1450 1885 1458 1900 ι
1483 1876 1603 1910 Ecquem
1635 1877 1739 1910 recepit

947 1923 1068 1949 fructum
1082 1913 1116 1948 de
1143 1921 1216 1948 furto
1242 1920 1499 1955 prmvaricationis?
1522 1921 1591 1947 Cum
1609 1922 1738 1949 universo

947 1969 1083 2004 siquidem
1098 1967 1206 2002 peculio
1225 1966 1282 2001 ipse
1301 1966 1453 1998 intercidit,
1469 1974 1500 1993 ac
1514 1971 1640 1993 mortuus
1652 1971 1705 1999 est,
1721 1975 1737 1994 a

947 2015 1050 2051 populo
1075 2013 1216 2048 appetitus
1253 2011 1403 2047 lapidibus.
1419 2011 1567 2039 Zacharias
1589 2012 1735 2047 propheta,

947 2062 980 2089 de
994 2059 1148 2096 ejusmodi:
1165 2068 1173 2084 ι
1190 2059 1223 2086 Et
1235 2057 1406 2093 ingredietur
1417 2057 1573 2084 maledictio
1585 2058 1612 2085 in
1625 2058 1737 2085 domum

947 2107 1026 2139 furis,
1040 2111 1067 2133 et
1086 2106 1114 2133 in
1133 2105 1244 2132 domum
1257 2103 1386 2139 jurantis,
1407 2107 1435 2131 et
1449 2103 1557 2130 eversio
1573 2104 1618 2131 fiet
1635 2105 1663 2131 in
1678 2112 1737 2132 me-

947 2153 993 2181 dio
1004 2153 1102 2180 domus
1118 2152 1266 2179 illorum".
1287 2161 1296 2177 ι
1310 2151 1398 2178 liabet
1410 2150 1483 2178 enim
1497 2150 1736 2185 furjuramentum

947 2207 1002 2234 quo
1025 2206 1054 2226 se
1070 2198 1148 2226 fulcit
1164 2205 1195 2225 ac
1218 2197 1317 2224 ﬁrmat.
1335 2197 1429 2231 Itaque
1444 2196 1549 2223 furtum
1570 2205 1653 2224 omne
1675 2206 1738 2224 ana-

947 2246 1038 2272 thema
1053 2246 1108 2272 ‘cst.
1132 2243 1324 2271 Parmmiasles
1346 2252 1352 2270 :
1373 2252 1381 2268 ι
1398 2243 1437 2270 Ad
1452 2243 1511 2269 vias
1530 2243 1679 2277 impiorum
1702 2252 1735 2270 ne

948 2290 1108 2323 accesseris,
1124 2289 1172 2316 sed
1196 2288 1304 2316 declina
1321 2289 1355 2316 ab
1369 2288 1409 2315 eis
1423 2293 1449 2314 et
1464 2288 1575 2315 discede
1588 2288 1620 2315 ⁸³⁸.
1640 2298 1648 2314 ι
1665 2288 1736 2316 Sane

946 2335 1096 2370 impietatis
1110 2339 1152 2362 est
1167 2334 1220 2361 sibi
1244 2334 1384 2361 vindicare
1403 2342 1464 2368 quae
1483 2334 1565 2360 alieni
1581 2334 1735 2369 suntjuris.

946 2381 974 2408 Si
990 2381 1063 2408 enim
1087 2381 1131 2407 isti
1154 2384 1227 2407 recta
1246 2379 1361 2414 ingressi
1381 2379 1508 2410 fuissent,
1534 2379 1664 2406 nimirum
1692 2380 1736 2406 in-

946 2425 1085 2452 venissent
1114 2424 1226 2451 semitas
1256 2424 1379 2459 iustitiae.
1406 2424 1471 2451 Jure
1498 2424 1580 2458 igitur
1606 2424 1735 2450 admouet

946 2471 1047 2498 Paulus
1063 2479 1069 2497 :
1088 2480 1097 2496 ι
1125 2470 1163 2497 Ne
1183 2469 1316 2509 dederitis
1331 2470 1420 2497 locum
1437 2470 1547 2497 diabolo
1564 2479 1570 2496 :
1588 2470 1635 2504 qui
1659 2469 1734 2496 fura-

947 2515 1038 2547 batur,
1054 2515 1109 2550 jam
1126 2523 1159 2541 ne
1177 2514 1296 2547 furetur;
1317 2515 1403 2549 magis
1417 2520 1508 2542 autem
1534 2515 1652 2546 laboret,
1669 2522 1736 2549 ope-

947 2569 1011 2588 rans
1027 2562 1084 2588 suis
1099 2561 1227 2588 manibus
1239 2562 1312 2596 quod
1324 2562 1425 2590 bonum
1440 2567 1492 2594 est,
1510 2566 1538 2589 ut
1550 2562 1649 2589 habent
1666 2562 1738 2588 unde

948 2607 1050 2634 tribuat.
1077 2608 1270 2635 necessitatem
1292 2608 1447 2635 habenti”.
1474 2619 1483 2634 ι
1507 2610 1633 2636 Rursus:
1657 2609 1736 2636 Novit

947 2653 1080 2681 Dominus
1100 2653 1148 2688 qui
1171 2659 1235 2680 sunt
1255 2654 1357 2689 ejus".
1381 2654 1413 2681 Et
1431 2663 1438 2682 :
1459 2665 1468 2681 ι
1487 2656 1623 2683 Abscedat
1638 2656 1672 2683 ab
1688 2655 1743 2682 ini-

945 2699 1051 2734 quitate
1062 2700 1153 2726 omnis
1167 2700 1214 2734 qui
1233 2700 1356 2727 nominat
1371 2708 1473 2728 nomen
1497 2702 1648 2729 Domini".
1668 2712 1676 2727 l
1706 2702 1737 2728 Et

1422 2780 1445 2795 '7
1459 2779 1560 2814 Ephcs.
1575 2787 1610 2811 tv,
1627 2779 1672 2812 27,
1689 2779 1735 2806 ‘28.

754 2864 868 2892 \".\lll:E
891 2865 1092 2894 LECTIONES.

145 2905 157 2926 δ
176 2904 276 2939 "App,
294 2905 348 2940 dic,
364 2907 474 2936 Aeliam.
