1986 3238
252 211 324 242 1563
376 209 379 213 ’
874 211 1054 242 ANTIOCHI

1108 212 1250 243 ONACHI
1831 212 1902 244 1564

253 267 338 293 Infert
356 276 362 293 :
379 275 387 292 ι
403 265 431 294 Si
447 265 511 301 quis
525 264 608 301 igitur
621 271 651 292 se
669 263 864 292 emundaverit
893 265 928 293 ab
941 265 995 297 his.
1011 265 1064 293 erit
1083 274 1132 294 vas
1153 266 1181 293 in
1205 267 1341 294 honorem
1372 266 1575 295 sanctiﬁcatum
1588 267 1608 294 ‘.
1636 276 1646 294 ο
1667 267 1722 296 Per
1741 267 1901 303 Epistolam

251 311 329 347 jubet
345 318 373 340 et
390 311 453 340 'l'ito
477 321 484 339 :
505 321 514 338 ι
530 311 609 339 Servi
627 315 657 338 ut
670 311 726 338 sint
739 310 860 338 dominis
880 311 939 339 suis
953 312 1070 347 subjecti
1085 313 1108 345 ‘,
1124 322 1133 338 ι
1151 317 1236 348 utque
1251 312 1286 351 in_
1312 313 1443 341 omnibus
1477 313 1534 345 sint
1551 314 1632 349 grati,
1663 322 1720 342 non
1750 314 1820 341 item
1833 322 1902 341 eon-

252 358 432 388 tradicenttas.
447 366 503 386 non
516 358 651 390 furantes,
671 357 720 385 sed
733 362 763 384 ut
775 365 884 385 omnem
897 357 979 384 ﬁdem
995 357 1186 384 demonstrent
1201 359 1311 387 bonam.
1327 359 1356 387 Si
1371 361 1446 387 enim
1478 361 1526 396 qui
1557 369 1592 389 ex
1624 362 1737 396 przediis
1773 363 1903 397 propriis

253 405 446 439 suppilarunt,
469 404 551 432 talem
575 407 754 438 reportarunt
774 410 810 430 ex
834 402 909 429 furto
937 401 1042 429 exitum
1061 402 1207 438 (Ananiam
1222 403 1286 431 dico
1319 408 1348 431 et
1378 404 1524 439 Saphiram
1536 405 1556 438 ²;
1581 409 1611 432 ut
1631 406 1660 432 in
1675 407 1902 441 apostolicorum

254 450 372 478 Actuum
396 451 511 478 historia
539 450 679 485 proditum
703 449 768 484 est),
793 454 898 484 quanto
922 449 1045 476 atrocius
1063 448 1126 475 illos
1141 454 1234 476 manet
1263 450 1440 485 supplicium,
1459 450 1508 485 qui
1528 458 1562 478 ex
1591 450 1682 478 alieno
1695 451 1851 485 compilant
1871 456 1902 479 et

254 496 390 528 arrodunt
406 495 538 530 peculio?
557 494 699 530 Ejusmodi
732 495 806 522 enim
833 493 936 521 furtiva
952 493 1112 528 compilatio
1131 495 1239 528 pararia
1257 498 1300 522 est
1324 495 1432 522 consilii
1450 503 1506 530 quo
1534 495 1570 522 ab
1586 495 1646 530 ipsa
1676 496 1792 523 delicias
1823 497 1903 524 veri-

256 547 322 573 tate.
347 543 433 578 magis
455 547 547 570 autem
568 547 668 570 auctor
694 542 844 570 Dominicaa
865 541 1041 577 proditionis.
1064 541 1203 576 Scriptum
1217 543 1320 578 quippe
1337 547 1379 571 est
1409 543 1436 570 in
1466 543 1580 571 Joannis
1594 543 1743 579 Evangelio
1761 554 1768 571 τ
1789 545 1903 581 ιοθά,

259 599 268 616 ι
288 589 360 617 Dicit
375 590 460 625 igitur
473 598 545 617 unus
554 598 587 617 ex
598 590 743 625 discipulis
772 590 860 624 ipsius
890 589 976 617 Judas
991 588 1114 616 Simonis
1130 589 1176 616 ille
1196 590 1341 618 lseariotes
1356 599 1363 617 τ
1377 601 1386 616 ι
1406 591 1508 625 thuid
1528 595 1699 626 unguentum
1722 591 1812 618 .istud
1842 599 1901 618 non

258 636 343 663 veniit
361 636 491 663 trecentis
502 636 633 668 denariis,
646 641 674 663 et
683 636 778 663 datum
797 639 839 662 est
850 634 1044 670 pauperibus?
1065 633 1138 669 Dixit
1149 640 1241 662 autem
1256 636 1320 667 hoc,
1338 643 1394 663 non
1428 637 1492 670 quia
1512 635 1548 663 de
1576 636 1746 672 pauperibus
1768 645 1840 664 cura
1858 639 1900 665 illi

255 686 325 714 erat,
351 682 398 709 sed
417 683 482 717 quia
501 682 545 709 fur
565 687 625 709 erat
643 687 671 710 et
708 682 815 710 loculos
849 681 980 712 habebat,
1001 684 1029 707 et
1049 687 1080 707 ea
1099 688 1161 715 quae
1175 682 1375 714 mittebantur,
1390 682 1554 717 exportabat
1569 683 1592 710 ‘.
1616 692 1626 708 ι
1642 683 1778 712 Dominus
1801 688 1901 711 autem

258 727 328 755 nihil
350 735 405 755 non
427 727 585 763 perferebat
602 727 806 762 longanimiter.
819 726 879 762 _lpsi
907 725 993 761 gloria
1020 725 1048 752 in
1068 727 1168 753 saecula
1185 727 1360 754 seculorum.
1375 727 1473 754 Amen.

534 782 678 811 HOMILIA
692 783 774 810 XL".

551 839 590 866 De
607 839 754 866 mendacio.

296 895 470 923 Mendacium
487 903 601 930 prorsus
620 895 800 923 interdictum
816 894 982 923 Christianis
997 898 1050 922 est.

259 941 295 970 Ut
309 942 384 968 enim
397 949 460 969 vera
478 941 525 976 qui
549 941 682 976 loquitur,
702 941 780 969 verbi
794 941 919 968 veritatis
931 948 961 968 se
981 939 1051 968 nihil

259 987 378 1014 obscure
395 987 518 1014 declarat
529 994 590 1014 esse
602 995 730 1021 servum;
743 988 781 1015 ita
795 987 842 1022 qui
855 995 903 1015 ore
914 987 983 1014 nihil
997 987 1051 1014 du—

261 1032 331 1060 bitat
353 1032 496 1060 mendacia
510 1033 684 1068 depromere,
710 1034 865 1069 mancipem
881 1041 910 1061 se
926 1041 987 1061 esse
1000 1033 1052 1061 de-

260 1083 395 1106 monstrat
408 1079 486 1106 verbi
506 1081 664 1113 mendacis;
680 1081 768 1116 magis
783 1088 849 1108 vero
873 1081 960 1116 patris
974 1088 1052 1108 men-

260 1125 337 1153 dacis
355 1134 362 1153 τ
391 1135 400 1152 ε
419 1126 441 1154 Α
455 1134 510 1161 quo
536 1128 609 1154 enim
623 1128 687 1162 quis
702 1127 793 1156 victus
819 1131 872 1160 est,
888 1128 954 1155 huic
969 1132 998 1156 et
1024 1128 1051 1156 in

260 1172 421 1200 servitutem
441 1173 575 1208 redigitur
589 1175 610 1206 ⁵,
632 1184 641 1200 ι
656 1174 695 1201 ait
708 1174 816 1201 Petrus.
837 1173 908 1201 Sunt
919 1174 993 1201 enim
1007 1174 1051 1201 in-

262 1221 304 1244 ter
319 1218 418 1245 animae
433 1219 547 1246 vitiosas
563 1219 725 1247 affectiones
738 1220 879 1255 pleraeque
894 1220 965 1252 aliae,
982 1228 1052 1255 quas

248 1263 304 1290 .vel
320 1263 380 1297 ipso
397 1269 503 1292 naturae
521 1272 604 1292 sensu
625 1265 860 1299 deprehendimus
878 1273 939 1293 esse
951 1273 1052 1300 pecca-

261 1313 308 1340 ta;
331 1309 507 1336 mendacium
529 1314 643 1342 autem,
666 1310 712 1337 ubi
738 1310 899 1338 assiduitate
922 1312 1052 1339 ocealluit

261 1358 344 1387 atque
367 1353 491 1381 induruit
508 1374 514 1386 .
532 1362 566 1381 ne
582 1362 654 1382 unus
675 1355 786 1390 quidem
810 1355 949 1392 intelligit,
969 1365 1052 1392 quam

262 1398 298 1426 sit
321 1399 378 1426 lure
409 1398 493 1427 animi
519 1400 653 1434 :egritudo
677 1400 809 1434 molesta,
836 1401 891 1429 imo
920 1403 1050 1432 exitialis.

1065 784 1088 811 Α

1400 784 1510 810 ΛΟΓΟΣ
1528 784 1597 812 MB’.

1378 841 1449 874 Περὶ
1466 840 1614 874 ψεύδους.

1137 895 1174 922 Τὸ
1185 895 1282 930 ψεῦδος
1293 896 1377 932 ἀρδην
1389 897 1578 932 ἀπηγόρευται
1585 897 1773 933 Χριστιανοϊς.
1788 899 1900 934 Ὠσπερ

1102 941 1158 976 γάρ
1170 941 1185 967 ό
1204 941 1396 976 ἀληθινολάλος
1419 942 1513 974 δοῦλός
1540 943 1616 969 ἐστιν
1637 942 1685 969 τοῦ
1705 943 1838 977 ἀληθινοῦ
1853 944 1898 971 λό-

1102 995 1151 1022 γου
1163 995 1169 1002 ·
1186 987 1273 1019 οὔτως
1281 987 1327 1014 καὶ
1338 987 1521 1022 ὸψευδολόγος
1533 987 1581 1014 τοῦ
1594 987 1709 1022 ψευδοῦς
1719 988 1813 1022 λόγου,
1829 989 1901 1024 μᾶλ-

1103 1033 1148 1060 λον
1162 1033 1191 1060 δὲ
1205 1032 1252 1060 τοῦ
1263 1033 1366 1068 πατρὸς
1381 1032 1427 1060 τοῦ
1435 1033 1560 1068 ψεύδους·
1579 1042 1589 1058 ι
1606 1030 1642 1068 ᾯ
1657 1034 1711 1068 γάρ
1725 1041 1785 1065 τις,
1801 1035 1899 1069 φησιν,

1102 1080 1236 1115 ἥττηται,
1271 1080 1360 1115 τούτῳ
1391 1080 1441 1107 καὶ
1466 1079 1640 1106 δεδούλωται.
1663 1088 1672 1106 ι
1690 1080 1732 1106 Τὰ
1767 1079 1819 1115 μὲν
1842 1081 1900 1115 γὰρ

1103 1125 1214 1152 πλείονα
1231 1125 1286 1152 τῶν
1299 1125 1388 1152 ἄλλων
1404 1125 1500 1152 παθῶν
1514 1125 1702 1160 αίσθανόμεθα
1714 1125 1755 1152 δτι
1771 1126 1899 1160 ἁμαρτία

1103 1172 1188 1205 ἔστὶν,
1202 1172 1232 1198 τὸ
1249 1171 1276 1198 δὲ
1299 1171 1396 1206 ψεῦδος
1411 1172 1444 1198 ἐκ
1460 1171 1507 1198 τοῦ
1522 1171 1608 1198 αὐτοῦ
1628 1171 1809 1206 ὲνδελεχίζειν
1834 1171 1899 1198 οὐδὲ

1103 1218 1184 1252 ἴσμεν
1197 1225 1204 1232 ·
1223 1217 1265 1244 ὅτι
1289 1216 1408 1252 χαλεπὸν
1433 1217 1480 1244 καὶ
1498 1217 1620 1252 ὀλέθριόν
1641 1218 1727 1244 ἐστιν.
1750 1218 1828 1244 Πάνυ
1843 1218 1900 1253 γὰρ

1104 1262 1181 1298 παρὰ
1197 1264 1230 1298 τῇ
1248 1263 1310 1297 θείᾳ
1326 1262 1424 1298 Γραφῆ
1440 1263 1641 1298 ἀπηγόρευται,
1653 1263 1702 1289 καὶ
1721 1263 1797 1290 ἔστιν
1813 1265 1900 1298 χαλε-

1104 1307 1229 1343 πώτερον
1243 1308 1351 1336 πάντων
1365 1308 1420 1335 τῶν
1436 1309 1541 1335 παθῶν.
1560 1308 1668 1342 Ὠσπερ
1680 1308 1736 1344 γὰρ
1759 1309 1790 1335 τὺ
1808 1309 1901 1344 στόμα

1103 1353 1151 1382 τοῦ
1173 1354 1310 1390 assam»
1324 1355 1468 1389 ἁγιάζεται
1490 1355 1522 1381 ἐκ
1547 1354 1597 1389 τῆς
1613 1354 1742 1389 ἀληθείας
1763 1356 1772 1388 (
1790 1364 1800 1380 ι
1826 1355 1901 1389 Ἐγὼ

1104 1402 1159 1437 γάρ
1179 1403 1236 1436 εἰμι
1254 1402 1271 1436 ὴ
1289 1401 1415 1436 ἀλήθεια,
1435 1401 1518 1435 φησὶν
1529 1402 1543 1428 ὀ
1558 1399 1661 1436 Κύριος
1677 1409 1686 1426 ι
1701 1400 1710 1435 )
1723 1409 1729 1415 ·
1743 1400 1833 1432 οὕτως
1851 1409 1902 1435 μο-

262 1443 379 1472 Prorsus
399 1445 542 1473 sanctione
560 1446 661 1474 divina:
682 1447 831 1482 Scriptura;
858 1440 1052 1477 interdicimur

1107 1448 1214 1474 λύνεται
1233 1448 1247 1474 ὁ
1264 1447 1430 1482 ψευδόμενος
1445 1447 1478 1473 ὲκ
1497 1446 1546 1473 τοῦ
1559 1446 1664 1481 πατρὸς
1678 1445 1761 1472 αὐτοῦ
1776 1446 1827 1472 τοῦ
1841 1446 1902 1473 δια-

263 1489 418 1517 mendacio.
440 1490 488 1518 Est
502 1491 577 1518 enim
600 1493 706 1519 caeteris
721 1494 976 1528 perturbationibus
991 1496 1053 1523 ani-

264 1543 314 1563 ma:
325 1543 380 1563 non
390 1537 470 1571 paulo
484 1537 546 1572 plus
557 1537 677 1565 atlerens
686 1539 819 1567 molestia:
830 1544 912 1575 atque
925 1541 1051 1576 periculi.

267 1591 276 1607 ι
302 1582 357 1617 Ego
373 1583 446 1610 enim
463 1591 534 1616 sum,
551 1584 590 1611 ait
601 1584 746 1616 Dominus.
764 1586 867 1613 veritas
877 1591 906 1613 et
922 1587 976 1614 vita
988 1588 1019 1614 °:
1041 1597 1050 1614 ι

263 1628 332 1655 adeo
351 1636 379 1655 se
392 1629 518 1664 inquinat
533 1637 564 1657 ac
574 1630 832 1666 defmdatquisquis
845 1633 931 1667 patris
951 1634 1052 1662 diaboli

265 1675 445 1708 persuasione
471 1675 572 1702 falsum
586 1676 639 1703 sibi
655 1682 764 1711 arrogat
785 1686 905 1705 nomen:
919 1687 963 1706 res
979 1680 1053 1707 enim

264 1719 322 1753 ipsa
341 1719 497 1748 luculenter
519 1721 600 1748 docet
624 1722 797 1750 mendacium
831 1731 847 1750 a
867 1725 938 1751 malo
970 1725 1054 1759 proii-

263 1765 341 1791 cisci.
355 1764 406 1798 Qui
421 1765 505 1800 igitur
514 1766 658 1793 veritatem
674 1767 773 1802 diligit.
790 1769 859 1795 nihil
875 1769 993 1796 obscure
1009 1770 1055 1797 hic

264 1810 411 1837 Dominum
425 1815 453 1838 et
469 1811 569 1846 diligit.
587 1812 642 1839 Lex
658 1812 703 1839 illa
718 1813 795 1848 prior
809 1813 900 1840 edicto
917 1819 1006 1846 cavet,
1020 1822 1054 1842 ne

265 1856 327 1891 quis
338 1856 472 1884 adversus
483 1858 639 1892 proximum
652 1859 750 1886 falsum
762 1859 835 1887 dicat
849 1861 1034 1888 testimonium
1046 1869 1053 1887 :

263 1902 417 1937 eademque
440 1903 530 1937 jubet,
551 1903 666 1931 verbum
679 1912 761 1931 omne
791 1904 919 1940 iniquum
937 1912 1056 1933 utaver—

265 1956 337 1976 sere.
354 1948 408 1976 Sed
419 1953 447 1976 et
459 1948 600 1984 Sapientia
618 1959 624 1976 ε
639 1959 649 1975 ί
665 1950 701 1978 Os
713 1951 787 1985 quod
800 1951 942 1983 mentitur,
953 1951 1056 1980 occidit

262 1993 385 2021 animam
400 1994 421 2020 ⁷.
442 2004 451 2020 ι
477 1994 608 2022 Rursus:
632 2004 641 2020 ί
668 1995 707 2022 Ne
733 2003 831 2023 exares
851 2000 879 2023 et
905 1996 1056 2024 concinnes

261 2039 441 2067 mendacium
462 2040 596 2068 adversus
619 2040 737 2074 fratrem
758 2046 847 2073 tuum.
871 2046 900 2069 et
921 2049 956 2069 ne
986 2042 1056 2070 velis

261 2084 378 2112 unentiri
404 2093 486 2112 omne
512 2085 707 2120 mendacium;
731 2086 879 2114 assiduitas
902 2087 976 2114 enim
996 2088 1056 2123 ejus

262 2137 322 2156 non
348 2129 420 2157 cedit
435 2129 539 2158 bonum
551 2131 572 2157 ⁸.
594 2140 603 2156 ι
626 2131 752 2159 Rursus:
770 2141 779 2157 ί
797 2133 931 2160 Accendit
947 2134 1056 2161 menda-

262 2175 340 2202 cium
356 2175 434 2203 testis
450 2176 595 2211 iniquus’,
615 2185 624 2202 ι
642 2177 728 2205 mittit
744 2178 936 2206 accusationes
956 2178 984 2206 in
999 2187 1056 2207 me-

263 2219 346 2247 dium
372 2220 499 2248 fratrum.
521 2221 605 2250 Isaias
625 2222 690 2258 item
712 2223 747 2251 dc
770 2223 818 2251 illo
832 2232 972 2259 nunquam
1001 2233 1056 2253 non

268 2265 392 2293 mendaci
411 2266 513 2301 populo
521 2266 555 2294 ad
567 2267 637 2294 hanc
650 2267 773 2302 loquitur
784 2267 930 2296 formulam
946 2278 952 2296 :
970 2279 978 2294 ι
990 2269 1059 2297 Pro-

268 2315 330 2344 pter
345 2311 477 2338 malitiam
495 2311 632 2339 labiorum
642 2333 648 2345 ,
663 2320 713 2348 per
728 2313 850 2348 linguam
861 2313 977 2341 alteram
992 2315 1025 2342 ¹⁰.
1045 2325 1055 2341 ι

269 2355 375 2383 Rursus
418 2365 426 2381 ι
444 2357 478 2384 Ει
492 2357 636 2392 posuimus
649 2358 822 2386 mendacium
834 2367 910 2394 spem
922 2365 1056 2393 nostram,

269 2405 297 2427 ct
314 2401 456 2428 mendacio
472 2403 587 2436 protecti
605 2411 701 2431 sumus
717 2404 749 2431 “.
766 2414 775 2429 ι
794 2404 848 2432 Sed
861 2409 889 2433 et
903 2406 1036 2434 Jeremias
1051 2416 1057 2434 :

274 2456 282 2472 ι
298 2447 368 2480 Quia
383 2447 558 2475 mendacium
572 2453 600 2476 et
613 2456 667 2476 non
683 2449 751 2477 ﬁdes
770 2450 886 2478 invaluit
901 2459 984 2487 super
1003 2453 1059 2480 ter-

271 2500 329 2519 ram
346 2493 377 2520 ".
392 2493 476 2520 David
492 2501 602 2528 quoque
620 2503 626 2521 :
647 2504 655 2520 ε
671 2494 732 2522 Filii
745 2496 827 2523 alieni
840 2497 984 2526 inveterati
996 2504 1060 2526 sunt

270 2542 298 2564 et
313 2537 539 2566 claudieaverunt
551 2547 566 2566 a
583 2540 689 2568 semitis
705 2541 763 2569 suis
779 2541 812 2570 ".
830 2552 838 2568 ι
857 2543 999 2578 Siquidem
1013 2545 1061 2580 qui

269 2583 353 2611 alieni
371 2592 386 2611 a
409 2586 526 2613 veritate
541 2591 607 2614 sunt
629 2587 725 2622 utique
745 2588 912 2623 claudicant,
930 2599 1028 2626 nempe
1045 2599 1060 2618 a

272 2629 441 2658 rectitudine
460 2631 510 2658 via:
537 2631 616 2667 (quae
639 2633 765 2662 Christus
777 2638 836 2669 est)
863 2637 1014 2664 transversi
1029 2645 1061 2664 ac

270 2675 371 2703 detorti
389 2686 395 2703 :
411 2686 419 2701 ι
435 2677 491 2712 Ego
503 2679 577 2705 enim
592 2679 634 2706 via
650 2685 748 2708 sumet
763 2682 865 2709 veritas
877 2682 908 2715 ",
929 2692 938 2708 ι
953 2683 992 2710 ait
1008 2683 1060 2711 Do-

271 2721 373 2749 minus.
401 2723 435 2750 Et
448 2723 515 2751 illud
537 2733 543 2751 2
573 2735 581 2750 ι
610 2725 718 2754 Inimici
740 2727 847 2754 Domini
864 2729 972 2755 mentiti
995 2733 1060 2756 sunt

1070 2113 1091 2142 C

1103 1493 1194 1520 δόλου.
1215 1493 1252 1520 Τδ
1265 1493 1319 1528 γὰρ
1332 1492 1430 1527 ψεῦδος
1444 1493 1476 1519 ὲκ
1489 1491 1537 1518 τοῦ
1554 1490 1673 1526 πονηροῦ
1695 1489 1765 1517 εἶναι
1778 1491 1877 1525 σαφῶς
1886 1491 1901 1517 ὸ

1103 1540 1206 1574 Κύριος
1220 1539 1351 1566 διδάσκει.
1369 1539 1398 1565 '0
1409 1536 1455 1565 οὖν
1468 1537 1582 1572 ἀγαπῶν
1598 1537 1645 1572 τὴν
1660 1537 1802 1572 ἀλήθειαν,
1819 1537 1902 1572 δῆλον

1103 1585 1144 1611 ὅτι
1161 1585 1206 1610 τὸν
1223 1583 1325 1618 Κύριον
1342 1583 1454 1618 ἀγαπᾷ·
1470 1583 1519 1609 καὶ
1535 1583 1549 1608 6
1568 1583 1672 1617 χαίρων
1687 1582 1727 1614 τῷ
1745 1581 1853 1616 ψεύδει,
1870 1582 1903 1608 τὸ

1104 1631 1211 1665 οέλημα
1224 1629 1270 1656 τοῦ
1281 1628 1430 1663 δυσμενοῦς
1441 1629 1546 1663 ἀγαπᾷ.
1560 1628 1671 1663 Πρῶτος
1683 1629 1696 1654 ὁ
1710 1627 1794 1662 νόμος
1810 1636 1904 1661 παραυ

1105 1675 1264 1702 χιλεύεται·
1276 1674 1314 1701 Οὐ
1330 1673 1606 1708 ψευδομαρτυρήσεις
1627 1671 1697 1698 κατά
1713 1671 1761 1698 τοῦ
1784 1672 1903 1707 πλησίον

1106 1729 1153 1747 σου
1175 1720 1328 1755 μαρτυρίαν
1340 1719 1426 1754 ψευδῆ
1443 1726 1451 1734 '
1468 1719 1522 1746 ἀπὺ
1540 1718 1640 1750 παντὸς
1661 1719 1783 1753 ῥήματος
1803 1717 1903 1744 ἀδίκου

1105 1766 1262 1801 ἀποστήσῃ.
1283 1765 1338 1792 Kal
1356 1766 1372 1800 ἠ
1391 1764 1486 1798 Σοφία·
1507 1773 1516 1790 ι
1547 1764 1640 1798 Στόμα
1658 1763 1903 1799 καταψευδόμενον

1106 1812 1214 1846 ἀναιρεῖ
1227 1811 1327 1846 ψυχήν.
1352 1820 1361 1836 ι
1383 1811 1438 1837 Kal
1464 1810 1556 1836 πάλιν
1573 1819 1583 1836 ε
1602 1809 1649 1845 Μὴ
1667 1809 1783 1845 ἀροτρία
1798 1809 1903 1843 ψεῦδος

1107 1858 1152 1884 ἐπὶ
1163 1858 1278 1892 ἀδελφόν
1291 1865 1349 1889 σου,
1363 1858 1412 1883 καὶ
1430 1856 1468 1891 μὴ
1481 1856 1541 1882 Θέλε
1556 1855 1704 1890 ψεύδεσθαι
1719 1857 1774 1882 πᾶν
1789 1855 1901 1890 ψεῦδος.

1112 1903 1141 1929 '0
1157 1903 1212 1938 γὰρ
1234 1902 1424 1938 ὲνδελεχισμδς
1449 1901 1533 1928 αὑτοῦ
1549 1902 1599 1928 οὐκ
1617 1902 1656 1933 εἰς
1677 1901 1792 1935 ἀγαθόν.
1813 1911 1824 1927 ι
1844 1902 1902 1928 Kal

1107 1948 1200 1980 πάλιν,
1234 1958 1243 1974 ι
1269 1948 1391 1975 Ἑκκαίει
1421 1947 1519 1982 ψεῦδος
1548 1947 1655 1982 μάρτυς
1682 1947 1787 1977 ἄδικος,
1817 1956 1827 1972 ι
1853 1947 1918 1973 xal‘

1107 1994 1261 2028 ἐπιπέμπει
1273 1993 1378 2028 κρίσεις
1391 1993 1443 2020 ἀνά
1456 1993 1538 2027 μέσον
1550 1993 1684 2027 ἀδελφῶν.
1704 1992 1734 2019 ’0
1748 1992 1903 2024 δὲἮσαῖας

1107 2040 1172 2074 περὶ
1186 2038 1233 2064 τοῦ
1247 2037 1410 2073 ἀειψεύᾳτου
1424 2036 1489 2063 λαοῦ
1514 2036 1602 2068 οὕτως
1617 2037 1711 2072 φησιν’
1730 2045 1740 2062 ι
1758 2037 1809 2063 Διά
1830 2046 1904 2071 quo-

1107 2084 1203 2120 λισμδν
1219 2085 1340 2119 χειλέων,
1358 2084 1405 2110 καὶ
1415 2084 1460 2111 διὰ
1478 2082 1604 2118 γλώσσης
1621 2083 1730 2118 ἑτέρας.
1754 2092 1764 2109 ι
1777 2083 1835 2110 Καὶ
1855 2081 1905 2110 αὖ·

1109 2129 1168 2161 οις·
1190 2139 1200 2155 ι
1216 2131 1272 2156 Kal
1283 2130 1424 2164 ἐθήκαμεν
1444 2127 1542 2163 ψεῦδος
1556 2128 1604 2163 τὴν
1628 2128 1723 2156 ἐλπίδα
1734 2128 1815 2163 ἡμῶν
1829 2149 1838 2160 ,
1856 2129 1908 2155 καὶ

1107 2173 1146 2210 τῷ
1170 2174 1266 2210 ψεύδει
1289 2172 1550 2208 σκεπασθησὸμεθα.
1587 2181 1596 2198 ι
1628 2173 1684 2200 Καὶ
1713 2174 1727 2199 ὸ
1747 2173 1905 2208 Ἱερεμίας,

1112 2230 1121 2246 ι
1140 2221 1202 2248 Ὀτι
1229 2220 1348 2255 ψεῦδος,
1374 2220 1420 2247 καὶ
1447 2220 1478 2246 οὺ
1500 2220 1594 2251 πίστις
1619 2219 1761 2253 ἐνίσχυσεν
1785 2219 1834 2245 ἐπὶ
1855 2220 1908 2254 τῆς

1108 2267 1170 2302 γῆς.
1191 2276 1200 2292 ι
1219 2267 1248 2293 Ὀ
1263 2267 1291 2294 δὲ
1304 2267 1384 2293 Δαυῖδ
1394 2275 1401 2282 ·
1421 2275 1430 2292 ι
1449 2266 1510 2293 Υἱοὶ
1525 2265 1661 2300 ἀλλότριοι
1674 2264 1826 2298 ἐψεύσαντὸ
1842 2273 1906 2299 μοι·

1109 2314 1162 2340 υἱοὶ
1187 2313 1323 2348 ἀλλότριοι
1347 2312 1558 2347 ἑπαλαιώθησαν
1575 2321 1581 2327 ·
1609 2311 1656 2337 καὶ
1680 2309 1821 2345 ὲχώλαναν
1851 2311 1909 2338 ἀπὸ

1109 2359 1164 2385 τῶν
1175 2358 1276 2394 τρίϐων
1289 2359 1389 2386 αὐτῶν.
1409 2367 1419 2384 ι
1431 2359 1525 2394 υῑγὰρ
1543 2357 1680 2393 ἀλλότριοι
1697 2357 1747 2390 τῆς
1762 2356 1909 2390 ἀληθείας,

1111 2404 1287 2440 χωλαίνουσιν
1307 2404 1491 2439 ἐκτραπέντες
1501 2404 1551 2439 τῆς
1561 2403 1668 2434 εὐθείας
1676 2402 1748 2434 ὀδοῦ,
1765 2403 1910 2429 τουτέστιν

1111 2451 1166 2477 ἀπὸ
1175 2451 1290 2486 Κυρίου.
1301 2451 1326 2485 (ι
1339 2450 1410 2484 Ἐγὼ
1423 2451 1476 2486 γάρ
1486 2451 1544 2485 εἰμι
1556 2450 1573 2484 ἡ
1587 2449 1646 2481 ὁδὸς
1659 2449 1708 2475 καὶ
1719 2450 1736 2484 ὴ
1752 2448 1883 2483 ἀλήθεια,
1897 2458 1906 2474 ι

1112 2496 1195 2531 φησὶν
1213 2497 1228 2522 ὁ
1255 2496 1366 2532 Κύριος.
1385 2497 1393 2531 )
1411 2496 1465 2523 Καί
1478 2503 1484 2509 ·
1505 2505 1514 2521 ι
1536 2495 1567 2522 οι
1582 2494 1677 2530 ἐχθροὶ
1701 2494 1806 2530 Κυρίου
1828 2494 1912 2529 ἐψεύ-

1114 2551 1194 2570 σαντο
1211 2543 1301 2578 αὐτῷ·
1325 2552 1335 2568 ι
1350 2543 1398 2569 καὶ
1419 2542 1464 2569 διὰ.
1479 2542 1559 2569 τοῦτο
1577 2541 1710 2576 ἐμίσησεν
1720 2541 1827 2571 πάντας
1843 2542 1911 2572 τοὺς

1112 2589 1314 2625 ἐργαζομένους
1329 2589 1377 2624 τὴν
1399 2588 1526 2623 ἀνομίαν,
1540 2587 1611 2614 Καί·
1632 2597 1641 2613 ι
1663 2588 1786 2618 Ἀπυλείς
1801 2587 1912 2618 πάντας

1111 2636 1176 2668 τοὺς
1203 2635 1352 2667 λαλοῦντας
1374 2635 1405 2661 τὸ
1428 2634 1535 2669 ψεῦδος.
1557 2643 1566 2659 ι
1579 2648 1614 2654 -——
1628 2643 1637 2659 ι
1658 2634 1720 2660 Ὅτι
1736 2633 1874 2667 ἐψεύσατο
1895 2634 1911 2667 ἠ

1114 2682 1205 2709 ἀδικία
1218 2682 1313 2717 ἑαυτῇ.
1336 2681 1422 2715 Χείλη
1436 2681 1491 2716 γὰρ
1507 2681 1582 2708 δόλια
1596 2681 1624 2707 ἐν
1645 2679 1746 2714 καρδίᾳ
1771 2679 1911 2715 ἐλάλησαν

1113 2727 1210 2762 ψευδῇ
1232 2737 1240 2753 ι
1261 2729 1290 2754 '0
1304 2728 1333 2754 δὲ
1349 2727 1504 2762 σοφώτατος
1516 2726 1643 2761 Σολομὼν
1657 2734 1664 2740 ·
1682 2735 1690 2751 ι
1707 2725 1759 2751 Δύο
1776 2725 1912 2760 αἰτοῦμαι

269 2768 296 2795 ei
306 2768 337 2794 ".
353 2777 362 2793 ι
377 2768 550 2805 Quapropter
561 2768 627 2797 odio
641 2771 724 2799 habet
737 2779 834 2800 omnes
849 2772 896 2807 qui
910 2778 1054 2808 operantul

1117 2773 1186 2809 πρὸς
1200 2773 1277 2806 Θεὸν,
1296 2773 1378 2808 φησίν
1390 2781 1397 2789 ·
1413 2773 1459 2808 Μὴ
1473 2772 1576 2807 ἀφέλῃς
1591 2771 1638 2798 ἀπ’
1657 2770 1723 2807 ἐμοῦ
1741 2771 1792 2806 πρῒ
1807 2770 1857 2798 τοῦ
1877 2771 1912 2806 μὶ

310 2836 354 2864 ‘Il
369 2835 440 2864 Tim.
456 2846 486 2868 Ir.
501 2838 547 2864 2|.

276 2871 316 2896 Η.
366 2872 376 2887 ⁸
393 2873 477 2896 Eccli.
491 2881 537 2896 vn.

274 2914 338 2939 vin,
352 2907 396 2934 46.
436 2909 457 2924 ’³
472 2908 552 2936 Joau.
574 2916 628 2940 xxv.
648 2909 674 2935 6.
716 2910 736 2925 ”
759 2910 829 2938 Psal.
845 2918 925 2944 Lxu,
944 2911 984 2939 16.

587 2839 596 2853 ¹
611 2837 667 2865 Tit.
681 2847 710 2869 ιι.
729 2839 755 2866 9.
795 2840 806 2855 ³
820 2840 882 2867 Act.
897 2848 923 2872 ν,
946 2840 972 2868 Ι.

1011 2841 1111 2869 διιοθη.
1122 2849 1168 2870 xu.
1184 2840 1243 2867 8-6.
1282 2841 1292 2857 ⁸
1307 2840 1329 2868 ιι
1344 2841 1418 2868 Petr.
1435 2849 1464 2872 ιι,
1478 2840 1520 2867 19.
1541 2839 1639 2868 'Joan.
1652 2847 1708 2871 xiv.
1721 2839 1748 2866 6.

366 2872 537 2909 "Eceliwu.
558 2873 602 2903 15,
620 2873 662 2900 Η.
701 2875 711 2890 ⁹
724 2874 802 2901 Prov.
818 2883 853 2907 vi,
874 2875 914 2902 l9.
955 2876 976 2891 '°
992 2876 1043 2904 lsa.
1058 2885 1153 2909 xxvm,
1168 2877 1208 2904 ll.
1251 2877 1270 2892 ¹¹
1288 2875 1354 2903 ibid.
1369 2876 1410 2904 l5.
1451 2877 1472 2892 “
1498 2875 1557 2903 lmo
1575 2875 1645 2903 Osee
1668 2883 1705 2908 Iv,
1718 2875 1745 2902 ‘2.

1787 2839 1878 2874 ’Sap.
1891 2847 1913 2871 ι,

1797 2875 1820 2890 ¹¹
1836 2875 1910 2903 Psai.
