1986 3241
276 203 344 235 1567

907 207 1092 238 ANTIOCHI
1114 206 1287 236 MONACIII

1854 202 1867 233 1
1876 205 1932 233 nos

274 261 371 288 tiosior
385 259 478 294 gloriae
495 259 574 287 istius
587 259 685 291 inanis,
698 267 779 294 quam
799 263 843 286 est
866 258 1059 286 multiformis!

1125 258 1204 294 ιᾴδιον
1225 257 1405 292 ἐπιγινώσκει
1423 258 1468 284 τὸν
1488 259 1555 293 πρὶς
1573 258 1640 284 αὕτᾶ
1656 258 1791 294 πόλεμον.
1811 257 1865 284 καὶ
1884 259 1933 284 διὰ

274 313 356 341 quam
372 309 414 332 est
431 304 534 332 malum
549 304 669 331 subtilel
688 304 764 331 Adeo
778 304 852 331 enim
870 304 965 338 nequit
985 303 1064 338 plane

274 350 437 381 internosci,
465 353 495 377 ut
521 358 556 377 ne
581 350 623 377 vel
641 350 675 376 ab
700 357 734 377 eo
749 350 796 384 qui
815 353 949 381 tentatur,
965 349 1065 383 deprc—

276 396 359 424 hendi
390 395 470 423 facile
494 395 602 430 possint
625 396 819 430 impressiones
844 395 918 422 illius
943 395 983 422 sic
999 394 1066 421 insi—

275 442 369 470 diosae.
385 442 511 469 Attamen
528 449 589 476 qua:
601 441 746 468 adversum
771 449 800 468 se
828 441 927 468 instrui
950 441 1064 473 bellum,

277 488 356 516 initio
373 488 432 523 ipso
444 488 521 515 novit
551 488 652 519 anima,
681 487 817 522 ejusmodi
844 488 972 514 incursus
994 494 1009 513 a
1035 493 1064 512 se

276 535 356 561 facile
373 534 527 561 remollitur
546 541 578 561 ac
592 533 715 568 depellit,
732 534 754 560 si
777 533 889 567 quidem
906 532 939 559 ad
957 532 1064 567 asylum

276 578 422 613 suﬂ‘ugerit
456 579 598 605 orationis.
635 579 669 605 Et
706 578 817 612 quidem
840 578 935 604 isthaec
962 577 1066 604 malitia

277 632 339 650 cum
354 627 395 651 tot
414 623 510 651 induat
528 623 640 654 formas,
665 623 718 649 dici
741 623 785 648 vix
809 622 896 656 possit
922 629 1003 656 quam
1024 626 1067 648 est

277 669 396 697 difﬁcilis
419 673 585 704 expugnatu.
606 669 635 696 In
655 668 730 696 omni
750 675 835 702 prope
847 667 956 702 negotio
971 667 1067 701 irrepit

277 716 357 747 clam,
376 716 403 742 in
416 715 524 746 habitu,
540 715 569 742 in
592 714 728 749 elegantia
750 713 854 743 formze.
880 714 909 740 in
936 713 995 748 ipso
1023 713 1066 739 in-

277 769 367 792 cessu,
387 761 414 788 in
430 769 497 788 voce
513 767 545 787 ac
560 767 697 792 sermone,
721 759 748 786 in
770 758 890 790 silentio,
919 758 946 785 in
971 765 1065 792 opere,

278 806 306 833 in
328 805 440 840 vigiliis,
458 805 486 832 in
512 805 634 840 jejuniis.
656 805 684 832 in
698 804 834 835 oratione,
850 803 878 830 in
892 803 1021 833 lectione.
1039 803 1067 829 in

278 851 382 885 quiete,
400 851 428 877 in
443 850 591 885 longanimi
611 850 769 877 tolerantia.
780 850 832 877 Per
843 849 900 876 haec
911 849 1004 876 omnia
1017 849 1068 875 ho-

278 895 380 923 minem
398 895 443 922 Dei
474 902 640 929 magnopere
667 894 759 920 studet
784 893 871 928 gloria
899 892 989 919 inanis
1010 891 1068 918 suis

1116 303 1270 337 προσευχῆς
1284 302 1379 329 τοῦτον
1391 303 1552 338 ἀνατρέπει.
1575 303 1609 329 Ίι
1626 303 1654 329 δὲ
1674 303 1727 337 τῆς
1756 303 1932 334 κενοδοξίας

1115 348 1211 380 κακία,
1233 348 1271 379 ὡς
1292 346 1359 374 οὖσα
1373 348 1559 382 πολύμορφος,
1574 348 1842 382 δυσκαταγώνιστος
1859 356 1932 381 τυγ-

1115 395 1202 428 χάνει.
1225 394 1270 420 Ἐν
1283 394 1365 420 παντὶ
1379 393 1434 428 γὰρ
1460 393 1660 428 ἐπιτηδεύματι
1689 394 1930 428 παρυφίσταται.

1116 439 1144 465 ἐν
1171 447 1201 465 τε
1229 439 1349 473 σχήματι
1380 439 1429 465 καὶ
1456 439 1485 464 ὲν
1512 440 1604 474 μοριξῇ
1627 439 1674 465 καὶ
1691 441 1719 465 ὲν
1749 439 1930 474 βαδίσματι.

1117 485 1164 511 καὶ
1179 485 1208 510 ἐν
1223 486 1310 519 φωνῇ.
1326 485 1372 510 καὶ⁸
1395 485 1424 519 ἐν
1439 484 1521 519 λόγῳ,
1547 485 1597 510 καὶ.¹
1622 484 1651 510 ὲν
1677 487 1782 519 σιωπῇ,
1813 485 1871 510 καὶ
1901 486 1930 510 ἐν

1117 529 1199 564 ἔργῳ,
1215 530 1261 555 καὶ
1277 531 1305 555 ὲν
1319 529 1494 564 ἀγρυπνίαις,
1513 529 1561 555 καὶ
1576 529 1604 555 ἐν
1628 530 1779 564 νηστείαις,
1809 531 1865 556 καὶ
1899 531 1930 555 ὲν

1116 575 1194 610 εὐχῇ.
1215 575 1262 601 καὶ
1283 576 1311 601 ὲν
1329 574 1494 608 ἀναγνώσει,
1510 575 1558 601 καὶ
1572 576 1600 601 ἐν
1619 576 1729 610 ἡσυχίᾳ,
1749 576 1800 601 καὶ
1820 576 1855 601 ἐν
1872 585 1929 610 μα-

1117 620 1253 655 κροθυμίᾳ
1270 627 1276 635 ·
1292 620 1337 647 διὰ.
1358 619 1461 646 τούτων
1490 619 1601 646 πάντων
1628 621 1765 654 ἐπιχειρεῖ
1794 621 1847 646 τὸν
1875 620 1927 646 τοῦ

1117 664 1185 691 Θεοῦ
1213 664 1358 699 ἄνθρωπον
1379 664 1584 696 κατατοξεύειν.
1613 665 1697 691 Ὅταν
1719 665 1775 700 γὰρ
1810 666 1854 700 μὴ
1883 666 1930 691 ευ-

1117 709 1186 745 νηθῇ
1197 708 1241 736 διὰ
1255 709 1407 736 πολυτελῶν
1423 710 1581 745 ἐνδυμάτων
1593 710 1661 744 πρὸς
1673 711 1834 742 κενοδοξίαν
1850 713 1927 738 ἀπο·

1119 755 1228 789 στῆσαι,
1244 755 1278 781 δι’
1297 755 1414 782 εὐτελῶν
1425 756 1561 791 ἐπιχειρεῖ
1577 757 1728 792 πειράζειν.
1743 758 1801 783 Καὶ
1819 757 1854 783 ὃν
1872 759 1925 784 οὐκ

1117 801 1237 836 ἠδυνήθη
1257 802 1302 828 διὰ
1329 802 1413 837 τιμῆς
1435 802 1547 838 ἐπᾶραι,
1574 803 1667 829 τοῦτον
1692 803 1736 830 διὰ
1762 804 1795 830 τὸ
1821 804 1926 838 φέρειν

1117 847 1199 882 δῆθεν
1213 847 1337 882 ἀτιμίαν,
1354 849 1395 879 είς
1411 847 1540 875 ἀπόνοιαν
1560 848 1643 883 αἴρει.
1659 849 1714 875 Καὶ
1729 848 1759 875 ὃν
1775 848 1830 876 οὒκ
1860 849 1926 883 ἠδυ-

1119 893 1189 928 νήθη
1205 895 1300 920 πεῖσαι.
1316 893 1349 920 δι’
1371 894 1524 929 ἐπιστήμην
1538 894 1626 928 λόγων
1640 894 1802 927 κενοδοξεῖν,
1819 895 1924 922 τοῦτον

278 939 413 968 canﬂcere
432 939 503 966 telis.
521 939 550 966 Si
569 938 680 973 quando
695 937 865 972 perspexerit
877 943 931 962 non
945 934 1067 969 potuisse

1125 938 1163 965 Βιὰ
1187 939 1295 973 σιωπῆς
1319 938 1356 970 ὡς
1379 939 1480 974 ἥσυχον
1495 939 1576 974 δῆθεν
1588 939 1710 972 δελεάζει
1727 949 1734 956 ·
1753 940 1804 966 καὶ
1819 941 1854 966 ὃν
1871 941 1923 967 οὐκ

278 997 307 1018 se
320 997 369 1025 per
385 989 613 1017 vestimentorum
626 989 720 1015 luxum
735 987 916 1022 profusiorem
930 985 1069 1013 hominem

278 1035 413 1070 prolicere
427 1035 461 1062 ad
475 1035 516 1062 sui
528 1042 705 1064 consensum,
719 1033 796 1060 illum
810 1032 946 1063 adoritur,
965 1035 995 1058 ut
1008 1034 1069 1057 ten-

279 1084 318 1108 tet
324 1088 373 1115 per
383 1079 468 1107 vestis
479 1079 633 1106 sorditiem.
642 1078 728 1113 Cujus
735 1078 858 1105 animum
867 1076 1024 1111 nequiverit
1034 1074 1069 1102 ad

279 1132 442 1152 consensum
458 1124 587 1151 elationis
608 1123 753 1150 deﬂectere
769 1122 926 1157 obiectione
944 1120 1068 1152 honoris,

279 1170 353 1196 hunc
364 1169 397 1196 eo
409 1170 489 1202 tollit,
507 1173 536 1196 ut
552 1169 593 1196 vel
605 1169 659 1204 jam
668 1168 824 1196 consentiat
834 1167 1008 1202 arrogantiae.
1021 1173 1070 1200 per

279 1214 332 1242 hoc
342 1214 417 1250 quod
426 1221 506 1249 aquo
514 1213 667 1241 fertanimo
674 1221 702 1241 se
713 1213 862 1248 ignominia
871 1212 988 1247 aspergi.
1000 1211 1071 1239 Rur-

279 1267 336 1291 sus,
355 1260 378 1287 si
393 1259 504 1294 quando
518 1259 686 1294 persuadere
703 1259 870 1293 nequiverit,
886 1262 916 1285 ut
931 1257 995 1292 quis
1010 1264 1069 1284 ma-

279 1304 376 1339 gnillcc
392 1304 526 1339 glorietur
543 1303 616 1338 quod
627 1304 663 1331 sit
675 1303 818 1338 eloquens,
835 1302 963 1330 eumdem
974 1309 1070 1337 aggre-

279 1350 355 1378 ditur
366 1349 446 1384 quasi
460 1350 508 1384 qui
524 1350 666 1384 requietus
679 1349 714 1377 sit
725 1354 754 1377 et
767 1349 933 1380 taciturnus,
957 1355 988 1375 ac
1005 1355 1070 1382 pro-

280 1395 426 1430 pemodum
459 1395 564 1422 inescat
590 1401 618 1422 et
650 1394 760 1430 prolicit
781 1394 815 1421 ad
832 1400 997 1422 consensum
1022 1400 1072 1428 per

281 1440 509 1468 taciturnitatem.
535 1441 621 1473 Quem
636 1449 689 1468 non
708 1440 829 1475 potuerit
841 1440 875 1467 ad
892 1439 1071 1468 ambitionem

280 1486 373 1522 gloria:
384 1486 508 1514 emollire
524 1494 574 1521 per
589 1487 746 1514 eduliorum
760 1490 885 1521 sumptus
901 1485 1070 1520 magniﬁcos|

281 1531 356 1559 hunc
366 1531 492 1559 dissolvit
503 1531 578 1559 laudi
594 1532 711 1567 propria:
726 1535 756 1558 ut
777 1531 932 1559 consentiat
958 1539 1006 1566 per
1029 1531 1072 1565 je-

279 1578 388 1613 junium
406 1583 434 1605 et
450 1578 516 1605 vita:
531 1577 728 1612 frugalitatem.
739 1577 829 1612 thue
841 1576 1006 1612 compendio
1025 1575 1072 1602 ab-

282 1625 398 1656 solvam,
414 1624 521 1650 nullum
542 1631 596 1650 non
611 1631 698 1658 genus
722 1622 931 1650 exercitationis
954 1621 1072 1649 daamoni

283 1668 348 1695 huic
364 1668 483 1702 reprobo
504 1668 677 1695 occasionem
705 1667 828 1702 suggerit
855 1665 1001 1694 conciendi
1024 1665 1074 1692 ad-

283 1721 392 1740 versum
406 1721 456 1740 nos
478 1713 552 1740 belli.
574 1714 698 1747 Denique
724 1712 876 1739 monachus
905 1710 1075 1745 comperitur

285 1759 400 1786 honoris
418 1766 479 1786 esse
508 1758 769 1790 arnbitiosulus,.ut
797 1757 843 1792 qui
870 1756 1012 1784 beneﬁcus
1039 1756 1075 1783 sit

285 1805 354 1831 citra
372 1803 534 1838 condignam
555 1803 709 1830 mercedem
727 1811 733 1829 :
751 1803 874 1830 laborem
892 1802 966 1830 enim
993 1801 1076 1829 susti-

286 1848 356 1881 nuit,
384 1855 436 1875 nec
466 1847 564 1882 recipit
587 1848 629 1874 sui
663 1846 818 1874 mercedem
839 1847 952 1874 laboris.
979 1846 1076 1874 lsthzec

286 1894 379 1929 gl0rire
408 1898 548 1921 momento
576 1893 767 1921 evanescentis
792 1892 948 1927 cupiditas,
975 1891 1076 1918 misere

288 1938 378 1973 perdit
394 1938 536 1965 mercedes
548 1937 656 1965 debitas
672 1937 779 1964 virtuti.
795 1937 828 1964 Et
842 1936 1075 1971 quemadmodum

289 1984 358 2019 lapis
379 1984 407 2012 in
432 1991 495 2011 aera
525 1987 679 2015 contortus.
705 1982 739 2010 ad
760 1983 822 2010 celi
843 1989 929 2017 usque
955 1989 1077 2009 convexa

289 2037 429 2064 nunquam
452 2029 594 2064 pertingit,
619 2029 656 2056 ita
678 2036 729 2056 nec
743 2028 864 2056 hominis
878 2028 967 2056 oratio
981 2027 1079 2055 huma-

289 2083 340 2102 nos
351 2075 458 2102 favores
469 2074 605 2110 captantis
628 2075 662 2102 ad
687 2082 768 2102 aures
788 2075 838 2102 Dei
866 2082 989 2109 unquam
1013 2081 1080 2101 con-

289 2121 411 2148 sccndet.
426 2121 482 2153 Vir,
504 2121 627 2156 prudens
643 2120 666 2147 si
689 2124 742 2152 est,
774 2121 944 2150 thesaurum.
965 2127 1078 2154 sumque

291 2167 401 2193 virtutis
426 2166 550 2193 laborem
577 2167 679 2194 occulit
703 2173 735 2193 ac
763 2165 899 2194 recondit.
932 2165 1081 2193 Monachus

291 2212 448 2247 intelligens
473 2212 642 2247 ingeniosam
664 2215 692 2239 et
704 2211 833 2239 solertem
849 2211 971 2238 imitatur
986 2211 1080 2246 apicu-

1118 984 1242 1019 ἠδυνήθη
1259 984 1303 1012 διὰ
1318 984 1493 1016 πολυτελείας
1511 985 1664 1021 βρωμάτων
1678 986 1836 1020 χαυνῶσαι,
1854 986 1923 1012 τοῦ-

1118 1037 1164 1055 τον
1173 1029 1217 1055 διὰ
1237 1029 1365 1064 νηστείας
1376 1029 1444 1064 πρὸς
1462 1029 1572 1057 ἔπαινον
1601 1031 1702 1058 ἐκλύει.
1729 1031 1786 1057 Καὶ
1819 1032 1923 1063 ἁπλῶς

1120 1076 1174 1102 πᾶν
1194 1075 1365 1111 ἐπιτήδευμα
1386 1077 1523 1110 πρόφασιν
1536 1077 1651 1112 παρέχει
1667 1077 1788 1112 πολέμου
1808 1077 1851 1112 τῷ
1871 1086 1923 1104 πο-

1120 1121 1196 1157 νηρῷ
1210 1121 1297 1156 τούτῳ
1313 1121 1431 1156 δαίμονι.
1449 1122 1550 1148 Λοιπὸν
1565 1123 1723 1157 εὑρίσκεται
1738 1124 1753 1149 ό
1770 1123 1922 1155 κενόδοξος

1122 1166 1236 1201 μοναχδς
1249 1166 1286 1198 ὡς
1297 1166 1417 1202 ἐργάτης
1433 1166 1558 1201 ἄμισθος.
1572 1167 1625 1194 Τὸν
1634 1169 1688 1203 γὰρ
1702 1167 1784 1194 πόνον
1796 1169 1919 1203 ὑπέστη,

1121 1212 1167 1239 καὶ
1180 1212 1228 1238 τὸν
1244 1212 1340 1247 μισθὸν
1354 1213 1404 1239 οὐκ
1419 1213 1525 1240 ἔλαϐεν.
1545 1213 1578 1240 Ἦ
1593 1213 1648 1249 γάρ
1664 1215 1804 1247 κενοδοξία
1831 1215 1923 1241 ἀπόλ-

1120 1257 1197 1284 λυσιν
1227 1258 1340 1292 μισθοὺς
1368 1259 1482 1293 ἀρετῶν.
1510 1259 1566 1285 Καὶ
1581 1259 1677 1294 ὥσπερ
1702 1259 1778 1287 λίθου
1800 1260 1870 1296 βολὴ
1889 1261 1920 1287 οὗ

1122 1303 1211 1340 φθάνῃ
1225 1304 1265 1335 εἰς
1279 1304 1405 1338 οὐρανὸν,
1422 1304 1510 1336 οὕτως
1534 1305 1595 1332 οὐδὲ
1615 1306 1755 1341 προσευχὴ
1779 1307 1921 1341 ἀνθρωπ-

1121 1350 1242 1386 αρέσκου
1251 1350 1420 1385 ἀναϐήσεται
1433 1351 1501 1386 πρὸς
1511 1351 1557 1378 τδν
1569 1351 1646 1378 Θεόν.
1658 1353 1688 1378 ’0
1697 1352 1832 1387 φρόνιμος
1845 1353 1899 1387 ὰνῆ
1903 1361 1921 1387 ρ

1122 1395 1237 1431 κρύπτει
1249 1396 1396 1431 θησαυρὸν,
1412 1396 1460 1423 καὶ
1478 1396 1580 1431 ἀρετῆς
1594 1397 1674 1423 πόνον
1689 1405 1696 1412 ·
1723 1397 1836 1428 συνετὸς
1871 1407 1923 1432 μο-

1122 1441 1204 1477 ναχδς
1219 1441 1267 1477 τὴν
1282 1442 1416 1476 μέλισσαν
1432 1443 1568 1477 μιμεῖται,
1593 1443 1692 1476 ἔξωθεν
1719 1443 1812 1478 φέρων
1833 1444 1918 1479 ἄνθη,

1123 1489 1169 1514 καὶ
1194 1487 1294 1514 ἔσωθεν
1318 1487 1415 1522 κηρίον
1431 1487 1624 1523 ἐργαςόμενος.
1640 1488 1686 1523 Μὴ
1702 1489 1836 1525 πωλήσῃς
1853 1490 1919 1521 τοὺς

1123 1534 1223 1566 πόνους
1255 1542 1302 1560 σου
1330 1533 1394 1569 δόξῃ
1416 1533 1582 1570 ἀνθρωπίνῃ,
1612 1533 1680 1569 μηδὲ
1694 1534 1744 1569 τὴν
1762 1535 1919 1569 μέλλουσαν

1124 1579 1204 1612 δόξαν
1216 1577 1322 1614 προδῷς
1335 1578 1368 1604 δι’
1381 1578 1476 1614 εὐτελῆ
1491 1578 1641 1614 εὐφημίαν.
1652 1578 1722 1611 Δόξα
1738 1580 1793 1614 γὰρ
1807 1580 1911 1615 ἀνθρω-

1126 1625 1192 1659 πῐνη
1210 1624 1250 1655 είς
1264 1623 1330 1658 χοῦν
1342 1625 1520 1658 κατασκηνοτ,
1537 1624 1584 1650 xa‘t
1597 1624 1630 1650 τὸ
1645 1623 1723 1656 κλέος
1736 1625 1825 1660 αὐτῆς
1838 1626 1919 1652 σϐέν-

1124 1678 1213 1696 νυται.
1237 1668 1310 1696 Ἡδὲ
1327 1669 1375 1704 τῆς
1387 1669 1489 1704 ἀρετῆς
1505 1669 1570 1701 δόξα
1593 1669 1668 1704 μένει
1692 1671 1732 1702 εἰς
1754 1670 1801 1697 τδν
1817 1671 1918 1699 αἰῶνα.

1131 1713 1228 1749 Ἡμεῖς
1242 1711 1300 1746 οὖν,
1327 1715 1476 1749 ἀγαπητοὶ,
1503 1714 1541 1750 μὴ
1565 1715 1656 1750 δῶμεν
1681 1715 1774 1751 χώραν
1797 1715 1872 1743 ὥστε
1889 1717 1919 1743 τὺ

1126 1760 1210 1791 πάθος
1224 1759 1302 1786 τοῦτο
1317 1760 1462 1794 κυριεῦσαι
1488 1760 1568 1795 ἡμῶν
1583 1769 1591 1776 ·
1618 1761 1782 1796 φοϐούμενοι
1803 1762 1851 1788 τδν
1877 1762 1920 1788 λέ-

1126 1813 1219 1839 γοντα·
1237 1815 1246 1831 ι
1270 1805 1299 1831 '0
1311 1805 1376 1836 Θεὸς
1389 1806 1554 1841 ὲσκόρπισεν
1566 1806 1634 1833 ὀστᾶ
1644 1806 1915 1841 άνθρωπαρέαιων.ι

1132 1850 1276 1884 Ἐπόμενοι
1297 1851 1326 1877 δὲ
1348 1851 1450 1886 μᾶλλον
1466 1851 1504 1886 τῷ
1515 1852 1689 1888 ἀποστολικῷ
1705 1853 1779 1888 ρητῴ
1794 1853 1920 1888 εἴπωμεν

1126 1897 1282 1932 εἰλικρινῶς
1300 1905 1307 1911 ο
1331 1906 1340 1922 ι
1361 1896 1442 1932 ’Δρτι
1455 1897 1508 1932 γὰρ
1522 1897 1683 1933 ἀνθρώπους
1702 1899 1800 1930 πείθω,
1829 1899 1846 1934 ἢ
1874 1901 1919 1926 τὸν

1126 1941 1213 1974 Θεὸν,
1244 1941 1260 1976 ἢ
1290 1941 1363 1976 ζητῶ
1388 1942 1543 1977 ἀνθρώποις
1569 1943 1718 1977 ἀρέσκειν;
1744 1944 1775 1969 Et
1803 1944 1860 1978 γὰρ
1881 1945 1919 1971 ἔτι

1128 1985 1284 2022 ἀνθρώποις
1299 1987 1429 2022 ἧρεσκον,
1444 1986 1564 2022 Χριστοῦ
1579 1987 1672 2020 δοῦλος
1683 1989 1734 2015 οὐκ
1750 1989 1782 2015 ἂν
1798 1990 1886 2024 ήμην.
1908 1999 1917 2015 ι

1128 2033 1184 2060 Καὶ
1201 2031 1280 2064 αὖθις
1293 2040 1301 2048 ·
1319 2042 1328 2058 ‹
1346 2032 1440 2064 Οὕτως
1456 2033 1602 2068 λαλοῦμεν,
1617 2034 1667 2068 οὐχ
1692 2034 1731 2066 ὡς
1755 2035 1920 2070 ἀρέσκοντες

1129 2077 1293 2113 ἀνθρώποις,
1306 2077 1374 2104 ἀλλὰ
1384 2078 1424 2113 τῷ
1436 2078 1494 2113 Θεῷ
1504 2078 1542 2113 τῷ
1555 2078 1729 2114 δοκιμάζοντι
1743 2080 1793 2112 τὰς
1805 2081 1920 2116 καρδίας

1129 2123 1219 2159 ἡμῶν.
1238 2123 1307 2149 Οὔτε
1317 2122 1372 2158 γὰρ
1387 2123 1492 2158 (φησὶν)
1507 2123 1535 2150 ὲν
1547 2123 1619 2159 λόγῳ
1633 2124 1776 2156 κολακείας
1789 2125 1922 2161 ἐγενήθη-

1133 2177 1182 2204 μεν
1193 2168 1264 2204 πρὸς
1273 2169 1358 2203 ὑμᾶς,
1371 2168 1463 2200 καθὼς
1475 2169 1576 2201 οἴδατε,
1591 2169 1654 2196 οὔτε
1668 2170 1805 2205 προφάσει
1825 2171 1921 2198 πλεον-

1131 2216 1206 2248 εξίας
1219 2215 1296 2251 (Θεδς
1313 2214 1439 2250 μάρτυς),
1466 2213 1528 2240 οὕτε
1554 2214 1698 2249 ζητοῦντες
1715 2214 1744 2247 ἐξ
1769 2215 1921 2250 ἀνθρώπων

291 2257 355 2284 lam.
382 2257 456 2291 Quos
481 2262 596 2285 externe
622 2258 751 2292 selegerit
776 2257 914 2290 ﬂosculos,
939 2257 1029 2284 defert
1054 2257 1074 2284 ir

1132 2261 1222 2294 δόξαν.
1233 2270 1242 2287 ι
1253 2275 1288 2280 -
1300 2270 1309 2285 ι
1323 2261 1360 2286 Οὐ
1375 2259 1431 2295 γὰρ
1443 2260 1457 2286 ό
1471 2259 1567 2286 ἑαυτὸν
1578 2261 1755 2292 συνιστάνων,
1767 2261 1872 2292 ἐκεῖνος
1881 2261 1924 2287 δό-

291 2303 454 2334 alvearinm,
475 2304 582 2331 interne
600 2304 768 2331 mellilicium
780 2303 928 2338 {avumque
940 2303 1085 2339 operosius

292 2349 412 2376 conﬁcit.
422 2348 461 2376 Nc
473 2349 580 2377 labores
591 2349 697 2383 1097
706 2354 767 2376 tuos
775 2350 901 2376 humana:
909 2349 952 2376 isti
962 2349 1084 2383 gloriola:

291 2402 413 2429 exponas
432 2395 526 2425 venui.
539 2403 608 2422 neve
621 2395 742 2422 futuram
762 2395 877 2430 gloriam
903 2395 1005 2430 prodas
1027 2400 1081 2422 tam

292 2440 340 2467 vili
352 2439 518 2471 mercedula.
531 2447 629 2474 nempe
642 2440 678 2467 ob
695 2440 916 2475 qualemcunque
939 2440 1082 2468 hominum

293 2486 425 2514 favorem.
440 2485 564 2513 llumana
584 2485 670 2521 gloria
690 2485 819 2513 deorsum
831 2485 858 2513 in
872 2486 984 2521 pulvere
1005 2494 1086 2514 suum

295 2532 351 2566 tigit
366 2531 574 2559 tabernaculum
590 2540 597 2560 :
616 2539 702 2567 quare
721 2532 780 2566 ejus
797 2532 857 2559 laus
876 2536 1016 2559 momento
1040 2540 1089 2560 ex-

294 2577 443 2612 stinguitur
453 2585 485 2605 ac
496 2577 624 2613 deperit;
648 2586 709 2613 quae
737 2583 828 2606 autem
854 2579 950 2605 virtuti
972 2578 1089 2606 debetur

295 2620 391 2655 gloria,
412 2621 488 2648 nullo
511 2621 702 2657 intcrcipietur
716 2630 785 2650 aevo.
804 2623 859 2650 Nos
873 2623 968 2658 igitur,
981 2623 1088 2650 charis-

297 2666 370 2697 simi,
386 2666 451 2694 huic
463 2667 562 2694 anima:
577 2668 780 2702 perturbationi
792 2669 883 2696 locum
899 2677 933 2696 ne
946 2668 1086 2701 cedamus,

298 2721 331 2740 ne
347 2713 457 2748 quando
486 2714 573 2740 nostri
600 2714 769 2742 dominetur.
797 2715 866 2742 Cum
893 2715 992 2742 timore
1022 2722 1086 2741 eum

297 2758 477 2786 «audiamus
497 2759 543 2793 qui
567 2759 635 2787 dicit
650 2769 656 2787 :
687 2769 695 2785 ι
715 2761 788 2787 Deus
803 2761 946 2796 dissipavit
962 2767 1023 2787 ossa
1040 2767 1087 2787 eo-

299 2811 360 2831 rum
375 2804 422 2839 qui
436 2804 595 2833 hominibus
608 2807 717 2841 placent
728 2807 759 2833 ".
776 2817 784 2833 ι
799 2806 983 2842 Apostolicam
995 2807 1086 2842 potius

337 2894 361 2909 "
382 2895 451 2922 Psal.
475 2903 521 2927 Lit,
538 2895 564 2921 6.

1133 2315 1225 2342 κιμος,
1239 2305 1295 2332 ἀλλ’
1305 2305 1335 2332 δν
1345 2307 1358 2332 ὁ
1372 2305 1473 2341 Κύριος
1487 2305 1656 2340 συνίστησιν
1672 2315 1680 2330 ι
1697 2305 1787 2336 καθώς
1806 2314 1890 2340 φησιν
1906 2307 1922 2341 ἡ

1136 2353 1261 2388 μακαρία
1277 2352 1361 2378 Ἀννα
1376 2352 1392 2387 ἡ
1406 2351 1453 2378 τοῦ
1466 2351 1594 2386 Σαμουὴλ
1612 2359 1619 2367 ·
1641 2361 1650 2377 ι
1667 2351 1712 2386 Μὴ
1735 2352 1885 2387 καυχάσθω
1909 2354 1922 2378 ὁ

1135 2398 1266 2433 φρόνιμος
1291 2397 1319 2423 ἐν
1345 2398 1378 2431 τῇ
1404 2397 1535 2432 φρονήσει
1556 2396 1651 2429 αὐτοῦ,
1665 2399 1712 2424 καὶ
1733 2397 1748 2423 ὀ
1764 2397 1880 2430 δυνατδς
1894 2399 1922 2423 ἑν

1135 2445 1168 2478 τῇ
1181 2443 1294 2478 δυνάμει
1317 2442 1410 2472 αὐτοῦ.
1426 2443 1473 2469 καὶ
1499 2443 1514 2469 ὁ
1541 2442 1668 2474 πλούσιος
1692 2443 1720 2468 ὲν
1747 2442 1787 2477 τῷ
1814 2443 1923 2478 πλούτῳ

1135 2487 1218 2515 αὐτοῦ
1235 2496 1242 2503 ο
1257 2487 1314 2514 ἀλλ’
1327 2489 1356 2514 ὲν
1376 2487 1416 2522 τῷ
1432 2486 1562 2518 συνιέναι,
1584 2487 1631 2513 aut
1655 2487 1742 2513 ποιεῖν
1767 2488 1856 2522 κρῖμα
1876 2489 1922 2513 καὶ

1135 2534 1322 2569 δικαιοσύνην.
1341 2543 1351 2560 ι
1379 2534 1408 2559 '0
1421 2533 1449 2559 δὲ
1472 2532 1599 2567 βασιλεὺς
1622 2532 1756 2564 Ἐζεκίας.
1778 2533 1829 2567 τὴν
1845 2533 1922 2565 Mira

1136 2580 1190 2608 τῶν
1205 2579 1356 2614 ἀνθρώπων
1373 2577 1542 2614 θηρώμενος,
1559 2578 1606 2604 καὶ
1627 2578 1791 2612 περιχαρεία
1810 2579 1924 2612 κρατού-

1139 2634 1228 2662 μενος,
1247 2624 1331 2656 ἔδειξε
1347 2625 1403 2655 τοῖς
1423 2623 1568 2655 Χαλδαίοις
1582 2623 1645 2654 τοὺς
1661 2623 1816 2658 Θησαυροὺς
1830 2624 1921 2651 αὐτοῦ.

1140 2671 1195 2698 Καὶ
1221 2670 1365 2698 ἀπέστειλε
1392 2670 1495 2704 Κύριος
1518 2669 1564 2696 τὸν
1592 2669 1707 2696 Ἡσαΐαν
1722 2689 1730 2701 ,
1754 2669 1823 2702 πρὸς
1846 2670 1925 2696 αὑτὸν

1140 2716 1226 2750 λέγων
1242 2725 1248 2731 ι
1269 2725 1278 2741 ι
1300 2715 1365 2742 Ἰδοὺ
1385 2715 1490 2750 ἡμέραι
1506 2715 1642 2750 ἔρχονται,
1667 2715 1714 2741 καὶ
1741 2714 1925 2750 ληφθήσο·ιται

1141 2763 1229 2789 πάντα
1252 2760 1270 2788 ἃ
1291 2760 1356 2793 ἴδον,
1378 2761 1418 2791 είς
1439 2759 1598 2787 Βαϐυλῶνα.
1620 2770 1628 2786 ι
1659 2760 1704 2790 Ὠς
1733 2759 1780 2786 καὶ
1796 2759 1838 2794 ἐφ’
1861 2761 1925 2794 ἡμῖν

1140 2806 1187 2834 νῦν
1201 2805 1322 2840 γέγονεν.
1345 2803 1553 2840 Ἐπαχύνθημεν
1564 2803 1618 2839 γὰρ
1634 2803 1683 2831 καὶ
1693 2803 1924 2839 άπελακτίσαμιν,
