1986 3238
64 233 148 266 1569

597 236 762 267 HOMILIA
781 237 883 269 XLIV.
898 250 931 254 ·-
947 239 995 268 DE
1016 239 1215 270 SUPERBIA.

1649 245 1717 279 1570

62 292 120 319 καὶ
135 291 301 328 παρέδωκεν
319 291 423 327 Κύριος
447 292 497 328 τὴν
519 293 595 327 ἰσχὺν
616 294 706 329 ἡμῶν,
721 294 766 321 τὸν
784 294 868 329 τίμιοι

926 296 1044 322 aemulati
1076 298 1241 324 sententiam
1267 298 1376 325 sincero
1401 303 1512 333 pectore
1539 307 1716 334 premamus:

63 337 208 371 σταυρὺν,
227 337 284 367 τοῖς
300 336 458 368 Χαλδαίοις,
482 337 529 363 καὶ
544 338 578 364 τὰ
594 338 658 372 ᾰγια
673 338 752 373 ἡμῶν
765 338 875 373 ὲρὴμω·

63 390 136 408 σαν.
158 381 259 412 Καλῶς
273 379 322 408 οὖν
334 382 348 407 ὁ
370 381 579 417 Παροιμιαστὴς
592 383 666 416 λέγει
679 390 685 397 ·
706 392 714 408 ι
732 383 875 418 Κρείσσων

63 427 145 462 ἀνὴρ
175 428 204 453 ὲν
234 427 333 462 ἀτιμίᾳ.
357 427 448 462 ἐαυτῷ
468 427 612 460 δουλεύων,
630 428 673 463 ἢὸ
688 428 772 464 τιμὴν
787 428 875 463 ἑαυτῷ

65 472 212 507 περιθεὶς,
226 473 275 499 καὶ
290 473 448 508 ἐνδεόμενος
463 473 558 508 ἄρτου.
570 482 580 499 ι
599 473 654 500 Καὶ
668 473 750 500 πάλιν
761 482 768 488 ο
785 483 794 499 ι
813 474 874 508 Ἐγ-

65 518 245 553 κωμιαξέτω
261 527 290 544 σε
303 519 316 545 ὁ
338 519 433 551 πέλας,
445 520 492 544 καὶ
513 519 551 554 μὴ
568 519 598 545 τὸ
616 519 660 545 σὺν
675 520 775 554 στόμα·
793 519 873 546 ἀλλό-

63 554 162 598 τριοδς,
180 564 227 590 καὶ
239 563 277 599 μὴ
289 563 322 590 τὰ
339 563 375 590 σὰ
388 564 477 598 χείλη.
497 573 507 590 ι
528 564 556 590 '0
571 565 598 590 δὲ
611 565 766 600 Ψαλμῳδός
782 574 790 582 ·
808 574 817 590 ι
842 564 872 591 '0

63 608 141 640 Θεὸς
151 609 348 644 διεσκόρπισεν
364 609 432 636 ὀστᾶ
443 609 684 646 άνθρωπαρέσκων
694 618 701 625 ·
714 610 872 645 κατῃσχύνο

65 654 162 689 θησαν
180 655 221 681 ὅτι
238 656 252 681 ὁ
264 655 331 686 Θεὸς
346 655 529 687 ὲξουδένωσεν
544 656 652 688 αὐτούς.
672 666 681 682 ι
697 657 776 683 Καὶὸ
792 657 871 683 Ἀπό-

66 702 189 733 στολος·
209 711 218 727 ι
236 701 270 728 Τί
286 702 340 737 γὰρ
353 701 436 736 ἔχεις,
455 701 468 727 ὃ
480 702 529 728 οὐκ
545 701 640 733 ἐλαῦες
655 709 662 734 ;
680 703 703 728 εί
719 701 748 728 δὲ
764 702 868 733 ἕλαῦες,

65 747 93 773 τί
105 747 248 782 καυχᾶσαι
260 747 299 778 ὡς
311 747 350 782 μὴ
360 747 466 775 λαὸώνῖ
482 756 490 772 ι
504 748 560 774 Καὶ
573 748 629 778 τοῖς
640 748 668 774 ὲν
679 747 787 783 Κρήτῃ
800 756 809 773 ‹
824 747 869 782 Μὴ

65 793 98 817 ὲν
111 791 369 827 ὁφθαλμοδουλείᾳ,
387 792 425 824 ὡς
451 792 689 827 ἀνθρωπάρεσκοι,
718 793 776 819 ἀλλ’
792 793 806 818 ὃ
823 793 870 819 ἐὰν

65 839 191 869 ποιεῖτε,
208 840 240 864 ὲκ
253 838 342 874 ψυχῆς
359 838 522 874 ἐργάζεσθε,
539 839 576 871 ὡς
586 839 626 874 τῷ
642 839 747 875 Κυρίῳ,
759 839 804 866 καὶ
819 839 869 866 οὐκ

65 884 230 919 ἀνθρώποις
243 884 424 916 δουλεύοντες.
443 894 453 911 t

926 350 935 365 ι
957 341 1035 368 Modo
1049 342 1124 369 enim
1143 343 1303 371 hominibus
1316 344 1426 376 suadeo,
1445 352 1479 372 an
1490 345 1565 372 Deo?
1576 354 1611 373 an
1624 355 1717 381 quaero

924 386 1083 415 hominibus
1098 389 1227 423 placere?
1244 389 1272 416 Si
1288 389 1362 416 enim
1378 390 1469 427 adhuc
1484 391 1644 419 hominibus
1657 394 1716 428 pla-

923 439 1025 465 cerem,
1045 432 1148 460 Christi
1173 442 1271 461 servus
1296 443 1350 462 non
1377 442 1466 462 essem
1493 437 1524 461 ".
1546 446 1555 462 ι
1581 437 1688 465 Rursus
1709 449 1714 465 :

925 485 935 502 ‹
955 476 1001 504 Sic
1014 477 1153 512 loquimur
1163 487 1218 506 non
1235 480 1314 514 quasi
1325 480 1487 507 hominibus
1501 481 1651 516 placentes.
1667 482 1715 509 sed

922 522 989 555 Deo,
1005 523 1053 557 qui
1071 524 1170 558 probat
1185 525 1270 551 corda
1287 530 1381 553 nostra
1397 534 1404 559 ;
1421 534 1512 561 neque
1527 527 1612 559 enim,
1626 527 1674 559 ait,
1689 528 1716 555 in

922 575 1049 596 sermone
1061 569 1227 598 adulationis
1240 571 1342 598 fuimus
1356 572 1428 607 apud
1438 580 1498 605 vos,
1512 573 1584 600 sicut
1593 577 1620 600 et
1628 574 1715 606 scitis,

920 622 1012 649 neque
1028 615 1056 641 in
1072 616 1217 643 occasione
1242 617 1382 644 avaritiae:
1400 618 1472 645 Deus
1499 618 1596 645 testis:
1626 626 1716 653 neque

919 665 1074 695 quaerentes
1088 661 1123 688 ab
1138 661 1297 689 hominibus
1309 663 1463 696 gloriam”.
1477 673 1486 689 ι
1496 679 1531 683 -
1543 674 1552 689 ‹
1565 664 1625 691 Non
1641 664 1715 691 enim

920 707 968 741 qui
980 707 1101 741 seipsum
1117 707 1302 739 commendat,
1314 708 1360 735 ille
1371 709 1504 742 probatus
1512 714 1564 741 est,
1575 709 1622 736 sed
1633 717 1714 743 quem

922 753 1056 780 Dominus
1072 753 1248 780 commendat
1265 754 1296 780 ⁸⁸.
1315 763 1323 778 ι
1346 753 1375 780 In
1398 754 1472 781 hunc
1494 755 1577 781 etiam
1603 755 1714 782 modum

921 797 1045 832 loquitur
1060 798 1139 825 beata
1156 799 1201 825 illa
1215 798 1351 826 Samuelis
1363 804 1451 826 mater
1462 800 1541 826 Anna
1557 809 1563 826 :
1578 809 1587 825 ‹
1602 800 1641 826 Ne
1657 800 1716 835 glo—

922 843 1011 869 rietur
1032 843 1154 877 prudens
1174 844 1201 870 in
1225 844 1373 878 prudentia
1389 853 1448 878 sua,
1463 850 1491 872 et
1506 850 1603 880 potens
1619 846 1646 873 in
1665 853 1715 880 po-

922 888 1009 914 tentia
1030 896 1089 920 sua,
1108 892 1137 915 et
1151 888 1229 915 dives
1241 889 1269 915 in
1288 889 1394 916 divitiis
1407 891 1474 922 suis,
1489 891 1537 917 sed
1554 891 1581 917 in
1595 891 1647 918 hoc
1658 891 1715 926 glo-

67 933 175 965 rietur,
189 933 212 960 si
225 933 355 969 intelligit
370 938 399 960 et
410 933 620 969 facitjudicium
635 938 664 961 et
683 926 869 970 justitiam'“.
894 944 903 960 ι
926 935 983 962 Rex
1005 936 1156 962 etiamnum
1175 936 1309 963 Ezechias
1333 936 1477 963 hominum
1502 938 1615 972 gloriam
1636 939 1715 972 quasi

65 978 193 1013 quadam
209 979 405 1006 venatiuncula
423 983 547 1014 captans,
573 987 605 1007 ac
625 980 784 1014 profusiore
801 979 902 1015 gaudio
912 980 1013 1012 victus,
1036 988 1101 1008 suos
1130 988 1227 1007 omnes
1255 981 1402 1008 thesauros
1417 980 1553 1008 Chaldaeis
1586 982 1714 1008 viSendos

66 1025 237 1060 explicuit“l
250 1025 868 1060 :etecceinvestigiomisitDominuslsaiam,
889 1024 937 1060 qui
956 1025 1083 1052 diceret:
1103 1034 1111 1050 ι
1129 1026 1200 1053 Ecce
1214 1026 1274 1053 dies
1284 1026 1398 1052 venient
1414 1030 1441 1052 et
1457 1031 1644 1061 sument~quze
1671 1027 1713 1054 vi-

69 1071 180 1098 derunt
197 1071 300 1105 omnia,
319 1072 348 1099 in
368 1072 537 1107 Babylonem
551 1073 585 1105 ",
604 1082 612 1098 ι
629 1073 702 1100 sicut
727 1073 807 1099 nobis
823 1080 934 1106 quoque
954 1079 1028 1099 nunc
1047 1073 1174 1106 contigit;
1198 1073 1339 1100 Dedecore
1363 1077 1446 1107 atque
1469 1073 1620 1108 ignominia
1647 1081 1711 1108 per-

67 1120 125 1147 fusi
144 1127 252 1152 sumus,
273 1123 301 1147 et
322 1127 386 1148 ecce
402 1120 563 1147 rebellionis
580 1121 670 1148 calces
689 1120 876 1147 obtrudimus.
899 1119 1024 1147 Tradidit
1047 1120 1179 1147 Dominus
1202 1120 1265 1147 fidei
1295 1125 1396 1148 nostrze
1417 1120 1503 1148 robur
1523 1121 1712 1148 venerabilem

67 1172 98 1195 et
118 1168 227 1194 honore
244 1167 384 1202 praecipuo
404 1167 515 1203 dignam
541 1175 651 1195 crucem
677 1167 823 1200 Chaldaeis,
849 1167 1005 1194 sanctuaria
1029 1171 1124 1193 nostra
1151 1166 1178 1193 in
1199 1167 1378 1194 solitudinem
1404 1167 1515 1195 redacta
1547 1171 1621 1194 sunt.
1647 1167 1713 1194 Pul-

67 1215 140 1242 chre
168 1215 255 1250 igitur
273 1215 467 1243 Parcemiastes
482 1215 568 1243 dicit:
587 1225 596 1241 ‹
624 1215 721 1242 Melior
737 1215 780 1241 vir
794 1215 841 1249 qui
855 1215 882 1242 in
902 1213 1051 1249 ignominia
1069 1221 1119 1241 sua
1147 1213 1241 1246 servit,
1265 1222 1346 1248 quam
1376 1215 1424 1248 qui
1449 1214 1559 1241 asciscit
1581 1213 1633 1241 sibi
1663 1213 1713 1240 ali-

68 1263 164 1290 cunde
188 1263 333 1295 honorem,
363 1267 391 1290 et
418 1262 524 1298 indiget
549 1271 621 1298 pane
648 1263 680 1289 ".
701 1272 710 1288 ι
738 1262 866 1289 Rursus:
892 1261 1020 1288 «Landet
1031 1265 1056 1288 te
1073 1261 1223 1295 proximus,
1250 1265 1278 1288 et
1302 1269 1357 1288 non
1371 1269 1402 1288 os
1421 1266 1519 1293 tuum;
1545 1261 1662 1294 alienus,
1685 1264 1713 1288 et

69 1317 128 1336 non
142 1309 216 1336 labia
231 1313 278 1336 tua
306 1308 339 1334 “.
361 1318 370 1333 ι
400 1308 506 1336 Psaltes
534 1308 600 1336 item
629 1308 742 1344 regius:
775 1317 784 1332 ι
798 1308 871 1334 Deus
888 1306 1034 1341 dissipavit
1053 1314 1115 1333 ossa
1135 1314 1232 1333 eorum
1261 1307 1310 1341 qui
1329 1307 1489 1334 hominibus
1502 1307 1621 1342 placent,
1646 1314 1712 1334 con-

70 1357 127 1384 fusi
139 1361 205 1383 sunt
217 1356 346 1391 quoniam
358 1356 431 1384 Deus
442 1357 546 1391 sprevit
560 1364 609 1384 eos
621 1357 654 1383 ⁸⁸.
676 1366 685 1382 ›
708 1356 873 1391 Apostolus:
897 1364 905 1380 ι
922 1355 993 1388 Quid
1012 1355 1088 1381 enim
1110 1354 1196 1382 habes
1212 1355 1285 1390 quod
1299 1363 1355 1383 non
1372 1355 1504 1390 accepisti
1518 1356 1530 1382 ?
1561 1355 1627 1390 quid
1653 1356 1712 1390 glo-

71 1403 166 1435 riaris,
183 1404 262 1438 quasi
275 1411 331 1430 non
346 1404 485 1438 acceperis
510 1403 553 1430 ⁸⁸⁸2
568 1414 576 1430 ι
601 1403 782 1431 Colossenses
802 1402 868 1429 item
886 1402 1040 1429 admonens
1055 1410 1061 1427 :
1080 1410 1089 1426 ‹
1113 1402 1174 1428 Non
1189 1402 1223 1428 ad
1241 1403 1352 1429 oculum
1365 1403 1519 1429 servientes
1529 1402 1608 1437 quasi
1622 1401 1712 1429 homi-

69 1450 156 1478 nibus
170 1450 321 1485 placentes,
341 1450 390 1478 sed
404 1451 590 1486 quodcunque
609 1450 710 1484 facitis,
730 1457 764 1477 ex
779 1449 872 1477 animo
891 1449 1056 1484 operamini,
1083 1448 1161 1483 quasi
1187 1448 1303 1475 Domino
1327 1453 1355 1475 et
1382 1456 1437 1475 non
1462 1448 1622 1475 hominibus
1645 1455 1706 1475 ser-

69 1498 183 1530 vientes
197 1499 229 1526 ⁸⁷.
249 1508 257 1524 ι

107 1545 202 1571 Δεινὸν
214 1543 260 1572 οὖν
272 1546 357 1578 ἐστιν,
376 1545 414 1577 ὡς
439 1545 557 1581 εἴρηται,
587 1545 618 1572 τὸ
640 1546 690 1580 τῆς
716 1545 868 1577 κενοδοξίας

957 1541 1021 1568 llaec
1038 1541 1128 1568 inanis
1143 1541 1237 1576 glorite
1250 1540 1359 1567 alfectio
1374 1547 1438 1567 sane
1457 1547 1540 1574 quam
1566 1541 1715 1570 vehemens

69 1590 160 1622 πάθος
175 1598 182 1605 '
199 1591 246 1618 καὶ
259 1592 348 1623 πάσας
361 1591 410 1624 τὰς
425 1593 529 1627 ἀρετὰς
555 1592 589 1624 ἃς
605 1592 754 1628 ἐργάζεται
780 1592 794 1618 ὁ
821 1591 868 1618 ἄν·

922 1591 951 1614 et
961 1587 1091 1622 perplexa
1108 1591 1160 1618 est,
1172 1587 1250 1621 juxta
1266 1585 1437 1620 superiorem
1452 1585 1618 1613 sententiam
1631 1596 1636 1612 :
1650 1588 1714 1614 nul-

68 1637 193 1671 Θρωπος,
211 1636 397 1672 παρεμϐάλλει
422 1638 511 1673 ἑαυτῷ
522 1645 530 1653 ’
543 1639 591 1664 καὶ
610 1638 756 1669 σπουδάζει
771 1638 869 1672 ἀχρει-

69 1683 142 1708 ῶσαι
164 1682 227 1713 τοὺς
255 1683 380 1718 καρποὺς
404 1683 452 1710 τοῦ
481 1683 612 1719 μοναχοῦ.
629 1678 683 1711 Καὶ
700 1684 730 1710 τὸ
745 1683 869 1718 χαλεπώ-

68 1735 150 1763 τερον
167 1736 174 1744 ·
190 1727 232 1754 ὅτι
262 1727 310 1754 ἐπὶ
333 1728 383 1763 μὲν
410 1729 464 1755 ¹τῶν
496 1729 583 1756 ἄλλων
607 1727 713 1759 παθῶν.
738 1728 869 1763 πορνείας

69 1771 215 1809 φημὶθιαὶ
230 1772 326 1807 ὀργῆς,
345 1773 505 1809 λυπούμεθα
525 1774 610 1807 είκὺς,
633 1774 680 1801 καὶ
699 1773 867 1809 θρηνοῦμεν,

69 1819 119 1845 καὶ
136 1818 274 1853 εὐχόμεθα
286 1820 480 1855 ἀπαλλαγῆναι
493 1829 501 1836 θ
521 1820 568 1847 ὲπὶ
588 1820 618 1846 δὲ
639 1821 688 1855 τῆς
714 1819 868 1852 κενοδοξίας

69 1863 133 1890 οὒτε
149 1864 295 1898 πονοῦμεν,
316 1865 379 1892 οὔτε
400 1865 572 1901 λυπούμεθα,
592 1866 655 1892 οὔτε
668 1866 715 1892 τὸν
733 1865 799 1891 Θεὸν
813 1873 868 1890 πα-

72 1909 246 1944 ρακαλοῦμεν
273 1910 495 1945 ὲλευθερωϐἧναι
521 1911 550 1944 ἐξ
571 1912 667 1945 αὐτῆς.
697 1911 868 1946 Μισήσωμεν

70 1952 129 1985 οὖν,
153 1953 277 1987 ἀδελφοὶ,
298 1953 328 1979 τδ
353 1954 457 1980 τέλειον
480 1955 568 1988 μῖσος,
592 1954 622 1980 τὸ
641 1954 692 1988 τῆς
713 1953 867 1986 κενοδοξίας

71 1998 167 2030 πάθος,
179 1998 225 2024 ἴνα
235 1997 272 2033 μὴ
283 1997 464 2035 ἀπολέσωμεν
483 1999 546 2029 τοὺς
560 1998 701 2032 καμάτους
711 1997 790 2032 ἡμῶν
800 2005 807 2012 ν
818 1997 867 2031 τῆς

70 2045 126 2080 γὰρ
141 2043 187 2070 τοῦ
200 2044 322 2079 Χριστοῦ
332 2044 457 2075 δουλείας
470 2045 517 2070 καὶ
535 2045 584 2079 τῆς
598 2044 638 2074 είς
656 2043 724 2069 Θεὸν
746 2042 866 2073 πίστεως

70 2091 218 2126 ἀφίστησιν
227 2091 272 2117 τὸν
282 2090 436 2125 ἄνθρωπον,
446 2090 537 2122 καθώς
545 2098 626 2124 φησιν
635 2090 648 2116 ὁ
657 2089 768 2123 Κύριος·
782 2097 791 2113 ι
803 2088 866 2119 Πῶς

70 2135 186 2162 δύνασθε
201 2135 344 2162 πιστεύειν
362 2136 402 2166 εις
413 2135 473 2170 ἐμὲ,
484 2133 563 2166 δόξαν
577 2134 642 2169 παρ’
656 2133 779 2167 ἀλλήλων
793 2132 864 2166 λαμ-

71 2181 210 2210 ϐάνοντες.
229 2180 276 2207 καὶ
292 2179 342 2216 τὴν
356 2180 435 2212 δόξαν
447 2180 496 2214 τὴν
518 2179 595 2213 παρὰ
616 2178 663 2204 τοῦ
690 2179 771 2213 μόνου
795 2176 863 2203 Θεοῦ

920 1632 976 1659 iam
1001 1631 1073 1659 enim
1091 1631 1224 1666 relinquit
1238 1631 1371 1657 virtutum
1387 1638 1455 1665 quas
1470 1636 1602 1665 operetur
1619 1632 1712 1664 homo,

921 1676 965 1704 cui
982 1684 1038 1703 non
1050 1676 1239 1710 impudentius
1251 1675 1419 1707 obluctetur,
1438 1683 1523 1710 seque
1541 1676 1665 1711 objiciat.
1683 1677 1712 1704 ln

919 1721 972 1749 hoc
984 1729 1095 1756 operam
1107 1721 1443 1753 navataccuratissimam,
1460 1721 1567 1748 fructus
1583 1721 1710 1749 monachi

920 1767 1088 1802 intercipere
1109 1772 1140 1794 ut
1162 1767 1250 1801 possit
1276 1771 1303 1794 et
1317 1767 1433 1794 reddere
1450 1767 1573 1794 inutiles.
1587 1767 1713 1795 Habetin

918 1821 947 1841 se
966 1813 1060 1850 ethoc
1089 1813 1197 1840 caneris
1220 1813 1414 1847 periculosius.
1448 1813 1522 1840 Inter
1548 1813 1616 1841 alias
1639 1814 1712 1841 enini

919 1859 1003 1885 animi
1029 1859 1251 1893 perturbationes
1276 1859 1426 1886 constituta
1454 1860 1530 1895 (puta
1549 1860 1575 1886 in
1594 1859 1714 1887 fornica-

920 1904 1006 1936 tione,
1026 1908 1055 1930 et
1074 1903 1124 1938 ira)
1150 1911 1269 1930 mmrore
1290 1904 1464 1936 conficimur,
1481 1912 1534 1932 nec
1545 1904 1656 1939 injuria,
1672 1905 1714 1931 lu-

918 1955 1015 1982 gemus
1042 1955 1163 1981 quoque,
1189 1955 1301 1975 oramus
1329 1948 1441 1982 insuper
1460 1949 1542 1975 eximi
1559 1957 1654 1976 earum
1675 1949 1715 1986 la-

918 1993 1022 2029 queis:
1049 1993 1183 2021 adversus
1211 1994 1321 2021 inanem
1350 1995 1465 2030 gloriam
1492 2003 1526 2022 ne
1555 1995 1715 2022 laboramus

918 2039 1040 2075 quidem,
1066 2039 1135 2066 nihil
1161 2047 1212 2066 nos
1233 2040 1398 2067 contristant
1414 2041 1532 2075 pellaces
1556 2040 1630 2068 illius
1654 2041 1713 2068 illc-

918 2086 1019 2119 cebrte,
1036 2085 1084 2113 sed
1102 2093 1154 2112 nec
1167 2084 1253 2112 Deum
1266 2085 1453 2117 obsecramus,
1466 2094 1516 2114 nos
1533 2090 1562 2114 ut
1576 2087 1674 2114 liberet
1685 2092 1712 2114 et

917 2130 1053 2158 subducat
1073 2129 1147 2157 illius
1168 2131 1244 2165 jugo.
1258 2130 1329 2157 Sane
1354 2131 1559 2158 blandissimam
1577 2132 1648 2159 hanc
1663 2132 1712 2159 Sed

916 2181 945 2204 et
958 2177 1158 2204 veteratoriam
1175 2176 1369 2210 intemperiem
1388 2177 1483 2212 gloriae
1508 2177 1599 2205 inanis
1621 2177 1712 2205 oderi-

71 2226 102 2253 οὺ
123 2225 290 2261 ζητοῦντες;
310 2235 319 2251 ι
347 2225 429 2261 Αὑτῷ
454 2226 471 2261 ἡ
495 2225 559 2258 δόξα
590 2225 629 2256 εἰς
657 2225 721 2255 τοὺς
745 2223 859 2254 αἰῶνας.

920 2229 988 2254 mus,
1004 2229 1109 2257 quaeso,
1125 2221 1235 2253 fratres,
1252 2221 1317 2248 odio
1331 2230 1446 2255 prorsus
1463 2223 1597 2257 perfecto,
1624 2227 1654 2249 ut
1677 2231 1713 2249 ne

72 2272 161 2306 Λμήν.

911 2276 960 2304 per
973 2275 1033 2295 eam
1056 2267 1264 2302 quanticunque
1279 2268 1365 2294 nostri
1384 2267 1494 2295 labores
1511 2273 1574 2294 eant
1586 2276 1709 2303 pessum.

72 2317 181 2353 sintque
196 2318 275 2345 vacui
288 2321 316 2345 et
327 2317 423 2345 inanes
436 2317 522 2353 frugis
542 2317 631 2345 bonae.
651 2316 797 2344 Hominem
818 2315 894 2343 enim
923 2316 981 2350 ipsa
998 2319 1123 2342 evocata
1137 2314 1239 2342 Christi
1258 2314 1410 2342 servitute:
1436 2315 1555 2349 denique
1575 2320 1603 2343 et
1620 2324 1635 2343 a
1656 2316 1711 2344 ﬁdo

72 2372 125 2398 qua
149 2364 176 2390 in
195 2364 281 2391 Deum
321 2364 470 2396 credimus,
496 2364 665 2399 transfugam
689 2364 783 2391 reddit
816 2368 844 2391 et
875 2363 1058 2394 desertorem,
1084 2361 1127 2389 vel
1153 2366 1223 2389 teste
1253 2362 1371 2388 Domino
1389 2371 1395 2389 ε
1413 2372 1422 2387 ‹
1438 2361 1591 2395 Quomodo.
1611 2363 1709 2398 inquit.

74 2409 186 2443 potestis
210 2409 324 2437 credere
347 2410 446 2442 inme,
463 2410 511 2444 qui
526 2410 641 2444 gloriam
656 2410 807 2445 \‘obisipsis
839 2409 951 2443 capitis,
983 2412 1011 2435 et
1043 2407 1157 2443 gloriam
1182 2415 1243 2442 qua:
1267 2415 1282 2434 a
1308 2408 1368 2434 solo
1392 2408 1449 2435 Deo
1473 2413 1526 2440 est,
1552 2417 1607 2436 non
1633 2417 1711 2444 qua:-

75 2454 132 2482 rizis
145 2455 187 2481 "'3
203 2464 212 2480 ι
224 2454 278 2489 Ipsi
295 2455 381 2490 gloria
397 2455 425 2482 in
439 2455 549 2483 saecula.
566 2456 664 2482 Amen.

370 2510 481 2538 ΛΟΓΟΣ
495 2511 561 2537 MA’.

309 2566 380 2601 Περὶ
399 2567 618 2602 ὑπερηφανίας.

109 2622 143 2648 Τὸ
155 2621 204 2657 τῆς
215 2621 407 2657 ὑπερηφανίας
423 2622 530 2657 νόσημα
546 2623 636 2658 χεῖρον
649 2622 778 2657 τυγχάνει
793 2621 862 2648 ὅλων

73 2668 126 2695 τῶν
139 2667 244 2700 παθῶν,
261 2668 310 2694 καὶ
320 2667 502 2702 θεοστύγητον
522 2669 594 2694 πάνυ
613 2669 660 2695 καὶ
684 2668 722 2704 μὴ
741 2668 862 2703 ἁρμόζον

74 2714 138 2745 ὅλως
154 2711 319 2747 ἀνθρώποις,
339 2712 398 2739 ἀλλ’
416 2712 491 2747 αὐτῷ
513 2713 586 2748 μόνῳ
603 2712 642 2748 τῷ
660 2713 789 2748 δυσμενεϊ
802 2712 861 2738 δια-

73 2759 150 2794 661(2),
167 2757 236 2793 πρὸς
250 2757 300 2793 τὴν
314 2758 398 2785 αὑτοῦ
419 2759 529 2791 κακίαν,
547 2757 586 2793 τῷ
609 2758 643 2785 δι’
670 2757 859 2794 ὑπερηφανίαν

125 2848 143 2863 ⁸⁷
160 2847 248 2876 Galat.
267 2847 342 2879 1M0.

78 2885 99 2899 δ’
125 2883 188 2911 ibid.
208 2882 250 2908 ΙἸ.

77 2919 100 2935 ⁸⁸
113 2919 186 2946 Joan.
202 2925 227 2947 γ,
240 2917 283 2942 Η.

397 2847 419 2863 ³³
435 2847 445 2874 l
462 2847 559 2875 Thess.
580 2856 609 2880 tt,
626 2847 684 2875 4-6.

333 2882 356 2898 ⁵³
369 2882 449 2909 Prov.
464 2890 510 2915 xu,
526 2883 552 2910 9.

739 2848 760 2864 ”
774 2848 796 2875 ll
811 2847 874 2875 Cor.
894 2857 921 2878 κ,
941 2849 985 2875 18.

607 2883 630 2899 ⁸⁸
645 2883 724 2910 Prov.
741 2891 823 2914 xxv",
841 2884 867 2910 Ξ.
909 2884 930 2899 ⁸¹
943 2883 1012 2911 Psal.
1027 2891 1072 2917 ιιι,
1086 2885 1112 2911 6.

1181 2508 1323 2536 HOMILIA
1356 2509 1449 2537 XLIV.

1152 2565 1260 2600 1098
1276 2565 1315 2592 De
1336 2566 1470 2600 superbia.

953 2619 1097 2656 Superbia
1128 2621 1263 2657 aegritudo
1301 2622 1436 2656 gravitate
1463 2622 1575 2650 malitim
1600 2630 1715 2652 caeteras

915 2667 1000 2695 animi
1033 2669 1208 2696 turbulentas
1235 2669 1397 2696 affectiones
1426 2670 1506 2705 longe
1545 2675 1712 2704 exsuperat:

915 2722 997 2749 quam
1023 2720 1051 2742 et
1077 2715 1149 2742 Deus
1175 2715 1234 2742 odit
1251 2715 1447 2747 infensissime,
1468 2724 1519 2744 nec
1535 2717 1582 2743 ulli
1601 2724 1714 2751 prorsus

915 2760 1059 2787 hominum
1077 2764 1262 2788 consentanea
1279 2765 1322 2788 est
1336 2765 1384 2788 aut
1404 2768 1570 2795 congruens.
1594 2760 1711 2787 Pulchre

1036 2849 1059 2865 ⁸ο
1077 2849 1180 2878 Jerem.
1205 2858 1243 2882 ix,
1269 2850 1314 2882 25,
1343 2851 1388 2878 ει.

1440 2849 1460 2864 ³¹
1477 2849 1510 2876 IV
1523 2847 1589 2883 Reg.
1609 2857 1653 2879 xx.
1668 2848 1711 2875 f3.

1170 2885 1192 2900 ⁸⁸
1208 2885 1218 2911 l
1237 2884 1300 2912 Cor.
1318 2894 1353 2917 tv,
1370 2886 1394 2912 7.

1452 2885 1472 2899 ⁵⁷
1489 2882 1598 2912 (loloss.
1614 2891 1654 2916 tu.
1666 2883 1713 2911 32.
