1986 3239
287 229 358 263 1571

908 251 910 253 .
928 224 1111 255 ANTIOCHI
1134 223 1305 255 MONACH]

1867 222 1935 254 1572

288 284 328 312 illi
340 283 471 319 competit
485 286 513 310 et
526 282 577 310 soli
595 282 642 317 qui
656 285 756 310 nostrae
778 285 822 309 est
837 281 954 309 aemulus
972 281 1079 314 salutis,

1135 280 1160 313 ἐξ
1174 280 1290 316 οὐρανοῦ
1306 287 1427 307 πεσοντι.
1449 280 1479 306 '0
1500 279 1554 315 γάρ
1576 278 1803 314 καυχηςάμενος,
1824 280 1876 307 καὶ
1893 280 1936 307 λέ-

287 337 386 364 nempe
402 329 521 360 diabolo,
531 328 565 355 ad
578 335 655 355 suam
668 327 755 362 ipsius
762 327 925 362 explendam
934 327 1078 359 malitiam,

287 383 350 403 cum
368 382 416 410 per
427 382 487 402 eam
505 374 670 402 deturbatus
680 373 716 400 sit
728 369 813 408 regno
824 373 967 401 caelorum.
982 373 1007 400 ls
1016 380 1079 400 cum

287 421 436 455 gloriosius
468 419 656 449 subsultaret,
686 425 718 445 ac
735 418 914 453 praegestiens
945 418 1075 445 diceret:

290 472 299 489 ε
319 464 422 491 Ponam
438 464 567 490 thronum
585 469 678 489 meum
707 469 791 496 super
824 466 897 489 astra
921 462 983 489 cmli
1014 461 1047 494 ",
1068 471 1077 486 ι

286 514 427 537 momento
439 510 567 536 inventus
575 512 617 535 est
629 516 684 535 non
699 508 804 535 habens
821 508 907 534 ullum
925 500 1081 542 tranquilla;

292 555 395 590 quietis
407 556 511 585 locum,
529 554 577 581 sed
593 554 671 589 quasi
686 561 759 580 unus
772 553 871 587 aliquis
888 560 1019 587 manceps
1030 552 1082 579 mi-

288 601 412 627 serrima
429 600 615 634 captivitatis,
638 599 737 634 quovis
754 599 877 626 locorum
896 598 1082 633 triumphatus

288 650 445 673 ostentatur
459 645 493 673 ad
508 646 622 680 gloriam
643 644 743 672 summi
760 644 818 671 Dei.
837 645 927 679 Atque
945 644 982 671 ita
998 651 1082 679 pecu-

287 691 364 719 liaris
377 691 423 718 hic
443 691 551 718 daemon
565 690 713 724 superbia,
729 697 790 716 cum
806 693 906 724 prater
916 693 1029 716 caeteras
1042 688 1083 715 af-

288 738 421 764 fectiones
432 737 552 764 animam
579 735 735 762 miserrime
764 735 877 762 aitlictet
903 738 932 761 et
955 734 1081 768 cruciet;

288 790 337 810 eos
352 787 443 810 tamen
455 783 580 810 omnium
599 782 717 808 maxime
733 781 884 816 impugnat,
898 788 926 808 et
941 785 970 808 ut
985 781 1082 808 detur-

289 829 336 856 bet
350 833 432 863 atque
446 832 564 859 evertat,
579 827 749 863 aggreditur,
777 827 825 862 qui
849 827 973 862 profectu
993 829 1082 855 virtu-

289 877 347 901 tum
362 874 544 908 aliquousquc
555 874 612 908 jam
637 877 844 907 promoverunt.
865 873 999 908 Superbia
1019 882 1082 909 per-

289 919 354 946 inde
378 924 421 946 est
445 927 478 946 ac
502 919 617 946 morbus
634 919 745 953 quidam
759 919 890 954 pestilens
901 923 930 946 et
945 920 1080 952 tabiﬁcus,

1131 334 1200 360 γων·
1222 334 1231 351 ι
1247 325 1328 361 Θήσω
1345 324 1393 352 τὸν
1411 325 1507 360 θρόνον
1522 333 1573 360 μου
1596 324 1638 351 ἐπ’
1661 325 1719 351 ἄνω
1739 323 1796 351 τῶν
1822 325 1935 360 ἄστρων

1130 371 1178 398 τοῦ
1190 370 1318 406 οὑρανοῦ,
1335 381 1345 397 ι
1365 371 1468 406 εὑρέθη
1484 371 1523 406 μὴ
1541 370 1610 406 έχων
1622 370 1716 406 χώραν
1733 371 1933 402 ἀναπαύσεως,

1132 418 1190 444 ἀλλ’
1205 418 1244 450 ὡς
1264 417 1438 452 αἰχμάλωτος
1459 416 1599 451 πανταχοῦ
1614 416 1828 451 Θριαμδεύετας..
1846 413 1934 447 Οὗτος

1131 464 1145 489 ὁ
1173 463 1223 498 τῆς
1250 461 1441 498 ὑπερηφανίας
1468 461 1575 497 δαίμων
1598 462 1795 496 χαλεπώτατος
1819 462 1934 488 πάντων

1131 507 1186 534 τῶν
1201 507 1295 534 παθῶν
1308 507 1449 542 ὑπάρχων,
1463 507 1535 534 πάνυ
1547 506 1610 538 τοὺς
1620 507 1649 533 ὲν
1662 508 1790 542 προκοπῇ
1803 507 1931 541 πολεμεῖ,

1131 553 1179 581 καὶ
1191 554 1328 589 ἐπιχειρεῖ
1343 554 1555 590 καταστρέφειν.
1572 554 1628 580 Καὶ
1643 554 1772 589 καθάπερ
1785 555 1868 586 νόσος
1880 555 1935 581 λοι-

1134 599 1202 635 μικὴ
1230 600 1279 626 καὶ
1294 600 1458 636 φῦοροποιδς
1472 599 1522 635 οὐχ
1545 599 1574 626 ἓν
1602 599 1684 634 μέλος
1711 599 1760 627 τοῦ
1787 600 1933 636 σώματος,

1131 644 1188 670 ἀλλ’
1203 645 1264 671 ὅλον
1283 645 1445 680 διαφθείρει,
1462 645 1535 671 οὕτω
1553 645 1599 671 καὶ
1617 645 1648 671 τὺ
1663 645 1750 676 πάθος
1767 646 1863 673 τοῦτο.
1879 648 1934 673 Καὶ

1131 690 1165 716 τὰ
1178 690 1227 725 μὶν
1242 689 1310 717 ἄλλα
1325 690 1400 725 πάθη
1412 691 1444 716 ὲκ
1464 691 1565 725 μέρους
1576 690 1752 718 ἐπισκοποῦσι
1763 691 1820 724 τὴν
1828 691 1931 726 ψυχὴν,

1132 735 1148 770 ἢ
1165 736 1212 762 καὶ
1230 736 1416 771 ταράσσουσιν
1438 736 1526 771 αὑτήν
1538 743 1545 750 ·
1572 735 1604 762 τὸ
1619 735 1648 762 δὲ
1666 737 1717 771 τῆς
1734 737 1932 771 ὑπερηφανίας

1132 780 1220 812 πάθος
1236 781 1326 808 πᾶσαν
1341 781 1429 817 αὐτὴν
1448 783 1551 814 σκοτεϊ,
1567 782 1616 808 καὶ
1629 782 1669 813 είς
1681 781 1806 816 μεγάλην
1826 782 1932 808 πτῶτιν

1132 825 1257 859 κατάγει.
1286 825 1318 852 Ἦ
1336 826 1390 860 γὰρ
1419 825 1494 860 ψυχὴ
1515 825 1562 852 τοῦ
1587 824 1764 859 ὑπερηφάνου
1793 825 1835 855 είς
1864 823 1931 857 ὕψος

1135 870 1208 905 μέγα
1223 870 1364 898 ἀναϐαίνει
1374 879 1381 886 ·
1395 871 1524 898 κάκεῖθεν
1535 870 1631 897 ἑαυτὸν
1644 871 1683 901 είς
1695 869 1776 904 βυθὸν
1790 869 1931 896 καταϐάλ-

1133 915 1184 942 λει.
1211 916 1318 951 Ὠσπερ
1340 917 1394 952 γὰρ
1418 917 1501 952 βάρος
1528 915 1646 948 κατέαξε
1665 915 1758 942 κλῶνα
1773 916 1929 951 ἔγκαρπον,

289 964 338 999 qui
349 972 404 991 non
419 971 504 991 unum
517 963 600 990 modo
611 963 735 998 corporis
747 963 912 996 membrum,
921 965 968 992 sed
985 972 1084 1000 corpus

1135 959 1223 992 οὕτως
1242 961 1418 996 ὑπερηφανία
1431 962 1519 996 ψυχὴν
1536 961 1664 996 ἐνάρετον
1678 960 1860 987 καταϐάλλει.
1881 962 1931 987 Καὶ

289 1008 381 1043 ipsum
400 1009 461 1036 dira
485 1008 652 1043 putrilagine
674 1009 844 1043 depascitur,
859 1009 948 1041 vitiat.
960 1010 1081 1037 conﬁcit.

288 1053 359 1081 Alia:
384 1054 459 1081 enim
492 1055 713 1088 quantaecunque
738 1054 881 1088 passiones
908 1055 974 1086 sint,
1001 1063 1083 1082 unam

289 1099 410 1135 aliquam
423 1100 579 1134 portionem
593 1099 691 1126 anima:
709 1099 767 1126 suis
781 1099 929 1126 offundunt
949 1099 1082 1133 tenebris,

289 1150 372 1180 atque
381 1153 440 1173 eam
451 1146 621 1173 obturbant:
635 1145 774 1180 superbia:
786 1145 964 1180 intemperies
978 1146 1083 1173 nullam

290 1199 346 1218 non
362 1190 461 1219 anima:
472 1190 528 1217 vim
542 1189 681 1217 horrenda
693 1189 808 1224 caligine
823 1190 1030 1222 circumfundit,
1043 1190 1085 1217 in-

290 1244 344 1272 que
353 1244 408 1264 non
421 1236 575 1271 simplicem
587 1236 697 1263 ruinam
710 1235 766 1270 agit
788 1235 967 1270 praecipitem.
986 1236 1084 1264 Anima

289 1282 365 1309 enim
388 1281 502 1316 superbi
519 1281 546 1308 in
563 1281 724 1315 praecelsum
735 1281 848 1316 aliquod
864 1288 897 1308 ac
910 1281 1028 1309 sublime
1043 1281 1084 1309 fa-

291 1326 402 1361 stigium
421 1325 522 1353 sinitur
539 1325 737 1358 conscendere,
761 1325 834 1352 unde
853 1325 1024 1353 commodius
1040 1326 1086 1354 de-

292 1371 419 1399 turbetur
440 1371 469 1398 in
497 1371 649 1406 subjectam
674 1370 791 1398 foveam.
820 1371 855 1398 Ut
878 1379 983 1398 ramum
1007 1372 1085 1406 copia

291 1417 433 1444 fructuum
450 1416 647 1443 exuberaniem
677 1416 764 1443 moles
782 1423 901 1444 onerosa
924 1416 1084 1452 diil'ringcre

292 1463 374 1495 solet,
405 1462 446 1489 sic
471 1462 591 1489 animam
621 1470 781 1498 generosam
809 1463 1011 1498 multiplicique
1026 1463 1085 1490 fetu

292 1508 426 1538 virtutum
447 1507 622 1543 praefertilem
648 1508 811 1543 plerumque
836 1508 964 1543 superbia
991 1509 1086 1544 dejicit

291 1553 390 1589 gradu.
405 1553 642 1586 Quemadmodum
671 1553 779 1581 fructus
802 1562 927 1582 marcore
943 1558 990 1582 aut
1011 1554 1086 1582 carie

293 1599 406 1627 vitiatus
421 1599 521 1627 cultori
535 1606 586 1626 suo
600 1599 670 1626 nihil
682 1599 763 1626 affert
777 1599 924 1632 commodi,
946 1600 983 1627 ita
997 1604 1025 1627 et
1036 1608 1084 1627 su-

292 1645 371 1679 perbi
387 1645 476 1672 oratio
487 1644 555 1671 nihil
571 1652 605 1671 ex
615 1644 672 1671 Deo
699 1644 820 1672 relatura
835 1648 877 1671 est
892 1644 980 1679 frugis
993 1644 1083 1672 bona.
1099 1640 1121 1650 “¹

292 1687 332 1715 Ne
356 1688 465 1715 dederis
492 1688 631 1723 superbia:
652 1688 771 1715 animam
790 1692 886 1721 tuam;
906 1693 934 1716 et
952 1688 1085 1724 imagines

293 1733 446 1761 horrendas
459 1737 541 1768 atque
553 1734 648 1768 plenas
661 1733 816 1761 formidinis
834 1742 888 1761 non
902 1734 1009 1770 cogeris
1023 1742 1087 1769 per-

293 1778 422 1814 spicere;
452 1779 544 1805 anima
573 1778 647 1805 enim
673 1778 785 1812 superbi
810 1777 904 1805 divino
925 1778 1087 1806 destituitur

294 1823 421 1859 praesidio
435 1832 442 1850 :
462 1831 517 1858 quo
531 1823 571 1855 lit,
590 1827 621 1850 ut
637 1823 666 1850 in
682 1817 837 1850 daemonum
865 1827 990 1851 vertatur
1013 1824 1086 1852 ludi-

294 1866 385 1894 brium
414 1875 446 1894 ac
470 1866 652 1894 deridiculum
683 1867 909 1902 gratulationem.
936 1867 1088 1896 Monachus

294 1912 432 1947 superbus
444 1911 528 1939 arbor
540 1919 654 1946 prorsus
668 1911 827 1947 infrugifera
838 1915 895 1940 est:
909 1913 1011 1948 quippe
1024 1921 1086 1948 qua

294 1957 415 1984 radicem
432 1965 487 1984 non
503 1957 596 1989 habet,
618 1964 707 1992 eoque
730 1957 868 1985 violentas
891 1958 1087 1993 impressiones

293 2006 441 2028 ventorum
460 2001 643 2029 assilientium
667 2009 807 2036 nunquam
839 2002 921 2030 feret.
947 2002 1086 2036 Quemad-

294 2049 407 2076 modum
428 2048 591 2076 inundantis
608 2057 685 2084 aqua:
702 2049 787 2081 bulla,
806 2057 869 2076 mox
887 2054 918 2077 ut
937 2051 1085 2085 rumpitur,

295 2101 358 2121 mox
373 2094 524 2125 evanescit,
545 2094 581 2120 ita
603 2094 716 2129 superbi
732 2095 866 2122 memoria
890 2103 906 2122 a
931 2101 1020 2123 morte
1043 2097 1086 2124 vel

294 2140 435 2171 momento
450 2137 559 2172 deperit
569 2142 651 2172 atque
662 2139 839 2173 intercipitur
849 2139 997 2168 oblivione.
1010 2140 1087 2169 Sicut

295 2183 413 2210 modesti
432 2183 490 2210 sive
501 2183 615 2210 humilis
628 2183 717 2210 oratio
741 2184 790 2211 Dei
811 2184 926 2212 inﬂectit
943 2185 1025 2218 iram,
1050 2186 1087 2213 ita

296 2228 408 2263 superbi
434 2227 594 2263 deprecatio
621 2228 769 2256 exacerbat
797 2228 894 2256 Deum.
923 2229 1086 2265 Quicunque

1133 1004 1227 1041 ὥσπερ
1251 1007 1357 1042 καρπὸς
1379 1006 1508 1041 σεσηπὼς
1533 1007 1672 1042 ἄχρηστος
1693 1005 1824 1042 γεωργῷ,
1842 1007 1930 1038 οὕτως

1132 1049 1218 1086 ἀρετὴ
1242 1051 1418 1086 ὑπερηφάνου
1440 1052 1470 1078 οὐ
1491 1051 1656 1087 χρησιμεὺεἴ
1673 1051 1713 1086 τῷ
1725 1051 1797 1086 θεῷ.
1815 1052 1866 1086 Μὴ
1880 1052 1930 1086 δῷς

1134 1096 1309 1132 ὑπερηφανίᾳ
1325 1097 1374 1132 σὴν
1392 1097 1494 1133 ψυχὴν,
1511 1098 1559 1124 καὶ
1574 1097 1604 1123 οὐ
1628 1096 1666 1132 μὴ
1690 1097 1757 1128 ῐδοις
1775 1098 1930 1132 φαντασίας

1134 1142 1261 1176 φρικτάς.
1290 1142 1370 1177 Ψυχὴ
1396 1143 1450 1178 γὰρ
1477 1143 1654 1178 ὑπερηφάνου
1688 1142 1930 1177 καταλιμπάνεται

1134 1187 1187 1214 ὑπὸ
1212 1188 1259 1214 τοῦ
1286 1188 1365 1221 Θεοῦ,
1399 1190 1446 1215 καὶ
1473 1188 1581 1223 γίνεται
1607 1188 1744 1223 δαιμόνων
1769 1188 1930 1222 ἐπίχαρμα.

1139 1231 1330 1269 ’Υπερήφανος
1344 1234 1458 1270 μοναχδς
1472 1235 1582 1271 δένδρον
1592 1234 1729 1271 ἄκαρπον,
1742 1235 1792 1262 καὶ
1804 1235 1930 1271 ἄρριζον,

1134 1279 1182 1304 καὶ
1209 1278 1240 1304 οὑ
1268 1279 1306 1315 μὴ
1332 1279 1434 1316 ἐνέγκῃ
1465 1280 1532 1307 ποτὲ
1562 1280 1716 1316 προσϐολὴν
1741 1281 1860 1315 ἀνέμου.
1878 1281 1932 1308 Καὶ

1134 1323 1229 1359 ὥσπερ
1254 1325 1396 1360 πομφόλυε
1410 1327 1526 1361 ραγείσα
1542 1326 1703 1360 ἀφανίζεται
1719 1333 1725 1340 ·
1744 1324 1820 1352 οὑτω
1836 1327 1931 1360 μνήμη

1135 1368 1312 1404 ὑπερηφάνου
1329 1370 1398 1405 μετὰ
1412 1369 1527 1397 Θάνατον
1540 1371 1650 1397 ὄλλυται
1659 1379 1668 1386 ο
1680 1371 1729 1397 καὶ
1739 1370 1838 1406 ὥσπερ
1853 1379 1933 1406 προςο

1135 1413 1202 1448 ευχὴ
1217 1414 1347 1441 ταπεινοῦ
1376 1415 1498 1449 κάμπτει
1516 1415 1594 1448 Θεὺν,
1609 1415 1682 1442 οὕτω
1698 1416 1856 1451 παροξύνει
1867 1416 1932 1443 Θεὸν

1134 1458 1227 1493 δέησις
1241 1459 1428 1495 ὑπερηφάνου.
1444 1460 1501 1487 Kal
1516 1461 1573 1488 ὅσοι
1594 1461 1628 1488 δι’
1647 1462 1846 1497 ὑπερηφανίαν
1880 1462 1933 1496 ἀφ-

1135 1504 1277 1539 ηνιάζουσι
1292 1505 1337 1531 τὸν
1352 1505 1478 1540 ἀδελφὺν,
1502 1505 1541 1541 τῷ
1562 1499 1676 1542 διαϐόλῳ
1693 1507 1882 1542 ἁμιλλῶνται.
1896 1508 1929 1534 Οὐ

1135 1551 1190 1584 γὰρ
1214 1551 1317 1586 φυσική
1341 1552 1416 1577 ἐστιν
1431 1553 1448 1587 ὴ
1467 1552 1654 1587 ὑπερηφανία,
1677 1552 1738 1579 ἀλλ’
1754 1553 1875 1587 ίνδιιλμα
1886 1553 1930 1579 τοὺ

1136 1596 1304 1630 ἀφηνιαστοῦ
1328 1597 1475 1631 δαίμονος·
1501 1598 1594 1630 καθὼς
1622 1599 1760 1634 μαρτυρεῖ
1781 1599 1798 1634 ή
1822 1599 1928 1634 Γραφῇ.

1135 1641 1221 1675 Φησὶν
1241 1641 1296 1676 γάρ
1309 1650 1316 1657 ·
1338 1651 1347 1668 ί
1362 1643 1404 1674 οὑ
1423 1643 1598 1670 συνέκτισται
1611 1643 1771 1678 ἀνθρώποις
1787 1644 1929 1679 ὑπερηφα-

1136 1687 1189 1714 νία.
1209 1696 1218 1713 ι
1241 1687 1295 1714 Καὶ
1307 1685 1385 1721 αὖθις
1399 1696 1406 1703 ·
1431 1697 1440 1714 ‹
1454 1689 1574 1724 Θρόνους
1589 1689 1728 1724 ἀρχόντων
1743 1689 1930 1725 ὑπερηφάνων

1137 1732 1246 1759 καθεῖλε
1261 1733 1374 1769 Κύριος.
1395 1743 1404 1760 ι
1435 1733 1521 1770 Ἀρχὴ
1546 1734 1601 1770 γὰρ
1621 1734 1818 1770 ὑπερηφανίας
1828 1734 1930 1770 ἀνθρώ-

1136 1786 1187 1804 που
1197 1779 1349 1814 ἀποστῆναι
1365 1780 1419 1807 ἀπὸ
1432 1781 1555 1816 Κυρίου,
1584 1781 1626 1809 ὅτι
1649 1790 1659 1806 ‹
1683 1779 1770 1815 Ἀρχὴ
1792 1780 1929 1816 tit-pem;

1136 1823 1313 1859 ὑπερηφανία
1329 1833 1336 1841 ·
1355 1825 1404 1852 καὶ
1424 1825 1439 1852 ὁ
1456 1825 1566 1861 κρατῶν
1582 1825 1679 1860 αὑτὴν,
1692 1825 1856 1860 ὲξομῦρίσει
1874 1825 1929 1860 βδέ-

1136 1869 1240 1905 λυγμα,
1252 1871 1299 1898 καὶ
1316 1872 1576 1907 καταστραφήσεται
1591 1872 1632 1903 εἰς
1646 1871 1733 1902 τέλος.
1750 1880 1759 1896 ι
1777 1871 1835 1898 Kal.
1852 1872 1883 1897 ὲν
1895 1870 1929 1905 τῷ

1136 1915 1213 1951 νόμῳ
1226 1915 1254 1942 δὲ
1272 1916 1427 1952 γέγραπται
1441 1925 1447 1932 ·
1465 1926 1474 1943 ι
1489 1917 1570 1953 Ψυχὴ
1589 1917 1651 1952 ἣτις
1666 1916 1798 1953 εποίησεν
1811 1918 1842 1944 ὲν
1862 1918 1930 1952 χειρὶ

1137 1960 1340 1996 ὑπερηφανίας,
1363 1961 1557 1996 ὲκτριϐήσεται
1577 1963 1609 1988 ἑκ
1632 1961 1680 1988 τοῦ
1704 1962 1784 1989 λαοῦ.
1802 1971 1812 1988 ι
1840 1963 1897 1989 Καὶ
1920 1963 1932 1989 ὁ

1143 2003 1279 2036 Ἡσαΐας·
1317 2013 1326 2030 ι
1343 2005 1399 2032 Kal.
1433 2005 1526 2032 ἀπολῶ
1555 2005 1660 2037 πάντας
1688 2005 1897 2041 ὑπερηφάνους.
1920 2016 1929 2032 ι

1138 2049 1194 2076 Kal.
1223 2050 1237 2076 ό
1253 2049 1405 2084 ι1³ἀλμῳδός
1418 2057 1424 2065 ·
1454 2059 1464 2076 ι
1479 2049 1529 2077 Διά
1552 2050 1634 2076 τοῦτο
1657 2050 1814 2085 ἐκράτησεν
1832 2052 1933 2082 αὐτοὺς

1138 2094 1314 2129 ὑπερηφανία
1333 2095 1374 2126 είς
1398 2094 1484 2129 τέλος,
1514 2095 1556 2122 ὅτι
1582 2095 1795 2130 περιεϐάλλοντο
1824 2097 1932 2123 ἀδικίαν

1137 2138 1186 2164 καὶ
1198 2139 1327 2166 ἀσέϐειαν
1358 2139 1461 2166 αὐτῶν.
1481 2149 1491 2165 ι
1513 2140 1569 2167 Καί
1583 2147 1590 2154 ⁸
1614 2149 1623 2166 ι
1649 2139 1791 2172 Ἐξέλιπον
1810 2141 1861 2167 καὶ
1881 2142 1933 2167 άπ-

1138 2183 1238 2210 ώλοντο
1252 2184 1295 2211 διὰ
1311 2185 1362 2220 τὴν
1378 2185 1495 2221 ἀνομίαν
1520 2185 1621 2212 αὑτῶν.
1636 2195 1646 2212 ›
1666 2185 1722 2212 Καὶ
1738 2183 1820 2217 αὖθις
1838 2194 1846 2201 ·
1868 2196 1879 2212 ι
1904 2187 1934 2213 Ἦ

1139 2228 1315 2264 ὑπερηφανία
1332 2229 1386 2256 τῶν
1398 2229 1551 2264 μισούντων
1569 2237 1599 2256 σε
1615 2229 1699 2264 ἀνέϐη
1715 2229 1759 2256 διὰ
1784 2231 1904 2263 παντός.
1923 2240 1932 2257 ι

296 2277 441 2308 turgentes
454 2273 593 2308 superbia!
613 2278 720 2300 tumore
733 2281 765 2301 ac
781 2274 946 2302 dissidentes
958 2283 1019 2303 cum
1032 2276 1084 2303 fra-

1140 2274 1223 2301 Ὄθεν
1240 2274 1315 2316 πάσῃ
1330 2276 1430 2311 σπουδῇ
1446 2276 1595 2310 κέχρηνται
1609 2275 1643 2302 τά
1657 2276 1718 2310 ίερά
1733 2284 1781 2302 σου
1794 2276 1933 2308 καθελεῖν,

295 2318 385 2351 tribus
402 2318 558 2345 detrectant
579 2318 738 2353 imperium,
754 2319 878 2347 eamdem
897 2328 959 2347 cum
977 2321 1088 2349 diabolo

292 2368 444 2391 conserunt
468 2371 597 2399 pugnam.
619 2363 713 2399 Neque
731 2365 806 2391 enim
831 2367 965 2394 naturalis
986 2372 1027 2395 est
1040 2376 1088 2395 su-

294 2407 404 2442 perbia,
427 2407 474 2434 sed
495 2406 729 2434 contumacissimi
754 2407 886 2436 daemonis
898 2410 1087 2443 simulacrum,

294 2454 443 2477 atlestante
457 2450 600 2484 Scriptura
616 2458 622 2476 :
641 2459 650 2474 ι
669 2450 730 2477 Non
754 2456 900 2478 concreata
921 2457 964 2480 est
983 2453 1088 2481 homini

296 2495 436 2530 superbia.
451 2505 460 2521 ι
476 2495 600 2522 Rursus:
617 2505 625 2521 ι
641 2495 727 2523 Sedes
736 2496 893 2531 principum
905 2499 1088 2533 superborum

294 2540 432 2566 destruxit
446 2539 579 2566 Dominus
593 2539 626 2566 '°.
646 2548 655 2565 ι
682 2539 852 2574 Principium
876 2540 951 2568 enim
975 2543 1087 2577 superbi

296 2584 416 2611 hominis
441 2588 484 2611 est
507 2584 637 2611 recedere
662 2592 678 2611 a
704 2583 832 2617 Domino,
857 2586 922 2620 quia
949 2595 958 2611 ε
976 2587 1086 2615 Initium

296 2631 401 2665 peccati
418 2630 547 2665 superbia
561 2639 568 2663 ;
586 2636 615 2658 et
631 2631 677 2666 qui
697 2631 817 2658 tenuerit
838 2631 924 2664 illam,
941 2632 1089 2662 inundabit

297 2675 324 2702 in
340 2675 415 2702 illum
430 2676 611 2708 abominatio,
632 2681 660 2704 et
685 2669 714 2704 in
741 2676 795 2704 ﬁne
818 2678 996 2706 subvertetur
1019 2680 1053 2706 ⁸¹.
1074 2690 1083 2706 ‹

297 2721 325 2748 In
349 2722 406 2757 lege
427 2722 491 2749 item
517 2722 649 2757 scriptum
669 2727 733 2750 est:
757 2731 766 2748 ε
782 2723 879 2750 Anima
899 2732 960 2758 qua
976 2724 1087 2758 quidvis

298 2767 394 2795 fecerit
409 2768 436 2795 in
451 2776 532 2795 manu
550 2769 697 2803 superbiae,
709 2773 850 2796 exteretur
867 2769 901 2796 de
916 2770 1017 2804 populo
1032 2770 1082 2797 ".l

300 2815 407 2850 1099
432 2815 462 2842 In
483 2815 552 2842 lsaia
572 2823 578 2842 ε
613 2815 671 2842 «Et
697 2815 854 2850 disperdam
877 2823 974 2843 omnes
990 2824 1086 2852 super-

331 2901 354 2916 "
369 2901 419 2928 lsu.
434 2910 487 2936 xiv,
505 2903 548 2930 l4.
588 2903 611 2918 '°
626 2903 711 2931 Eccli.
729 2912 756 2936 χ,
771 2904 816 2931 ‘22.
855 2904 876 2920 "
891 2903 960 2931 ibid.
974 2904 1016 2932 ίό.
1055 2906 1079 2922 ⁸¹

1139 2319 1187 2346 καὶ
1207 2319 1241 2346 τὰ
1256 2313 1325 2354 ἅγιά
1345 2328 1392 2347 σου
1407 2321 1565 2356 ἐρημῶσαι.
1596 2320 1665 2346 Ἀλλ’
1683 2320 1787 2356 ἐπαρον
1806 2321 1860 2353 τὰς
1879 2324 1934 2357 χεῖ-

1139 2365 1190 2399 ράς
1206 2373 1253 2391 σου
1267 2365 1315 2391 ἐπὶ
1331 2365 1380 2396 τὰς
1395 2366 1586 2401 ὑπερηφανίας
1600 2365 1690 2392 αὐτῶν
1704 2366 1744 2398 είς
1756 2366 1848 2399 τέλος,
1862 2369 1935 2399 ὅπως

1127 2410 1350 2445 αἰσχυνθείησαν
1371 2411 1397 2437 ot
1413 2411 1594 2447 ὑπερήφανοι,
1612 2412 1653 2438 ὅτι
1669 2411 1770 2443 ἀδίκως
1788 2413 1934 2449 ὴνόμησαν

1137 2456 1178 2487 είς
1193 2457 1278 2491 ἡμᾶς.
1306 2456 1361 2483 'Asl.
1376 2457 1430 2492 γὰρ
1448 2457 1621 2492 ὑπερήφανοι
1638 2458 1676 2489 ὡς
1691 2458 1717 2484 οι
1731 2459 1760 2484 ὲν
1779 2459 1815 2493 τῇ
1836 2459 1934 2495 ἐρήμῳ

1138 2501 1258 2537 πατέρες
1273 2502 1363 2528 αὑτῶν
1374 2503 1552 2538 παρηνόμουν
1561 2503 1614 2534 ἓως
1625 2503 1738 2538 σφόδρα.
1758 2502 1790 2530 ’0
1797 2503 1827 2530 δὲ
1839 2504 1934 2536 δοῦλός

1138 2555 1185 2573 σου
1200 2547 1282 2574 Δαυτδ
1297 2547 1351 2574 ἀπὺ
1363 2547 1410 2574 τοῦ
1433 2548 1517 2584 νόμου
1539 2557 1586 2575 σου
1608 2549 1660 2574 οὑκ
1690 2547 1814 2580 ἐξέκλινε
1831 2558 1840 2565 ο
1873 2550 1933 2576 οὔτε

1139 2601 1148 2618 ε
1168 2593 1337 2629 ὑπερηφάνῳ
1351 2593 1482 2629 ὀφθαλμῷ
1496 2594 1543 2621 καὶ
1564 2594 1698 2630 ἀπλήστῳ
1718 2594 1822 2630 καρδίᾳ
1841 2604 1851 2621 ι
1873 2604 1935 2622 συν-

1138 2638 1244 2673 ήσθιεν,
1259 2639 1314 2665 οὐδ’
1337 2639 1405 2671 ὅλως
1425 2640 1545 2675 κατῴκει
1568 2649 1577 2666 ι
1595 2641 1624 2666 ἐν
1647 2640 1723 2675 μέσῳ
1741 2640 1795 2674 τῆς
1813 2642 1908 2673 οἰκίας
1924 2652 1932 2668 ι

1139 2683 1233 2715 αὑτοῦ,
1247 2684 1378 2720 λογισμὸς
1393 2685 1478 2711 ποιῶν
1505 2685 1706 2721 ὑπερηφανίαν.
1734 2687 1792 2713 Καὶ
1805 2687 1820 2713 6
1835 2689 1936 2723 Παροι-

1142 2729 1259 2764 μιαστής
1270 2736 1277 2743 ·
1294 2738 1303 2755 ι
1321 2729 1405 2762 Φόσος
1416 2729 1520 2765 Κύριον
1534 2732 1609 2765 μισεῖ
1621 2731 1731 2764 κακίαν,
1749 2731 1833 2767 ὓϐριν
1845 2741 1876 2759 τε
1891 2734 1937 2759 καὶ

1141 2773 1343 2809 ὑπερηφανίαν,
1357 2774 1404 2801 καὶ
1418 2774 1494 2806 ὸδοὺς
1506 2775 1637 2810 πονηράς.
1647 2784 1657 2800 ι
1680 2775 1797 2809 Ἐπάγει
1811 2785 1819 2792 ·
1837 2787 1847 2803 ι
1864 2777 1936 2811 Ὅοῳ

1143 2819 1229 2854 μέγας
1246 2817 1282 2853 εἴ,
1308 2820 1435 2847 τοσοῦτον
1459 2820 1575 2848 ταπεῐνα
1595 2820 1720 2853 σεαυτὸν,
1738 2821 1790 2848 καὶ
1809 2823 1936 2859 capta-st;

1140 2906 1220 2936 Num.
1239 2915 1284 2941 xv,
1301 2907 1346 2938 50.
