1986 3248
94 231 166 266 1573

345 234 510 264 HOMILIA
529 235 613 265 XLV.
629 234 779 270 -QUOD
798 234 875 264 NON
896 235 955 265 SIT
977 236 1024 267 DE
1044 237 1088 267 SE
1107 238 1203 268 ALTE
1223 237 1484 284 SENTIENDUM.

1655 238 1664 269 1
1671 238 1723 271 574

93 290 176 325 χάριν
194 288 284 317 ἔναντι
300 289 414 324 Κυρίου,
432 298 441 314 ι
461 289 516 324 Καί
533 297 540 304 ο
562 298 570 314 ι
586 289 633 324 Μὴ
649 288 748 324 ὲξύψου
770 289 883 315 σεαυτὸν

936 289 986 317 bos
1000 291 1035 317 ".
1049 300 1057 316 ι
1078 291 1184 318 Psaltcs
1201 291 1293 325 regius
1311 300 1317 317 :
1335 300 1343 316 (
1359 291 1422 318 ldee
1446 293 1535 320 tenuit
1557 301 1605 322 cos
1623 302 1722 329 super-

93 335 138 361 ἵνα
156 335 193 370 μὴ
212 333 309 369 πέσῃς,
326 334 367 360 ὅτι
388 334 500 369 μισητδς
516 334 605 360 ἔναντι
630 334 732 368 Κυρίου
765 334 812 364 καὶ
836 335 884 361 ἁν-

91 380 203 415 υρώπου
220 379 275 411 πᾶς
289 379 476 415 ὑπερήφανος.
496 388 505 405 ι
525 379 602 405 Καὶὸ
623 378 770 410 Ἰάκωϐος·
789 379 885 414 ’Υπερ-

91 425 207 460 ηφάνοις
223 423 327 459 Κύριος
344 423 548 456 ἀντιτάσσεται,
569 424 709 454 ταπεινοῖς
725 423 817 450 δίδωσι
841 425 885 459 χά-

93 478 148 504 ριν.
170 478 179 494 ι
197 470 252 495 Καὶ
273 468 399 503 ἐπιφέρει
413 477 421 484 ·
442 477 452 494 ι
468 468 663 503 Ταπεινὼθητε
684 467 731 495 οὖν
760 469 813 495 ὑπὸ
835 470 884 504 τὴν

93 513 229 549 κραταιὰν
244 514 324 548 χεῖρα
341 512 387 540 τοῦ
400 512 479 546 Θεοῦ,
497 513 540 539 ἴνα
558 513 653 548 ὑψώσῃ
668 514 751 548 ὑμᾶς.
771 523 780 539 ι
796 513 883 549 Φοϐη-

94 558 188 593 θῶμεν
206 556 264 589 οὖν.
285 558 406 592 ἀδελφοὶ,
428 557 476 584 καὶ
499 558 575 595 πάσῃ
597 549 704 593 φυλακῇ
719 559 885 594 τηρήσωμεν

91 603 142 637 τὴν
154 602 258 629 ἑαυτῶν
271 602 386 638 καρδίαν
396 603 451 629 ἀπὸ
465 602 514 629 τοῦ
527 603 715 638 θανατηφόρου
730 604 885 639 πνεύματος

92 647 144 682 τῆς
174 648 376 683 ὑπερηφανίας.
405 647 489 674 Ὅταν
515 648 570 683 γὰρ
596 649 802 684 κατακυριεύσῃ
835 649 884 683 τῆς

92 693 190 724 ἀθλίας
206 693 307 728 ψυχῆς,
320 693 416 728 ὥσπερ
427 701 468 725 τις
483 693 676 728 χαλεπώτατος
691 695 822 729 τύραννος
834 703 884 729 με-

92 739 181 773 γάλην
197 738 275 765 πόλιν
300 738 348 765 καὶ
376 738 482 774 ὑψηλὴν
506 739 684 774 παραλαϐὼν,
711 739 885 775 meum

93 784 276 819 καταστρέφει
296 784 343 810 καὶ
360 784 560 810 κατασκάπτει.
579 785 633 811 Καὶ
647 785 677 811 τὸ
694 785 884 818 ὲλεεινότατον,

93 829 134 855 ὅτι
151 827 227 867 οὗτος
240 830 253 855 ό
269 830 473 865 ὲπικατάρατος
491 829 597 864 δαίμων
613 831 676 862 τοὺς
696 830 827 863 τελείους,
847 831 886 863 ὡς

93 874 214 909 εἴρηται,
235 875 364 910 μάλιστα,
377 875 424 901 καὶ
444 875 485 906 εἰς
496 874 526 901 τὺ
547 874 613 910 ὓψος
627 874 688 902 τῶν·
698 875 805 911 ἀρετῶν
821 877 886 903 ἁνα-

92 918 246 953 6ε6ηκότας
271 919 407 954 ἐπιχειρεῖ
430 918 651 954 καταστρέφειν·
675 920 722 946 καὶ
738 920 799 946 οὐδὲ
816 920 885 956 πρὸς

935 335 979 362 bia
997 336 1024 362 in
1039 336 1132 369 finem,
1146 337 1211 371 quia
1222 337 1311 371 operti
1328 341 1392 364 sunt
1407 337 1551 372 iniquitate
1574 343 1602 367 et
1626 339 1724 374 impie—

935 386 990 410 tate
1006 391 1055 410 sua
1071 382 1105 410 “.
1123 392 1131 408 ι
1151 383 1204 409 Et:
1223 392 1232 407 ί
1247 383 1412 410 Defecerunt
1435 389 1463 411 et
1486 385 1630 419 perierunt
1655 393 1722 420 pro-

934 433 995 462 pter
1010 427 1179 462 impietatem
1196 435 1273 455 suam
1292 429 1326 455 ".
1347 438 1355 454 ι
1371 429 1403 455 Ει
1418 437 1424 455 :
1444 439 1453 454 ε
1474 429 1610 465 Superbia
1625 438 1721 458 eorum

934 474 980 507 qui
995 477 1020 500 te
1032 473 1160 505 oderunt,
1175 474 1298 500 ascendit
1312 482 1421 508 semper
1437 475 1470 503 ³⁸.
1481 484 1489 500 ι
1509 475 1587 502 Unde
1604 481 1633 503 et
1647 476 1722 503 omni

934 519 1027 545 studio
1044 518 1085 545 usi
1101 524 1175 552 sunt,
1189 523 1283 546 sancta
1305 524 1352 546 tua
1367 524 1396 546 ut
1421 520 1630 553 demolirentur,
1660 528 1722 548 san-

934 565 1039 592 ctuaria
1051 571 1097 592 tua
1112 566 1140 592 in
1154 566 1329 593 solitudinem
1343 567 1510 602 redigerent.
1530 567 1676 599 Caeterum,
1692 572 1721 594 tu

934 611 1021 638 alleva
1034 619 1132 638 manus
1144 615 1205 638 tuas
1220 611 1246 638 in
1270 612 1412 646 superbias
1427 620 1524 640 eorum
1543 613 1571 640 in
1589 613 1672 640 finem
1687 613 1721 645 ",

935 661 965 683 ut
979 656 1185 683 confundantur
1209 657 1332 690 superbi,
1356 658 1420 692 quia
1444 658 1545 693 injuste
1570 663 1598 685 et
1629 658 1722 693 inique

933 702 1158 733 egeruntcontra
1172 706 1223 726 nos
1245 700 1279 726 ⁵⁸.
1298 699 1412 735 Semper
1434 702 1509 729 enim
1530 701 1642 736 superbi
1665 702 1720 734 isti,

935 743 1165 777 quemadmodum
1179 749 1272 778 patres
1284 753 1379 772 eorum
1392 746 1419 772 in
1431 753 1534 778 eremo,
1547 747 1629 774 nimis
1641 755 1722 781 quam

934 788 1104 822 praevaricati
1129 794 1195 816 sunt
1223 789 1310 825 legem
1330 794 1414 818 tuam.
1441 791 1525 826 Atqui
1544 799 1640 819 servus
1660 796 1725 820 tuus

936 833 1021 860 David
1037 841 1091 860 non
1106 834 1253 861 declinavit
1266 843 1281 862 a
1294 836 1353 870 lege
1365 841 1420 868 tua,
1438 844 1490 864 nec
1504 844 1566 864 cum
1582 846 1590 862 ι
1603 837 1723 871 superbo

935 879 1016 906 oculo
1029 883 1057 906 et
1071 878 1219 906 insatiabili
1235 881 1319 907 corde
1337 882 1359 897 "
1379 891 1388 907 ι
1408 882 1490 909 simul
1504 882 1613 915 edebat,
1629 887 1657 910 et
1672 890 1724 910 nec

935 923 1048 951 omnino
1066 924 1127 951 talis
1142 924 1283 953 habitabat
1298 935 1306 951 ι
1325 926 1352 953 in
1366 927 1457 954 medio
1471 927 1568 954 domus
1581 929 1617 954 ⁸ο»
1629 929 1721 961 illius;

95 964 242 999 μετάνοιαν
267 965 368 995 αὐτοὺς
392 966 530 1000 συγχωρεῖ
553 964 727 1000 ἐπιστρέψαι.
753 966 816 997 Πῶς
830 966 883 1000 γὰρ

935 970 1066 1005 cogitatio
1087 970 1217 998 videlicet
1230 971 1284 997 ulla
1298 971 1433 1006 resipiens
1447 972 1616 1006 superbiam.
1631 973 1724 1001 Parua-

95 1009 303 1044 μετανοήσωσιν
324 1010 348 1036 οἱ
367 1009 427 1036 ὅλον
441 1010 564 1036 διάϐολον
579 1010 719 1045 δεχόμενοι
734 1011 763 1037 ὲν
777 1011 885 1042 ἑαυτοῖς

93 1054 140 1082 διὰ
152 1055 202 1089 τῆς
216 1055 420 1089 ὑπερηφανίας,
439 1056 486 1082 καὶ
504 1055 550 1081 τὸν
570 1054 636 1081 Θεὸν
657 1055 885 1089 ἀντιτασσόμενον

94 1101 189 1132 αὐτοῖς
209 1100 411 1133 καθιστῶντεςς
433 1100 530 1135 Ἡμεῖς
548 1099 595 1126 οὖν
610 1099 654 1126 διὰ
682 1099 732 1134 τῆς
759 1108 886 1126 ταπεινο-

94 1145 234 1180 φροσύνης
253 1144 491 1180 ἁποκρουσώμεθα
504 1145 551 1171 τὸν
569 1145 744 1180 ὑπερήφανον
758 1145 883 1179 δαίμονα·

94 1191 269 1224 ἐπιλέγοντες
289 1191 394 1222 ἑαυτοῖς
408 1190 497 1217 τὸτοῦ
518 1189 691 1220 ’Δποστόλου,
706 1190 770 1217 ὅταν
785 1191 885 1225 ἀρετήν

93 1245 155 1263 τινα
179 1236 401 1272 κατορθώσωμεν
418 1244 426 1251 ·
457 1245 467 1262 ι
488 1236 545 1262 Οὐκ
571 1235 626 1269 ἐγὼ
637 1235 674 1268 δὲ,
692 1235 788 1270 ἀλλὰὴ
805 1234 885 1270 χάρις

93 1281 143 1309 τοῦ
161 1282 230 1308 Θεοῦ
252 1283 269 1317 ἡ
291 1282 340 1308 σὺν
356 1281 419 1316 ἐμοί
438 1289 445 1297 '
470 1290 479 1307 ι
501 1281 549 1307 καὶ
571 1280 653 1307 πάλιν
670 1288 676 1295 ⁵
700 1289 709 1305 ι
725 1279 762 1307 Οὐ
777 1280 824 1306 τοῦ
842 1280 886 1306 θέ-

94 1327 189 1359 λοντος
200 1327 260 1354 οὐδὲ
272 1326 320 1354 τοῦ
331 1327 488 1362 τρέχοντος,
501 1325 568 1352 ἀλλὰ
578 1325 626 1352 τοῦ
635 1325 773 1357 ἐλεοῦντος
781 1325 860 1352 Θεοῦ.
873 1335 882 1351 ι

95 1372 151 1399 Καὶ
169 1374 199 1399 τὰ
219 1372 271 1399 ὑπὸ
289 1372 337 1399 τοῦ
365 1372 469 1407 Κυρίου
491 1371 637 1406 εἰρημένον
650 1378 657 1385 ·
675 1379 684 1396 ι
705 1371 797 1406 Χωρὶς
817 1370 884 1405 ἐμοῦ

93 1419 125 1445 οὐ
140 1419 254 1446 δύνασθε
276 1419 364 1445 ποιεῖν
383 1418 468 1445 οὐδέν.
489 1427 498 1443 ι
524 1417 618 1449 Οὕτως
642 1417 697 1452 γὰρ
714 1416 885 1452 δυνησόμεθα

94 1465 178 1492 πάλιν
192 1464 308 1491 ἀκοῦσαι
321 1463 406 1491 αὐτοῦ
421 1463 468 1500 τοῦ
483 1463 586 1498 Κυρίου
601 1463 725 1496 λέγοντος
735 1471 741 1477 ·
757 1471 766 1488 ι
788 1462 885 1488 Ἐθεὼ-

95 1518 162 1546 ρουν
185 1510 230 1536 τὸν
251 1510 375 1537 Σατανᾶν
387 1509 426 1540 ὡς
440 1509 585 1544 ἀστραπὴν
601 1509 633 1534 ὲκ
646 1507 693 1534 τοῦ
707 1508 736 1534 οὐ
742 1507 821 1543 ρανοῦ
838 1515 886 1533 πε-

93 1555 177 1582 σόντα
191 1563 198 1571 ·
220 1555 285 1587 ἰδοὺ,
298 1555 386 1582 ἔδωκα
402 1555 465 1590 ὑμῖν
476 1554 524 1590 τὴν
543 1554 667 1586 ἐξουσίαν
682 1555 778 1580 πατεῖν
793 1554 885 1580 ἐπάνω

91 1600 183 1635 ὄφεων
200 1601 247 1627 καὶ
262 1601 402 1636 σκορπίων
417 1600 465 1627 καὶ
479 1600 526 1626 ἐπὶ
540 1600 631 1627 πᾶσαν
644 1599 693 1635 τὴν
708 1599 822 1634 δύναμιν
835 1598 883 1626 τοῦ

936 1015 1048 1042 miastes
1066 1024 1073 1041 :
1091 1024 1100 1040 ‹
1120 1015 1214 1042 Timor
1230 1015 1338 1042 Domini
1351 1016 1410 1043 odit
1424 1017 1566 1049 malitiam,
1582 1021 1724 1044 contume-

936 1059 1068 1094 liamque,
1083 1063 1110 1087 et
1125 1060 1294 1095 superbiam,
1307 1068 1338 1088 ac
1349 1061 1407 1087 vias
1419 1069 1516 1095 pravas
1530 1061 1562 1088 εί.
1578 1070 1587 1087 ›
1604 1062 1721 1089 inducit:

939 1112 948 1128 ι
967 1102 1074 1135 Quanto
1088 1104 1174 1139 major
1189 1112 1229 1137 es,
1244 1108 1319 1132 tanto
1334 1105 1449 1133 humilia
1461 1105 1589 1140 teipsum,
1606 1110 1634 1133 et
1647 1106 1724 1132 inve~

935 1149 996 1175 nies
1010 1150 1124 1184 gratiam
1139 1149 1166 1176 in
1185 1154 1336 1184 conspectu
1353 1149 1461 1177 Domini
1484 1151 1516 1176 °'.
1533 1160 1542 1176 ι
1570 1150 1605 1177 Ει
1621 1159 1626 1176 :
1657 1160 1666 1176 ε
1682 1149 1722 1177 Ne

936 1194 1038 1221 exaltes
1059 1195 1187 1228 teipsum,
1208 1200 1238 1221 ut
1258 1203 1292 1222 ne
1309 1195 1391 1222 cadas
1407 1195 1440 1228 “,
1455 1195 1518 1230 quia
1534 1196 1645 1223 odibilis
1657 1200 1722 1223 ante

935 1238 1082 1265 Dominum
1097 1243 1124 1266 et
1140 1239 1266 1266 homines
1282 1240 1373 1266 omnis
1395 1240 1530 1274 superbus
1559 1240 1592 1266 “.
1609 1250 1617 1265 ι
1644 1240 1723 1267 Jaco-

937 1284 1009 1310 bus:
1024 1293 1032 1309 (
1048 1284 1181 1311 Dominus
1193 1284 1320 1319 superbis
1334 1285 1448 1317 resistit,
1464 1285 1615 1312 humilibus
1630 1290 1721 1312 autem

936 1328 984 1355 dat
993 1328 1108 1363 gratiam
1128 1329 1162 1354 ".
1179 1338 1188 1353 ι
1206 1329 1291 1356 Infert
1309 1338 1315 1355 :
1341 1338 1350 1354 ι
1366 1330 1554 1357 llumiliamini
1571 1330 1655 1365 igitur
1671 1330 1722 1357 sub

936 1373 1042 1408 potenti
1057 1381 1139 1400 manu
1152 1373 1211 1405 Dei,
1227 1378 1257 1401 ut
1276 1381 1325 1402 vos
1349 1374 1451 1401 e'xaltet
1476 1374 1508 1401 “.
1524 1383 1532 1399 ι
1565 1374 1723 1401 Timeamus

936 1418 1040 1452 ilaque,
1060 1417 1169 1447 fratres.
1189 1423 1217 1445 et
1234 1419 1309 1445 omni
1325 1419 1451 1446 custodia
1468 1427 1516 1446 cor
1531 1419 1584 1446 hoc
1597 1421 1722 1446 nostrum

935 1463 1055 1490 liberum
1068 1470 1274 1496 conservemus,
1286 1472 1317 1491 ac
1330 1472 1430 1499 purum
1443 1464 1562 1491 exitialis
1582 1468 1610 1492 et
1624 1464 1723 1491 morti-

935 1508 986 1535 feri
1001 1508 1114 1542 spiritus
1124 1509 1269 1543 superbiaa.
1288 1508 1316 1536 Si
1329 1509 1438 1544 quando
1449 1509 1522 1536 enim
1540 1509 1613 1536 illius
1629 1513 1723 1544 tyran-

936 1554 964 1581 ni
987 1554 1119 1581 adversus
1139 1554 1324 1582 miserabilem
1338 1563 1451 1590 prorsus
1463 1555 1582 1582 animam
1598 1555 1722 1581 invalue-

936 1599 983 1630 rit,
999 1599 1072 1626 haud
1084 1607 1164 1626 secus
1176 1599 1240 1626 facit
1256 1607 1288 1627 ac
1301 1600 1324 1627 si
1341 1604 1472 1635 tyrannus
1489 1600 1624 1634 quispiam
1640 1607 1722 1634 supra

91 1632 206 1683 tiepoa.
229 1657 238 1672 ι
255 1632 335 1683 Αὑτῷ
349 1646 387 1682 τῷ
402 1645 497 1681 ἁγαθῷ
520 1646 620 1682 πρέπει
643 1646 660 1681 ἡ
671 1632 744 1678 ’δόξα
762 1632 802 1676 εὶς
819 1645 883 1677 τοὺς

937 1645 1048 1672 modum
1066 1644 1140 1672 ferox
1152 1649 1180 1672 et
1197 1646 1333 1677 immanis,
1351 1645 1432 1672 unam
1449 1645 1568 1679 aliquam
1584 1645 1722 1672 civitatem

91 1693 209 1724 αξῶνας.
240 1693 336 1728 Ἀμήν.

937 1695 966 1718 et
987 1690 1168 1725 amplitudine
1184 1691 1237 1718 loci
1255 1696 1283 1718 et
1305 1690 1374 1718 situs
1394 1691 1561 1719 Sublimitate
1585 1691 1721 1718 celebrem

92 1737 174 1765 velut
201 1745 249 1772 per
266 1746 363 1765 manus
386 1742 494 1774 captam
515 1746 531 1766 a
561 1732 748 1766 fundamentis
764 1741 850 1765 totam
873 1735 994 1771 sub'ruit,
1021 1742 1158 1772 aequatum
1177 1738 1247 1770 solo,
1261 1737 1385 1765 suffodit.
1400 1736 1492 1773 Longe
1516 1741 1545 1765 et
1567 1737 1619 1764 hoc
1646 1738 1722 1764 omni

90 1784 311 1818 comploratione
326 1785 538 1820 dignissimum;
565 1785 741 1813 exsecrabilis
764 1784 901 1820 siquidem
920 1785 1027 1812 daemon
1053 1785 1110 1816 hic,
1137 1785 1223 1818 viros,
1240 1789 1271 1812 ut
1293 1785 1360 1812 mihi
1382 1785 1487 1813 dictum
1506 1788 1557 1818 est,
1581 1784 1609 1814 in
1633 1783 1724 1819 perfe-

90 1829 195 1857 ctionis
219 1830 337 1857 culmine
367 1830 423 1865 jam
445 1831 624 1862 constitutos,
644 1838 676 1858 ac
695 1830 824 1862 maxime,
849 1831 897 1865 qui
916 1830 1044 1858 sublimis
1064 1827 1298 1858 theorim‘merito
1317 1830 1351 1857 ad
1373 1830 1508 1857 caelorum
1530 1837 1617 1864 usque
1646 1828 1724 1856 fasti-

91 1878 170 1913 giutn
202 1877 396 1904 conscendisse
428 1877 613 1910 videbantur,
641 1876 731 1904 modis
757 1876 888 1903 omnibus
906 1876 1057 1904 admolitur
1084 1876 1114 1903 ut
1137 1876 1254 1903 subruat
1279 1883 1311 1902 ac
1332 1876 1495 1910 prmeipitet.
1524 1875 1578 1902 Sed
1602 1882 1637 1902 ne
1660 1874 1722 1901 illos

91 1923 207 1958 quidem
226 1927 289 1958 post
310 1923 417 1957 lapsum
441 1923 508 1949 sinit
529 1923 564 1949 ad
584 1922 753 1957 paenitentia:
773 1925 883 1956 portum
919 1929 970 1949 ceu
1000 1921 1168 1957 postliminio
1192 1920 1304 1948 reverti.
1326 1919 1386 1952 Quo
1415 1921 1489 1947 enim
1511 1923 1591 1954 pacto
1618 1919 1662 1945 isti
1686 1918 1720 1945 ad

92 1968 277 2005 paenitudinis
289 1975 321 1995 ac
343 1968 540 2002 resipiscentia:
557 1968 648 1994 sinum
679 1975 708 1995 se
731 1968 885 2000 conferant,
905 1968 952 2002 qui
984 1972 1071 1995 totum
1096 1967 1236 1994 diabolum
1256 1967 1284 1994 in
1305 1975 1334 1994 se
1351 1966 1521 2000 excipientes
1544 1973 1593 2000 per
1620 1972 1720 1999 super-

93 2014 180 2046 biam,
197 2014 286 2041 Deum
297 2021 347 2048 per
360 2013 414 2040 hoc
435 2013 644 2040 colluctatoretn
669 2013 723 2040 sibi
733 2014 904 2040 constituere
923 2017 952 2040 et
975 2013 1188 2040 adversarium?
1211 2013 1267 2040 Nos
1288 2011 1373 2046 igitur
1393 2010 1560 2037 humilitatis
1591 2010 1720 2044 praesidio

90 2059 216 2092 subnixi,
233 2058 390 2094 principem
414 2057 489 2085 hunc
517 2057 658 2093 superbiae
682 2058 773 2085 omnis
791 2065 805 2084 a
833 2057 914 2084 nobis
934 2065 1016 2092 quam
1044 2057 1203 2092 longissime
1226 2056 1403 2091 proﬂigemus
1423 2059 1451 2082 et
1473 2054 1648 2086 amoliamur,
1667 2062 1719 2082 no-

90 2107 203 2134 biscum
219 2105 297 2133 taciti
316 2105 497 2132 mussitantes
512 2105 581 2132 illud
600 2105 725 2140 Apostoli
753 2104 886 2140 elogium,
906 2112 970 2132 cum
985 2104 1127 2140 quidpiam
1140 2105 1233 2139 operis
1256 2102 1459 2131 confecerimus
1472 2101 1583 2128 virtutis
1606 2103 1719 2128 nomine

90 2152 229 2187 dignum:
263 2161 272 2178 ι
290 2152 352 2179 Non
379 2159 431 2187 ego
459 2155 563 2184 autem,
595 2151 643 2178 sed
660 2151 748 2186 gratia
760 2151 809 2179 Dei
825 2159 935 2178 mecum
948 2151 981 2177 “.
999 2160 1008 2177 ι
1026 2151 1130 2177 lterum
1153 2159 1159 2176 :
1183 2159 1192 2176 l
1207 2150 1267 2177 Non
1289 2148 1418 2177 volentis.
1446 2155 1536 2182 neque
1567 2147 1718 2179 currentis,

89 2198 142 2226 sed
173 2198 333 2226 miscrentis
359 2198 408 2225 Dei
439 2198 473 2225 ⁶⁸.
498 2207 507 2223 ι
533 2197 587 2225 Sed
610 2203 639 2225 et
673 2199 742 2226 illud
760 2199 909 2226 aDomino
928 2198 1034 2226 dictum
1067 2205 1168 2225 arcana
1199 2197 1367 2232 cogitatione
1404 2197 1550 2224 adversum
1583 2195 1721 2230 superbia:

91 2244 277 2271 tentationem
304 2243 574 2270 admurmurandum
601 2243 679 2270 venit
694 2253 700 2270 :
720 2253 729 2270 ‹
746 2244 812 2271 Sine
842 2251 885 2271 me
903 2244 975 2271 nihil
990 2243 1108 2278 potestis
1131 2243 1224 2270 facere
1241 2243 1274 2268 “.
1291 2251 1300 2267 ι
1336 2241 1374 2268 Ita
1391 2242 1464 2268 enim
1479 2241 1514 2268 ab
1539 2240 1637 2268 eodem
1667 2241 1717 2268 Do-

90 2292 170 2318 mino
191 2291 416 2327 promerebimur
445 2290 542 2318 audire
568 2295 596 2318 et
612 2291 681 2318 illud
704 2300 710 2318 :
731 2301 739 2317 I
758 2291 891 2319 Videbam
912 2291 1042 2319 Satanam
1062 2295 1192 2324 tanquam
1207 2289 1298 2324 fulgur
1321 2288 1355 2316 de
1378 2289 1449 2316 cmlo
1471 2288 1616 2315 cadentem
1632 2296 1639 2316 :
1655 2295 1722 2314 ecce

89 2339 158 2368 dcdi
178 2339 259 2366 vobis
276 2342 443 2373 potestatem
459 2338 584 2367 calcandi
598 2345 682 2372 super
701 2342 846 2373 serpentes
859 2342 887 2365 et
907 2337 1083 2372 scorpionem
1099 2342 1127 2364 et
1137 2344 1222 2371 super
1236 2343 1346 2363 omnem
1370 2335 1501 2362 virtutem
1515 2333 1620 2361 inimici
1636 2332 1677 2360 ²⁰.“
1707 2342 1718 2359 ι

89 2386 263 2413 Clementem
289 2389 318 2412 et
337 2385 489 2421 benignum
508 2385 596 2412 Deum
620 2385 735 2412 addecet
752 2385 839 2420 gloria
862 2385 889 2412 in
908 2383 1009 2412 saecula
1028 2384 1204 2411 saeculorum.
1216 2383 1314 2410 Amen.

392 2441 501 2467 ΛΟΓΟΣ
514 2441 580 2468 ME’.

1145 2439 1252 2473 1100
1269 2437 1413 2466 HOMlLlA
1433 2437 1512 2466 XLV.

303 2498 373 2532 Περὶ
399 2497 672 2532 ὐψηλωφροσύνης.

131 2585 161 2611 '0
176 2584 340 2620 ὑψηλόφρων
355 2584 449 2619 ἕτερος
467 2583 517 2619 μέν
534 2584 608 2610 ἔστιν
619 2583 666 2610 τοῦ
689 2583 880 2619 ὑπερηφάνου·

87 2630 282 2666 παρήλλακται
301 2629 330 2656 δὲ
347 2630 414 2664 πρὸς
429 2629 474 2656 τὸν
490 2629 638 2662 κενόδοξον.
663 2629 738 2661 Ἑνδς
754 2629 808 2664 γὰρ
823 2629 880 2656 δέν-

85 2677 153 2712 δρου
169 2675 260 2702 κλάδοι
276 2676 354 2708 εἰσὶν,
366 2676 380 2701 ὁ
394 2675 422 2701 δὲ
432 2675 538 2711 καρπὸς
553 2675 754 2711 ἐνηλλαγμένας
768 2683 775 2690 ·
796 2675 809 2701 6
828 2674 877 2709 μὲν

85 2722 126 2757 τῷ
141 2722 229 2748 δοκεῖν
244 2721 382 2756 κεκυφὼς,
401 2721 416 2747 ὁ
432 2721 461 2748 δὲ
478 2721 708 2757 μετεωρόκλαδος.
726 2720 781 2747 Καὶ
795 2721 809 2747 ὁ
826 2721 877 2756 μὲν

87 2766 298 2798 πιστακοκενὺς,
329 2768 343 2793 ὁ
371 2767 401 2793 δὲ
427 2767 634 2802 καρυόκουφος·
669 2767 819 2802 ἀμφότεροι
849 2767 877 2793 δὲ

128 2845 153 2861 ⁸³
180 2845 232 2871 lsa.
250 2853 279 2876 ιι,
297 2845 339 2872 12.

85 2879 132 2907 78.
171 2880 193 2895 ⁵³
209 2880 279 2906 Psal.
301 2888 325 2907 ε.
338 2880 364 2907 5.
401 2879 425 2895 '°
441 2880 510 2907 ibid.
525 2881 550 2907 7.

394 2845 416 2862 "
433 2846 504 2872 Psal.
519 2853 601 2877 tun,
633 2844 660 2872 6.

729 2846 739 2861 Ι
756 2845 793 2861 εὶιὲ

596 2865 601 2877 ,
633 2845 660 2872 6.
717 2846 739 2862 ⁸⁸
756 2845 825 2873 ibid.
845 2846 888 2873 l9.
943 2847 965 2862 "
980 2846 1052 2873 Psal.
1076 2854 1169 2878 Lxxut,
1186 2847 1230 2873 25.
1281 2848 1303 2862 ⁵⁷
1322 2847 1390 2874 ibid.
1411 2847 1438 2874 5.
1493 2846 1515 2862 ⁵⁸
1531 2845 1602 2873 Psal.
1619 2853 1714 2877 cxvm,

596 2880 618 2896 οι
635 2880 716 2907 Prov.
734 2889 791 2912 vnt,
814 2881 856 2908 l5.
895 2881 917 2896 "
930 2881 1015 2908 Eccli.
1030 2890 1068 2912 in,
1085 2881 1130 2908 ‘20.
1170 2882 1193 2897 ⁸³
1206 2882 1288 2908 Eccli.
1304 2890 1330 2912 κ,
1344 2882 1388 2909 29.
1428 2881 1530 2907 “ibid.
1548 2881 1574 2906 7.
1614 2880 1636 2895 ⁸⁸
1652 2879 1714 2911 Jac.

931 2495 971 2522 De
985 2496 1071 2531 specie
1083 2495 1222 2530 superbia),
1243 2503 1295 2530 qua
1312 2495 1370 2530 quis
1392 2495 1425 2521 de
1446 2502 1474 2521 se
1496 2502 1577 2528 quam
1602 2493 1636 2519 sit
1658 2501 1720 2527 par,

1218 2531 1298 2556 sentit
1318 2530 1430 2557 altiora.

965 2586 1017 2619 Qui
1028 2586 1062 2614 de
1077 2594 1116 2619 se,
1137 2595 1219 2622 quam
1234 2595 1344 2621 aequum
1361 2587 1407 2619 sit,
1424 2586 1508 2613 sentit
1519 2585 1627 2617 altiora,
1643 2592 1722 2612 com—

928 2631 994 2666 plex
1018 2631 1114 2666 utique
1138 2632 1252 2666 superbi
1275 2636 1327 2664 est,
1351 2635 1380 2659 et
1399 2632 1497 2659 eodem
1511 2631 1662 2666 conspirat.
1678 2630 1720 2657 Ad

928 2677 1112 2711 vaniglorium
1145 2681 1238 2704 tamen
1267 2677 1384 2704 collatus
1410 2677 1536 2704 nonnihil
1561 2676 1667 2703 evariat
1691 2681 1720 2703 et

929 2721 988 2749 abit
1003 2722 1142 2750 diversus.
1156 2723 1312 2757 thuidem
1338 2723 1421 2750 unius
1443 2723 1551 2750 arboris
1571 2730 1633 2749 cum
1664 2721 1720 2748 sint

931 2767 1011 2800 rami,
1026 2767 1134 2795 fructus
1151 2769 1314 2803 utriusque,
1342 2769 1446 2796 habent
1466 2767 1643 2796 discerniculi
1668 2766 1719 2793 ali—

943 2847 965 2862 "
980 2846 1052 2873 Psal.
1076 2854 1169 2878 LXXIII,
1186 2847 1230 2873 25.
1281 2848 1303 2862 ⁸⁷
1322 2847 1390 2874 ibid.
1411 2847 1438 2874 5.
1493 2846 1515 2862 ⁵⁸
1531 2845 1602 2873 Psal.
1619 2853 1714 2877 cxvun,

83 2922 123 2948 tv,
141 2914 167 2942 6.
208 2915 230 2930 "
243 2915 253 2941 l
267 2915 339 2942 Petr.
356 2923 383 2948 ν,
397 2914 423 2942 6.
462 2916 483 2932 ⁸⁷
505 2915 589 2942 lCor.
607 2922 650 2946 xv,
666 2914 708 2941 10.
748 2915 771 2931 °‘
782 2916 861 2943 Rom.

938 2916 979 2942 16.
1019 2917 1129 2944 "Joan.
1144 2924 1187 2948 xv,
1204 2916 1230 2944 5.
1271 2917 1292 2932 ⁷ο
1304 2916 1370 2944 Luc.
1388 2924 1413 2949 ι,
1432 2915 1474 2948 i8,
1494 2916 1537 2944 i9.
