1986 3274
264 229 336 261 1575

899 224 1084 255 ANTIOCHI
1103 224 1274 254 MONACIII

1840 219 1907 252 13:75

263 284 341 319 quid.
355 282 422 310 Nam
437 281 492 314 hic,
505 286 537 309 ιιι
549 289 583 308 ne
598 281 734 314 videatur,
750 280 905 315 propendet
919 280 946 307 in
959 285 1062 306 terram

1118 279 1256 314 ἱχρηστοι.
1275 279 1306 306 οι
1323 279 1350 306 δὲ
1365 278 1508 314 μισοῦντες
1519 280 1566 311 τὰς
1582 279 1671 314 ψυχὰς
1683 279 1766 313 ἡμῶν
1777 278 1907 313 δαίμονες

263 328 401 360 declivis;
423 328 470 354 ille
488 334 556 354 vero
569 334 645 353 vanae
659 325 753 360 gloria:
783 333 876 352 ramus
903 325 931 351 in
956 324 1058 352 callum

264 381 351 410 usque
367 377 536 409 prospectat.
551 372 613 403 Hic,
629 371 710 399 ﬁdem
736 375 766 398 ut
783 370 943 398 commodet
968 369 1058 401 vanis,

263 421 333 447 mire
359 420 450 446 alacer
466 426 497 445 ac
524 417 680 450 credulus;
712 417 770 450 ille,
805 417 839 444 ad
871 415 1060 444 consectanda

263 466 335 501 gula
361 465 534 492 irritamenta
561 463 642 498 agilis
660 463 811 490 admodum
828 467 857 490 et
868 466 1059 497 expromptus.

263 511 312 538 Vis
327 510 440 538 dicam?
455 510 540 536 Plane
559 508 663 543 inirugi
681 508 727 535 isti
750 508 859 535 fructus
883 512 912 534 et
935 506 1059 533 inutiles.

264 556 316 589 Qui
328 555 402 582 enim
415 555 525 582 animas
539 559 651 580 nostras
665 553 772 580 infense
784 552 1060 582 oderuntdaemones,

265 600 434 636 quibusdam
469 600 648 627 insusurrant
669 607 702 626 ac
719 601 882 633 suggerunt,
901 596 981 631 quasi
998 604 1061 631 gra-

266 647 330 673 tuiti
353 646 482 674 beneflcii
504 647 565 672 loco
589 644 672 672 nobis
693 651 754 671 eam
777 643 913 670 instillent
925 647 953 669 et
968 641 1062 669 conie-

265 697 328 719 rant
362 693 448 719 animi
475 691 657 718 inﬂationem.
687 689 791 716 Deinde
816 693 847 715 ut
872 687 1062 722 indulgentius

265 739 349 765 solito
361 746 411 765 nos
438 738 515 772 ipsos
538 737 674 768 laxemus,
702 735 900 762 adhortantur.
932 734 1011 767 Quod
1038 733 1062 760 si

265 784 358 810 animo
376 783 546 818 praemolliti,
560 782 651 808 locum
675 781 844 808 cesserimus
863 780 954 806 stultae
971 779 1016 806 isti
1028 779 1062 806 de

265 829 346 856 nobis
359 826 559 855 existimationi
575 835 582 859 ;
606 825 676 852 nihil
694 831 736 852 est
756 825 830 859 quod
848 824 982 858 deinceps
1008 823 1062 850 ini-

265 874 331 901 mici
357 873 484 900 laborent
510 877 541 898 ut
566 879 617 898 nos
638 871 666 897 in
691 869 882 904 captivitatem
910 869 1061 896 abducant.

265 918 470 947 Providendum
486 917 570 952 igitur
589 924 624 943 ne
647 916 689 942 vel
707 921 832 950 tempore
854 915 989 942 orationis
1015 922 1064 941 no-

1113 326 1287 356 ὺποτὶθενταί
1307 335 1379 354 τισιν
1392 327 1462 354 ὥστε
1476 327 1536 354 τινὰ
1555 327 1690 362 φυσίωσιν
1707 327 1775 361 ἡμῖν
1792 327 1910 362 χαρίσα-

1113 373 1175 400 σθαι
1192 381 1199 388 '
1221 370 1280 399 εἶτα
1305 373 1374 408 πρὸς
1396 373 1499 407 ταύτην
1515 374 1590 408 ἡμᾶς
1611 372 1772 408 διαλυθῆναι
1791 373 1911 407 προτρέ-

1113 427 1222 445 πουσιν.
1247 418 1313 445 Ἐὰν
1336 419 1428 445 τοίνυν
1452 418 1636 454 χαυνωθέντες
1651 420 1684 453 τῇ
1700 418 1801 453 οἰήσει,
1817 418 1911 452 δῶμεν

1113 463 1195 490 τόπον
1212 465 1245 498 τῇ
1272 463 1497 498 ὑψηλοφροσύνῃ,
1525 463 1556 489 οὑ
1590 463 1742 498 κάμνουσιν
1773 462 1872 489 λοιπὸν
1887 463 1912 488 οἱ

1114 509 1208 544 ἐχθροὶ
1222 510 1300 544 ἡμῶν
1317 509 1520 544 αἰχμαλωτίσαι
1535 510 1620 544 ἡμᾶς.
1640 509 1685 544 Μὴ
1697 508 1744 535 οὖν
1760 507 1912 542 γενώμεθα

1113 555 1278 590 δοξοχαρεις,
1300 555 1349 581 καὶ
1368 555 1566 591 ὑψηλόφρονες,
1588 554 1632 580 ἵνα
1654 554 1691 589 μὴ
1712 554 1743 580 οὺ
1766 554 1851 588 μόνον
1866 554 1913 579 ἐπὶ

1114 600 1162 627 τοῦ
1179 601 1275 632 νώτου,
1292 600 1361 627 ἀλλὰ
1380 602 1427 627 καὶ
1444 601 1473 627 ὲν
1490 600 1529 636 τῷ
1544 599 1685 635 προσώπῳ
1699 599 1780 634 ἡμῶν
1797 599 1913 625 τεκταὲ-

1115 655 1196 673 νωσιν
1208 647 1232 673 οἱ
1244 647 1412 682 ἁμαρτωλοὶ.
1426 647 1475 672 καὶ
1489 645 1636 680 γενώμεθα
1654 644 1798 679 ἑπίχαρμα
1816 644 1914 675 αὐτοῖς

1115 692 1187 718 κατὰ
1206 692 1251 718 τὸν
1273 692 1368 726 καιρὸν
1387 691 1437 726 τῆς
1457 690 1624 726 προσευχῆς,
1650 689 1838 724 ὲξελκόμενοι,
1865 690 1914 715 καὶ

1115 735 1304 770 δελεαζόμενοι
1324 737 1371 762 ὑπ’
1401 735 1491 763 αὐτῶν
1515 737 1544 762 ἐν
1563 735 1705 769 λογισμοῖς
1726 734 1888 765 ἀλλοκότοις
1905 742 1912 748 ·

1116 782 1208 813 καθὼς
1237 782 1285 808 καὶ
1312 783 1326 808 ὁ
1351 781 1558 816 Παροιμιαστὴς
1581 781 1702 807 διδάῑκει.
1719 780 1818 814 inde:
1840 788 1851 805 ε
1867 780 1914 813 Μὴ

1116 826 1309 861 ὑψηλοφρόνει,
1324 827 1419 861 φησὶν,
1433 825 1480 852 καὶ
1496 825 1534 861 μὴ
1551 825 1627 859 γίνου
1640 825 1744 856 δίκαιος
1758 824 1840 856 πολὺ,
1866 825 1914 850 καὶ

1118 871 1155 905 μὴ
1172 871 1282 905 σοφίζου
1302 871 1431 907 περισσὰ,
1455 872 1562 907 μήποτε
1582 871 1719 907 ἐκκλίνῃς.
1744 871 1800 897 Καί
1814 879 1821 886 ·
1852 880 1862 896 ι
1883 871 1914 897 ’0

1117 915 1218 949 ὑψηλὸν
1242 915 1327 942 ποιῶν
1350 916 1396 942 τὸν
1419 916 1517 942 ἑαυτοῦ
1539 913 1625 947 οἶκον,
1643 915 1721 950 ζητεί
1735 915 1911 950 συντριϐῆν-

266 965 390 999 stratipsi
405 963 579 991 occasionem
591 962 672 989 ullam
691 961 844 989 insultandi
862 960 944 987 nobis
958 959 1061 988 demus

1118 959 1169 986 Βδὲ
1189 960 1341 992 σχολιὰξων
1355 961 1403 987 τοῦ
1427 961 1535 996 μαθεῖν,
1557 962 1720 997 ἐμπεσεῖται
1735 961 1776 991 εἰς
1793 961 1881 987 κακὰ..
1903 970 1911 986 ι

267 1009 381 1036 inimico
405 1017 413 1034 :
434 1008 509 1043 quod
531 1008 561 1035 lit
580 1008 646 1036 dum
660 1007 833 1035 extrahimur
850 1012 953 1038 mente,
967 1011 996 1034 et
1011 1014 1062 1042 per

266 1063 363 1082 eorum
390 1056 594 1089 suggestionem
614 1054 742 1082 absurdis
754 1061 883 1088 prorsum
900 1057 928 1080 et
938 1052 1062 1080 externis

267 1099 426 1126 inescamur
438 1098 664 1132 cogitationibus,
675 1096 907 1132 quemadmodum
917 1096 998 1124 docet
1010 1096 1062 1124 Pa-

267 1144 438 1173 rmmiastcs:
464 1153 473 1169 ι
491 1143 552 1170 Noli
575 1144 662 1170 altum
688 1150 798 1177 sapere,
815 1147 843 1169 et
863 1150 898 1169 ne
920 1142 958 1169 sis
972 1142 1063 1177 justus

266 1189 384 1216 multum
399 1197 406 1221 ;
421 1193 449 1215 et
464 1195 499 1215 ne
513 1188 605 1223 sapias
629 1188 780 1222 superﬂua,
808 1194 843 1214 ne
873 1187 944 1213 forte
971 1186 1061 1213 decli-

267 1242 317 1262 nes
339 1235 373 1260 ".
394 1244 404 1259 ι
433 1234 492 1260 Et:
516 1243 525 1259 ι
542 1234 631 1260 Altam
658 1233 705 1268 qui
738 1233 804 1260 facit
831 1233 944 1260 domum
972 1239 1061 1264 suam,

268 1280 369 1316 quaerit
385 1280 581 1307 contritionem
598 1288 606 1311 ;
618 1279 666 1314 qui
680 1283 773 1305 autem
786 1277 880 1305 renuit
891 1277 1008 1309 discere,
1023 1277 1063 1303 in-

269 1327 342 1355 cidet
360 1327 388 1353 in
401 1326 472 1353 mala
481 1326 516 1351 ".
533 1335 542 1351 ι
567 1326 708 1352 Rursum:
730 1333 739 1350 ι
757 1323 920 1351 lmmundus
936 1328 979 1351 est
990 1323 1062 1357 apud

268 1373 417 1400 Dominum
432 1371 523 1398 omnis
533 1371 580 1405 qui
599 1371 654 1397 alto
677 1375 721 1397 est
735 1369 818 1397 corde
846 1370 878 1396 ".
897 1379 906 1395 ι
936 1369 1038 1396 lterum
1054 1377 1060 1394 :

272 1429 281 1446 ι
298 1419 337 1446 Ne
350 1418 489 1454 gloriosus
502 1424 637 1452 appareas
656 1424 750 1444 coram
778 1423 853 1450 rege,
880 1419 908 1442 et
937 1415 965 1442 in
997 1414 1064 1442 locis

269 1464 427 1499 principum
438 1471 473 1490 ne
485 1463 615 1495 steteris;
627 1463 727 1489 melius
734 1461 813 1489 'enim
827 1467 858 1488 ut
871 1461 980 1488 dicatur
996 1460 1062 1487 tibi:

269 1510 393 1537 Ascende
408 1509 441 1536 ad
458 1516 513 1540 me,
527 1516 609 1543 quam
626 1512 656 1535 ut
671 1508 801 1535 humiliet
817 1510 842 1534 te
857 1514 948 1533 coram
962 1506 1066 1541 princi-

269 1555 353 1591 pibus
365 1555 399 1582 “.
422 1564 431 1580 ι
448 1555 526 1582 Alius
540 1563 546 1581 :
569 1564 576 1580 ι
593 1554 630 1581 Ne
644 1553 803 1589 gloriemini
818 1558 846 1580 et
864 1561 897 1580 ne
913 1553 1064 1587 loquamini

270 1601 400 1628 sublimia
419 1601 452 1627 ad
470 1600 583 1632 fastum,
606 1607 697 1634 neque
717 1599 877 1634 egrediatur
894 1598 1010 1625 verbum
1024 1598 1061 1633 ja-

270 1647 381 1674 ctantia:
396 1647 430 1674 de
442 1655 491 1674 ore
507 1651 610 1674 vestro.
631 1656 640 1672 ι
660 1645 761 1673 Paulus
783 1652 894 1680 quoque
918 1644 1065 1670 Timotheo

271 1693 310 1718 ait
325 1701 331 1718 :
352 1701 360 1717 ‹
378 1691 500 1718 Dominis
515 1691 598 1726 hujus
618 1690 712 1717 saeculi
737 1690 854 1724 praecipe
871 1697 925 1716 non
948 1689 1066 1716 sublime

271 1745 380 1772 sapere,
398 1745 487 1771 neque
499 1745 610 1770 sperare
624 1737 650 1762 in
667 1737 773 1762 incerto
787 1735 958 1767 divitiarum,
976 1735 1022 1762 sed
1039 1735 1065 1761 in

271 1781 328 1808 Deo
340 1781 387 1815 qui
404 1785 516 1816 praestat
529 1781 555 1807 in
568 1781 650 1807 nobis
663 1780 755 1806 omnia
767 1779 877 1806 abunde
893 1780 926 1805 ".
948 1789 957 1804 ›
975 1779 1066 1807 Alibi:

275 1837 284 1852 ι
303 1826 426 1857 Fratres,
449 1833 504 1852 non
527 1825 582 1852 alta
605 1825 757 1858 sapientes,
772 1824 820 1850 sed
837 1823 988 1851 humilibus
999 1831 1067 1851 con-

272 1872 424 1899 sentientes
434 1871 468 1898 ".
487 1880 496 1896 ι
518 1871 651 1898 Romanis
666 1871 731 1897 item
749 1878 756 1896 :
774 1879 783 1895 ‹
800 1866 877 1896 Dicis
888 1877 955 1905 ergo
971 1870 1037 1898 mihi
1058 1879 1065 1898 :

272 1916 363 1945 Fracti
391 1920 456 1944 sunt
487 1916 556 1942 rami
577 1920 607 1942 ut
629 1923 682 1950 ego
711 1915 829 1942 inserar.
856 1915 930 1941 Bene
965 1924 972 1941 :
1005 1923 1067 1950 pro-

272 1968 334 1999 pter
347 1962 570 1990 incredulitatem
585 1961 664 1989 fracti
677 1966 761 1993 sunt,
776 1965 805 1988 tu
820 1966 912 1989 autem
930 1961 983 1989 ﬁde
999 1967 1067 1996 stas,

271 2008 329 2035 noli
345 2007 430 2035 altum
446 2015 554 2042 sapere,
574 2007 706 2051 sed.lime
721 2016 727 2039 ;
749 2007 771 2034 si
784 2007 856 2033 enim
870 2007 942 2034 Deus
955 2012 1068 2034 natura-

272 2053 347 2081 libus
356 2053 440 2080 ramis
448 2061 504 2080 non
514 2053 650 2088 pepercit,
660 2061 694 2079 ne
701 2052 771 2080 forte
780 2060 831 2080 nec
846 2053 893 2080 tibi
910 2057 1004 2088 parcat
1014 2054 1046 2080 ⁷⁷.
1054 2063 1064 2080 ι

272 2099 328 2126 Nos
344 2099 429 2134 igitur
446 2099 594 2126 sinceriter
612 2106 644 2125 ea
675 2099 732 2133 ipsa
762 2106 824 2133 quae
845 2106 928 2133 opere
952 2099 1068 2134 perfecit

273 2145 358 2172 David
374 2165 381 2176 ,
401 2145 500 2172 melico
514 2149 651 2171 concentu
675 2143 889 2171 emodulemur:
912 2153 922 2170 ι
941 2145 1067 2177 Domine,

1113 1004 1167 1030 Καὶ
1200 1007 1282 1032 πάλιν
1296 1014 1303 1021 ·
1331 1015 1341 1032 ‹
1366 1007 1535 1042 Ἀκάθαρτος
1549 1007 1624 1042 παρὰ
1638 1008 1740 1042 Κυρίου
1758 1008 1814 1037 πᾶς
1841 1008 1914 1042 ﬁdi;-

1113 1050 1266 1086 λοκάρδιος.
1285 1061 1294 1077 ι
1315 1053 1370 1078 Καὶ
1389 1051 1468 1085 αὖθις
1484 1061 1492 1068 ·
1517 1062 1527 1078 ‹
1541 1054 1587 1088 Μὴ
1605 1053 1770 1085 ἁλαζονεύου
1793 1054 1914 1080 ἐνώπιον

1114 1095 1259 1130 βασιλέως,
1286 1098 1334 1124 καὶ
1355 1099 1384 1124 ἐν
1413 1099 1508 1130 τόποις
1533 1098 1674 1126 δυναστῶν
1703 1099 1740 1134 μὴ
1767 1099 1914 1133 ὲφίστασο.

1113 1145 1248 1178 Κρεϊσσον
1264 1144 1318 1179 γάρ
1338 1152 1380 1170 σοι
1394 1144 1521 1179 ῥηθῆναι,
1539 1144 1669 1180 Ἀνάὸηθι
1684 1145 1753 1180 πρὸς
1769 1153 1815 1180 με,
1827 1145 1846 1180 ἦ
1865 1154 1914 1171 n-

1114 1189 1247 1215 πεινῶσαί
1263 1197 1291 1215 σε
1305 1189 1422 1215 ἐνώπιον
1438 1189 1587 1217 δυναστῶν.
1606 1198 1615 1214 ι
1633 1190 1687 1216 Καὶ
1711 1190 1792 1221 ἄλλος
1809 1197 1817 1202 “
1842 1199 1852 1215 σ
1871 1189 1915 1223 Mi;

1114 1235 1266 1271 καυχᾶσθε,
1285 1236 1331 1261 καὶ
1349 1235 1386 1270 μὴ
1396 1235 1502 1262 λαλεῖτε
1518 1235 1608 1271 ὑψηλὰ
1625 1237 1664 1268 εἰς
1679 1235 1830 1270 ὑπεροχὴν,
1846 1235 1916 1269 μηδὲ

1114 1281 1246 1315 ἐξελθέτω
1269 1281 1515 1316 μεγαλορημοσύνη
1534 1283 1565 1308 ὲκ
1579 1281 1626 1308 τοῦ
1643 1282 1778 1317 στόματος
1794 1282 1886 1316 ὑμῶν.
1904 1291 1912 1306 ι

1114 1327 1169 1353 Καὶ
1181 1327 1194 1353 ὀ
1212 1327 1319 1358 Παῦλος
1334 1327 1461 1362 Τιμοθέῳ
1481 1327 1563 1362 φησίν
1580 1336 1587 1343 ·
1613 1338 1621 1353 ι
1641 1328 1705 1358 Τοῖς
1722 1328 1868 1358 πλουσίοις
1888 1329 1915 1353 ἐν

1113 1372 1152 1407 τῷ
1162 1372 1209 1398 νῦν
1221 1372 1298 1399 αἰῶνι
1311 1373 1487 1408 παράγγελλε
1503 1374 1540 1409 μὴ
1556 1373 1763 1408 ὑψηλοφρονεῖν,
1778 1373 1852 1408 μηδὲ
1864 1373 1915 1407 ἡλ-

1116 1423 1226 1448 πικέναι
1241 1423 1287 1448 ἐπὶ
1302 1422 1418 1450 πλούτου
1435 1422 1592 1457 ἀδηλότητι,
1605 1422 1720 1449 ἀλλ’ὲπὶ
1734 1421 1774 1456 τῷ
1789 1422 1866 1456 Θεῷ.
1876 1422 1916 1456 τῷ

1116 1464 1265 1499 παρέχοντι
1300 1467 1390 1492 πάντα
1415 1466 1481 1500 ἡμῖν
1500 1466 1646 1496 πλουσίως.
1664 1475 1672 1490 ι
1698 1465 1754 1492 Καὶ
1769 1464 1892 1499 ἑτέρωθι
1908 1473 1915 1480 ·

1118 1520 1128 1536 ι
1151 1510 1284 1545 Ἀδελφοὶ,
1305 1512 1342 1546 μὴ
1359 1511 1393 1537 τὰ
1409 1511 1500 1547 ὑψηλὰ
1517 1511 1689 1546 φρονοῦντες,
1706 1510 1776 1537 ἀλλὰ
1788 1511 1850 1541 τοῖς
1871 1519 1917 1536 τα-

1116 1557 1221 1587 πεινοῖς
1236 1557 1463 1591 συνεπαγόμενοι.
1482 1566 1491 1583 ι
1512 1557 1568 1584 Καὶ
1592 1557 1742 1591 Ῥωμαίοις
1758 1564 1766 1571 ·
1790 1565 1802 1582 α
1826 1557 1917 1592 Ἐρεῖς

1118 1602 1165 1628 οὖν
1181 1610 1237 1636 μοι,
1259 1601 1477 1636 Ἐξεκλάσθησαν
1493 1602 1597 1635 κλάδοι,
1622 1602 1668 1628 ἵνα
1687 1601 1744 1636 ἐγὼ
1769 1603 1917 1637 ἐγκεντρί-

1118 1647 1184 1674 σοῶ.
1205 1647 1314 1680 Καλῶς,
1329 1649 1362 1683 τῇ
1381 1648 1498 1683 ἀπιστίᾳ
1517 1648 1721 1683 ἐξεκλάσθησαν
1738 1656 1745 1663 ·
1773 1650 1807 1674 σὺ
1832 1648 1862 1674 δὲ
1886 1650 1914 1682 τῇ

1116 1694 1206 1719 πίστει
1227 1694 1347 1727 ἕστηκας
1364 1701 1372 1708 °
1395 1693 1433 1728 μὴ
1452 1693 1655 1728 ὑψηλοφρόνει,
1679 1692 1749 1719 ἀλλὰ
1765 1692 1870 1726 φοϐοῦ.
1889 1694 1916 1719 [ἱ

1115 1736 1170 1771 γὰρ
1185 1737 1198 1762 ὸ
1214 1736 1281 1767 Θεὸς
1301 1735 1356 1762 τῶν
1377 1736 1448 1763 κατὰ
1473 1736 1554 1770 φύσιν
1577 1736 1682 1763 κλάδων
1700 1736 1752 1762 οὐκ
1771 1737 1915 1770 ἐφείσατο,

1117 1784 1154 1817 μή
1170 1790 1228 1812 πως
1241 1782 1302 1808 οὐδὲ
1324 1782 1370 1808 σοῦ
1399 1782 1534 1816 φείσεται.
1552 1791 1561 1808 ι
1592 1782 1688 1817 Ἡμεῖς
1707 1779 1754 1808 οὖν
1779 1782 1855 1816 μετὰ
1872 1782 1915 1808 τοῦ

1116 1826 1198 1853 Δαυῖδ
1223 1827 1442 1862 διαπράξωμεν,
1470 1827 1627 1862 εἰλικρινῶς
1654 1827 1723 1862 μετὰ
1754 1827 1805 1853 τοῦ
1835 1826 1915 1853 Annis

1116 1871 1264 1906 ψάλλωμεν
1279 1880 1286 1888 ·
1305 1881 1314 1897 ι
1330 1872 1428 1907 Κύριε,
1447 1872 1497 1907 οὐχ
1512 1872 1607 1907 ὑψώθη
1627 1872 1756 1908 ἡκαρδια
1775 1881 1843 1907 μου,
1858 1871 1915 1898 of;th

1117 1917 1272 1953 ὲπορεὺοην
1298 1918 1327 1944 ὲν
1355 1918 1495 1953 μεγάλοις,
1523 1918 1585 1944 οὐδὲ
1608 1919 1637 1944 ὲν
1657 1918 1826 1952 θλυμασίοις
1847 1918 1915 1951 ὑπὲρ

1117 1961 1167 1997 ἐμέ
1183 1970 1189 1976 ·
1206 1961 1264 1988 ἁλλ’
1279 1962 1523 1998 ἑταπεινοφρόνουν
1539 1961 1577 1993 ὡς
1592 1962 1623 1988 τὸ
1637 1962 1915 1996 ἁπογεγαλακτισμέ-

1118 2016 1164 2034 νον
1181 2008 1228 2034 ἐπὶ
1246 2007 1296 2042 τὴν
1320 2009 1427 2043 μητέρα
1449 2008 1542 2036 αὑτοῦ.
1564 2017 1574 2034 ι
1606 2007 1743 2039 Ὡσαύτως
1767 2009 1816 2035 καὶ
1848 2008 1916 2043 μετὰ.

1119 2053 1174 2080 τῶν
1186 2053 1270 2088 τριῶν
1282 2053 1386 2080 παίδοιν
1400 2062 1407 2068 ·
1429 2063 1439 2080 ‹
1454 2054 1526 2087 Ὅτι,
1538 2054 1671 2085 Δέσποτα,
1685 2053 1916 2089 ὲσμικρύνθημεν

1120 2099 1196 2134 παρὰ
1208 2099 1297 2126 πάντα
1311 2099 1346 2125 τὰ
1356 2099 1432 2134 ἔθνη,
1447 2100 1494 2126 καὶ
1510 2099 1594 2134 ἐσμὲν
1608 2100 1732 2125 ταπεινοὶ
1743 2100 1775 2126 ὲν
1788 2102 1869 2136 πασῃ
1886 2101 1916 2134 τῇ

1120 2147 1155 2179 γῇ
1171 2145 1304 2180 σήμερον,
1316 2144 1359 2171 διὰ
1368 2145 1416 2176 τὰς
1430 2145 1568 2180 ἁμαρτίας
1578 2145 1667 2180 ἡμῶν,
1687 2155 1697 2171 ι

274 2200 330 2219 non
348 2196 389 2218 est
400 2192 552 2218 exaltatum
565 2199 613 2218 cor
626 2199 730 2223 meum,
743 2199 833 2226 neque
845 2191 910 2218 elati
922 2192 1069 2219 suntoculi
1087 2192 1141 2219 mei
1158 2201 1166 2226 ;
1184 2200 1275 2227 neque
1288 2192 1426 2220 ambulavi
1455 2193 1482 2220 in
1496 2195 1612 2229 magnis,
1630 2201 1720 2228 neque
1737 2194 1767 2221 in
1800 2194 1917 2222 mirabi-

272 2239 346 2266 libus
358 2246 443 2273 super
454 2245 508 2269 me,
521 2237 569 2264 sed
583 2237 730 2264 humiliter
758 2237 924 2269 sentiebam,
956 2238 1026 2265 sicut
1037 2238 1191 2266 ablactatus
1207 2246 1291 2273 super
1303 2242 1418 2265 matrem
1434 2247 1512 2266 suam
1523 2239 1558 2266 ".
1573 2250 1582 2266 ι
1594 2239 1774 2267 Consimilem
1791 2240 1822 2267 in
1858 2248 1919 2267 mo-

273 2286 338 2313 dum
379 2293 443 2312 cum
471 2285 561 2312 tribus
587 2285 642 2312 illis
671 2284 786 2320 pueris:
817 2294 825 2309 ι
862 2284 950 2317 Quia,
973 2284 1098 2316 Domine.
1121 2285 1260 2312 imminuti
1283 2292 1380 2311 sumus
1409 2293 1493 2320 super
1515 2293 1613 2313 omnes
1639 2289 1746 2321 gentes,
1768 2291 1797 2314 et
1821 2295 1919 2314 sumus

272 2332 391 2360 humiles
406 2331 488 2358 hodie
501 2335 614 2366 propter
630 2336 741 2366 peccata
753 2336 845 2359 nostra
860 2331 893 2357 ".
911 2340 920 2356 ι

311 2377 415 2411 1101
433 2386 441 2401 ι
457 2376 525 2409 Quis
536 2377 611 2403 enim
637 2377 801 2411 gloriabitur
828 2377 961 2404 mundum
976 2385 1005 2404 se
1023 2377 1067 2403 ha-
1085 2378 1105 2404 D

273 2422 340 2449 bere
363 2421 502 2448 cor?.»\ut
528 2421 592 2456 quis
619 2422 798 2455 prolilebitur
828 2429 926 2457 purum
951 2430 980 2449 se
1010 2429 1069 2449 esse

273 2475 288 2494 ει
306 2465 426 2501 peccatis
438 2464 479 2491 3"?
493 2465 520 2492 Si
535 2466 608 2492 enim
629 2465 788 2500 iniquitates
802 2466 1001 2497 observaveris,
1018 2465 1070 2492 D0-

275 2512 360 2541 mine.
376 2511 501 2542 Domine,
519 2511 582 2545 quis
602 2511 752 2538 sustinebit
766 2512 777 2537 ?
791 2512 856 2545 quia
874 2510 945 2545 apud
969 2515 993 2537 tc
1006 2518 1070 2544 pro-

274 2557 381 2593 pitiatio
393 2560 434 2583 est
448 2557 481 2582 '“.
497 2566 504 2581 I
526 2556 561 2584 Ut
577 2557 648 2584 hanc
665 2557 744 2592 plane
757 2557 881 2584 melicam
897 2556 1067 2583 harmoniam

273 2604 429 2631 rccincntes
452 2603 534 2630 corde
557 2603 677 2635 sincero,
700 2603 733 2630 ab
754 2604 814 2638 ipso
835 2604 952 2630 Domino
973 2602 1068 2629 audire

274 2656 481 2686 promercamur
500 2658 506 2674 ε
528 2658 536 2673 ι
551 2649 602 2682 Qui
622 2657 652 2676 se
670 2649 806 2681 humiliat,
820 2649 984 2677 exaltabitur
996 2649 1037 2674 δῖε
1056 2657 1065 2673 ι

273 2700 299 2722 el
318 2695 364 2730 qui
381 2694 414 2722 de
426 2702 455 2722 se
469 2702 552 2728 quam
564 2703 613 2729 par
628 2696 673 2727 sit,
693 2695 841 2722 sublimius
866 2694 971 2729 aliquid
1000 2700 1063 2720 sen-

274 2741 358 2770 tiunt.
368 2744 561 2774 coarguentur.
572 2739 606 2767 Ut
617 2745 643 2766 et
656 2741 785 2768 Pharisaei
800 2741 834 2767 ab
847 2741 906 2776 ipso
921 2740 1062 2767 Salvatore

274 2789 380 2817 nostro,
397 2785 443 2820 qui
460 2789 487 2813 et
505 2785 558 2812 illis
572 2785 659 2813 dixit:
676 2798 684 2812 ι
702 2787 756 2814 Vos
768 2787 834 2814 estis
848 2786 894 2820 qui
906 2785 1062 2821 justiiicatis

327 2845 347 2860 ⁷¹
363 2844 451 2871 Ecelc.
467 2851 513 2875 \‘ll,
532 2845 573 2871 l7.

275 2887 322 2910 an,
338 2879 378 2905 l6.
417 2880 438 2894 ⁷⁷
455 2879 530 2906 llum.
550 2887 585 2911 χι,
602 2881 631 2906 l9
646 2882 689 2907 :ZI.

730 2881 750 2896 ⁷¹
765 2881 834 2907 l'sal.
851 2888 929 2910 (xxx,
947 2880 970 2910 l.

274 2915 297 2930 “
311 2914 375 2941 Luc.
392 2922 445 2947 χιι,
461 2911 501 2941 ll.

614 2845 633 2860 "
649 2845 728 2872 Prov.
749 2853 813 2875 xvn,
826 2845 867 2871 l6.
905 2844 927 2860 ⁷³
943 2844 1021 2871 Prov.
1039 2853 1092 2872 xw.
1107 2845 1133 2870 5.

1053 2880 1075 2894 7’
1091 2879 1156 2906 Dan.
1175 2887 1212 2912 Ill,
1231 2880 1276 2907 37.

1160 2384 1169 2400 ι
1193 2375 1242 2406 Τίς
1264 2375 1318 2408 γὰρ
1345 2375 1514 2409 καυχήσεται
1529 2375 1616 2410 ἁγνὴν
1627 2375 1698 2409 ἔχειν
1712 2377 1762 2410 τὴν
1780 2379 1918 2412 καρδέαν,

1121 2421 1155 2447 Ἥ
1173 2421 1215 2452 τίς
1227 2421 1448 2455 παῤῥησιάσεται
1458 2421 1577 2455 καθαρὸς
1587 2420 1658 2448 εἶναι
1674 2421 1729 2448 ἀπὸ
1743 2422 1896 2458 ἁμαρτιῶν
1911 2434 1918 2456 ;

1134 2465 1187 2492 Εάν
1205 2466 1259 2499 γὰρ
1274 2466 1390 2500 ἀνομίας
1413 2467 1623 2502 παρατηρὴσῃς,
1643 2467 1739 2502 Κύριε,
1755 2468 1861 2504 Κύριε,
1878 2471 1920 2501 τίς

1118 2512 1302 2546 ὑποστήσεται
1322 2512 1363 2538 σοί
1379 2521 1387 2544 ;
1402 2513 1443 2539 ὅτι
1467 2513 1543 2547 παρὰ
1565 2513 1607 2538 σοι
1627 2513 1640 2538 ὁ
1661 2512 1778 2547 ἱλασμός
1800 2516 1892 2543 ἐστιν.
1908 2528 1916 2539 ι

1118 2557 1226 2592 Ταύτην
1244 2555 1290 2583 οὖν
1314 2559 1343 2584 ὲν
1366 2557 1508 2593 εἰλικρινεῖ
1526 2557 1625 2593 καρδίᾳ
1645 2558 1859 2592 ἀναμέλποντες
1880 2561 1919 2596 τῷ

1117 2603 1176 2638 Θεῷ
1190 2604 1238 2638 τὴν
1253 2603 1335 2638 ᾠδὴν,
1355 2603 1501 2636 ἀκούωμεν
1522 2603 1588 2638 παρ’
1605 2602 1698 2634 αὐτοῦ,
1721 2603 1764 2629 ὅτι
1790 2613 1800 2629 ι
1825 2604 1855 2632 '0
1872 2614 1919 2632 τι-

1117 2647 1218 2674 πεινῶν
1229 2648 1336 2680 ἑαυτὸν,
1349 2647 1533 2682 ὑψωθήσεται,
1545 2657 1554 2673 ι
1569 2648 1594 2674 οἱ
1606 2647 1633 2673 δὲ
1647 2647 1918 2684 ὐιζμηλοφρονοῠντες,

1118 2694 1343 2730 ἐλεγχθήσονται.
1369 2694 1412 2725 Ὠς
1427 2695 1450 2720 οἱ
1465 2695 1606 2728 Φαρισαῖοι
1619 2694 1694 2729 παρὰ
1708 2694 1756 2720 τοῦ
1774 2696 1918 2732 Σωτῆρος,

1117 2739 1241 2774 λέγοντος
1258 2740 1326 2775 πρὸς
1337 2740 1435 2771 αὐτούς
1448 2749 1455 2755 ·
1470 2749 1479 2764 σ
1508 2740 1600 2775 Ὑμεῖς
1628 2741 1687 2767 ἐστε
1703 2742 1728 2767 οἱ
1742 2741 1919 2774 δικαιοῦντες

1116 2786 1229 2816 ἑαυτοὺς
1243 2785 1358 2812 ἐνώπιον
1373 2786 1427 2811 τῶν
1443 2785 1607 2820 ἀνθρώπων.
1624 2795 1633 2811 ι
1660 2787 1690 2812 ’0
1706 2786 1735 2813 δὲ
1749 2787 1821 2820 Θεὸς
1838 2788 1918 2822 de.»

1172 2844 1194 2860 τ’
1211 2844 1291 2871 Prov.
1309 2852 1369 2876 xxv,
1388 2844 1415 2872 6.
1433 2844 1459 2870 7.
1498 2844 1521 2859 ⁷⁸
1537 2844 1546 2870 l
1566 2843 1637 2870 Tim.
1654 2851 1691 2873 v1,
1710 2844 1755 2871 l7.
1798 2846 1824 2861 "
1839 2846 1917 2873 Rom.

1315 2879 1337 2894 ”
1351 2879 1430 2905 Prov.
1451 2887 1494 2910 xx,
1514 2879 1540 2905 9.
1578 2880 1598 2894 ⁸⁸
1617 2879 1689 2905 l'sal.
1708 2887 1803 2913 cum,
1825 2882 1858 2913 5,
1873 2883 1897 2908 δ.
