1986 3236
83 245 152 279 1601

391 298 500 324 ΛΟΓΟΣ
521 296 584 325 ΝΕ.

299 355 369 388 Περὶ
390 354 444 381 τοῦ
454 354 497 389 μὴ
517 353 651 388 φθονεῖν.

121 415 176 442 Καὶ
193 415 208 440 6
229 412 327 446 φθόνος
347 411 432 437 δεινὸν
448 410 547 441 πάθος,
574 408 620 436 καὶ
645 408 808 440 διαϐολικδν,
833 407 880 434 καὶ

84 460 216 486 δυσίατον
227 466 233 473 ·
253 457 281 489 ἐξ
298 456 383 482 αὐτοῦ
400 455 453 490 γὰρ
473 454 628 489 ἀρξάμενον
645 453 745 483 εὐθέως
762 452 881 486 μετεπή-

85 505 170 541 δησεν
187 505 227 534 είς
247 503 292 530 τὸν
318 500 514 535 ἀδελφοκτόνον
538 499 618 525 Κὰῖν.
635 499 690 524 Καὶ
705 497 824 532 καθεξῆς
840 497 880 528 είς

85 552 153 581 τοὺς
175 549 375 585 κυριοκτόνους
408 545 553 577 Ἰουδαίους
582 544 764 578 κατήντησεν.
791 542 883 568 Δεινὸν

85 595 147 628 οὖν,
162 596 199 627 ὡς
221 595 338 628 ἔφαμεν,
353 593 402 618 καὶ
419 591 538 626 πονηρὸν
554 591 567 617 ὁ
583 589 691 624 φθόνος.
712 589 740 615 '0
758 588 806 624 μὲν
828 587 883 622 γὰρ

88 641 197 676 φθονῶν
214 640 327 674 ἄχθεται
351 638 399 664 καὶ
424 637 549 672 τήκεται.
573 636 628 662 Καὶ
658 635 753 670 ὥσπερ
775 633 884 668 σκώληξ

88 690 120 714 ὲν
136 687 207 721 ξύλῳ
223 685 271 712 καὶ
288 684 338 719 σὴς
354 686 382 710 ὲν
408 682 520 718 ίματῖῳ,
537 681 624 713 οὕτως
640 681 691 716 τὴν
708 680 824 716 καρδίαν
836 679 884 706 καὶ

87 733 122 760 τὸ
146 732 293 767 πρόσωπον
319 728 479 763 ὲξαφανίζει
514 727 562 754 τοῦ
587 726 754 761 ἐμπεσόντος
778 726 817 756 είς
835 725 885 756 τὰς

89 780 188 814 χεῖρας
211 776 296 803 αὐτοῦ
319 777 333 802 ὸ
360 775 467 810 φθόνος.
491 773 520 799 '0
537 773 565 798 δὲ
581 771 769 806 φθονούμενος
787 770 834 796 ἐπὶ
851 768 885 794 τὰ

91 825 188 860 πρόσω
203 822 366 858 προκόπτει,
375 820 428 846 ὑπὸ
442 820 547 854 Κυρίου
558 818 776 852 σκεπαζὸμενος’
790 815 885 849 ὥσπερ

92 873 142 897 καὶ
157 871 171 897 ὁ
193 871 312 904 Ἰωσήφ·
332 868 395 894 ὅσον
418 866 473 901 γὰρ
499 865 629 900 ἐφθόνουν
644 863 718 898 αὐτῷ
735 863 759 889 οί
777 861 886 894 ἀδελφοὶ

94 917 192 948 αὑτοῦ,
208 915 336 942 τοσοῦτον
350 914 364 939 6
382 912 450 944 Θεὸς
465 911 574 946 ὕψωσεν
597 911 688 942 αὑτὸν,
705 910 758 940 ἕως
778 906 808 936 οὗ
834 909 888 934 εισ-

636 242 800 272 ῐῖυλιιιιιλ
823 242 879 271 LV.
897 253 927 259 --
947 242 994 271 DE
1016 241 1174 271 INVIDIA.

897 299 915 324 Α

1654 236 1721 268 1602

1176 293 1179 303 '
1213 302 1349 330 uouiLiA
1367 302 1421 328 LV.

1137 360 1176 387 Ne
1186 361 1302 394 cuipiam
1321 359 1457 386 invideris.

967 415 1025 442 Jam
1040 415 1143 443 invidia
1166 423 1246 450 quam
1271 416 1422 442 vehemens
1436 414 1472 441 sit
1500 414 1585 440 animi
1599 414 1724 445 an‘ectio,

932 459 1026 486 verius
1042 460 1178 487 diabolica
1203 459 1390 493 intemperies,
1408 459 1508 492 vixque
1532 459 1606 485 illam
1625 459 1726 486 admit—

934 509 996 531 tens
1011 505 1146 532 medelam
1167 525 1174 537 ,
1189 505 1252 539 quis
1276 505 1378 532 referat
1395 504 1406 531 ?
1424 504 1465 531 Ab
1483 512 1543 539 ipso
1564 505 1638 532 enim
1666 504 1727 531 dia-

935 551 998 578 bolo
1013 551 1124 578 vixdum
1141 556 1261 578 traxerat
1280 551 1427 586 originem,
1444 556 1472 578 et
1485 559 1551 578 ecce
1574 559 1589 578 c
1612 551 1727 586 vestigio

935 596 963 623 in
974 596 1149 623 fratricidam
1159 596 1441 629 Cainum'trausilivit,
1452 601 1535 632 atque
1547 597 1644 625 ordine
1652 597 1730 624 dein-

934 650 1000 676 ceps
1023 650 1110 676 prono
1138 650 1221 669 cursu
1249 642 1277 669 in
1306 642 1490 671 dominicidas
1515 642 1625 670 Iudaeos
1643 642 1729 669 devo-

925 688 995 716 .luta
1011 692 1065 716 est.
1080 689 1164 716 Plane
1180 688 1283 715 invidia
1292 689 1440 716 vehemens
1449 694 1531 723 atque
1541 694 1620 715 atrox
1628 688 1730 715 malum

936 741 968 760 ac
979 733 1068 760 modis
1097 733 1225 760 oumibus
1239 733 1351 760 crudele
1379 738 1431 760 est.
1444 734 1495 766 Qui
1511 733 1585 760 enim
1610 733 1729 767 cuipiam

937 779 1053 812 invidet,
1082 779 1167 806 animi
1200 787 1302 814 angore
1342 779 1536 812 discruciatur,
1561 779 1732 806 contabescit

937 824 1050 857 misere,
1071 825 1212 859 eliquatur
1228 830 1312 852 totus.
1324 824 1429 852 Invidia
1444 825 1519 852 enim
1533 825 1611 860 quasi
1630 825 1733 852 vermis

938 872 967 899 in
981 870 1066 906 ligno,
1091 875 1119 898 et
1135 871 1163 897 in
1179 870 1345 897 vestimento
1372 870 1456 902 tinea.
1481 871 1518 898 ita
1534 878 1582 898 cor
1611 870 1733 904 denique

941 917 1049 952 1114.
1069 916 1211 944 etfaciem
1233 917 1292 951 ejus
1313 916 1426 943 conficit
1442 924 1474 944 ac
1497 922 1618 944 macerat
1641 916 1733 944 hebeti

94 964 202 998 ήγαγεν
220 962 301 989 αὑτὸν
329 960 369 990 είς
388 959 438 993 τὴν
466 957 616 993 βασιλείαν.
640 956 777 986 Ὡσαύτως
799 955 848 982 καὶ
874 956 889 981 ὁ

952 964 1043 990 iallore
1053 984 1060 995 ,
1073 963 1120 998 qui
1137 963 1222 989 semel
1237 963 1263 989 in
1283 962 1370 996 ipsius
1385 970 1482 989 manus
1497 961 1605 990 incidit.
1619 963 1733 995 Contra,

96 1009 196 1040 Σαοὺλ,
215 1008 261 1034 διὰ
282 1007 379 1041 φθόνον
395 1006 508 1032 ἐδίωκεν
521 1004 567 1030 τὸν
582 1003 676 1034 Δαυῖδ,
693 1002 766 1029 καθὰ
785 1002 889 1036 γέγρα-

96 1063 178 1084 πται,
196 1064 205 1079 ι
224 1053 351 1088 Ἐξῆλθον
369 1053 396 1079 αἱ
413 1053 576 1087 χορεύουσαι
591 1051 638 1076 καὶ
652 1050 755 1083 ἔλεγον,
773 1048 892 1074 Ἐπάτα-

98 1101 146 1133 ξεν
162 1098 249 1126 Σαοὺλ
262 1099 292 1124 ὲν
315 1097 436 1132 χιλιάσιν
450 1096 545 1125 αὑτοῦ,
563 1095 610 1121 καὶ
624 1093 705 1120 Δαυῖδ
721 1094 750 1119 ὲν
763 1092 892 1127 μυριάσιν

98 1146 195 1173 αὑτοῦ.
210 1155 219 1170 ι
236 1140 412 1179 Παραχρῆμα
426 1142 482 1177 γὰρ
504 1140 656 1177 ὲρῤίζωσεν
672 1140 686 1166 ὁ
701 1139 798 1174 φθόνος
813 1139 842 1164 ὲν
858 1138 894 1174 τῇ

101 1192 204 1228 καρδίᾳ
224 1188 328 1218 Σαούλ’
345 1190 394 1216 καὶ
409 1187 486 1215 εἶπεν
509 1188 547 1222 τῷ
569 1186 662 1217 Δαυῒὸ,
682 1186 752 1214 ιΣοὶ
773 1185 894 1211 δέδωκα-ι
923 1194 927 1198 ι

100 1237 152 1270 τὰς
179 1236 324 1272 μυριάδας.
360 1235 445 1270 κᾲμοὶ
474 1233 524 1264 τὰς
547 1232 682 1267 χιλιάδας.
697 1231 782 1257 ι.1(αὶ
810 1230 824 1256 ὁ
847 1230 895 1264 μὲν

101 1282 178 1314 οἶκος
198 1282 245 1308 τοῦ
270 1279 403 1316 φθονεροῦ
419 1279 516 1311 Σαοὺλ,
542 1277 690 1313 ἐπορεύετο
711 1275 758 1302 καὶ
781 1275 896 1309 ἠλαττο-

103 1327 198 1354 νοῦτογ
212 1328 226 1353 ὁ
242 1326 271 1352 δὲ
292 1323 367 1355 οἶκος
391 1323 444 1350 τοῦ
460 1322 644 1358 φθονουμένου
661 1319 752 1353 Δαυῒὸ,
767 1319 895 1354 ηὖξανεν,

104 1373 154 1400 ’καὶ
177 1371 375 1407 ἐκραταιοῦτο·
396 1369 445 1396 καὶ
469 1368 552 1399 αὐτδς
579 1366 725 1402 ἐμελῴδει·
759 1375 768 1391 ι
785 1365 897 1391 Ἔθεντο

104 1419 166 1446 κατ’
181 1417 248 1453 ἐμοῦ
273 1416 346 1442 κακὰ
369 1415 431 1442 ἀντὶ
451 1414 570 1448 ἀγαθῶν,
593 1412 639 1439 καὶ
665 1413 742 1447 μῖσος
767 1411 829 1438 ἀντὶ
848 1411 898 1445 τῆς

104 1463 273 1499 ἀγαπήσεως
286 1471 349 1498 μου.
360 1471 370 1487 ι
385 1462 440 1488 Καὶ
458 1460 552 1492 πάλιν,
573 1469 582 1485 ί
594 1459 803 1493 Καταράσοντᾳι
822 1457 900 1484 αὐτοὶ

106 1512 156 1538 καὶ
168 1512 200 1537 σὺ
214 1511 387 1544 εὐλογήσεις·
408 1507 463 1542 ὲγὼ
490 1507 518 1533 δὲ
531 1507 561 1533 οὐ
585 1505 770 1545 προετιθέμην
785 1504 840 1539 πρὸ
851 1505 900 1539 οφ-

108 1556 220 1591 θαλμῶν
239 1564 288 1590 μου
307 1554 379 1589 πρᾶγ
388 1561 427 1588 μα.
450 1552 620 1587 παράνομον.
635 1560 644 1576 ι
662 1551 716 1577 Καὶ
731 1551 745 1576 ὁ
756 1550 901 1585 προφήτης

114 1602 250 1629 Ἀὅὸακου
256 1610 284 1636 μ,
292 1610 301 1626 ‹
316 1599 445 1634 Καθαρδς
453 1598 593 1634 ὀφθαλμὸς
604 1597 652 1624 τοῦ
661 1597 698 1632 μὴ
706 1594 772 1632 ὃρᾷν
783 1595 900 1631 πονηρὰ,

942 1009 964 1036 is
981 1009 1024 1036 cui
1037 1009 1186 1040 invidetur,
1201 1009 1228 1034 in
1246 1008 1390 1036 hominum
1409 1012 1557 1043 prospectu
1577 1009 1657 1035 miris
1673 1016 1733 1035 mo-

941 1054 984 1081 dis
1010 1059 1190 1089 promovetur
1217 1060 1249 1080 ac
1266 1052 1388 1088 proﬁcit,
1411 1061 1426 1080 a
1446 1052 1563 1079 Domino
1580 1058 1732 1088 protectus.

942 1101 1078 1134 Exemplo
1091 1105 1133 1127 est
1153 1100 1251 1127 beatus
1270 1099 1316 1126 ille
1347 1098 1460 1134 Ioseph.
1491 1099 1550 1132 Quo
1565 1099 1638 1126 enim
1661 1100 1736 1126 faces

943 1146 1073 1173 fraternae
1095 1145 1207 1172 invidiae
1225 1145 1253 1172 in
1267 1145 1343 1172 illum
1372 1150 1533 1172 exarserant
1553 1145 1656 1176 acrius,
1683 1145 1736 1173 hoc

944 1190 990 1217 ille
1008 1190 1155 1217 sublimius
1166 1198 1182 1217 a
1195 1190 1252 1216 Deo
1274 1190 1481 1224 provehebatur
1493 1210 1500 1221 ,
1516 1197 1661 1225 quousque
1676 1195 1736 1217 tan-

944 1236 1008 1264 dem
1025 1236 1058 1263 ad
1080 1236 1157 1271 regni
1184 1236 1371 1271 gubernacula
1402 1239 1556 1270 promotus,
1572 1240 1624 1263 est.
1648 1236 1693 1263 Sic
1709 1241 1737 1264 et

946 1283 1009 1311 Saul
1038 1288 1125 1310 oestro
1158 1281 1354 1310 exstimulatus
1391 1280 1513 1313 invidiae,
1545 1281 1736 1309 admirabilem

946 1330 1024 1357 illum
1056 1328 1142 1356 David
1170 1327 1389 1362 persequebatur
1401 1347 1409 1359 ,
1427 1327 1500 1354 sicut
1525 1327 1657 1362 scriptum
1671 1332 1713 1354 est
1729 1337 1736 1354 :

951 1385 961 1402 ‹
972 1375 1106 1402 Exierunt
1116 1379 1197 1409 alque
1207 1381 1269 1400 cum
1283 1373 1406 1407 tripudio
1415 1373 1534 1408 agebant
1543 1373 1738 1408 triumphalem

948 1420 1077 1448 choream
1114 1419 1223 1454 puellm,
1241 1426 1274 1445 ac
1297 1418 1430 1446 dicebant
1445 1419 1605 1446 :I’ercussit
1628 1419 1693 1446 Saul
1713 1420 1740 1446 in

949 1465 1072 1493 millibus
1081 1465 1140 1492 suis
1151 1469 1179 1492 et
1189 1464 1275 1491 David
1287 1464 1313 1490 in
1321 1464 1417 1491 decem
1439 1464 1562 1492 millibus
1569 1465 1627 1492 suis
1637 1465 1667 1491 ‘9.
1678 1475 1686 1490 I
1696 1465 1740 1491 Di-

949 1519 994 1539 cto
1003 1511 1081 1538 ocius
1089 1518 1188 1546 parens
1197 1510 1241 1537 ille
1250 1509 1360 1537 invidiae
1368 1509 1456 1537 omnis
1467 1509 1494 1537 in
1502 1509 1591 1538 Saulis
1599 1510 1682 1537 corde
1691 1509 1743 1536 sibi

950 1558 1126 1594 delcgitvitm
1135 1557 1405 1592 domicilium,eique
1417 1557 1650 1588 insusurravit.ut
1666 1558 1742 1584 dice-

952 1607 994 1632 ret
1013 1613 1042 1631 τι
1061 1603 1146 1630 David
1171 1603 1310 1630 dederunt
1328 1603 1423 1630 decem
1448 1603 1544 1633 millia.
1566 1603 1634 1630 mihi
1652 1608 1743 1630 autem

108 1648 158 1676 καὶ
173 1647 334 1674 ἐπιϐλέπειν
345 1647 392 1673 ἐπὶ
407 1646 506 1676 πόνους
521 1645 628 1679 ὀδύνης.
640 1654 648 1670 ι
661 1644 690 1671 '0
703 1644 731 1671 δὲ
743 1643 897 1675 Ἀπόστολος

954 1651 1028 1678 mille
1037 1651 1060 1666 ὀ
1070 1651 1097 1676 ⁸2(
1110 1649 1262 1684 thuidem
1274 1648 1372 1675 domus
1379 1648 1475 1680 David,
1485 1649 1529 1676 cui
1539 1649 1579 1676 sie
1587 1649 1743 1681 videbatur,

110 1693 279 1730 στηλιτεὺων
299 1694 362 1724 τοὺς
381 1693 411 1719 ὲν
428 1692 517 1727 φθόνῳ
540 1691 728 1723 διδασκάλους,
746 1691 846 1725 γράφει
859 1690 902 1716 (bt-

109 1740 283 1775 λιππησίοις,
299 1748 308 1764 ι
319 1739 401 1770 ,Τινὲς
417 1737 466 1773 μὲν
481 1737 525 1763 διὰ
541 1736 638 1771 φθόνον
654 1736 701 1763 καὶ
715 1735 783 1770 ἔριν,
800 1736 830 1768 ἐξ
848 1736 903 1770 ἐρι-

111 1787 187 1818 θείας
210 1786 256 1813 τδν
275 1785 392 1820 Χριστὸν
409 1783 652 1818 καταγγέλλουσιν,
670 1783 789 1817 οἰόμενοι
811 1781 901 1815 θλίψιν

111 1833 232 1869 ἐγείρειν
249 1834 304 1863 τοῖς
319 1831 430 1866 δεσμοῖς
446 1836 509 1865 μου.
522 1839 532 1856 ι
553 1829 609 1856 Καὶ
633 1828 774 1864 παραινῶν
794 1827 902 1859 αὐτοὺς,

112 1880 222 1913 ἐπάγει,
239 1888 248 1904 ι
262 1877 372 1904 Γίνεσθε
383 1875 429 1903 οὖν
443 1877 482 1907 εἰς
493 1875 625 1910 ἀλλήλους
635 1875 758 1910 χρηστοὶ,
771 1873 904 1908 εὔσπλαγ-

112 1935 183 1962 χνοι,
196 1923 373 1959 χαριζόμενοι
392 1922 511 1952 ἑαυτοῖς,
537 1922 584 1947 καὶ
600 1921 625 1946 ὁ.
637 1920 739 1956 Κύριος
758 1920 904 1954 ἐχαρίσατο

113 1972 190 2007 ὑμῖν.
205 1968 316 1995 Γίνεσθε
327 1965 374 1993 οὖν
390 1967 510 2001 μιμηταὶ
526 1963 572 1991 τοῦ
583 1965 663 1997 Θεοῦ,
683 1965 719 1995 ὡς
737 1963 820 1990 τέκνα
837 1964 906 1996 ἀγα-

113 2016 199 2051 πητὰ,
230 2014 277 2040 καὶ
298 2013 478 2048 περιπατεῖτε
506 2011 535 2036 ἐν
561 2010 665 2044 ἀγάπῃ.
683 2018 692 2034 ι
720 2009 818 2043 Ψυχῆς
849 2007 904 2043 γὰρ

112 2061 241 2096 καθαρᾶς
261 2060 336 2090 ἴδιον,
350 2058 430 2092 λόγος
449 2057 499 2092 μὲν
513 2056 640 2091 ἄφθονος.
652 2055 735 2090 Ζῆλος
748 2055 777 2081 δὲ
787 2054 903 2086 ἄκακος,

113 2109 185 2144 ἔρως
198 2107 226 2134 δὲ
236 2106 375 2135 ἄπαυστος
385 2103 431 2130 τοῦ
444 2102 546 2139 Κυρίου
558 2101 607 2136 τῆς
617 2100 766 2136 δόξης.οὺκ
774 2100 848 2127 ἔστιν
858 2097 904 2126 οὖν

115 2153 247 2189 ἁρμόδιον
269 2151 327 2181 τοῖς
348 2149 395 2176 τοῦ
420 2149 525 2182 Κυρίου
540 2147 682 2183 φοιτηταῖς
694 2146 783 2181 φθόνῳ
800 2147 906 2182 κρατεῖ-

114 2202 188 2232 σθαι,
202 2198 219 2234 ἢ
231 2195 417 2233 θορυόεῖσθαι,
429 2195 494 2221 ὃταν
507 2193 624 2229 μάλιστα
636 2193 819 2227 θεωρήσωμεν
829 2191 906 2218 ἁδελ-

115 2244 183 2279 φούς
201 2251 278 2273 τινας
294 2241 462 2276 ἐλαχίστους,
473 2240 489 2274 ἢ
499 2239 635 2269 ἀνειδέους
646 2238 692 2266 ἐπὶ
707 2238 792 2273 ἀρχὴν
808 2237 906 2273 προκό-

114 2291 230 2325 ψαντας.
250 2287 424 2322 ’Δκοὺσωμεν
436 2285 491 2320 γὰρ
502 2284 549 2311 τοῦ
564 2284 668 2319 Κυρίου
684 2283 821 2317 λέγοντος,
838 2282 906 2314 (Δὸς

953 1696 1116 1732 quotidiana
1140 1695 1300 1723 accessione
1322 1694 1464 1723 crescebat
1474 1699 1503 1723 et
1526 1694 1744 1725 confortabatur,

953 1743 1011 1778 ipse
1021 1751 1070 1778 per
1078 1743 1136 1770 haec
1146 1743 1180 1770 ad
1194 1743 1280 1779 lyram
1293 1743 1434 1771 mellicum
1447 1741 1607 1769 cantillabat
1615 1748 1744 1768 carmen:

957 1789 1283 1817 «Posueruntadversum
1294 1797 1338 1816 me
1351 1789 1423 1816 mala
1445 1795 1496 1822 pro
1509 1786 1636 1819 bonis,ct
1651 1786 1747 1813 odium

954 1844 1004 1871 pro
1021 1836 1168 1863 dilectione
1177 1843 1238 1862 mea
1247 1836 1280 1861 “.
1293 1845 1302 1860 ι
1315 1835 1416 1862 lterum
1426 1843 1432 1860 :
1444 1843 1452 1858 ε
1460 1833 1624 1860 Maledicent
1632 1832 1670 1859 illi
1681 1837 1708 1860 et
1718 1837 1746 1859 tu

954 1882 1102 1909 benedices
1110 1882 1133 1897 "
1141 1890 1149 1914 ;
1158 1889 1208 1916 ego
1219 1886 1311 1908 autem
1320 1888 1375 1907 non
1383 1879 1570 1914 proponebam
1581 1883 1644 1905 ante
1652 1879 1747 1906 oculos

955 1934 1031 1953 meos
1045 1934 1102 1953 rem
1116 1927 1245 1960 injustam
1261 1926 1311 1951 ".i
1328 1925 1382 1952 Sed
1400 1929 1428 1951 et
1450 1923 1583 1958 propheta
1599 1922 1745 1951 Habacuc:

959 1980 968 1996 ‹
981 1971 1071 1998 Purus
1085 1970 1129 1998 est
1147 1971 1245 1997 oculus
1257 1975 1332 2001 tuus,
1343 1977 1377 1997 ne
1394 1969 1487 1996 videat
1509 1971 1580 1996 mala
1594 1975 1621 1998 et
1631 1971 1749 2004 aspiciat

955 2020 1039 2050 super
1050 2015 1159 2042 labores
1170 2014 1274 2042 doloris
1284 2014 1316 2041 “.
1335 2024 1345 2040 ι
1355 2015 1504 2048 Apostolus
1515 2015 1579 2042 item
1595 2016 1629 2042 ad
1646 2016 1749 2051 Philip-

956 2068 1057 2096 penses
1077 2061 1212 2093 scribens,
1229 2061 1344 2095 pulchre
1364 2061 1493 2088 doctores
1508 2062 1570 2088 illos
1582 2055 1748 2090 notatinvi-

956 2106 1007 2133 ἀίω
1022 2115 1028 2132 :
1045 2115 1054 2132 ‹
1070 2106 1185 2139 Quidam
1200 2106 1312 2140 quidem
1328 2114 1378 2141 per
1394 2107 1523 2134 invidiam
1541 2111 1569 2134 et
1592 2109 1749 2135 contentio-

955 2159 1030 2183 nem,
1053 2161 1063 2176 ι
1079 2159 1113 2178 ex
1140 2152 1346 2179 concertatione
1373 2152 1478 2180 scilicet
1503 2153 1746 2188 proﬁciscentem;

960 2206 969 2222 ι
983 2196 1125 2224 Christum
1142 2197 1319 2230 annuntiant,
1341 2198 1530 2226 existimantes
1546 2207 1705 2234 pressuram
1719 2207 1748 2226 se

957 2237 1089 2272 suscitare
1109 2243 1229 2271 vinculis
1240 2245 1310 2271 meis
1323 2245 1357 2271 ³⁸.
1375 2253 1384 2270 ι
1402 2245 1454 2271 Per
1469 2245 1687 2272 admonitionem
1705 2246 1748 2272 in-

957 2289 1053 2317 ducit:
1070 2298 1080 2314 ‹
1094 2289 1191 2317 Estote
1206 2296 1272 2323 ergo
1284 2289 1313 2316 in
1324 2289 1442 2316 invicem
1450 2289 1574 2324 benigni.
1593 2291 1750 2318 misericor-

114 2336 205 2371 τούτῳ
215 2336 309 2365 τόπον,
330 2334 401 2360 ὥστε
415 2332 614 2367 κατακλιθῆναι
638 2330 783 2366 ἀνώτερον.
797 2340 806 2357 ι
827 2329 897 2356 Ἀλλέ

960 2336 1020 2369 des.
1046 2336 1184 2364 donantes
1213 2337 1331 2364 invicem
1348 2337 1422 2364 sicut
1436 2341 1464 2365 et
1482 2337 1610 2366 Christus
1635 2339 1749 2366 donavit

121 2382 222 2418 μᾶλλον
238 2380 427 2415 θαυμάζωμεν
442 2379 487 2405 τὸν
501 2379 605 2405 δίκαιον
622 2377 784 2413 προνοητὴν,
813 2377 906 2411 σαφῶς

117 2429 171 2456 και
188 2428 352 2463 ὰπορρήτως
377 2425 536 2460 κεκρικότα,
559 2425 662 2450 ἐκεῖνον
679 2423 728 2458 μὲν
741 2423 787 2450 τὸν
799 2423 906 2458 οἰκτρὸν

117 2473 298 2509 κληρωθῆναι
308 2471 356 2498 καί
369 2469 521 2506 πρωτεύειν
531 2470 579 2496 καὶ
594 2469 782 2504 καθηγεῖσθαι,
798 2469 870 2504 ἡμᾶς
879 2469 907 2494 δὲ

118 2517 284 2553 ἐσχατίζειν.
308 2515 441 2551 Φύγωμεν
468 2512 513 2541 οὖν
532 2514 671 2549 ἀγαπητοὶ
685 2514 729 2540 τὸν
753 2515 860 2548 φθόνον,
877 2514 907 2541 τὸ

117 2564 244 2600 γέννημα
257 2562 304 2601 τοῦ
315 2562 453 2588 διαϐόλου·
471 2561 514 2588 ἵνα
531 2561 568 2596 μὴ
591 2561 856 2596 συγκατακριθῶμεν
869 2561 908 2596 τῷ

119 2609 192 2636 Κάἲν
204 2617 210 2623 “
224 2608 301 2639 Eun;
320 2607 432 2640 στένων,
447 2607 494 2633 καὶ
506 2606 617 2642 τρέμων
631 2607 764 2632 κατέλυσε
777 2607 822 2632 τὸν
838 2607 905 2641 βίον·

121 2654 190 2691 μηδὲ
211 2644 291 2681 πάλιν
301 2655 358 2685 τοῖς
372 2655 501 2688 πονηροῖς
515 2652 661 2683 Ἰουδαίοις,
671 2652 770 2683 οἵτινες
791 2653 834 2678 διὰ
845 2653 909 2687 φθό-

118 2711 164 2729 νον
178 2701 234 2727 τῶν
246 2699 294 2726 τοῦ
308 2701 411 2735 Κυρίου
425 2699 583 2734 θαυμάτων,
598 2698 759 2733 παρέδωκαν
775 2699 855 2725 αὐτὸν
869 2699 908 2730 εἰς

959 2381 1038 2408 vobis
1058 2382 1092 2408 ".
1103 2382 1198 2409 Estote
1214 2381 1303 2421 igitur
1318 2382 1469 2409 imitatores
1483 2382 1587 2410 Christi
1607 2384 1678 2411 sicut
1701 2384 1749 2411 filii

954 2427 1128 2458 'charissimi,
1147 2433 1175 2455 et
1187 2428 1328 2456 ambulate
1344 2429 1372 2456 in
1385 2429 1535 2456 dilectione
1559 2431 1592 2456 ’⁷.
1611 2440 1619 2456 ι
1646 2430 1750 2457 Animze

961 2473 1124 2500 sineerioris
1143 2474 1284 2508 peculiare
1296 2479 1338 2501 est
1353 2480 1556 2509 argumentum,
1573 2479 1603 2502 ut
1617 2476 1692 2510 quod
1706 2477 1750 2503 lo-

961 2519 1067 2554 quitur,
1084 2520 1152 2547 nihil
1170 2528 1284 2555 prorsus
1297 2520 1412 2555 resipiat
1427 2521 1547 2549 invidiae.
1570 2521 1665 2549 Zelum
1681 2521 1750 2549 aiio-

962 2564 1008 2598 qui
1026 2564 1108 2592 habet
1123 2565 1234 2592 malitize
1264 2565 1355 2592 omnis
1371 2571 1522 2598 exsortem,
1535 2571 1563 2594 et
1579 2567 1626 2602 qui
1649 2567 1751 2602 jugiter

962 2610 1010 2637 Dei
1026 2615 1130 2645 quaerat
1143 2619 1175 2638 ac
1190 2610 1412 2646 ﬁrmetgloriam.
1427 2612 1502 2639 Nihil
1515 2613 1608 2640 minus
1622 2613 1753 2640 convertit

962 2663 1045 2690 quam
1061 2660 1091 2682 ut
1108 2656 1289 2690 profiteamur
1311 2665 1361 2684 nos
1381 2665 1441 2685 esse
1462 2657 1613 2692 discipulos
1631 2658 1752 2691 Domini,

964 2708 994 2727 re
1008 2707 1100 2728 autem
1116 2702 1173 2736 ipsa
1189 2701 1312 2730 sinamus
1334 2710 1386 2730 nos
1398 2703 1526 2738 intercipi
1537 2707 1614 2738 peste
1630 2703 1751 2735 invidiae,

153 2779 174 2794 "
187 2777 196 2804 Ι
209 2778 264 2814 [leg
291 2785 365 2814 xviii.
376 2777 409 2814 76,
420 2777 446 2803 7.
483 2775 647 2814 "‘i‘bidLSL
664 2776 764 2814 {‘Psal.
781 2783 854 2814 cvm.
934 2777 956 2792 "
972 2777 1038 2804 ibid.
1054 2777 1099 2804 28.
1128 2778 1150 2794 "
1161 2778 1232 2806 Psal.
1247 2787 1272 2811 ο,
1288 2780 1314 2807 3.
1345 2779 1366 2795 ’⁸
1380 2779 1481 2807 Hahae.
1495 2779 1565 2811 1,15.
1598 2779 1620 2794 "
1631 2779 1748 2814 Philipp.

119 2821 138 2846 ι,
156 2814 198 2843 l5,
215 2813 258 2839 17.
298 2813 321 2828 ’⁸
333 2813 435 2849 Eplies.
452 2819 486 2838 iv.
507 2811 550 2837 52.
586 2812 607 2826 "
629 2812 729 2846 Ephes.
742 2819 768 2842 v,
785 2812 809 2842 1,
825 2811 852 2837 2.

777 2888 892 2915 ΥᾹῘὶΙᾸί
913 2887 1114 2916 LECTIO‘NES.

159 2938 249 2966 iLXX
269 2938 315 2964 ἐπὶ
330 2936 467 2972 πονηροὺς
483 2935 513 2961 οὗ
529 2935 640 2970 δυνῆῖῃ,
