1986 3248
75 212 145 245 i609

412 214 574 243 110)”le
594 213 700 242 LVIII.
721 224 753 229 —-
773 211 955 241 AFFLICTO
976 212 1051 242 NON
1075 212 1360 242 INSULTANDUM.

1629 210 1693 242 1610

71 269 180 302 στόλου,
204 269 235 295 οὺ
254 269 334 303 μόνον
357 269 384 295 δὲ
411 270 441 295 τὺ
457 270 622 304 ἐπιχαίρειν,
641 269 696 295 ἀλλ’
712 269 772 295 οὐδὲ
788 268 855 298 ὅλως

913 269 1068 303 emplastro,
1088 267 1300 303 pedimedetur.
1317 267 1460 307 Siquidem
1483 274 1567 294 unum
1596 275 1697 302 corpus

71 314 185 342 ἀκούειν
210 314 356 349 δυστυχίαν
381 314 536 350 ἀνθρώπου.
564 315 595 340 Οί
621 315 675 349 γὰρ
694 314 780 344 οὕτως
803 314 858 340 τῶν

69 360 203 387 τοιούτων
218 359 352 396 ῥημάτων
362 360 520 392 ἀκούοντες,
529 359 580 394 τῆς
591 359 695 391 οἰκείας
705 356 859 394 προθέσεως

71 408 136 438 τοὺς
149 407 276 442 καρποὺς
295 407 444 441 τρυγῶσιν.
457 407 512 433 Καὶ
536 407 573 442 μὴ
586 407 680 441 νόμιζε
698 406 790 432 πᾶσαν
804 402 859 431 θλί-

69 452 117 486 ψιν
140 453 174 478 δι’
193 452 335 486 ἁμαρτίαν
352 451 516 486 ἐπέρχεσθαι
532 453 588 483 τοῖς
606 450 760 486 ἀνθρώποις
772 459 778 465 '
792 451 860 476 εἰσιν

70 496 126 531 γάρ
143 504 214 527 τινες
239 496 454 531 εὖαρεστοῦντες
470 496 516 522 καὶ
531 493 737 530 πειραζόμὲνογ
751 493 860 525 ἀσεϐεῖς

70 544 126 578 γὰρ
139 543 187 569 καὶ
199 542 295 577 ἀνομοι
315 541 560 577 ἐκδιωχθήσονται.
582 542 718 572 Ὡσαύτως
730 541 778 567 καὶ
796 550 804 566 ι
825 537 857 566 ΟΣ

72 589 196 619 εὗσεὸὠς
215 588 341 619 θέλοντες
356 588 406 622 ζῇν
427 589 456 613 ἐν
479 587 600 622 Χριστῷ,
620 583 828 621 διωχθήσονται,
849 595 857 610 ι

72 633 165 665 καθὼς
190 633 238 660 καὶ
266 633 319 659 ὑπὸ
346 632 394 658 τοῦ
421 632 627 667 Παροιμιαστοῦ
656 630 858 665 παιδευόμεθα·

71 679 141 714 φησὶ
158 679 222 713 γὰρ,
244 686 252 704 ί
276 678 338 704 Ἐὰν
358 679 429 713 πέσῃ
449 678 462 704 ὁ
482 678 578 713 ἐχθρός
595 686 652 707 σου,
671 677 709 711 μὴ
726 676 860 710 ὲπιχαρῇς

71 723 158 757 αὐτῷ.
180 723 224 749 Ἐν
239 723 267 749 δὲ
284 722 321 757 τῷ
337 721 554 755 ὑποσκελίσματι
574 720 656 747 αὐτοῦ
678 720 716 754 μὴ
733 720 860 753 ἐπαίρου,

73 768 178 802 μήποτε
197 767 279 803 ἐπίδῃ
296 767 413 802 Κύριος,
430 767 477 793 καὶ
497 767 547 792 οὐκ
569 765 655 800 ἀρέσῃ
672 764 756 799 αὐτῷ.
777 774 787 791 ι
805 764 861 790 Καὶ

70 813 158 840 ταῦτα
177 813 225 848 μὲν
235 813 301 848 περὶ
316 812 426 847 ἐχθροῦ.
444 812 510 843 Καὶ,
530 821 539 836 ι
567 811 595 837 '0
610 811 761 845 ἐπικαίρων
776 810 861 836 ἀπολ-

70 860 182 893 λυμένῳ
206 859 257 885 οὐκ
281 858 490 893 ἁθωωοήσεται.
516 866 524 882 ι
543 856 598 882 Καὶ
614 855 705 888 πάλιν,
723 865 732 880 ‹
748 855 817 882 Οὐαὶ
836 855 860 881 οἱ

70 906 281 940 εὑσραινόμενοι
306 904 356 930 ἐπὶ
372 905 486 934 κακοῖς,
511 903 559 929 καὶ
579 903 721 937 χαίροντες
735 901 782 927 ἐπὶ
797 901 856 927 δια-

72 935 178 985 στροφῇ
199 935 282 985 κακῇ.
306 959 314 975 ι
340 949 395 976 Καὶ
413 948 502 981 αὖθις,
524 957 533 974 ι
555 935 651 981 Παγίδι
670 947 856 981 ἁλωθὴσονται
873 935 893 963 Β

70 997 95 1022 οἱ
111 995 320 1030 εὐφραινόμενοι
350 995 398 1021 ἐπὶ
425 994 528 1020 πτώσει
552 993 684 1025 εὐσεϐῶν,
708 992 755 1019 καὶ
774 993 856 1026 ὀῦύνη

70 1039 255 1067 ἀνταναλώσει
267 1040 366 1070 αὐτοὺς
384 1039 438 1074 πρὸ
452 1038 498 1065 τοῦ
515 1038 629 1064 θανάτου
644 1037 744 1064 αὐτῶν.
763 1047 771 1063 ι
789 1038 856 1070 Καὶ,

75 1095 83 1111 ε
96 1084 241 1120 Μνήσθητε
250 1083 299 1114 τὰς
312 1083 418 1118 ἡμέρας
427 1082 473 1108 τοῦ
489 1082 611 1113 σκότους,
620 1081 660 1107 ὂτι
676 1080 770 1106 πολλαὶ
781 1079 858 1106 ἔσον-

71 1138 127 1158 ται.
145 1139 154 1155 ι
176 1130 206 1156 '0
226 1129 254 1155 δὲ
273 1129 419 1164 ἄμεμπτος
440 1127 510 1158 Ίὼὸ,
530 1137 539 1152 1
562 1127 591 1153 El
613 1127 642 1152 δὲ
657 1127 704 1153 καὶ
723 1125 858 1161 ἐπιχαρὴς

71 1177 224 1210 ἐγενόμην,
248 1176 341 1210 φησὶν,
369 1174 415 1201 ἐπὶ
438 1173 567 1209 πτώματι
597 1172 701 1208 ἐχθρῶν
728 1181 794 1207 μου,
811 1171 859 1198 καὶ

72 1220 149 1249 εἷπεν
161 1222 178 1256 ἡ
190 1221 289 1257 καρδία
303 1229 364 1256 μου,
391 1217 471 1254 Εὖγε.
495 1229 504 1245 ι
531 1219 586 1245 Καὶ
600 1220 613 1245 ὁ
629 1218 763 1254 μακάριος
786 1217 861 1244 Παῦ-

73 1271 123 1301 λος
138 1290 145 1302 ,
171 1268 337 1301 ἐπιστέλλων
357 1267 504 1302 Ῥωμαίοις
527 1266 630 1299 ἔλεγεν,
655 1275 664 1290 ‹
685 1266 716 1291 Εἰ
739 1265 767 1291 δέ
787 1273 860 1295 τινες

72 1314 128 1340 τῶν
153 1313 257 1340 κλάδων
273 1311 490 1346 ἐξεκλάσθησαν,
516 1311 548 1337 σὺ
574 1310 602 1336 δὲ
625 1310 783 1344 ἀγριέλαιος
810 1308 859 1341 ὢν,

76 1358 284 1394 ἐνεκεντρίσθης
304 1359 333 1384 ἐν
350 1358 451 1389 αὐτοῖς,
465 1357 511 1383 καὶ
526 1357 706 1390 συγκοινωνὸς
722 1356 769 1391 τῆς
785 1355 861 1391 ῥίζης

75 1405 122 1432 καὶ
139 1405 189 1440 τῆς
202 1406 331 1440 πιότητος
346 1404 396 1438 τῆς
410 1404 502 1434 ἐλαίας
514 1403 619 1437 ἐγένου,
642 1403 679 1438 μὴ
695 1402 862 1437 κατακαυχῶ

73 1452 130 1478 τῶν
146 1451 265 1478 κλάδων·
281 1451 305 1477 εί
329 1450 357 1477 δὲ
383 1451 602 1485 κατακαυχᾶσαι,
618 1450 648 1475 οὺ
671 1449 703 1475 σὺ
719 1448 767 1483 τὴν
784 1449 862 1484 ῥίζαν

75 1496 233 1532 βαστάζεις,
248 1496 306 1523 ἀλλ’
325 1497 342 1532 ἡ
358 1497 420 1530 ῥίζα
438 1496 477 1522 σέ.
500 1496 587 1530 Ἐρεῖς
599 1494 656 1529 οὖν,
676 1494 862 1530 Ἐξεκλάσθη-

75 1550 126 1568 σαν
140 1542 164 1567 ot
179 1541 282 1572 κλάδοι,
299 1541 341 1567 Eva
357 1540 412 1575 ἐγὼ
429 1541 627 1575 ἐγκεντρισθῶ,
646 1540 737 1572 καλῶς
750 1541 783 1576 τῇ
799 1540 863 1567 ἀπι-

75 1586 139 1620 στίᾳ
162 1585 380 1618 ἐξεκλάσθησαν
399 1585 430 1610 σὺ
453 1585 481 1610 δὲ
504 1586 536 1619 τῇ
559 1585 649 1610 πίστει
676 1585 807 1620 ἕστηκας,
824 1584 861 1619 μὴ
875 1598 899 1628 C

75 1629 268 1664 ὑψηλοφρόνει,
291 1628 359 1655 ἀλλὰ
378 1628 474 1662 φοϐοῦ.
492 1629 523 1655 Ei
537 1628 590 1664 γὰρ
606 1629 619 1654 ὁ
640 1629 705 1660 Θεὸς
719 1629 773 1655 τῶν
790 1628 861 1656 κατὰ

74 1673 156 1707 φύσιν
177 1673 283 1699 κλάδων
306 1672 356 1698 οὐκ
375 1672 513 1706 ἐφείσατο,
537 1672 599 1698 οὐδὲ
620 1671 668 1698 σοῦ
691 1672 823 1705 φείσεται.
850 1681 858 1696 ι

74 1719 132 1745 Καὶ
150 1718 286 1751 ἐπιφέρει,
306 1727 314 1743 ι
339 1717 371 1744 'H
387 1717 483 1752 ἀγάπη
497 1718 527 1744 οὺ
542 1717 631 1752 χαίρει
647 1718 695 1743 ἐπὶ
708 1719 740 1752 τῇ
758 1717 860 1753 ἀδικίᾳ,

75 1763 219 1797 συγχαίρει
234 1762 262 1788 δὲ
283 1763 316 1797 τῇ
339 1762 463 1797 ἀληθείᾳ.
495 1771 504 1787 ι
532 1761 577 1796 Μὴ
598 1761 644 1788 οὖν
667 1761 860 1796 ἀνασχώμεθα,

75 1808 226 1843 ἀγαπητοὶ,
241 1807 286 1833 τοῦ
301 1807 502 1845 ὑποϐάλλοντος
515 1808 581 1842 ἡμῖν
595 1806 694 1842 ἐχθροῦ
707 1807 863 1842 ἐπιχαίρειν

74 1856 132 1885 τοίς
151 1854 199 1881 τοῦ
215 1853 329 1889 πλησίον
345 1854 452 1886 κακοῖς,
468 1853 511 1880 ἵνα
527 1853 565 1888 μὴ
581 1853 628 1879 καὶ
644 1854 724 1888 ἡμεῖς
745 1855 799 1884 τοῖς
813 1853 863 1880 αὐ-

74 1902 133 1930 τοῖς
152 1900 360 1934 περιπέσωμεν.
382 1898 465 1932 ’Λτὰρ
487 1899 542 1932 γάρ
557 1906 639 1933 φησιν
658 1899 672 1924 ὁ
691 1898 761 1924 Ἰώὸ·
778 1907 787 1924 ι
808 1898 863 1924 Καὶ

76 1947 157 1980 ὑμεῖς
181 1944 299 1977 ἑπέϐητέ
323 1952 368 1977 μοι
394 1943 603 1977 ἀνελεημόνως,
622 1942 691 1968 ὥστε
709 1943 809 1973 ιδόντες
832 1943 863 1968 τὸ

76 1991 146 2025 ἐμὸν
161 1989 286 2024 τραῦμα,
304 1987 469 2022 ὲφοὸήθητε.
496 1996 505 2012 ι
529 1987 624 2020 Ἡμεῖς
648 1985 694 2012 οὖν
709 1986 862 2020 εὑξώμεθα,

78 2035 149 2071 μετὰ
169 2034 215 2060 τοῦ
234 2033 316 2060 Δαυῖὂ
336 2033 483 2067 λέγοντεςη
497 2040 507 2056 ‹
530 2031 575 2065 Μὴ
599 2031 754 2066 ἁποῤῥίψῃς
778 2040 812 2066 με
825 2033 864 2061 εἰς

75 2081 174 2115 καιρὸν
190 2080 292 2114 γήρους
320 2079 348 2104 ἐν
367 2077 407 2113 τῷ
427 2077 563 2104 ἐκλείπειν
576 2077 626 2111 τὴν
645 2076 721 2111 ἰσχύν
744 2085 811 2111 μου·
829 2075 865 2112 μὴ

75 2124 279 2159 ἐγκαταλείπῃς
296 2132 340 2158 με,
355 2123 395 2149 ὅτι
417 2120 497 2148 εἶπαν
510 2122 533 2148 oi
552 2121 647 2156 ἐχθροί
663 2130 714 2156 μου
729 2122 801 2156 ἐμοὶ,
817 2122 865 2148 καὶ

75 2171 102 2197 οἱ
115 2170 297 2204 φυλάσσοντες
311 2169 361 2203 τὴν
378 2167 469 2203 ψυχήν
485 2175 535 2202 μου
551 2166 750 2193 ὲόουλεύσαντο
773 2167 819 2193 ἐπὶ
835 2168 866 2194 τὸ

79 2216 158 2246 αὐτὸ,
178 2216 314 2249 λέγοντεςσ
339 2215 368 2240 '0
389 2214 454 2245 Θεὸς
476 2212 655 2247 ἐγκατέλιπεν
672 2213 763 2246 αὐτὸν,
781 2222 866 2240 κατα-

910 322 1015 347 sumus,
1032 315 1101 341 nihil
1112 315 1202 342 minus
1215 318 1428 342 consentaneum
1445 313 1545 340 rationi
1556 313 1601 344 sit,
1614 320 1696 347 quam

910 368 995 386 unum
1022 360 1133 395 aliquod
1144 360 1269 395 corporis
1291 360 1444 386 membrum
1468 359 1548 395 [quod
1571 358 1697 385 nonnihil

910 398 1068 438 afﬂictetur,
1081 407 1182 433 habere
1201 406 1315 437 derisui,
1329 414 1361 432 ac
1374 404 1491 439 proinde
1510 404 1600 431 eidem
1612 404 1699 431 insul-

911 454 978 478 tare.
1004 452 1098 479 Potius
1120 452 1197 479 enim
1218 451 1403 479 conveniebat
1419 451 1458 478 sic
1479 450 1579 477 misere
1596 450 1698 477 afﬂicto

911 491 956 529 pio
971 497 1171 530 compassionis
1182 489 1281 524 ati'eetu
1298 496 1469 523 indolescere
1497 490 1524 522 et.
1543 496 1697 530 congemis-

910 548 985 574 cere,
1011 543 1088 576 juxta
1125 535 1247 577 Apostoli
1270 543 1395 577 verbum.
1419 542 1475 579 l\ec
1495 541 1584 567 solum
1603 541 1699 567 aliena:

910 586 1063 614 infelicitati
1077 582 1263 625 insultandum
1278 596 1331 615 non
1348 593 1400 624 est,
1411 587 1458 614 sed
1471 595 1505 614 ne
1516 587 1573 614 ullo
1588 586 1698 621 quidem

911 637 990 666 pacto
1014 633 1161 661 calamitati
1192 634 1288 660 aliena:
1314 632 1455 660 insultanti
1495 630 1700 658 commodanda}

911 685 993 704 aures
1027 683 1100 705 sunt.
1132 678 1183 711 Qui
1219 679 1292 705 enim
1317 683 1369 705 tam
1394 679 1443 705 toti
1469 677 1640 712 propendent
1665 676 1698 702 ad

910 723 1098 750 exaudiendas
1117 724 1269 757 delationes
1282 724 1428 758 ejusmodi,
1446 721 1698 758 suijamproposizi

910 767 1078 794 vindemiant
1100 768 1218 796 fructus.
1240 769 1323 803 Atqui
1345 769 1428 796 nolim
1450 772 1539 802 putes,
1565 764 1700 802 quidquid

910 814 1030 851 adversa:
1043 819 1069 840 et
1080 813 1217 840 alﬂictivte
1232 815 1270 841 rei
1283 814 1418 849 contingit
1429 813 1590 840 hominibus
1601 812 1699 840 ascribi

910 852 1011 884 debere
1038 865 1147 892 semper
1163 858 1283 892 ipsorum
1298 859 1419 893 peccatis
1440 867 1447 890 ;
1464 858 1597 893 quosdam
1626 858 1700 884 enim

910 902 1046 940 invenias.
1075 902 1121 936 qui
1139 902 1190 929 etsi
1209 903 1264 929 Deo
1279 903 1390 937 gratiosi
1409 903 1475 934 sint,
1491 907 1633 929 tentantur
1661 907 1702 928 ta-

910 955 982 974 men.
1014 948 1157 974 Diversum
1179 948 1313 982 contingit
1340 948 1400 974 istis
1420 956 1434 974 a
1468 949 1569 982 pietate
1588 955 1619 974 ac
1641 947 1700 982 lege

907 993 1062 1030 Christiana
1072 994 1256 1028 alienis,quos
1267 991 1565 1027 credimusrelegatum
1578 993 1608 1018 iri
1619 999 1634 1018 a
1645 999 1702 1026 reg-

908 1045 954 1068 no,
970 1038 1120 1072 etproindc
1131 1038 1286 1072 puniendos
1295 1038 1415 1072 ,1118
1425 1037 1465 1064 Ad
1478 1037 1551 1063 hunc
1569 1035 1681 1062 modum
1693 1063 1700 1072 ι

913 1092 921 1107 ε
936 1082 988 1115 Qui
1006 1082 1049 1116 pie
1068 1083 1163 1109 volunt
1189 1083 1280 1109 vivere
1300 1083 1327 1109 in
1347 1083 1466 1113 Cbristo,
1481 1078 1701 1116 persecutionem

908 1126 1049 1161 patientur
1065 1127 1097 1159 ‘°,
1116 1136 1125 1152 ›
1147 1126 1380 1162 quemadmodum
1404 1126 1495 1153 verbis
1517 1125 1702 1153 Parmmiastze

909 1169 1062 1198 erudimur.
1075 1171 1099 1199 ls
1110 1171 1183 1198 enim
1195 1172 1233 1198 ait
1247 1181 1253 1198 :
1270 1181 1278 1197 ί
1294 1171 1323 1198 Si
1337 1171 1468 1199 ceciderit
1480 1171 1610 1197 inimicus
1626 1174 1701 1200 tuus.

909 1223 944 1242 ne
959 1215 1077 1250 gaudeas
1094 1223 1177 1250 super
1193 1223 1237 1247 eo,
1250 1220 1277 1242 et
1296 1216 1324 1242 in
1350 1214 1573 1250 supplantatione
1590 1215 1651 1249 ejus
1666 1222 1701 1241 ne

910 1260 1025 1286 extollas
1040 1265 1076 1293 te,
1095 1268 1130 1287 ne
1154 1259 1225 1287 forte
1244 1259 1337 1287 videat
1356 1260 1500 1292 Dominus,
1519 1264 1546 1286 et
1570 1267 1624 1286 non
1641 1258 1701 1293 pla-

904 1303 971 1332 ‘eeat
987 1305 1011 1332 ci
1027 1306 1059 1332 “.
1077 1315 1086 1331 ι
1105 1306 1139 1333 Et
1155 1306 1213 1333 haec
1232 1305 1344 1341 quidem
1362 1305 1395 1333 de
1413 1302 1533 1332 inimico.
1550 1305 1603 1331 Et:
1623 1314 1632 1329 ι
1649 1303 1702 1337 Qui

911 1350 1023 1378 insultat
1039 1352 1176 1386 pereunti,
1203 1360 1257 1378 non
1282 1351 1336 1378 erit
1358 1349 1490 1377 innocens
1505 1350 1537 1377 ⁶¹.
1553 1358 1561 1374 ι
1581 1349 1615 1376 Et
1647 1349 1702 1376 ite-

912 1404 992 1423 rum:
1015 1406 1024 1422 ‹
1042 1397 1087 1424 γιε
1104 1397 1182 1424 vobis
1193 1397 1239 1432 qui
1256 1397 1385 1424 laztamini
1399 1403 1482 1431 super
1494 1395 1582 1426 malis,
1594 1399 1622 1422 et
1638 1402 1703 1429 gau-

913 1442 983 1470 detis
994 1451 1077 1477 super
1090 1443 1223 1477 pravitate
1232 1443 1422 1469 mala“.»Et:
1440 1451 1448 1466 ‹
1464 1441 1574 1475 Laqueo
1589 1439 1702 1475 capien-

913 1493 969 1520 tur,
984 1487 1031 1522 qui
1044 1488 1171 1514 lzetantur
1183 1495 1266 1522 super
1276 1488 1355 1514 ruina
1368 1488 1490 1522 piorum,
1503 1494 1530 1516 et
1540 1486 1619 1513 dolor
1629 1495 1702 1514 mer—

914 1533 989 1561 cedis
1005 1533 1065 1560 loco
1081 1533 1269 1568 apprehendet
1284 1541 1332 1560 eos
1350 1539 1413 1560 ante
1427 1539 1543 1562 mortem
1560 1536 1592 1562 ⁵³-
1613 1546 1621 1560 ι
1641 1536 1673 1562 Ει
1693 1545 1698 1561 :

918 1588 927 1603 ι
941 1579 1090 1606 Memorare
1098 1579 1351 1611 diestenebrarum,
1366 1580 1430 1613 quia
1453 1581 1530 1607 multi
1545 1578 1629 1608 erunt
1645 1583 1676 1608 θ’.
1691 1592 1699 1606 ι

914 1625 967 1653 Sed
997 1629 1024 1653 et
1051 1626 1206 1660 inculpatus
1230 1626 1301 1653 Job:
1320 1635 1327 1651 I
1345 1626 1373 1653 Si
1392 1626 1474 1654 etiam
1505 1627 1611 1655 laetatus
1635 1636 1701 1657 sum

913 1679 996 1706 super
1023 1672 1103 1698 ruina
1134 1672 1308 1698 inimicorum
1332 1679 1468 1705 meorum,
1503 1678 1531 1700 et
1557 1673 1626 1700 dixit
1654 1682 1703 1701 cor

914 1724 1016 1749 meum,
1032 1717 1148 1752 Euge".
1161 1727 1170 1742 ›
1190 1717 1290 1745 Beatus
1307 1718 1371 1745 item
1387 1718 1488 1746 Paulus
1501 1726 1547 1753 per
1559 1719 1703 1754 epistolam

914 1762 1011 1790 scribit
1026 1762 1157 1789 Romanis
1173 1771 1178 1788 :
1195 1772 1203 1787 ‹
1217 1761 1294 1795 Quod
1303 1762 1326 1789 si
1340 1763 1386 1798 qui
1397 1771 1429 1790 ex
1443 1763 1527 1791 ramis
1538 1764 1616 1792 fracti
1627 1771 1702 1798 sunt,

915 1813 944 1836 tu
964 1813 1056 1836 autem
1071 1817 1133 1836 cum
1150 1809 1268 1836 oleaster
1293 1812 1379 1841 esses,
1403 1809 1524 1838 insertus
1541 1819 1572 1838 es
1591 1802 1617 1838 in
1639 1812 1703 1846 illis,

914 1860 942 1882 et
953 1856 1044 1882 socius
1057 1855 1157 1882 radicis
1169 1859 1194 1881 et
1204 1855 1380 1889 pinguedinis
1395 1856 1474 1882 olivae
1496 1856 1585 1884 factus
1596 1865 1638 1890 es,
1648 1859 1704 1885 noli

915 1901 1026 1935 gloriari
1044 1900 1176 1927 adversus
1199 1908 1288 1926 ramos
1308 1901 1398 1934 :quod
1415 1896 1438 1927 si
1449 1901 1585 1935 gloriaris,
1602 1911 1657 1929 non
1676 1909 1704 1930 tu

916 1945 1036 1971 radicem
1060 1949 1163 1978 portas,
1181 1945 1228 1971 sed
1254 1945 1330 1971 radix
1357 1950 1391 1971 te.
1411 1945 1484 1972 Dieis
1507 1954 1594 1981 ergo:
1614 1948 1704 1975 Fracti

916 1993 980 2016 sunt
993 1989 1058 2016 rami
1079 1993 1109 2015 ut
1123 1997 1173 2024 ego
1186 1989 1301 2016 inserar.
1317 1990 1390 2018 Bene
1405 2001 1410 2017 :
1426 1996 1538 2025 propter
1553 1992 1704 2020 increduli-

917 2038 999 2062 tatcm
1025 2034 1105 2062 fracti
1128 2038 1249 2062 suntttu
1270 2039 1362 2062 autem
1381 2035 1433 2063 ﬁde
1459 2041 1533 2070 stas;
1548 2037 1604 2065 noli
1620 2039 1704 2065 altum

916 2087 1023 2113 sapere,
1038 2079 1085 2106 sed
1098 2079 1173 2107 time.
1191 2079 1218 2107 Si
1236 2080 1311 2107 enim
1331 2079 1403 2108 Deus
1426 2082 1598 2110 naturalibus
1621 2085 1705 2111 ramis

916 2132 971 2151 non
989 2125 1123 2160 pepercit,
1141 2133 1176 2152 ne
1191 2125 1262 2152 forte
1276 2131 1327 2153 nec
1345 2126 1392 2152 tibi
1412 2131 1505 2161 parcat
1519 2128 1551 2154 ⁸⁷.
1566 2138 1575 2153 ι
1599 2128 1702 2155 infert.

921 2174 929 2195 ἁ
949 2170 1074 2198 Charitas
1091 2178 1146 2197 non
1160 2171 1259 2205 gaudet
1275 2179 1359 2206 super
1375 2171 1529 2206 iniquitate,
1551 2175 1703 2209 congaudet

917 2221 1009 2243 autem
1028 2216 1138 2243 Verita'ti
1157 2216 1189 2242 εδ.
1214 2226 1222 2241 ι
1244 2216 1282 2243 Ne
1308 2217 1401 2251 igitur,
1422 2217 1603 2251 dilectissimi,
1632 2228 1702 2247 com-

76 2260 202 2292 διώξ-ιτε,
223 2259 271 2286 καὶ
297 2258 467 2285 καταλάῆετε
495 2257 586 2290 αὑτὸν,
615 2257 656 2283 ὅτι
687 2258 737 2284 οὐκ
760 2258 862 2284 ἐστινὰ

919 2263 1070 2295 mittamus,
1086 2267 1116 2289 ut
1138 2267 1301 2297 suggerente
1328 2263 1438 2291 inimico
1465 2260 1517 2292 hoc
1535 2270 1640 2298 nostro,
1653 2267 1704 2293 ali-

77 2305 210 2340 ῥυόμενος
222 2314 228 2319 ·
242 2304 311 2331 ἀλλὰ
325 2305 369 2337 σὺ,
393 2305 407 2330 ὁ
426 2303 491 2334 Θεός
506 2311 569 2338 μου,
594 2303 631 2338 μὴ
653 2303 797 2339 μακρύνῃς
817 2303 866 2330 ἀπ’

76 2352 158 2387 ἐμοῦ,
184 2352 227 2378 ἶνα
254 2351 291 2386 μὴ
317 2350 468 2385 ἐπιχαρῶσί
495 2357 539 2384 μοι
564 2350 588 2375 οἱ
607 2349 796 2385 ἐχθραίνοντες
822 2359 867 2384 μοι

76 2397 190 2427 ἀδίκως,
211 2395 259 2422 καὶ
281 2395 305 2421 οἱ
323 2393 464 2429 μισοῦντές
479 2401 512 2428 με
526 2393 641 2428 δωρεάν.
661 2403 670 2419 ι
689 2393 769 2421 Ἀλλὰ
785 2396 818 2430 τῇ
834 2396 866 2430 σῇ

76 2442 194 2475 δυνάμει
224 2450 233 2466 ι
256 2440 526 2475 ’Δποστραφήτωσαν
539 2439 695 2474 παραυτίκα
707 2439 869 2475 αἰσχυνόμε-

76 2497 131 2518 νοι,
148 2488 172 2514 οἰ
187 2487 312 2520 λέγοντές
329 2495 384 2520 μοι,
398 2484 478 2518 Εὖγε,
492 2482 565 2518 εὖγε.
587 2494 596 2510 ι
612 2484 648 2510 Τὸ
659 2485 862 2519 καταγελᾶσθαι

76 2532 167 2559 τοίνυν
184 2531 231 2557 καὶ
247 2531 449 2566 ὲπιχαίρεσυσι,
464 2529 542 2564 ἡμῶν
557 2530 647 2555 ἐστιν·
662 2530 693 2556 τὸ
705 2530 732 2556 δὲ
755 2532 864 2566 ἐπιχαί-

78 2584 148 2611 ρειν,
166 2575 219 2601 τῶν
239 2574 430 2610 Γραμματέων
451 2575 498 2600 καὶ
517 2573 669 2609 ἀρχιερέων
698 2575 783 2603 ἐστίν.
808 2577 867 2603 Ἐν-

77 2621 192 2653 έπαιζον
208 2621 273 2656 γὰρ,
298 2621 392 2656 φησιν,
416 2620 440 2646 oi
467 2621 606 2655 ἀρχιερεῖς
632 2620 699 2654 πρὸς
723 2621 865 2656 ἀλλήλους,

79 2668 150 2703 μετὰ
164 2667 218 2693 τῶν
234 2666 426 2702 Γραμματέων
440 2667 576 2700 λέγοντες,
593 2675 601 2691 ι
623 2666 736 2698 ’Ἄλλους
752 2668 864 2703 ἔσωσεν,

76 2713 175 2741 ἑαυτὸν
183 2713 213 2739 οὐ
222 2713 331 2739 δύναται
358 2713 463 2745 elimat;
482 2713 496 2738 ὁ
510 2711 628 2746 Χριστὸς
648 2713 662 2738 ὀ
678 2713 803 2746 βασιλεὺς
818 2715 865 2741 τοῦ

82 2759 215 2794 Ἰσραὴλ,
248 2759 394 2786 καταϐάτω
427 2758 474 2784 νῦν
505 2758 558 2784 ἀπὸ
587 2758 632 2784 τοῦ
656 2760 792 2795 σταυροῦ,
822 2762 865 2789 ἵνα

115 2867 137 2882 ¹¹¹³
156 2866 258 2895 ll'l'im.
273 2869 365 2898 ul.l‘.’.
403 2869 423 2884 "
442 2869 520 2895 Prov.
543 2876 619 2899 jun’.
641 2869 683 2899 l7.
702 2870 743 2896 18.
783 2871 804 2886 ⁶¹
822 2872 862 2898 ΡΝ

923 2880 988 2899 vvit.
1019 2872 1036 2897 5

643 2905 664 2919 "
683 2905 760 2933 llum.
780 2904 823 2938 χι,
841 2907 929 2933 ΓΙ-Ξί.

81 2894 104 2910 ⁸⁸
118 2901 208 2929 ΕςεΙίι.
226 2894 257 2929 xi
360 2894 389 2919 7“
406 2894 455 2931 Job
478 2897 604 2933 usu-29.

258 2951 393 2982 Ριιτιιοι.
418 2953 476 2981 Gn.
502 2951 662 2981 LXXXIX.

917 2308 1027 2343 quando
1049 2308 1212 2335 insultemus
1235 2307 1422 2343 proximorum
1446 2310 1533 2343 malis,
1550 2316 1581 2338 ut
1602 2319 1636 2338 ne
1655 2319 1705 2339 nos

917 2355 945 2381 in
955 2354 1064 2381 easdem
1090 2353 1162 2380 sinat
1181 2353 1227 2380 Dei
1247 2354 1420 2388 providentia
1445 2355 1530 2383 semel
1552 2361 1580 2383 et
1603 2357 1703 2385 iterum

917 2400 1026 2428 devolvi
1038 2398 1220 2427 calamitates.
1247 2399 1311 2427 limo
1327 2400 1400 2428 enim
1424 2401 1462 2428 ait
1483 2401 1535 2429 Job
1557 2411 1566 2429 ι
1581 2412 1590 2428 ί
1609 2402 1643 2430 Et
1656 2411 1705 2432 vos

917 2445 1070 2473 accessistis
1078 2445 1112 2472 ad
1129 2453 1172 2473 me
1189 2445 1247 2473 sine
1264 2446 1461 2480 misericordia,
1474 2448 1568 2484 itaque
1580 2449 1705 2478 videntes

917 2491 1017 2518 vulnus
1031 2498 1122 2518 meum
1135 2491 1303 2521 extimuistis
1313 2491 1363 2518 ωδ
1382 2493 1437 2519 Nos
1448 2493 1533 2528 igitur
1546 2502 1608 2521 cum
1624 2495 1705 2522 beato

918 2534 1004 2564 David
1019 2544 1141 2568 oremus,
1163 2537 1288 2566 dicentes
1311 2535 1388 2565 Deo:
1407 2548 1415 2563 ι
1426 2539 1466 2566 Ne
1481 2539 1592 2574 abjieias
1618 2549 1660 2568 me
1677 2541 1704 2568 in

919 2586 1042 2616 tempore
1056 2582 1217 2613 senectutis,
1230 2590 1292 2609 eum
1317 2583 1449 2611 defecerit
1467 2584 1556 2612 virtus
1577 2594 1646 2617 mea,
1671 2594 1704 2614 ne

918 2628 1094 2662 liderenquas
1111 2637 1154 2656 me
1167 2637 1173 2661 ;
1188 2630 1250 2663 quia
1262 2629 1392 2657 dixerunt
1408 2621 1510 2659 inimici
1528 2633 1606 2665 mihi,
1619 2638 1646 2660 et
1656 2634 1703 2668 qui

918 2673 1111 2701 custodiebant
1136 2675 1253 2701 animam
1286 2683 1385 2709 meam,
1412 2678 1557 2705 consilium
1579 2679 1703 2706 fecerunt

918 2720 946 2746 in
961 2727 1045 2746 unum
1062 2739 1069 2752 ,
1087 2719 1230 2747 dit-entes:
1253 2721 1325 2748 Deus
1350 2722 1497 2758 dereliquit
1519 2731 1593 2756 eum,
1612 2732 1703 2758 perse~

918 2765 1033 2800 quimini
1055 2771 1083 2792 ct
1105 2767 1329 2801 comprehendite
1343 2776 1417 2801 eum,
1438 2769 1501 2803 quia
1524 2777 1578 2795 non
1601 2775 1642 2796 est
1657 2771 1702 2805 qui

1085 2873 1106 2888 ”
1128 2873 1211 2899 Eccli.
1224 2881 1278 2902 im.
1294 2874 1319 2900 5.

968 2908 990 2921 “
1008 2907 1016 2932 i
1031 2907 1154 2939 Conxm,
1173 2908 1198 2934 6.

1378 2874 1400 2889 “
1420 2874 1502 2901 Eccli.

1542 2882 1611 2902 χχιιι
1627 2895 1637 2909 ,
1652 2875 1702 2906 ‘5].

1237 2909 1258 2923 ’θ’
1278 2909 1328 2935 Job
1342 2917 1382 2934 xxv
1396 2929 1401 2939 ,
1417 2909 1442 2935 ‘2.

1530 2961 1561 2995 51
