1986 3267
242 222 250 253 .'
260 221 310 252 651

884 224 1068 255 ANTIOCHI
1087 225 1259 256 hiONACHI

1818 226 1893 258 1652

240 275 322 308 mali;
339 279 367 303 et
384 274 525 304 hominem
542 276 785 312 indicatcapacem
797 283 859 305 esse
873 278 1033 312 cognitioni:

1092 280 1179 311 πάθος
1190 279 1240 314 τῆς
1256 278 1416 314 ἐπιθυμίας,
1434 279 1519 314 λέγειν
1542 289 1552 307 ‹
1571 280 1603 308 Εἰ
1619 281 1647 308 δὲ
1663 280 1711 308 καὶ
1731 281 1771 317 τῷ
1786 281 1895 316 ὀφθαλ-

241 323 270 347 οι
283 319 348 348 boni
365 323 393 347 et
407 320 483 348 mali.
501 321 656 349 Discrimen
673 329 739 349 vero
758 322 903 358 utriusque
916 323 1035 358 explicat

240 367 375 402 pressius,
396 376 452 395 non
469 376 503 396 eo
531 374 561 396 ut
576 369 639 404 quis
661 370 764 396 malum
782 377 846 397 cum
871 369 946 397 bono
971 377 1035 404 pro-

202 416 205 422 ‘
241 412 345 439 miscuc
372 418 521 448 operetur;
546 415 615 449 quin
642 415 740 450 magis,
765 419 796 442 ut
826 415 931 442 faciens
960 414 1034 450 quod

241 459 344 486 bonum
381 464 434 492 est,
474 460 595 488 declinet
634 469 649 488 a
685 461 769 495 malo,
805 462 884 498 juxta
922 466 1034 489 senten-

242 505 308 532 tiam
337 505 455 533 dicentis
483 514 490 532 :
525 516 534 532 ι
562 507 674 535 Declina
707 516 722 535 a
740 507 829 535 ‘malo
852 511 882 536 et
911 507 954 536 fac
985 508 1036 536 bo-

239 559 307 578 num
326 552 358 578 ".
380 561 389 578 ›
411 551 464 579 Sed
480 557 508 579 et
537 553 668 587 primaria
697 553 743 581 illa
763 553 807 581 lex
831 553 924 582 edicto
943 559 1034 587 cavet,

241 598 350 634 1150
361 608 370 623 ι
382 598 422 625 Ne
432 598 499 634 quid
514 607 611 626 eorum
620 600 803 635 concupiscas
818 607 879 634 quze
891 604 957 627 sunt
971 608 1036 635 pro-

239 643 306 670 ximi
316 644 356 671 tui
372 644 404 671 ⁸⁸.
420 653 430 670 ι
444 645 478 672 Ει
489 645 602 680 quidem
613 645 704 673 Achas
716 646 875 673 mandatum
884 646 937 673 hoc
950 651 1036 674 trans-

237 697 361 724 gressus.
377 690 486 718 vineam
502 691 637 719 Nabuthae
648 691 819 726 concupivit,
836 691 884 719 sed
895 693 1035 726 etjustum

239 733 346 760 dedidit
364 735 437 766 neci,
452 734 505 762 sibi
528 739 622 762 autem
646 743 683 762 ac,
697 735 793 762 domui
812 743 868 763 sum
884 740 1035 764 extremam

237 779 345 807 invexit
361 780 468 807 cladem
487 785 599 808 aeterna:
621 781 788 816 perditionis
812 783 844 809 ".
870 781 1036 817 Concupivit

237 826 355 860 proinde
375 827 496 861 populus
515 827 770 861 concupiscentiam
788 827 816 854 in
829 828 951 861 deserto,
966 836 1035 863 qua-

237 877 352 906 propter
366 872 423 900 illic
438 873 621 908 prociderunt
636 874 762 901 membra
783 874 893 901 illorum
909 875 944 901 ⁷⁰.
964 875 1036 903 Dicit

236 921 265 944 et
281 917 475 946 Parmmiastes
490 927 498 945 ς
514 928 523 944 ί
539 919 652 946 Otiosus
666 919 758 948 omnis
769 920 797 947 in
810 921 1035 955 concupiscentia

1090 325 1133 361 μῷ
1149 334 1199 361 μου
1225 325 1461 362 ὲπηκουλούθησεν
1488 327 1505 362 ἡ
1531 327 1632 363 καρδία
1650 337 1712 363 μου,
1729 328 1766 354 τὰ
1782 328 1813 354 δέ
1845 335 1892 362 μοι

1089 371 1239 407 σκυθρωπὰ
1255 371 1404 407 συμϐαίνῃ.
1429 382 1438 398 1
1468 373 1554 408 Φηοὶν
1571 373 1618 399 καὶ
1631 374 1645 400 ὁ
1665 373 1817 404 ἀπόστολος
1835 373 1892 400 Πέο
1903 386 1913 391 ~

1088 425 1163 451 τρος,
1179 426 1189 443 ε
1216 417 1378 453 Ἀγαπητοὶ,
1406 418 1571 453 παρακαλῶ,
1595 419 1632 450 ὡς
1658 419 1810 453 παροίκους
1843 420 1894 446 καὶ

1089 462 1296 498 παρεπιδήμους
1308 462 1459 498 ἀπέχεσθαι
1486 464 1540 490 τῶν
1559 464 1701 500 σαρκικῶν
1717 464 1892 498 ἐπιθυμιῶν,

1089 509 1190 540 αἵτινες
1215 509 1407 544 στρατεύονται
1444 510 1516 536 κατὰ
1556 509 1606 544 τῆς
1630 509 1730 545 ψυχῆς.
1758 520 1767 536 ι
1788 510 1848 536 Καὶ
1876 511 1893 536 δ

1089 553 1205 586 Παῦλος,
1235 562 1245 579 ι
1260 554 1428 590 Νεκρώσατε
1455 554 1490 581 τὰ
1511 555 1579 590 μέλη
1601 555 1679 590 ὑμῶν
1699 555 1734 581 τὰ
1762 556 1810 581 επὶ
1839 556 1891 588 τῆς

1089 597 1152 632 γῆς,
1166 598 1309 634 πορνείαν,
1328 599 1510 634 ἀκαθαρσίαν,
1539 599 1637 632 πάθος,
1662 600 1814 635 ἐπιθυμίαν
1839 609 1891 625 κα-

1089 646 1140 678 κήν
1154 652 1161 659 ”
1173 644 1204 670 οὺ
1227 643 1282 680 γὰρ
1310 644 1439 672 ἐκάλεσεν
1457 646 1531 680 ἡμᾶς
1545 646 1559 672 ό
1576 645 1643 676 Θεὸς
1657 645 1703 671 ἐπὶ
1716 645 1890 680 ἀκαθαρσίᾳ.

1089 689 1146 716 ἀλλ’
1162 689 1190 716 ὲν
1205 690 1344 725 ἁγιασμῷ.
1368 690 1415 726 Μὴ
1436 689 1483 717 οὖν
1497 690 1665 726 βασιλευέτω
1681 692 1697 725 ἡ
1722 691 1849 726 ἁμαρτία
1860 692 1891 716 ἐν

1089 735 1129 770 τῷ
1144 735 1233 770 θνητῷ
1253 735 1332 771 ἡμῶν
1349 735 1457 771 σώματι
1474 738 1513 768 εἰς
1536 737 1566 762 τὸ
1581 736 1730 763 ὑπακούειν
1746 737 1807 766 mi;
1823 737 1890 762 ἐπι-

1091 781 1204 816 Θυμιαις
1232 782 1335 815 αὐτοῦ,
1357 782 1416 809 ἀλλ’
1440 782 1588 810 ἐνδύσασθε
1613 783 1658 810 τὸν
1681 783 1785 818 Κύριον
1805 782 1891 817 ἡμῶν

1096 827 1200 863 Ἰησοῦν
1229 828 1358 863 Χριστὸν,
1386 828 1434 855 καὶ
1463 829 1513 863 τῆς
1546 829 1648 864 σαρκὸς
1689 829 1822 864 πρόνοιαν
1852 828 1891 862 μὴ

1090 872 1209 900 ποιεῖσθε
1227 874 1266 905 εὶς
1282 873 1441 908 ἐπιθυμίας.
1460 883 1469 899 ι
1489 874 1545 901 Καὶ
1559 872 1649 906 αὖθις,
1666 883 1677 900 ε
1704 874 1748 900 Ὲν
1762 871 1805 905 οἷς
1818 875 1891 901 πᾶνα

1090 926 1146 950 τες,
1157 917 1251 953 φησὶν,
1268 919 1349 954 ἡμεῖς
1363 919 1573 954 ἀνεστράφημέν
1590 927 1655 945 ποτε
1670 920 1699 945 ἐν
1713 920 1774 950 ταῖς
1790 918 1891 945 ἐπιθυ-

237 963 302 995 erit,
315 971 414 991 manus
428 968 521 991 autem
539 964 652 992 fortium
668 965 695 992 in
719 965 863 1001 diligentia
877 966 911 993 ⁷¹.
934 975 943 992 ι
963 967 1033 993 Rur-

1089 964 1165 999 μίαις
1180 964 1234 991 τῶν
1257 964 1376 999 καρδιῶν
1408 965 1497 1000 ἡμῶν.
1525 964 1665 996 ποιοῦντες
1681 965 1716 991 τὰ
1739 964 1891 999 Θελήματα

237 1016 285 1036 sus
301 1018 307 1035 :
326 1019 335 1035 ι
356 1010 430 1037 Vana
450 1011 596 1046 occupatio
611 1016 731 1039 mentem
743 1015 936 1047 perscrutatur
948 1016 975 1039 et
987 1019 1035 1039 ex-

236 1054 328 1088 plorat
341 1062 397 1082 non
425 1056 535 1084 malam.
557 1069 565 1083 ,
581 1057 728 1092 Itemque:
751 1066 759 1082 ι
781 1057 886 1092 Impius
901 1062 958 1085 tota
989 1058 1034 1086 die

235 1102 412 1136 concupiscit
447 1103 692 1138 concupiscentias
728 1112 785 1131 non
814 1104 914 1137 bonas,
942 1105 1036 1140 justus

240 1151 334 1174 autem
352 1147 514 1175 misericors
529 1152 559 1175 et
586 1148 744 1180 miserator.
758 1157 810 1177 nec
826 1157 908 1185 parce
923 1150 957 1176 ⁷¹.
973 1159 982 1176 ι
1001 1149 1036 1177 Ει

232 1193 366 1221 inducit:
390 1203 398 1220 ι
430 1193 469 1222 Nc
494 1199 520 1222 te
544 1195 642 1223 vicerit
660 1196 876 1232 pulchritudinis
902 1197 1036 1232 concupi-

234 1241 353 1273 scentia,
369 1248 461 1276 neque
477 1241 617 1270 irretiaris
638 1242 692 1270 tuis
708 1242 849 1277 palpebris
865 1242 899 1269 ".
917 1252 926 1268 ι
942 1242 1034 1270 Incul-

234 1292 317 1321 patus
338 1295 449 1322 quoque
470 1295 523 1315 nec
540 1288 588 1316 ulli
609 1288 747 1316 obnoxius
760 1288 970 1323 reprehensioni
983 1288 1035 1316 Job

235 1331 282 1367 qui
296 1337 325 1359 et
349 1333 464 1368 pulchre
477 1333 608 1361 allectum
630 1333 705 1362 hunc
720 1334 953 1369 concupiscentia:
967 1342 1034 1370 pro-

234 1378 361 1410 triverat,
391 1378 479 1406 dicit:
503 1379 559 1406 tSi
576 1379 689 1407 oculum
717 1388 809 1408 meum
836 1384 963 1408 secutum
991 1384 1034 1408 est

234 1432 283 1451 cor
298 1431 390 1451 meum
403 1425 436 1457 ⁷⁸,
456 1434 465 1451 ι
482 1429 537 1453 etc.
553 1426 703 1461 Apostolus
715 1427 781 1454 item
796 1427 914 1454 Petrus:
936 1436 944 1452 ι
961 1426 1034 1454 Cha-

235 1471 350 1503 rissimi,
362 1471 480 1499 obsecro
492 1479 542 1499 vos
557 1476 688 1507 tanquam
701 1472 822 1500 advenas
833 1477 862 1500 et
871 1472 1034 1508 peregrinos

234 1517 376 1545 abstinere
393 1525 443 1545 vos
458 1525 473 1545 a
487 1518 648 1546 carnalibus
659 1518 818 1551 desideriis,
834 1526 896 1553 quae
913 1518 1034 1545 militant

234 1563 370 1591 adversus
391 1564 512 1591 animam
528 1565 562 1591 ⁷⁵.
591 1573 600 1590 ι
616 1563 721 1591 Eodem
736 1563 881 1591 contendit
906 1563 1009 1590 Paulus
1024 1571 1031 1590 :

237 1615 247 1633 ί
266 1607 431 1635 Mortiﬁcate
447 1608 541 1643 itaque
555 1608 678 1636 membra
693 1613 784 1636 vestra
797 1616 857 1643 qua:
871 1612 937 1636 sunt
949 1615 1033 1643 super

1087 1009 1142 1036 τῶν
1169 1010 1290 1046 καρδιῶν
1313 1010 1362 1037 καὶ
1391 1010 1445 1037 τῶν
1471 1010 1597 1038 διανοιῶν
1625 1011 1716 1046 ἡμῶν.
1741 1020 1751 1036 ι
1773 1010 1805 1037 '0
1840 1010 1891 1038 οὖν

1087 1055 1173 1082 θέλων
1188 1056 1319 1090 ἐκφυγεῖν
1339 1056 1389 1091 τὴν
1415 1055 1578 1092 φθοροποιὸν
1600 1056 1702 1090 ταύτην
1718 1056 1888 1091 ἐπιθυμίαν,

1087 1101 1137 1135 τὴν
1159 1100 1333 1135 κατάγουσαν
1360 1101 1406 1128 τὸν
1426 1100 1570 1136 ἄνθρωπον
1594 1102 1634 1133 εἰς
1663 1101 1789 1137 πυθμένα
1805 1101 1887 1138 ᾅδου,

1085 1146 1133 1174 τδν
1159 1145 1241 1180 φόϐον
1269 1146 1317 1172 τοῦ
1342 1146 1411 1173 Θεοῦ
1443 1146 1600 1182 κτησάσθω.
1627 1157 1636 1173 t
1659 1146 1689 1173 '0
1715 1146 1799 1181 φόϐος
1817 1147 1886 1183 γὰρ,

1090 1190 1166 1227 φησι,
1187 1191 1290 1227 Κυρίου
1314 1191 1408 1225 ἁγνὸς,
1424 1191 1559 1227 διαμένων
1582 1193 1622 1224 εἰς
1636 1192 1724 1219 αἰῶνα
1739 1192 1853 1225 αἰῶνος.
1873 1203 1884 1219 ι

1088 1235 1145 1263 Καὶ
1162 1235 1254 1269 πάλιν,
1275 1246 1284 1261 α
1299 1237 1472 1272 Καθήλωσθν
1485 1239 1517 1264 ὲκ
1529 1237 1576 1264 τοῦ
1591 1238 1676 1272 φόσου
1693 1247 1739 1265 σου
1751 1239 1802 1269 τὰς
1817 1239 1887 1274 σάρ-

1087 1291 1139 1315 κας
1158 1291 1220 1318 μου.
1243 1292 1252 1309 ι
1273 1283 1304 1310 '0
1327 1283 1383 1320 γὰρ
1400 1284 1600 1320 ἐνθυμούμενος
1617 1285 1661 1312 ἀεὶ
1686 1285 1731 1311 τὸν
1752 1285 1885 1317 θάνατον,

1086 1329 1135 1357 καὶ
1150 1330 1182 1356 τὸ
1197 1330 1252 1366 πῦρ
1272 1330 1304 1357 τὸ
1324 1330 1445 1361 αἰώνιον,
1460 1330 1508 1357 καὶ
1524 1330 1569 1357 τὸν
1584 1330 1716 1366 σκώληκα
1734 1331 1781 1357 τὸν
1805 1331 1887 1358 (intol-

1087 1384 1184 1412 μητον,
1198 1377 1246 1404 καὶ
1259 1376 1289 1403 τὺ
1301 1377 1396 1409 σκότος
1408 1377 1438 1404 τὸ
1448 1376 1531 1410 ὲεώτε
1537 1385 1592 1412 ρον,
1610 1377 1658 1404 καὶ
1669 1377 1715 1403 τὸν
1729 1377 1886 1412 κλαυθμὸν,

1085 1423 1133 1449 καὶ
1153 1422 1275 1458 βρυγμδν
1295 1423 1352 1450 τῶν
1368 1423 1484 1450 ὀδόντων
1495 1443 1503 1456 ,
1520 1423 1569 1450 καὶ
1590 1423 1640 1459 τήν
1659 1423 1794 1458 αἰσχύνην
1809 1424 1887 1450 ἑκεί-

1085 1476 1146 1503 νην,
1163 1468 1213 1503 τὴν
1239 1468 1286 1495 ἐπὶ
1312 1468 1359 1495 τοῦ
1382 1468 1500 1505 φοϐεροῦ
1520 1469 1645 1504 βήματος
1672 1468 1720 1494 τοῦ
1747 1468 1885 1504 Χριστοῦ,

1085 1513 1202 1541 ἐνώπιον
1233 1515 1360 1549 ἀγγέλων
1385 1516 1433 1542 καὶ
1453 1515 1622 1551 ἀνθρώπων,
1642 1513 1746 1541 διαλύει
1775 1515 1829 1550 μὲν
1854 1515 1887 1541 τὸ

1084 1559 1144 1586 λίαν
1158 1560 1208 1594 τῆς
1229 1561 1336 1596 ἡδονῆς,
1353 1562 1444 1588 πᾶσαν
1457 1560 1486 1588 δὲ
1506 1561 1556 1596 τὴν
1570 1560 1720 1596 ἐπιθυμίαν
1736 1561 1824 1587 αὐτοῦ
1844 1562 1887 1592 εἰς

1084 1605 1153 1632 Θεὺν
1171 1605 1358 1641 μετατίθησιν.
1380 1607 1566 1642 Ὲφαψὼμεθα
1581 1604 1638 1639 οὖν,
1655 1606 1808 1641 ἀγαπητοὶ,
1828 1607 1887 1633 τῶν
1910 1630 1922 1635 ι

233 1657 337 1681 terram
355 1662 361 1680 :
378 1653 601 1686 fornicationem,
629 1654 845 1686 immunditiam,
862 1653 1031 1689 passionem,

1086 1650 1252 1685 σωματικῶν
1267 1651 1316 1677 καὶ
1334 1651 1529 1686 πνευματικῶν
1544 1651 1654 1682 κόπων,
1677 1651 1726 1678 καὶ
1746 1651 1764 1685 ἡ
1783 1651 1885 1678 ἐπιθυ-

234 1698 490 1733 concupisccntiam
508 1699 608 1727 malam
628 1699 666 1732 7‘;
694 1707 749 1725 non
764 1699 838 1726 enim
858 1699 968 1726 vocavit
981 1705 1033 1726 nos

234 1743 309 1772 Deus
324 1744 352 1771 in
369 1744 585 1776 immunditiam,
609 1745 656 1772 sed
674 1745 703 1772 in
719 1744 966 1772 sanctiﬁcationem
985 1745 1008 1761 "
1023 1752 1031 1777 ;

234 1797 291 1817 non
309 1789 394 1824 igitur
407 1793 504 1824 regnet
526 1794 670 1824 peccatum
684 1789 712 1816 in
727 1794 821 1817 vestro
837 1790 949 1817 mortali
968 1798 1031 1818 cor-

235 1843 315 1870 pore,
336 1835 363 1862 in
385 1834 438 1862 hoc
464 1839 495 1862 ut
517 1835 658 1863 obediatis
673 1835 909 1870 concupiscentiis
923 1835 1029 1870 ejus",

235 1880 286 1908 sed
301 1879 449 1908 induimini
463 1881 613 1908 Dominum
625 1884 751 1909 nostrum
766 1880 860 1908 Jesum
873 1880 1027 1914 Christum,

232 1932 262 1955 et
289 1928 383 1955 carnis
408 1936 503 1956 curam
528 1936 563 1955 nc
589 1927 786 1955 infcceritisin
808 1927 955 1955 desideriis
966 1927 998 1954 "'.
1016 1935 1026 1953 ›

234 1972 345 2001 Rursus
363 1982 369 2000 :
388 1982 397 1999 ι
417 1974 446 2002 in
465 1974 568 2009 quibus
584 1981 681 2001 omnes
695 1981 746 2000 nos
761 1972 917 2001 conversati
933 1980 1030 2000 sumus

233 2019 384 2055 aliquando
412 2020 440 2048 in
455 2020 692 2056 concupiscentiis
715 2019 843 2047 cordium
857 2023 1028 2052 nostrorum,

233 2064 367 2092 facientes
381 2065 539 2093 voluntates
553 2065 646 2092 carnis
660 2068 688 2092 et
701 2064 901 2100 cogitationum
919 2067 1030 2092 nostra-

1083 1694 1133 1729 μία
1157 1695 1306 1730 ὑποχωρεῖ.
1330 1695 1491 1731 Ἐπιθυμιαι
1517 1695 1573 1730 γὰρ
1606 1695 1724 1730 ὀκνηρὸν
1749 1696 1886 1730 ἀποκτεί-

1081 1748 1183 1767 νουσιν.
1199 1741 1237 1767 Οὐ
1255 1741 1310 1776 γὰρ
1324 1741 1521 1777 προαιροῦνται
1536 1742 1565 1768 αι
1577 1743 1668 1776 χεῖρες
1685 1741 1770 1768 αὑτοῦ
1790 1742 1885 1768 ποιεῖν

1081 1793 1118 1812 τι.
1143 1785 1173 1812 ⁸0
1187 1785 1215 1812 δὲ
1232 1786 1383 1822 φιλόψυχος
1398 1786 1500 1822 Κύριος
1508 1788 1617 1822 φησ¹ιν,«
1635 1787 1697 1813 Ἐὰν
1707 1787 1722 1813 ὸ
1737 1786 1885 1822 ὀφθαλμός

1081 1839 1128 1856 σου
1144 1831 1158 1857 ὁ
1176 1830 1262 1863 δεξιὸς
1283 1831 1450 1868 σκανδαλίζῃ
1477 1840 1518 1865 σε,
1533 1832 1608 1864 ἔξελε
1626 1832 1716 1864 αὐτὸν,
1740 1832 1789 1859 καὶ
1814 1833 1884 1868 βάλε

1078 1877 1135 1904 ἀπὸ
1150 1878 1208 1905 σοῦ·
1225 1878 1362 1914 συμφέρει
1387 1867 1445 1915 γὰδ
1468 1887 1521 1911 σοι,
1548 1879 1591 1906 ἵνα
1615 1878 1751 1914 ἀπόληται
1773 1867 1884 1905 ἒνντῶν

1081 1923 1170 1958 μελῶν
1186 1932 1243 1956 σου,
1260 1924 1308 1951 καὶ
1332 1923 1371 1958 μὴ
1385 1924 1447 1951 ὂλον
1463 1924 1495 1951 τὸ
1511 1924 1592 1960 σῶμά
1608 1933 1654 1951 σου
1670 1923 1758 1960 βληθῇ
1772 1924 1814 1955 εις
1830 1925 1882 1959 τὴν

1079 1969 1191 2004 γέενναν
1203 1979 1213 1996 ι
1222 1968 1280 2006 [τοῦ
1290 1971 1384 2006 πυρός.
1396 1968 1433 1998 Ob
1444 1970 1637 2007 ρυ[σ]θειημεν
1651 1971 1743 2006 χάριτι
1757 1970 1882 2004 Χριστοῦ

1081 2017 1186 2052 Κυρίου
1211 2017 1314 2054 milium]
1341 2018 1421 2054 Αὐτῷ
1443 2019 1460 2054 ὴ
1478 2018 1543 2051 δόξα
1560 2018 1609 2055 [τῷ
1630 2018 1726 2054 ἀγαθῷ
1742 2017 1818 2054 Θεῷ]
1839 2018 1883 2050 εἰς

1081 2064 1144 2096 τοὺς
1159 2063 1271 2096 αἰῶνας.
1297 2064 1396 2100 ’Δμήν.

233 2117 294 2137 rum
314 2110 346 2138 “.
372 2119 381 2135 ι
407 2109 539 2145 Quisquis
563 2110 647 2145 igitur
672 2110 749 2145 cupit
775 2109 1028 2145 concupiscentiam
1049 2108 1155 2144 fugere,
1188 2110 1273 2138 totius
1293 2110 1459 2145 corruptela:
1474 2110 1621 2144 artiﬁcem,
1640 2118 1702 2146 quin
1732 2110 1881 2138 hominem

233 2156 527 2184 rectatransmittitin
550 2155 752 2191 penitissimam
783 2156 912 2192 abyssum
945 2155 1060 2188 inferni,
1082 2155 1106 2183 is
1128 2155 1182 2183 sibi
1207 2155 1332 2183 studiose
1343 2159 1422 2191 paret
1441 2155 1490 2183 Dei
1503 2157 1642 2184 timorem.
1659 2165 1668 2182 ‹
1685 2157 1781 2184 Timor
1800 2157 1881 2184 enim

233 2203 346 2232 Domini
357 2208 480 2236 sanctus,
501 2210 667 2238 permanens
688 2202 714 2230 in
731 2203 861 2230 saeculum
877 2203 970 2230 saeculi
985 2202 1019 2235 “,
1033 2211 1042 2228 ι
1064 2202 1104 2230 ait
1127 2203 1224 2230 David.
1251 2203 1360 2231 Rursus
1388 2204 1461 2232 idem
1491 2212 1498 2231 :
1519 2213 1528 2229 α
1558 2203 1672 2239 Confige
1696 2203 1795 2230 timore
1829 2209 1883 2231 tuo

233 2258 334 2279 rarnes
347 2259 422 2279 meas
436 2251 471 2277 ⁵.¹.
488 2260 497 2276 ›
512 2250 565 2284 Qui
580 2250 654 2277 cnim
666 2250 769 2285 jugiter
791 2249 827 2276 ob
858 2249 956 2276 oculos
988 2249 1089 2276 mentis
1103 2250 1181 2284 ponit
1197 2253 1225 2277 et
1239 2249 1370 2277 obversat
1383 2250 1588 2285 impendentem
1623 2255 1753 2282 mortem,
1782 2249 1881 2284 ignem

227 2297 312 2324 illum
356 2302 502 2328 internum,
531 2295 685 2323 insomnem
721 2303 775 2322 nec
810 2303 932 2330 unquam
961 2294 1226 2329 interquiescean
1271 2303 1417 2326 vermem.
1451 2296 1512 2324 illas
1557 2296 1710 2323 exteriores
1733 2291 1881 2328 tenebras;

233 2346 328 2374 ﬂetum
343 2353 375 2373 ac
389 2345 535 2373 stridorem
549 2343 817 2376 dentium,dedeeus
831 2351 942 2378 quoque
960 2343 1027 2370 illud
1048 2342 1204 2378 ignominiae
1227 2351 1359 2379 perquam
1395 2344 1508 2379 plenum
1532 2352 1588 2379 quo
1623 2343 1786 2379 aspergendi
1811 2348 1883 2371 sunt

234 2392 357 2427 reprobi.
380 2397 444 2419 ante
466 2391 642 2418 formidabile
679 2391 783 2418 Christi
811 2390 945 2422 tribunal,
976 2391 1060 2424 inque
1079 2396 1229 2426 conspectu
1244 2395 1273 2418 et
1289 2391 1450 2427 angelorum
1466 2391 1610 2420 hominum
1625 2390 1780 2422 constituti.
1796 2391 1882 2419 nullo

233 2437 346 2472 negotio
365 2437 388 2464 is
401 2437 549 2471 interpolat
564 2444 595 2463 ac
620 2443 733 2471 prorsus
749 2436 874 2463 dissolvit
904 2435 1106 2471 quantamlibet
1131 2436 1334 2464 lenocinantem
1376 2437 1536 2464 illecebram
1566 2435 1741 2471 voluptatis,
1762 2442 1882 2463 omnem

234 2482 356 2517 denique
369 2481 624 2516 concupiscentiam
638 2489 693 2516 qua
725 2485 913 2516 oppugnatur,
927 2480 955 2508 in
972 2488 1095 2508 amorem
1125 2481 1288 2510 transcribit
1319 2481 1378 2510 Dei.
1398 2481 1522 2509 Labores
1555 2481 1639 2516 igitur
1654 2487 1834 2515 capessamus
1850 2484 1883 2507 et

235 2527 363 2563 corporis
378 2533 407 2556 et
421 2527 545 2563 spiritus,
561 2531 590 2555 et
608 2527 634 2554 in
651 2527 770 2555 articulo
787 2527 907 2562 suscepti
923 2527 1027 2555 laboris
1046 2527 1153 2556 secedit
1176 2528 1414 2563 concupiscentia.
1436 2528 1547 2563 Pigrum
1563 2527 1637 2554 enim
1667 2533 1699 2554 ac
1729 2526 1883 2555 socordem

235 2574 461 2610 concupiscentia
486 2574 609 2602 occidit:
635 2581 691 2601 non
718 2575 792 2602 enim
819 2573 916 2600 volunt
948 2581 1047 2601 manus
1064 2574 1124 2609 ejus
1144 2573 1297 2609 quidquam
1329 2574 1450 2609 operari.
1464 2574 1598 2602 Dominus
1611 2573 1766 2601 animarum
1778 2580 1883 2600 aman-

237 2619 360 2647 tissimus
373 2620 430 2647 ait:
456 2629 464 2645 ι
484 2619 513 2647 Si
533 2619 631 2647 oculus
651 2623 717 2647 tuus
743 2619 840 2647 dexter
854 2619 1023 2647 scandalizat
1043 2624 1080 2653 te,
1093 2627 1161 2648 erue
1188 2627 1251 2648 eum
1268 2624 1297 2648 et
1322 2619 1428 2656 projice
1461 2619 1511 2648 abs
1537 2623 1580 2653 te;
1596 2619 1696 2647 melius
1713 2618 1788 2646 enim
1824 2619 1882 2647 tibi

235 2667 281 2698 sit,
303 2666 407 2702 1141
421 2671 452 2693 ut
484 2671 580 2701 pereat
614 2673 700 2694 unum
724 2666 913 2694 membrorum
935 2669 1060 2698 tuorum,
1078 2670 1174 2694 etnon
1192 2669 1280 2694 totum
1293 2673 1395 2701 corpus
1408 2664 1571 2701 projiciatur
1589 2664 1618 2692 in
1639 2664 1795 2700 gehennam
1810 2663 1847 2692 ⁸³.
1867 2675 1878 2691 ι

234 2715 288 2750 Ipsi
302 2714 390 2751 gloria
400 2714 428 2742 in
445 2714 544 2742 saecula
558 2714 735 2742 seculorum.
751 2714 849 2742 Amen.

258 2825 463 2865 "_l‘sal.uxnr.
482 2829 524 2856 i5.
565 2829 592 2865 "7
612 2829 699 2865 Exod.
719 2837 764 2862 xx,
780 2830 823 2865 i7.
862 2829 884 2846 "
908 2829 943 2858 lll
962 2830 1031 2865 Reg.
1054 2837 1099 2858 ιιι
1124 2830 1235 2865 passim.
1275 2830 1297 2846 "
1311 2830 1394 2859 Num.
1410 2837 1447 2861 xr,
1473 2828 1586 2865 passim.
1624 2828 1841 2865 "_»Provj._x_.»4.

234 2863 256 2878 "
271 2863 350 2898 Prov.
366 2863 470 2896 “me,
491 2864 534 2891 12.
572 2864 595 2879 ⁷⁸
619 2864 701 2892 Prov.
728 2873 765 2895 vt,
798 2864 843 2893 25.
882 2865 906 2881 ⁷⁸
923 2865 977 2893 Job
992 2863 1033 2892 in

1086 2865 1111 2892 7.
1124 2863 1132 2865 ’
1149 2865 1194 2892 ⁷³1
1212 2865 1286 2892 Petr.
1303 2873 1332 2898 ιι,
1351 2865 1393 2892 Η.
1431 2864 1456 2881 ¹⁶
1474 2863 1580 2893 Coloss.
1594 2871 1634 2896 nt,
1650 2863 1678 2891 5.
1717 2864 1739 2881 "
1751 2863 1762 2892 l
1775 2863 1882 2891 Thess.

235 2905 272 2926 ιν.
287 2897 312 2924 7.
352 2899 374 2914 ’³
386 2899 465 2926 Rom.
481 2907 518 2931 vn,
534 2898 576 2926 i2.
616 2899 637 2915 "
651 2899 731 2927 Rom.
748 2908 806 2934 xm,
827 2900 867 2928 14.
908 2900 930 2917 ⁸ο
947 2900 1033 2936 Ephet

236 2931 333 2959 Matth.
354 2941 381 2965 ν,
398 2933 443 2960 ‘29.

1088 2920 1095 2934 ,
1115 2900 1143 2928 5.
1181 2901 1202 2916 "
1217 2900 1376 2933 Psal.xvni,
1398 2899 1439 2927 iO.
1491 2898 1514 2916 ⁸¹
1535 2898 1607 2927 Psai.
1624 2906 1716 2934 cxvm,
1738 2899 1802 2927 120.
1842 2898 1869 2914 ⁸³
