1986 3234
237 196 304 230 1055

872 200 1054 230 ANTIOCHI
1075 200 1248 230 MONACHI

1804 194 1881 228 1656

234 252 395 287 dormiscat,
421 254 578 297 destertens
609 255 720 284 interim
749 265 781 285 ac
816 265 932 285 securus
956 266 1028 286 cura:

1083 258 1113 284 ιν
1127 257 1213 292 φόὸῳ,
1229 258 1277 284 καὶ
1296 257 1460 292 ἀγαλλιᾶσθε
1481 256 1556 292 αὐτῷ
1576 256 1606 282 ἔν
1623 255 1727 291 τρόμῳ·
1753 253 1810 285 πᾶς
1823 255 1880 282 ἇν-

234 299 354 327 omnis:
381 300 511 328 omnibus
533 302 607 328 enim
635 311 669 330 ex
696 311 776 338 :eqno
799 305 955 332 viviﬁcator
985 305 1031 333 ille

235 344 357 379 Spiritus
385 345 437 372 hoc
462 346 620 380 prtescribit
647 348 819 375 mandatum.
841 350 887 376 Ait
904 350 978 376 enim
996 350 1030 383 is,

235 397 287 424 per
307 398 339 418 os
362 391 448 418 David
465 399 472 417 :
503 400 512 416 ι
531 392 700 425 Erudimini,
718 401 816 423 clunes
832 395 878 430 qui
900 395 1032 430 judicatis

229 440 343 467 terram,
365 437 468 463 servite
484 437 599 465 Domino
609 438 636 464 in
650 438 758 471 timore,
775 444 803 467 et
816 440 952 468 exsultate
964 441 990 468 ei
1004 441 1031 468 in

235 484 368 513 tremore,
402 483 604 517 apprehendite
639 483 826 519 disciplinam.
858 494 892 513 ne
921 486 1031 520 quando

238 529 378 556 irascatur
394 528 538 561 Dominus,
563 533 591 556 et
619 530 739 563 pereatis
757 529 791 558 de
806 531 850 558 via
871 532 945 566 justa
965 532 1000 558 ’⁸.
1018 541 1028 557 ι

236 573 346 601 Rursus
363 583 370 600 :
389 583 398 599 ι
418 574 494 601 Beati
521 575 568 609 qui
592 575 753 603 custodiunt
773 576 920 611 judicium,
940 582 970 604 et
991 577 1032 606 fa—

233 618 461 653 ciuntjustiliam
474 619 502 646 in
516 620 591 646 omni
604 625 727 654 tempore
739 621 771 647 ".
794 630 802 646 l
815 621 849 647 Et
868 630 874 648 :
896 631 905 646 ι
921 621 949 648 Si
966 629 1030 650 vere

236 665 334 699 utique
347 665 486 699 justitiam
506 665 664 700 loquimini,
679 667 896 701 rectejudicate,
915 668 1030 695 ﬁliiho—

235 711 342 738 min-nn
361 712 380 737 '.
399 720 409 736 ι
442 711 469 738 Si
496 719 560 738 vere
577 711 684 746 utique,
709 720 763 739 non
780 714 971 741 commentitie
998 721 1034 742 ac

233 756 417 788 mendaciter,
430 763 522 790 neque
546 764 605 790 per.
619 757 788 791 hypocrisin.
814 758 921 785 Dixeris
937 767 944 784 ε
961 758 1029 792 quid

233 800 319 836 igitur
337 800 372 828 ad
395 808 439 828 me
464 801 537 828 istud
566 801 666 838 attinet
690 802 863 834 mandatum,
881 803 926 830 cui
952 803 1028 830 nulla

233 846 391 874 concredita
405 846 680 881 functiojudieiariae
704 848 861 882 potestatis,
888 849 935 882 qui
959 848 1029 875 nihil

233 892 326 919 minus
342 900 424 927 quam
436 893 561 928 judicem
575 893 729 927 proﬁteor?
745 894 814 921 Huic
824 894 1024 929 responderim,

233 936 308 965 Deus
327 938 374 972 qui
403 938 542 964 hominem
563 937 700 969 condidit.
714 939 855 966 fecitcum
878 947 935 966 suat
964 947 1024 967 esse

233 983 341 1018 spontis
356 991 389 1011 ac
402 983 484 1010 liberi
505 983 613 1010 arbitrii
630 993 635 1010 :
655 992 784 1019 capacem
803 988 936 1019 prmterea
957 993 1024 1020 pro-

233 1029 317 1064 positi
336 1029 511 1061 alterutnius,
523 1034 570 1056 aut
587 1029 698 1057 virtutis
714 1034 761 1057 aut
774 1031 845 1057 vitii.
856 1030 980 1065 Cumque
996 1030 1024 1057 in

233 1075 330 1103 faciem
362 1075 484 1103 hominis
518 1075 668 1110 inspirans,
697 1076 879 1111 multiplicem
912 1084 1024 1104 sensum

233 1120 390 1153 insevisset,
408 1120 522 1156 perinde
546 1125 628 1156 atque
647 1121 674 1147 in
699 1122 787 1156 agello
807 1122 948 1157 quopiam,
975 1130 1024 1149 ex-

234 1166 391 1202 plessetqne
416 1167 566 1194 satellitum
584 1167 711 1195 ordinem
731 1177 738 1200 ;
765 1168 793 1194 in
816 1168 915 1195 horum
934 1168 1025 1196 medio

232 1211 315 1246 jussit
330 1216 453 1240 mentem
476 1212 601 1240 residere
620 1213 779 1248 primariam
796 1218 879 1248 atque
892 1221 1024 1241 sensuum

235 1257 462 1291 moderatricem,
475 1266 526 1285 ceu
539 1265 632 1293 regem
643 1259 773 1293 stipatum
785 1259 915 1291 satellitio
926 1260 1023 1294 milite,

239 1311 331 1339 regem
361 1304 454 1339 plane,
473 1312 507 1330 ex
532 1304 692 1331 conditione
719 1304 822 1331 bonum
847 1312 880 1332 ac
905 1306 1023 1340 justum.

235 1350 324 1377 Penes
338 1357 400 1376 eum
428 1349 514 1384 igitur
540 1350 654 1377 omnino
675 1354 717 1377 est
738 1349 881 1385 judicandi
899 1351 1023 1384 libertas.

236 1403 291 1430 quo
303 1395 489 1422 discerniculo
504 1395 594 1422 virtus
609 1403 624 1422 a
641 1395 709 1423 vitio
730 1391 931 1431 distinguatur,
958 1401 1024 1432 puta

235 1440 421 1475 temperantia
434 1440 469 1466 ab
485 1440 582 1468 etl'reni
597 1440 729 1474 libidine;
747 1442 883 1477 ingluvies
898 1442 932 1470 ab
947 1451 1027 1470 exer-

235 1486 301 1514 citio
317 1486 505 1517 abstinentize,
531 1487 570 1514 ira
586 1494 601 1514 a
615 1487 840 1520 mansuetudine,
859 1489 949 1516 inanis
965 1489 1026 1524 glo-

237 1533 286 1559 rite
302 1533 364 1560 sitis
381 1533 416 1560 ab
441 1533 609 1560 humilitate.
621 1533 716 1561 Virtus
728 1533 848 1569 denique
872 1535 964 1562 omnis
983 1535 1026 1562 vi-

237 1577 306 1607 tium
334 1577 417 1605 habet
442 1578 486 1606 eui
515 1578 678 1611 reluctetur.
706 1587 762 1614 quo
798 1588 861 1607 cum
889 1580 1062 1620 judiciumc

235 1629 373 1653 exerceat.
387 1624 461 1652 Mens
478 1625 563 1661 igitur
575 1625 597 1653 si
610 1625 743 1653 malitiam
764 1627 941 1658 condemnet,
956 1626 1026 1654 ferat

234 1675 328 1698 autem
351 1680 401 1706 pro
434 1671 537 1700 virtute
568 1672 749 1705 sententiam,
777 1664 854 1700 recte
879 1673 1024 1708 judicavit,

235 1715 357 1749 fecitque
370 1717 506 1750 judicium
529 1721 557 1743 ct
571 1717 721 1752 justitiam.
739 1718 818 1750 Quod
832 1719 853 1745 si
871 1726 920 1753 per
933 1718 1028 1746 immo-

235 1761 362 1789 deratam
392 1762 580 1797 sumptionem
617 1763 674 1790 vini
704 1763 822 1797 seipsam
856 1763 958 1797 fugerit
996 1771 1029 1790 ac

237 1807 377 1839 nescierit,
392 1808 519 1843 prolapsa
534 1809 590 1843 jam
606 1813 650 1836 est
663 1817 678 1836 a
691 1808 858 1836 rectitudine
872 1809 983 1844 judicii,
999 1812 1029 1836 ut

238 1853 283 1881 ille
297 1854 364 1880 olim
387 1854 532 1887 Ocllozias,
544 1862 576 1882 ac
595 1855 695 1882 misere
709 1859 826 1890 :egrotat
849 1855 1029 1890 aagrotatione

1084 303 1193 338 θρωπος
1207 303 1341 337 δράξασθι
1358 302 1493 335 παιδείας,
1506 302 1611 337 μήποτε
1629 300 1745 335 ὀργισθῇ
1759 301 1877 335 Κύριος.

1083 348 1130 375 καὶ
1141 348 1286 375 (incidat):
1299 348 1328 381 ἐξ
1339 347 1400 374 ὀδοῦ
1413 347 1531 376 δικαίας.
1551 356 1560 372 ι
1577 347 1632 372 Καὶ
1643 345 1736 376 πάλιν.
1751 355 1761 371 ι
1778 346 1880 372 Μακά-

1083 403 1136 430 ριοι
1158 395 1183 421 οί
1199 394 1383 429 φυλάσσοντες
1398 394 1500 429 κρίσιν.
1517 393 1565 419 καὶ
1582 392 1722 422 ποιοῦντες
1739 390 1881 418 δικαιοσύ-

1083 449 1132 474 νην
1146 441 1174 466 ὲν
1187 439 1271 467 παναὶ
1287 439 1386 475 καιρῷ,
1402 450 1410 466 ι
1428 440 1494 471 Καὶ,
1510 448 1518 464 ι
1535 438 1567 464 Εἰ
1577 437 1686 472 άληθῶς
1697 437 1754 470 ἄρα
1767 436 1879 462 δικαιο-
1931 436 1934 439 ⁴

1083 485 1167 520 σύνην
1178 485 1295 518 λαλιίτε,
1309 486 1392 512 εὐθέα
1405 485 1529 520 κρίνατε.
1543 483 1596 510 υἱοὶ
1607 483 1662 509 τῶν
1681 482 1849 517 ἀνθρώπων.
1866 491 1876 507 ι

1082 533 1114 558 Et
1126 531 1234 566 ἀληθῶς
1250 531 1317 566 ἄρα,
1339 532 1385 558 καὶ
1404 531 1442 566 μὴ
1460 530 1570 565 ψεῦδος,
1589 529 1657 564 μηδὲ
1675 529 1738 555 καθ’
1754 529 1879 561 ὑπόκρι-

1083 586 1137 604 σιν.
1153 577 1185 604 Τί
1197 576 1256 610 οὖν,
1269 577 1363 612 φησὶν,
1381 577 1450 611 πρός
1467 585 1512 611 με,
1531 576 1577 602 τὸν
1592 575 1629 610 μὴ
1643 573 1879 609 ἐμπεπιστευμὲ-

1081 631 1126 650 νον
1142 622 1304 657 δικαστικὴν
1326 622 1432 657 ἁρχήνς
1452 621 1489 647 τὸ
1510 620 1698 656 παράγγελμα
1711 619 1795 646 τοῦτο
1817 619 1879 652 ἐγώ

1082 677 1124 695 σοι
1135 668 1200 702 ἐρῶ·
1219 668 1248 694 ’0
1259 667 1326 699 Θεὸς
1337 668 1351 693 6
1365 667 1462 698 κτίσας
1473 666 1520 693 τὸν
1531 666 1686 702 ἄνθρωπον,
1695 665 1880 697 αὐτεξούσιον

1081 711 1163 739 αὐτὸν
1188 713 1329 747 ἐποίησεν,
1347 711 1473 738 δεκτικὸν
1499 710 1663 745 προσϐολῆς,
1692 710 1808 745 ἀρετῆς.
1826 709 1879 736 καὶ

1081 759 1191 790 κακίας.
1215 758 1354 789 Φυτεύσας
1366 757 1395 784 δὲ
1411 757 1463 788 τὰς
1477 756 1586 787 πλείους
1600 756 1754 790 αίσθήσεις,
1776 755 1878 789 ὥσπερ

1080 803 1110 829 ἂν
1127 795 1216 838 μικρῷ
1232 811 1286 829 τινι
1303 803 1411 838 χωρίῳ,
1423 803 1456 837 τῇ
1474 801 1535 836 ὕψει
1552 801 1711 836 δορυφόρων
1731 801 1812 833 τάξιν
1831 801 1880 826 ὲκ-

1079 848 1248 884 πληρούσας,
1262 847 1413 883 ὶνορονίζει
1428 847 1535 879 αὑταῖς,
1554 845 1650 881 ὥσπερ
1670 845 1784 880 βασιλέα.
1803 846 1879 878 ἀγα-

1079 894 1126 922 θὸν
1148 894 1197 921 καὶ
1222 893 1337 926 δίκαιον,
1358 893 1404 920 τὸν
1424 893 1546 928 ἡγεμόνα
1581 892 1656 919 νοῦν.
1678 891 1810 926 Κρίνεται
1827 890 1879 918 οὖν

1077 941 1187 972 πάντως
1222 940 1309 975 ἀρετὴ
1334 939 1382 966 καὶ
1409 940 1504 970 κακία,
1529 939 1679 970 τουτέστιν,
1706 937 1876 972 σωφροσύνη

1076 985 1123 1012 καὶ
1145 986 1288 1018 ἀκολασία,
1318 985 1528 1020 γαστριμαργία
1554 984 1602 1011 καὶ
1635 983 1753 1017 ἄσκησις
1784 983 1878 1017 θυμὸς

1075 1028 1122 1056 καὶ
1145 1030 1268 1064 πραότης
1298 1028 1437 1061 κενοδοξία
1462 1028 1510 1055 καὶ
1533 1027 1770 1062 ταπεινοφροσύνη
1791 1036 1798 1042 ·
1824 1027 1878 1054 καὶ

1076 1075 1169 1107 ἁπλῶς
1184 1076 1262 1102 πᾶσα
1279 1075 1364 1110 ἀρετὴ
1391 1075 1472 1110 δίκην
1498 1074 1556 1110 ἔχει
1580 1074 1649 1109 πρὸς
1674 1074 1724 1108 τὴν
1749 1073 1876 1100 ἀντιδια-

1077 1120 1258 1155 στελ).ομένην
1272 1120 1343 1155 αὐτῇ
1359 1120 1470 1147 κακίαν.
1494 1119 1557 1146 Ἐὰν
1571 1117 1618 1146 οὖν
1628 1119 1642 1145 ὁ
1657 1118 1720 1149 νοῦς
1735 1118 1875 1153 κατακρί-

1075 1172 1109 1200 νῃ
1128 1166 1176 1200 τὴν
1191 1166 1302 1198 κακίαν,
1315 1165 1453 1200 δικαιώσῃ
1475 1165 1504 1192 δὲ
1515 1165 1564 1200 τὴν
1578 1165 1689 1200 ἀρετὴν,
1701 1164 1785 1191 εὐθέα
1799 1165 1876 1199 ἔκρο-

1076 1219 1131 1244 νιν,
1150 1211 1199 1238 καὶ
1224 1211 1360 1246 ἐφύλαξεν
1376 1213 1464 1246 κρῖμα
1482 1212 1529 1238 καὶ
1545 1211 1731 1246 δικαιοσύνην.
1748 1211 1780 1236 El
1796 1211 1826 1236 δὲ
1841 1211 1874 1237 ἐκ

1077 1258 1246 1289 πολυποσίας
1269 1258 1432 1292 ἐπιλάθηται
1455 1257 1571 1289 ἑαυτοῦ,
1593 1257 1687 1284 πιπτει
1711 1258 1743 1283 ὲκ
1766 1256 1816 1283 τοῦ
1831 1257 1874 1282 δι-

1076 1303 1168 1335 καίου,
1189 1303 1227 1334 ὡς
1245 1303 1381 1338 Ὀχοζίας,
1399 1305 1445 1330 καὶ
1466 1305 1604 1339 ἀρρωστεῑ
1621 1303 1782 1338 ἀρρωστίαν
1801 1303 1874 1337 πρὸς

1077 1350 1203 1383 θάνατον,
1218 1351 1358 1376 τουτέστιν
1374 1350 1486 1377 ἀπόλλει
1496 1350 1545 1385 τὴν
1558 1350 1709 1384 διάκρισιν,
1726 1349 1776 1376 καὶ
1791 1349 1872 1376 δίδω-

1077 1404 1120 1422 σιν
1134 1396 1184 1432 τὴν
1194 1396 1315 1424 νικῶσαν
1324 1396 1416 1432 ψῆφον
1428 1398 1460 1432 τῇ
1473 1396 1569 1431 κακίᾳ,
1581 1396 1629 1422 καὶ
1641 1395 1812 1429 ἀποθνήσκει
1826 1395 1874 1420 τὸν

1077 1442 1186 1470 αἰώνιον
1202 1442 1328 1470 θάνατον.
1347 1443 1460 1474 Τούτοις
1473 1442 1501 1469 δὲ
1517 1443 1704 1477 ἐπιμαρτυρεῖ
1726 1441 1775 1467 καὶ
1788 1442 1802 1466 6
1815 1440 1874 1466 Κύ-

1079 1497 1148 1524 ριος,
1162 1489 1261 1523 λέγων.
1285 1499 1294 1514 ι
1314 1489 1346 1515 Τί
1362 1489 1390 1516 δὶ
1408 1489 1455 1515 καὶ
1471 1489 1518 1523 ἀφ’
1535 1488 1640 1515 ἑαυτῶν
1664 1488 1695 1514 οὐ
1716 1487 1828 1522 κρίνετε
1843 1487 1874 1513 τὸ

1077 1533 1217 1565 δίκαιον;»
1243 1533 1287 1564 Ὦς
1303 1533 1357 1568 γὰρ
1374 1534 1492 1565 ὑπάγεις
1515 1533 1584 1567 μετὰ
1598 1531 1646 1558 τοῦ
1668 1531 1807 1558 ἀντιδίκου
1825 1539 1874 1557 σου

1078 1578 1122 1605 ἐπ’
1138 1579 1268 1614 ἄρχοντα,
1290 1580 1319 1605 ἐν
1338 1580 1371 1614 τῇ
1396 1578 1448 1614 ὸδῴ
1469 1578 1513 1609 δὸς
1536 1578 1668 1613 ἐργασίαν
1695 1577 1875 1611 ἀπηλλάχθαι

1079 1623 1127 1650 ἀπ’
1143 1623 1370 1658 αὑτοῦ.“μήποτε
1400 1623 1540 1658 κατασύρῃ
1565 1632 1594 1650 σε
1611 1623 1680 1657 πρὸς
1695 1622 1741 1648 τὸν
1761 1622 1873 1657 κριτὴν,

1077 1669 1126 1696 καὶ
1151 1670 1165 1696 6
1189 1670 1285 1705 κριτὴς
1315 1669 1464 1705 παραδώσῃ
1488 1678 1518 1696 σε
1542 1669 1582 1703 τῷ
1605 1670 1771 1704 πράκτωρι,
1797 1669 1846 1694 καὶ
1861 1668 1875 1693 6

1076 1715 1210 1750 πράκτωρ
1229 1715 1296 1750 βάλῃ
1322 1724 1352 1742 σε
1378 1717 1418 1747 εἰς
1438 1715 1573 1750 φυλακήν.
1594 1715 1680 1749 Ἀμὴν
1702 1715 1779 1748 ἀμὴν
1801 1714 1874 1747 λέγω

1078 1769 1129 1794 σοι,
1146 1761 1177 1788 οὐ
1198 1761 1235 1797 μὴ
1254 1761 1364 1797 ἐξέλθῃς
1380 1761 1485 1788 ἐκεῖθεν
1499 1762 1552 1792 ἓως
1565 1758 1596 1787 οὗ
1611 1760 1718 1795 ἁποίῷς
1734 1759 1781 1786 τὸν
1791 1759 1876 1794 ἐσχα-

1077 1815 1123 1833 τον
1141 1808 1303 1843 κοδράντην.
1322 1807 1433 1843 Αὖτῷὴ
1458 1807 1523 1840 δόξα
1539 1807 1577 1842 τῷ
1600 1807 1673 1842 μόνῳ
1696 1807 1874 1841 δικαιοκριτῇ

1078 1853 1190 1888 Χριστῷ
1206 1853 1245 1884 είς
1258 1853 1322 1885 τοὺς
1336 1853 1449 1884 αἰῶνας.
1470 1853 1568 1887 Ἀμήν.

236 1901 271 1928 ad
287 1907 403 1929 mortem
417 1904 451 1929 ἐ
481 1902 534 1930 hoc
559 1907 611 1934 est,
631 1902 748 1930 descivit
763 1910 778 1929 a
802 1903 877 1937 justo
909 1901 1026 1929 rationis
1042 1899 1160 1936 judicio,
1182 1900 1311 1935 ultroque
1344 1901 1455 1928 malitia:
1479 1900 1563 1927 cessit
1593 1899 1724 1934 palmaris
1747 1898 1876 1925 victoris

237 1950 381 1979 tesseram,
396 1955 428 1975 ac
445 1956 475 1976 se
492 1953 602 1976 αισι-ηαξ
621 1948 703 1976 morti
722 1948 838 1976 addixit.
856 1948 919 1975 litec
952 1947 1086 1975 Dominus
1117 1954 1168 1973 suo
1193 1947 1292 1973 astruit
1313 1946 1485 1978 testimonio,
1513 1946 1628 1972 dicens:
1645 1954 1654 1970 ι
1673 1944 1731 1971 Cur
1747 1948 1844 1971 autem
1860 1951 1876 1971 α

238 1993 386 2028 vobisipsis
414 2002 468 2021 non
494 1994 636 2029 judicatnr
667 1995 741 2030 quod
762 1996 868 2030 justum
895 1998 938 2021 est
968 1994 995 2021 ’τ
1013 2003 1022 2020 ι
1043 1992 1159 2026 Quando
1174 1993 1252 2020 vadis
1266 2001 1328 2020 cum
1343 1992 1502 2020 adversario
1520 1997 1568 2020 tuo
1597 1991 1631 2018 ad
1660 1991 1830 2026 principem,
1849 1991 1877 2018 in

237 2039 281 2066 via
296 2039 330 2067 da
347 2048 461 2076 operam
484 2040 596 2069 liberari
609 2041 644 2068 ab
661 2048 706 2074 eo,
740 2041 888 2076 nequando
904 2039 995 2068 trahat
1019 2044 1046 2066 te
1079 2038 1112 2065 ad
1126 2038 1261 2074 judiceln,
1285 2044 1313 2066 et
1334 2039 1419 2074 judex
1437 2037 1527 2065 tradat
1544 2042 1571 2065 te
1597 2037 1707 2069 tortori,
1730 2043 1759 2065 et
1785 2042 1879 2065 tortor

238 2085 328 2113 mittat
347 2091 372 2114 te
390 2087 417 2114 in
435 2095 585 2114 carcerem.
604 2087 690 2114 Amen
716 2095 796 2114 amen
811 2087 874 2114 dico
887 2087 949 2119 tibi,
968 2094 1024 2114 non
1041 2086 1131 2114 exibis
1168 2085 1246 2113 illine
1277 2085 1368 2114 donec
1390 2085 1546 2114 reddideris
1575 2084 1759 2112 novissimum
1803 2093 1878 2121 qua-

237 2132 364 2159 drantem
378 2133 398 2160 ⁸.
411 2133 465 2167 ipsi
489 2133 575 2167 gloria
597 2133 648 2160 soli
658 2133 735 2168 justo
749 2132 837 2168 judici
849 2132 960 2161 Christo
990 2133 1018 2160 in
1038 2133 1148 2161 saecula.
1163 2133 1262 2161 Amen.

426 2202 531 2238 1143
549 2201 691 2230 HOMILIA
719 2201 838 2230 LXXVI.

504 2258 542 2293 De
549 2259 624 2296 juxta
637 2268 773 2286 mensum.

273 2315 338 2349 Quae
355 2316 428 2350 justa
456 2319 522 2343 sunt
547 2315 651 2348 omnia,
671 2323 804 2350 perquam
818 2317 951 2344 amabilia
968 2317 1026 2345 Deo

237 2365 305 2388 sunt
317 2365 345 2387 ct
357 2349 484 2394 accepta.
498 2360 533 2388 Ut
548 2361 622 2387 enim
639 2349 799 2395 aequitatem
823 2361 931 2396 judicii,
947 2362 984 2389 ita
998 2367 1028 2390 et
1042 2349 1065 2380 ί)

238 2406 267 2433 in
291 2405 431 2432 tnetiendo
457 2410 594 2433 servatam
611 2406 749 2440 justitiam
775 2406 865 2441 diligit
882 2407 965 2434 Deus.
979 2407 1029 2435 Ju-

237 2455 300 2478 stus
318 2451 392 2478 enim
408 2459 471 2478 cum
485 2451 531 2481 sit.
549 2451 576 2478 in
600 2451 626 2478 id
644 2451 760 2486 respicit
774 2452 938 2484 clementer,
954 2454 1030 2488 quod

235 2497 342 2533 justum
362 2501 414 2524 est.
433 2497 500 2524 Jnre
518 2497 603 2530 igitur
615 2497 693 2532 jubet
709 2497 853 2531 Scriptura
867 2499 1030 2527 servandam

238 2551 299 2570 esse
313 2543 472 2577 aequitatem
483 2543 653 2578 etponderis
667 2548 696 2571 et
711 2550 855 2570 mensurae.
868 2544 878 2559 '
888 2543 1030 2574 Nefarium

239 2595 356 2622 prorsus
393 2592 477 2621 atque
514 2595 625 2615 omnem
665 2595 823 2624 expurgatis
855 2589 1031 2624 iniquitatem

239 2639 283 2662 est
301 2633 426 2668 duplices
437 2634 540 2661 habere
553 2642 708 2666 mensuras,
722 2643 834 2670 parvam
848 2642 876 2664 et
891 2644 1029 2672 magnam.

240 2679 319 2708 Unde
348 2685 376 2707 et
403 2680 540 2715 propheta
562 2682 656 2713 Amos,
673 2682 810 2717 ejusmodi
835 2683 1030 2718 immorigeros

240 2733 293 2753 nec
307 2725 383 2754 dicto
398 2725 546 2754 audientes
560 2726 688 2754 indicans
708 2728 790 2764 longe
813 2736 876 2756 esse
903 2729 1030 2756 miserri-

241 2779 302 2799 mos
317 2780 324 2799 :
346 2781 356 2798 ι
372 2771 419 2800 Va:
442 2772 481 2806 ei,
493 2772 544 2805 ait,
561 2773 609 2808 qui
636 2772 779 2801 desiderat
804 2774 879 2802 diem
895 2774 1028 2808 Domini;

277 2870 301 2886 "
311 2870 383 2898 Psal.
396 2878 425 2901 ιι,
442 2871 534 2897 10-12.
572 2872 594 2887 ’⁸
612 2870 683 2898 Psal.
699 2878 741 2903 cv,
758 2871 784 2897 3.
823 2871 830 2886 '
845 2871 915 2898 Psal.
937 2879 1000 2904 Min,
1017 2872 1044 2898 2.

243 2903 254 2919 '
273 2904 340 2932 Luc.
355 2913 391 2938 vr,
405 2905 450 2932 58.

1373 2201 1482 2229 ΛΟΓΟΣ
1511 2202 1580 2235 oq'.

1311 2258 1379 2293 Περὶ
1407 2258 1637 2293 δικαιομετρίας.

1115 2316 1209 2343 Πάντα
1222 2315 1257 2342 τὰ
1279 2315 1372 2342 δίκαια
1393 2314 1506 2349 θεόφιλα
1533 2315 1581 2341 καὶ
1603 2314 1748 2350 εὖάρεστσ.
1767 2314 1879 2350 Ὠσπερ

1077 2361 1134 2396 γὰρ
1147 2362 1197 2397 τὴν
1210 2361 1413 2394 δικαιοκρισίαν
1427 2361 1524 2396 ἀγαπᾷ
1541 2361 1555 2387 6
1569 2360 1646 2392 Θεὸς,
1660 2360 1749 2391 οὕτως
1762 2361 1813 2386 καὶ
1825 2360 1878 2396 τὴν

1077 2407 1297 2442 δικαιομετρίαν.
1320 2407 1431 2437 Δίκαιος
1460 2406 1516 2440 γὰρ
1549 2405 1597 2438 ὣν,
1619 2406 1731 2440 προνοεῖ
1761 2405 1810 2431 τοῦ
1826 2400 1880 2432 ’δι-

1078 2451 1168 2479 καίου.
1200 2451 1322 2482 Εἰκότως
1347 2448 1394 2477 οὖν
1420 2451 1436 2485 ἡ
1464 2450 1484 2476 Γ
1487 2449 1560 2485 ραφὴ
1589 2449 1778 2483 παραγγέλλει
1809 2450 1880 2484 περὶ

1079 2497 1257 2531 ίσοσταθμίας
1278 2497 1324 2524 καὶ
1347 2496 1523 2531 ίσομετρίας·
1544 2496 1675 2530 ἀθέμιτον
1695 2496 1752 2530 γάρ
1786 2496 1879 2530 ἐστιν,

1080 2543 1128 2570 καὶ
1156 2544 1247 2579 πάσης
1270 2544 1379 2575 ἀδικίας
1405 2543 1546 2575 ἐπέκεινα,
1560 2543 1641 2569 δισσὰ
1668 2543 1758 2578 μέτρα
1785 2543 1878 2577 ἔχειν,

1081 2588 1181 2624 μικρὸν
1196 2589 1244 2615 καὶ
1257 2590 1338 2624 μέγα.
1355 2589 1436 2616 Ὅθεν
1449 2589 1497 2615 καὶ
1514 2590 1528 2615 6
1544 2589 1690 2623 προφήτης
1710 2588 1803 2622 Ἀμώς
1819 2597 1880 2623 φη-

1081 2642 1134 2666 σιν,
1147 2634 1297 2667 ταλανίζων
1320 2635 1386 2666 τοὺς
1401 2635 1554 2668 ἀνηκόους,
1573 2643 1583 2660 ι
1601 2634 1672 2661 οὐαὶ
1692 2634 1706 2659 6
1727 2633 1880 2668 ἐπιθυμῶν

1079 2680 1130 2716 τὴν
1156 2681 1266 2716 ἡμέραν
1293 2681 1407 2716 Κυρίου,
1429 2681 1476 2708 καὶ
1495 2680 1565 2715 αὕτη
1587 2679 1662 2706 ἐστὶν
1689 2679 1785 2711 σκότος
1800 2688 1807 2695 ·
1826 2679 1878 2706 τοῦ

1080 2729 1191 2764 ποιῆσαι
1207 2728 1305 2764 μικρὸν
1323 2729 1436 2764 μέτρον.
1448 2728 1496 2754 καὶ
1507 2727 1590 2762 ζυγὸν
1601 2727 1702 2755 ἄδικον.
1722 2735 1732 2752 ι
1754 2721 1879 2761 ὀμοίως

1080 2776 1148 2806 uate
1163 2775 1297 2810 Μιχαίας,
1316 2783 1326 2800 r
1346 2775 1378 2802 Et
1390 2773 1617 2809 δικαιωθήσεται,
1634 2773 1732 2807 λέγων,
1750 2772 1780 2798 ἑν
1795 2771 1879 2807 ζυγῷ

1083 2872 1129 2900 'IV
1145 2873 1211 2908 Reg.
1226 2880 1244 2906 I,
1257 2871 1283 2900 2.
1323 2872 1334 2888 ³
1352 2871 1419 2899 Luc.
1438 2879 1485 2903 ιιι,
1506 2871 1551 2898 57.
1591 2871 1600 2885 ⁸
1616 2869 1710 2898 Matth.
1723 2876 1750 2901 ν,
1767 2869 1813 2901 25,
1827 2869 1865 2897 ‘26
