  <div class='ocr_page' id='page_1' title='image "/cluster/home/n/w/nwhite01/storage/ocr_20150623/89/njp.32101064224908/840.png"; bbox 0 0 1986 3234; ppageno 0'>
   <div class='ocr_carea' id='block_1_1' title="bbox 107 205 173 238">
    <p class='ocr_par' dir='ltr' id='par_1_1' title="bbox 107 205 173 238">
     <span class='ocr_line' id='line_1_1' title="bbox 107 205 173 238; baseline -0.015 0"><span class='ocrx_word' id='word_1_1' title='bbox 107 205 173 238; x_wconf 72' lang='lat'><strong>1557</strong></span> 
     </span>
    </p>
   </div>
   <div class='ocr_carea' id='block_1_2' title="bbox 560 207 1291 245">
    <p class='ocr_par' dir='ltr' id='par_1_2' title="bbox 560 207 1291 245">
     <span class='ocr_line' id='line_1_2' title="bbox 560 207 1291 245; baseline 0.005 -8"><span class='ocrx_word' id='word_1_2' title='bbox 560 207 726 237; x_wconf 68' lang='lat' dir='ltr'><strong>HOMILIA</strong></span> <span class='ocrx_word' id='word_1_3' title='bbox 745 208 890 239; x_wconf 80' lang='lat' dir='ltr'><strong>LXXVII.</strong></span> <span class='ocrx_word' id='word_1_4' title='bbox 909 221 944 226; x_wconf 82' lang='grc'><strong>-</strong></span> <span class='ocrx_word' id='word_1_5' title='bbox 966 209 1014 238; x_wconf 90' lang='lat' dir='ltr'><strong>DE</strong></span> <span class='ocrx_word' id='word_1_6' title='bbox 1033 209 1291 245; x_wconf 66' lang='grc' dir='ltr'><strong>ΡίΕΝΙΤΕΝΤΙΑ.</strong></span> 
     </span>
    </p>
   </div>
   <div class='ocr_carea' id='block_1_3' title="bbox 1666 211 1736 244">
    <p class='ocr_par' dir='ltr' id='par_1_3' title="bbox 1666 211 1736 244">
     <span class='ocr_line' id='line_1_3' title="bbox 1666 211 1736 244; baseline 0.014 -1"><span class='ocrx_word' id='word_1_7' title='bbox 1666 211 1736 244; x_wconf 69' lang='grc' dir='ltr'>Ῑὶἶιδ</span> 
     </span>
    </p>
   </div>
   <div class='ocr_carea' id='block_1_4' title="bbox 103 263 899 302">
    <p class='ocr_par' dir='ltr' id='par_1_4' title="bbox 103 263 892 300">
     <span class='ocr_line' id='line_1_4' title="bbox 103 263 892 300; baseline -0.004 -7"><span class='ocrx_word' id='word_1_8' title='bbox 103 267 214 300; x_wconf 71' lang='grc' dir='ltr'>ἂ-ιομος,</span> <span class='ocrx_word' id='word_1_9' title='bbox 237 264 284 291; x_wconf 75' lang='grc' dir='ltr'><strong>καὶ</strong></span> <span class='ocrx_word' id='word_1_10' title='bbox 316 264 346 291; x_wconf 65' lang='grc' dir='ltr'>ἐν</span> <span class='ocrx_word' id='word_1_11' title='bbox 376 264 528 300; x_wconf 71' lang='grc' dir='ltr'>μαρσίππῳ</span> <span class='ocrx_word' id='word_1_12' title='bbox 563 263 683 299; x_wconf 76' lang='grc' dir='ltr'><strong>σταθμία</strong></span> <span class='ocrx_word' id='word_1_13' title='bbox 715 264 802 291; x_wconf 88' lang='grc' dir='ltr'>δόλου.</span> <span class='ocrx_word' id='word_1_14' title='bbox 823 274 832 290; x_wconf 84' lang='grc'><strong>›</strong></span> <span class='ocrx_word' id='word_1_15' title='bbox 851 264 892 290; x_wconf 69' lang='grc' dir='ltr'>Τὰ</span> 
     </span>
    </p>
   </div>
   <div class='ocr_carea' id='block_1_5' title="bbox 951 263 1735 302">
    <p class='ocr_par' dir='ltr' id='par_1_5' title="bbox 955 266 1735 302">
     <span class='ocr_line' id='line_1_5' title="bbox 955 266 1735 302; baseline 0.003 -10"><span class='ocrx_word' id='word_1_16' title='bbox 955 273 1002 300; x_wconf 88' lang='lat' dir='ltr'><strong>psa</strong></span> <span class='ocrx_word' id='word_1_17' title='bbox 1019 266 1094 293; x_wconf 86' lang='lat' dir='ltr'><strong>enim</strong></span> <span class='ocrx_word' id='word_1_18' title='bbox 1113 270 1156 294; x_wconf 88' lang='lat' dir='ltr'><strong>est</strong></span> <span class='ocrx_word' id='word_1_19' title='bbox 1174 266 1297 294; x_wconf 72' lang='lat' dir='ltr'><strong>tenebrae</strong></span> <span class='ocrx_word' id='word_1_20' title='bbox 1309 267 1318 283; x_wconf 90' lang='lat'>&#39;</span> <span class='ocrx_word' id='word_1_21' title='bbox 1334 276 1340 293; x_wconf 92' lang='lat'>:</span> <span class='ocrx_word' id='word_1_22' title='bbox 1358 271 1389 293; x_wconf 90' lang='lat' dir='ltr'><strong>ut</strong></span> <span class='ocrx_word' id='word_1_23' title='bbox 1412 267 1495 295; x_wconf 86' lang='lat' dir='ltr'><strong>faciat</strong></span> <span class='ocrx_word' id='word_1_24' title='bbox 1515 275 1630 302; x_wconf 77' lang='lat' dir='ltr'><strong>parvum</strong></span> <span class='ocrx_word' id='word_1_25' title='bbox 1656 275 1735 294; x_wconf 90' lang='lat' dir='ltr'><strong>men-</strong></span> 
     </span>
    </p>
   </div>
   <div class='ocr_carea' id='block_1_6' title="bbox 103 310 893 345">
    <p class='ocr_par' dir='ltr' id='par_1_6' title="bbox 103 310 893 345">
     <span class='ocr_line' id='line_1_6' title="bbox 103 310 893 345; baseline -0.003 -7"><span class='ocrx_word' id='word_1_26' title='bbox 103 311 174 338; x_wconf 69' lang='grc' dir='ltr'>αὐτὰ</span> <span class='ocrx_word' id='word_1_27' title='bbox 194 312 241 337; x_wconf 75' lang='grc' dir='ltr'><strong>καὶ</strong></span> <span class='ocrx_word' id='word_1_28' title='bbox 261 313 274 338; x_wconf 81' lang='grc' dir='ltr'><strong><em>ὁ</em></strong></span> <span class='ocrx_word' id='word_1_29' title='bbox 293 311 466 345; x_wconf 79' lang='grc' dir='ltr'>Ψαλμῳδός·</span> <span class='ocrx_word' id='word_1_30' title='bbox 486 320 496 336; x_wconf 74' lang='grc' dir='ltr'><strong>ι</strong></span> <span class='ocrx_word' id='word_1_31' title='bbox 513 310 629 341; x_wconf 75' lang='grc' dir='ltr'>Ψευδεῖς</span> <span class='ocrx_word' id='word_1_32' title='bbox 653 310 709 344; x_wconf 83' lang='grc' dir='ltr'>γάρ</span> <span class='ocrx_word' id='word_1_33' title='bbox 737 312 807 336; x_wconf 79' lang='grc' dir='ltr'>εἰσιν</span> <span class='ocrx_word' id='word_1_34' title='bbox 839 311 893 336; x_wconf 73' lang='grc' dir='ltr'>υἱοὶ</span> 
     </span>
    </p>
   </div>
   <div class='ocr_carea' id='block_1_7' title="bbox 103 355 893 391">
    <p class='ocr_par' dir='ltr' id='par_1_7' title="bbox 103 355 893 391">
     <span class='ocr_line' id='line_1_7' title="bbox 103 355 893 391; baseline -0.001 -8"><span class='ocrx_word' id='word_1_35' title='bbox 103 357 157 384; x_wconf 82' lang='grc' dir='ltr'><strong>τῶν</strong></span> <span class='ocrx_word' id='word_1_36' title='bbox 170 357 334 391; x_wconf 81' lang='grc' dir='ltr'>ἀνθρώπων,</span> <span class='ocrx_word' id='word_1_37' title='bbox 349 356 378 382; x_wconf 73' lang='grc' dir='ltr'>ἐν</span> <span class='ocrx_word' id='word_1_38' title='bbox 391 356 484 390; x_wconf 76' lang='grc' dir='ltr'>ζυγοῖς</span> <span class='ocrx_word' id='word_1_39' title='bbox 499 355 547 382; x_wconf 84' lang='grc' dir='ltr'>τοῦ</span> <span class='ocrx_word' id='word_1_40' title='bbox 569 355 709 390; x_wconf 78' lang='grc' dir='ltr'>ἀδικῆσαι.</span> <span class='ocrx_word' id='word_1_41' title='bbox 729 365 738 381; x_wconf 78' lang='grc' dir='ltr'><strong>ι</strong></span> <span class='ocrx_word' id='word_1_42' title='bbox 753 356 810 382; x_wconf 71' lang='grc' dir='ltr'>Καὶ</span> <span class='ocrx_word' id='word_1_43' title='bbox 837 356 893 382; x_wconf 83' lang='grc' dir='ltr'>δει-</span> 
     </span>
    </p>
   </div>
   <div class='ocr_carea' id='block_1_8' title="bbox 103 401 893 437">
    <p class='ocr_par' dir='ltr' id='par_1_8' title="bbox 103 401 893 437">
     <span class='ocr_line' id='line_1_8' title="bbox 103 401 893 437; baseline -0.003 -8"><span class='ocrx_word' id='word_1_44' title='bbox 103 402 194 430; x_wconf 68' lang='grc' dir='ltr'>κνύων</span> <span class='ocrx_word' id='word_1_45' title='bbox 206 402 246 429; x_wconf 84' lang='grc' dir='ltr'>ὅτι</span> <span class='ocrx_word' id='word_1_46' title='bbox 257 403 306 436; x_wconf 84' lang='grc' dir='ltr'>τῆς</span> <span class='ocrx_word' id='word_1_47' title='bbox 315 401 472 434; x_wconf 75' lang='grc' dir='ltr'><strong>πλεονεξίας</strong></span> <span class='ocrx_word' id='word_1_48' title='bbox 487 402 561 427; x_wconf 77' lang='grc' dir='ltr'>ἐστὶν</span> <span class='ocrx_word' id='word_1_49' title='bbox 575 401 606 428; x_wconf 82' lang='grc' dir='ltr'>τὸ</span> <span class='ocrx_word' id='word_1_50' title='bbox 617 401 733 435; x_wconf 80' lang='grc' dir='ltr'>νόσημα,</span> <span class='ocrx_word' id='word_1_51' title='bbox 742 401 815 437; x_wconf 75' lang='grc' dir='ltr'><strong>[καὶ]</strong></span> <span class='ocrx_word' id='word_1_52' title='bbox 831 402 893 427; x_wconf 85' lang='grc' dir='ltr'>ὲπι-</span> 
     </span>
    </p>
   </div>
   <div class='ocr_carea' id='block_1_9' title="bbox 103 446 894 483">
    <p class='ocr_par' dir='ltr' id='par_1_9' title="bbox 103 446 894 483">
     <span class='ocr_line' id='line_1_9' title="bbox 103 446 894 483; baseline -0.003 -9"><span class='ocrx_word' id='word_1_53' title='bbox 103 449 192 483; x_wconf 79' lang='grc' dir='ltr'>φέρει,</span> <span class='ocrx_word' id='word_1_54' title='bbox 213 457 223 473; x_wconf 75' lang='grc' dir='ltr'><strong>ι</strong></span> <span class='ocrx_word' id='word_1_55' title='bbox 240 448 322 474; x_wconf 77' lang='grc' dir='ltr'>Αὐτοὶ</span> <span class='ocrx_word' id='word_1_56' title='bbox 338 449 370 474; x_wconf 82' lang='grc' dir='ltr'><strong>ὲκ</strong></span> <span class='ocrx_word' id='word_1_57' title='bbox 386 448 566 483; x_wconf 76' lang='grc' dir='ltr'><strong>ματαιότητος</strong></span> <span class='ocrx_word' id='word_1_58' title='bbox 579 448 625 474; x_wconf 70' lang='grc' dir='ltr'><strong>ἐπὶ</strong></span> <span class='ocrx_word' id='word_1_59' title='bbox 637 447 667 474; x_wconf 85' lang='grc' dir='ltr'><strong>τὺ</strong></span> <span class='ocrx_word' id='word_1_60' title='bbox 683 447 749 474; x_wconf 72' lang='grc' dir='ltr'>αὐτὸ</span> <span class='ocrx_word' id='word_1_61' title='bbox 767 447 804 482; x_wconf 86' lang='grc' dir='ltr'>μὴ</span> <span class='ocrx_word' id='word_1_62' title='bbox 816 446 894 473; x_wconf 75' lang='grc' dir='ltr'>ἐλπί-</span> 
     </span>
    </p>
   </div>
   <div class='ocr_carea' id='block_1_10' title="bbox 103 493 892 529">
    <p class='ocr_par' dir='ltr' id='par_1_10' title="bbox 103 493 892 529">
     <span class='ocr_line' id='line_1_10' title="bbox 103 493 892 529; baseline 0 -9"><span class='ocrx_word' id='word_1_63' title='bbox 103 495 175 527; x_wconf 75' lang='grc' dir='ltr'>ζετε,</span> <span class='ocrx_word' id='word_1_64' title='bbox 189 495 232 520; x_wconf 74' lang='grc' dir='ltr'><strong>ἐπ’</strong></span> <span class='ocrx_word' id='word_1_65' title='bbox 250 494 358 521; x_wconf 78' lang='grc' dir='ltr'><strong>ἀδικίαν</strong></span> <span class='ocrx_word' id='word_1_66' title='bbox 378 495 427 521; x_wconf 82' lang='grc' dir='ltr'>καὶ</span> <span class='ocrx_word' id='word_1_67' title='bbox 451 494 498 520; x_wconf 76' lang='grc' dir='ltr'><strong>ἐπὶ</strong></span> <span class='ocrx_word' id='word_1_68' title='bbox 517 494 652 529; x_wconf 76' lang='grc' dir='ltr'><strong>ἅρπαγμα</strong></span> <span class='ocrx_word' id='word_1_69' title='bbox 671 494 709 528; x_wconf 89' lang='grc' dir='ltr'>μὴ</span> <span class='ocrx_word' id='word_1_70' title='bbox 725 493 892 520; x_wconf 80' lang='grc' dir='ltr'>ὲπιποθεῖτε.</span> 
     </span>
    </p>
   </div>
   <div class='ocr_carea' id='block_1_11' title="bbox 103 539 894 574">
    <p class='ocr_par' dir='ltr' id='par_1_11' title="bbox 103 539 894 574">
     <span class='ocr_line' id='line_1_11' title="bbox 103 539 894 574; baseline 0 -9"><span class='ocrx_word' id='word_1_71' title='bbox 103 539 224 570; x_wconf 70' lang='grc' dir='ltr'>Πλοῦτος</span> <span class='ocrx_word' id='word_1_72' title='bbox 239 539 285 565; x_wconf 75' lang='grc' dir='ltr'>ἐὰν</span> <span class='ocrx_word' id='word_1_73' title='bbox 303 539 370 574; x_wconf 76' lang='grc' dir='ltr'>ῥέει,</span> <span class='ocrx_word' id='word_1_74' title='bbox 387 539 424 573; x_wconf 86' lang='grc' dir='ltr'>μὴ</span> <span class='ocrx_word' id='word_1_75' title='bbox 439 539 620 574; x_wconf 79' lang='grc' dir='ltr'>προστίθεσθε</span> <span class='ocrx_word' id='word_1_76' title='bbox 638 539 764 574; x_wconf 81' lang='grc' dir='ltr'>καρδίαν.</span> <span class='ocrx_word' id='word_1_77' title='bbox 783 549 792 564; x_wconf 77' lang='grc' dir='ltr'><strong>ι</strong></span> <span class='ocrx_word' id='word_1_78' title='bbox 813 540 866 565; x_wconf 81' lang='grc' dir='ltr'><strong>Καὶ</strong></span> <span class='ocrx_word' id='word_1_79' title='bbox 879 539 894 565; x_wconf 78' lang='grc' dir='ltr'><strong><em>ὁ</em></strong></span> 
     </span>
    </p>
   </div>
   <div class='ocr_carea' id='block_1_12' title="bbox 104 583 894 619">
    <p class='ocr_par' dir='ltr' id='par_1_12' title="bbox 104 583 894 619">
     <span class='ocr_line' id='line_1_12' title="bbox 104 583 894 619; baseline -0.001 -9"><span class='ocrx_word' id='word_1_80' title='bbox 104 584 186 619; x_wconf 59' lang='grc' dir='ltr'>νόμος</span> <span class='ocrx_word' id='word_1_81' title='bbox 202 584 376 618; x_wconf 76' lang='grc' dir='ltr'>προστάττει,</span> <span class='ocrx_word' id='word_1_82' title='bbox 391 583 496 617; x_wconf 79' lang='grc' dir='ltr'>λέγων’</span> <span class='ocrx_word' id='word_1_83' title='bbox 516 583 559 609; x_wconf 80' lang='grc' dir='ltr'><strong>Ἐν</strong></span> <span class='ocrx_word' id='word_1_84' title='bbox 576 583 698 618; x_wconf 80' lang='grc' dir='ltr'><strong>μέτροις,</strong></span> <span class='ocrx_word' id='word_1_85' title='bbox 715 583 762 609; x_wconf 75' lang='grc' dir='ltr'><strong>καὶ</strong></span> <span class='ocrx_word' id='word_1_86' title='bbox 778 584 807 609; x_wconf 78' lang='grc' dir='ltr'>ὲν</span> <span class='ocrx_word' id='word_1_87' title='bbox 828 591 894 610; x_wconf 75' lang='grc' dir='ltr'>στα-</span> 
     </span>
    </p>
   </div>
   <div class='ocr_carea' id='block_1_13' title="bbox 105 626 894 664">
    <p class='ocr_par' dir='ltr' id='par_1_13' title="bbox 105 626 894 664">
     <span class='ocr_line' id='line_1_13' title="bbox 105 626 894 664; baseline -0.001 -9"><span class='ocrx_word' id='word_1_88' title='bbox 105 628 185 664; x_wconf 81' lang='grc' dir='ltr'>θμοῖς</span> <span class='ocrx_word' id='word_1_89' title='bbox 212 630 260 655; x_wconf 65' lang='grc' dir='ltr'><strong>καὶ</strong></span> <span class='ocrx_word' id='word_1_90' title='bbox 280 631 308 656; x_wconf 81' lang='grc' dir='ltr'>ἑν</span> <span class='ocrx_word' id='word_1_91' title='bbox 325 629 430 663; x_wconf 80' lang='grc' dir='ltr'>ζυγοῖς,</span> <span class='ocrx_word' id='word_1_92' title='bbox 442 629 536 656; x_wconf 82' lang='grc' dir='ltr'>δίκαια</span> <span class='ocrx_word' id='word_1_93' title='bbox 548 628 626 655; x_wconf 76' lang='grc' dir='ltr'>ἔσται</span> <span class='ocrx_word' id='word_1_94' title='bbox 641 629 716 663; x_wconf 83' lang='grc' dir='ltr'>ὑμῖν.</span> <span class='ocrx_word' id='word_1_95' title='bbox 733 629 788 654; x_wconf 69' lang='grc' dir='ltr'><strong>Καὶ</strong></span> <span class='ocrx_word' id='word_1_96' title='bbox 804 626 894 661; x_wconf 79' lang='grc' dir='ltr'>αὖθις,</span> 
     </span>
    </p>
   </div>
   <div class='ocr_carea' id='block_1_14' title="bbox 109 674 895 710">
    <p class='ocr_par' dir='ltr' id='par_1_14' title="bbox 109 674 895 710">
     <span class='ocr_line' id='line_1_14' title="bbox 109 674 895 710; baseline -0.001 -9"><span class='ocrx_word' id='word_1_97' title='bbox 109 684 118 701; x_wconf 80' lang='grc' dir='ltr'><strong>ι</strong></span> <span class='ocrx_word' id='word_1_98' title='bbox 142 675 179 701; x_wconf 77' lang='grc' dir='ltr'><strong>Οὐ</strong></span> <span class='ocrx_word' id='word_1_99' title='bbox 201 676 396 710; x_wconf 77' lang='grc' dir='ltr'><strong>μετακινήσεις</strong></span> <span class='ocrx_word' id='word_1_100' title='bbox 421 675 515 709; x_wconf 81' lang='grc' dir='ltr'>φησὶν,</span> <span class='ocrx_word' id='word_1_101' title='bbox 535 675 610 710; x_wconf 77' lang='grc' dir='ltr'>ὅρια,</span> <span class='ocrx_word' id='word_1_102' title='bbox 625 674 643 701; x_wconf 77' lang='grc' dir='ltr'>ἃ</span> <span class='ocrx_word' id='word_1_103' title='bbox 659 675 751 700; x_wconf 75' lang='grc' dir='ltr'>ἔθεντο</span> <span class='ocrx_word' id='word_1_104' title='bbox 771 675 794 700; x_wconf 81' lang='grc' dir='ltr'>οἱ</span> <span class='ocrx_word' id='word_1_105' title='bbox 808 675 895 701; x_wconf 78' lang='grc' dir='ltr'>πατέ-</span> 
     </span>
    </p>
   </div>
   <div class='ocr_carea' id='block_1_15' title="bbox 107 720 895 756">
    <p class='ocr_par' dir='ltr' id='par_1_15' title="bbox 107 720 895 756">
     <span class='ocr_line' id='line_1_15' title="bbox 107 720 895 756; baseline 0.003 -11"><span class='ocrx_word' id='word_1_106' title='bbox 107 728 154 754; x_wconf 82' lang='grc' dir='ltr'><strong>ρες</strong></span> <span class='ocrx_word' id='word_1_107' title='bbox 179 728 236 746; x_wconf 80' lang='grc' dir='ltr'>σου.</span> <span class='ocrx_word' id='word_1_108' title='bbox 258 730 267 745; x_wconf 77' lang='grc' dir='ltr'><strong>ι</strong></span> <span class='ocrx_word' id='word_1_109' title='bbox 289 720 319 746; x_wconf 89' lang='lat'><strong>&#39;0</strong></span> <span class='ocrx_word' id='word_1_110' title='bbox 347 720 376 746; x_wconf 74' lang='grc' dir='ltr'>δὲ</span> <span class='ocrx_word' id='word_1_111' title='bbox 410 721 555 755; x_wconf 77' lang='grc' dir='ltr'><strong>προφήτης</strong></span> <span class='ocrx_word' id='word_1_112' title='bbox 581 721 731 755; x_wconf 61' lang='grc' dir='ltr'>Σοφονίας,</span> <span class='ocrx_word' id='word_1_113' title='bbox 757 731 773 753; x_wconf 24' lang='grc' dir='ltr'>ιν</span> <span class='ocrx_word' id='word_1_114' title='bbox 800 722 895 756; x_wconf 80' lang='grc' dir='ltr'>Κρῖμα</span> 
     </span>
    </p>
   </div>
   <div class='ocr_carea' id='block_1_16' title="bbox 104 765 896 802">
    <p class='ocr_par' dir='ltr' id='par_1_16' title="bbox 104 765 896 802">
     <span class='ocr_line' id='line_1_16' title="bbox 104 765 896 802; baseline 0.004 -11"><span class='ocrx_word' id='word_1_115' title='bbox 104 765 267 801; x_wconf 65' lang='grc' dir='ltr'>ἐργάζεσθε,</span> <span class='ocrx_word' id='word_1_116' title='bbox 285 767 332 792; x_wconf 75' lang='grc' dir='ltr'><strong>καὶ</strong></span> <span class='ocrx_word' id='word_1_117' title='bbox 347 766 522 801; x_wconf 80' lang='grc' dir='ltr'>δικαιοσύνην</span> <span class='ocrx_word' id='word_1_118' title='bbox 537 767 686 802; x_wconf 77' lang='grc' dir='ltr'>ζητήσατε,</span> <span class='ocrx_word' id='word_1_119' title='bbox 699 767 773 798; x_wconf 81' lang='grc' dir='ltr'>ὅπως</span> <span class='ocrx_word' id='word_1_120' title='bbox 791 776 896 794; x_wconf 81' lang='grc' dir='ltr'>σκεπα-</span> 
     </span>
    </p>
   </div>
   <div class='ocr_carea' id='block_1_17' title="bbox 107 812 897 848">
    <p class='ocr_par' dir='ltr' id='par_1_17' title="bbox 107 812 897 848">
     <span class='ocr_line' id='line_1_17' title="bbox 107 812 897 848; baseline 0.003 -10"><span class='ocrx_word' id='word_1_121' title='bbox 107 812 189 847; x_wconf 75' lang='grc' dir='ltr'>σθῆςε</span> <span class='ocrx_word' id='word_1_122' title='bbox 209 813 238 838; x_wconf 80' lang='grc' dir='ltr'>ὲν</span> <span class='ocrx_word' id='word_1_123' title='bbox 252 812 344 847; x_wconf 77' lang='grc' dir='ltr'>ἡμέρᾳ</span> <span class='ocrx_word' id='word_1_124' title='bbox 358 813 444 847; x_wconf 80' lang='grc' dir='ltr'>ὀργῆς</span> <span class='ocrx_word' id='word_1_125' title='bbox 463 813 579 848; x_wconf 83' lang='grc' dir='ltr'><strong>Κυρίου.</strong></span> <span class='ocrx_word' id='word_1_126' title='bbox 593 823 603 839; x_wconf 76' lang='grc' dir='ltr'><strong>ι</strong></span> <span class='ocrx_word' id='word_1_127' title='bbox 626 813 764 844; x_wconf 76' lang='grc' dir='ltr'><strong>Ὡσαύτως</strong></span> <span class='ocrx_word' id='word_1_128' title='bbox 779 814 808 840; x_wconf 79' lang='grc' dir='ltr'>δὲ</span> <span class='ocrx_word' id='word_1_129' title='bbox 822 814 870 840; x_wconf 73' lang='grc' dir='ltr'><strong>καὶ</strong></span> <span class='ocrx_word' id='word_1_130' title='bbox 883 814 897 840; x_wconf 81' lang='grc'>6</span> 
     </span>
    </p>
   </div>
   <div class='ocr_carea' id='block_1_18' title="bbox 112 857 892 894">
    <p class='ocr_par' dir='ltr' id='par_1_18' title="bbox 112 857 892 894">
     <span class='ocr_line' id='line_1_18' title="bbox 112 857 892 894; baseline 0.001 -10"><span class='ocrx_word' id='word_1_131' title='bbox 112 857 252 893; x_wconf 82' lang='grc' dir='ltr'>Ίεζεκιὴλ,</span> <span class='ocrx_word' id='word_1_132' title='bbox 268 868 276 884; x_wconf 84' lang='grc' dir='ltr'><strong>ι</strong></span> <span class='ocrx_word' id='word_1_133' title='bbox 292 859 385 892; x_wconf 77' lang='grc' dir='ltr'>Κρίμσ.</span> <span class='ocrx_word' id='word_1_134' title='bbox 397 859 444 885; x_wconf 68' lang='grc' dir='ltr'><strong>καὶ</strong></span> <span class='ocrx_word' id='word_1_135' title='bbox 453 858 629 894; x_wconf 85' lang='grc' dir='ltr'>δικαιοσύνην</span> <span class='ocrx_word' id='word_1_136' title='bbox 641 859 784 894; x_wconf 76' lang='grc' dir='ltr'>ποιήσατε,</span> <span class='ocrx_word' id='word_1_137' title='bbox 793 859 892 893; x_wconf 81' lang='grc' dir='ltr'>λέγων,</span> 
     </span>
    </p>
   </div>
   <div class='ocr_carea' id='block_1_19' title="bbox 106 902 896 939">
    <p class='ocr_par' dir='ltr' id='par_1_19' title="bbox 106 902 896 939">
     <span class='ocr_line' id='line_1_19' title="bbox 106 902 896 939; baseline 0.004 -11"><span class='ocrx_word' id='word_1_138' title='bbox 106 902 188 936; x_wconf 73' lang='grc' dir='ltr'>ζυγὸν</span> <span class='ocrx_word' id='word_1_139' title='bbox 212 903 332 935; x_wconf 78' lang='grc' dir='ltr'>δίκαιον,</span> <span class='ocrx_word' id='word_1_140' title='bbox 349 903 396 930; x_wconf 78' lang='grc' dir='ltr'><strong>καὶ</strong></span> <span class='ocrx_word' id='word_1_141' title='bbox 414 903 514 938; x_wconf 80' lang='grc' dir='ltr'><strong>μέτρον</strong></span> <span class='ocrx_word' id='word_1_142' title='bbox 540 903 663 936; x_wconf 86' lang='grc' dir='ltr'>δίκαιον,</span> <span class='ocrx_word' id='word_1_143' title='bbox 677 905 724 931; x_wconf 77' lang='grc' dir='ltr'><strong>καὶ</strong></span> <span class='ocrx_word' id='word_1_144' title='bbox 737 904 822 939; x_wconf 78' lang='grc' dir='ltr'><strong>χοῖνιξ</strong></span> <span class='ocrx_word' id='word_1_145' title='bbox 854 904 896 931; x_wconf 86' lang='grc' dir='ltr'>δι-</span> 
     </span>
    </p>
   </div>
   <div class='ocr_carea' id='block_1_20' title="bbox 106 947 897 985">
    <p class='ocr_par' dir='ltr' id='par_1_20' title="bbox 106 947 897 985">
     <span class='ocr_line' id='line_1_20' title="bbox 106 947 897 985; baseline 0.001 -11"><span class='ocrx_word' id='word_1_146' title='bbox 106 947 172 975; x_wconf 76' lang='grc' dir='ltr'>καία</span> <span class='ocrx_word' id='word_1_147' title='bbox 185 948 261 975; x_wconf 68' lang='grc' dir='ltr'>ἔσται</span> <span class='ocrx_word' id='word_1_148' title='bbox 277 949 352 984; x_wconf 83' lang='grc' dir='ltr'>ὑμῖν.</span> <span class='ocrx_word' id='word_1_149' title='bbox 368 958 377 974; x_wconf 77' lang='grc' dir='ltr'><strong>ι</strong></span> <span class='ocrx_word' id='word_1_150' title='bbox 393 949 423 976; x_wconf 86' lang='grc'><strong>’0</strong></span> <span class='ocrx_word' id='word_1_151' title='bbox 433 949 462 976; x_wconf 79' lang='grc' dir='ltr'>δὲ</span> <span class='ocrx_word' id='word_1_152' title='bbox 481 949 688 985; x_wconf 80' lang='grc' dir='ltr'>Παροιμιαστής</span> <span class='ocrx_word' id='word_1_153' title='bbox 701 958 707 965; x_wconf 94' lang='grc'><strong>·</strong></span> <span class='ocrx_word' id='word_1_154' title='bbox 727 959 736 976; x_wconf 77' lang='grc' dir='ltr'><strong>ι</strong></span> <span class='ocrx_word' id='word_1_155' title='bbox 776 950 838 984; x_wconf 73' lang='grc' dir='ltr'>υγοὶ</span> <span class='ocrx_word' id='word_1_156' title='bbox 852 949 897 976; x_wconf 72' lang='grc' dir='ltr'>δο-</span> 
     </span>
    </p>
   </div>
   <div class='ocr_carea' id='block_1_21' title="bbox 105 992 897 1030">
    <p class='ocr_par' dir='ltr' id='par_1_21' title="bbox 105 992 897 1030">
     <span class='ocr_line' id='line_1_21' title="bbox 105 992 897 1030; baseline 0.005 -12"><span class='ocrx_word' id='word_1_157' title='bbox 105 992 169 1025; x_wconf 88' lang='grc' dir='ltr'>λιοι,</span> <span class='ocrx_word' id='word_1_158' title='bbox 198 993 337 1028; x_wconf 74' lang='grc' dir='ltr'><strong>βδέλυγμα</strong></span> <span class='ocrx_word' id='word_1_159' title='bbox 365 994 480 1021; x_wconf 68' lang='grc' dir='ltr'>ἐνώπιον</span> <span class='ocrx_word' id='word_1_160' title='bbox 504 995 621 1030; x_wconf 82' lang='grc' dir='ltr'>Κυρίου,</span> <span class='ocrx_word' id='word_1_161' title='bbox 643 995 790 1030; x_wconf 79' lang='grc' dir='ltr'>σταθμεῖον</span> <span class='ocrx_word' id='word_1_162' title='bbox 812 995 840 1021; x_wconf 82' lang='grc' dir='ltr'>δὲ</span> <span class='ocrx_word' id='word_1_163' title='bbox 855 995 897 1021; x_wconf 78' lang='grc' dir='ltr'><strong>δὶ-</strong></span> 
     </span>
    </p>
   </div>
   <div class='ocr_carea' id='block_1_22' title="bbox 107 1040 895 1077">
    <p class='ocr_par' dir='ltr' id='par_1_22' title="bbox 107 1040 895 1077">
     <span class='ocr_line' id='line_1_22' title="bbox 107 1040 895 1077; baseline 0.001 -11"><span class='ocrx_word' id='word_1_164' title='bbox 107 1047 184 1066; x_wconf 68' lang='grc' dir='ltr'>καιον</span> <span class='ocrx_word' id='word_1_165' title='bbox 197 1040 290 1066; x_wconf 81' lang='grc' dir='ltr'>δεκτὸν</span> <span class='ocrx_word' id='word_1_166' title='bbox 305 1040 391 1075; x_wconf 75' lang='grc' dir='ltr'>αὐτῷ.</span> <span class='ocrx_word' id='word_1_167' title='bbox 408 1050 417 1066; x_wconf 80' lang='grc' dir='ltr'><strong>ι</strong></span> <span class='ocrx_word' id='word_1_168' title='bbox 438 1041 493 1067; x_wconf 77' lang='lat' dir='ltr'><strong>Kal.</strong></span> <span class='ocrx_word' id='word_1_169' title='bbox 507 1041 599 1073; x_wconf 67' lang='grc' dir='ltr'>πάλιν,</span> <span class='ocrx_word' id='word_1_170' title='bbox 614 1050 623 1066; x_wconf 78' lang='grc' dir='ltr'><strong>ι</strong></span> <span class='ocrx_word' id='word_1_171' title='bbox 643 1041 794 1076; x_wconf 78' lang='grc' dir='ltr'>Σταθμεῑον</span> <span class='ocrx_word' id='word_1_172' title='bbox 810 1041 895 1077; x_wconf 81' lang='grc' dir='ltr'>μέγα,</span> 
     </span>
    </p>
   </div>
   <div class='ocr_carea' id='block_1_23' title="bbox 53 1084 898 1121">
    <p class='ocr_par' dir='ltr' id='par_1_23' title="bbox 53 1084 898 1121">
     <span class='ocr_line' id='line_1_23' title="bbox 53 1084 898 1121; baseline 0.004 -11"><span class='ocrx_word' id='word_1_173' title='bbox 53 1100 58 1102; x_wconf 92' lang='grc'><strong><em>-</em></strong></span> <span class='ocrx_word' id='word_1_174' title='bbox 111 1084 159 1111; x_wconf 77' lang='grc' dir='ltr'><strong>καί</strong></span> <span class='ocrx_word' id='word_1_175' title='bbox 190 1085 298 1119; x_wconf 75' lang='grc' dir='ltr'>μικρὶν,</span> <span class='ocrx_word' id='word_1_176' title='bbox 317 1085 366 1111; x_wconf 77' lang='grc' dir='ltr'><strong>καὶ</strong></span> <span class='ocrx_word' id='word_1_177' title='bbox 389 1085 479 1121; x_wconf 76' lang='grc' dir='ltr'>μέτρα</span> <span class='ocrx_word' id='word_1_178' title='bbox 503 1086 759 1121; x_wconf 75' lang='grc' dir='ltr'>δισσὰ,ἀκάθαρτα</span> <span class='ocrx_word' id='word_1_179' title='bbox 783 1086 898 1113; x_wconf 70' lang='grc' dir='ltr'>ἐνώπιον</span> 
     </span>
    </p>
   </div>
   <div class='ocr_carea' id='block_1_24' title="bbox 107 1128 898 1168">
    <p class='ocr_par' dir='ltr' id='par_1_24' title="bbox 107 1128 898 1168">
     <span class='ocr_line' id='line_1_24' title="bbox 107 1128 898 1168; baseline 0.003 -10"><span class='ocrx_word' id='word_1_180' title='bbox 107 1130 225 1165; x_wconf 77' lang='grc' dir='ltr'>κυρίου,</span> <span class='ocrx_word' id='word_1_181' title='bbox 241 1131 288 1158; x_wconf 76' lang='grc' dir='ltr'><strong>καὶ</strong></span> <span class='ocrx_word' id='word_1_182' title='bbox 303 1131 447 1167; x_wconf 78' lang='grc' dir='ltr'>ἀμφότερα</span> <span class='ocrx_word' id='word_1_183' title='bbox 461 1133 490 1159; x_wconf 82' lang='grc' dir='ltr'>ἐν</span> <span class='ocrx_word' id='word_1_184' title='bbox 506 1133 562 1164; x_wconf 78' lang='grc' dir='ltr'>τοῖς</span> <span class='ocrx_word' id='word_1_185' title='bbox 575 1132 790 1168; x_wconf 73' lang='grc' dir='ltr'><strong>ἐπιτηδεύμασιν</strong></span> <span class='ocrx_word' id='word_1_186' title='bbox 802 1128 898 1160; x_wconf 63' lang='grc' dir='ltr'>αὐτῶν</span> 
     </span>
    </p>
   </div>
   <div class='ocr_carea' id='block_1_25' title="bbox 109 1176 898 1212">
    <p class='ocr_par' dir='ltr' id='par_1_25' title="bbox 109 1176 898 1212">
     <span class='ocr_line' id='line_1_25' title="bbox 109 1176 898 1212; baseline 0.004 -10"><span class='ocrx_word' id='word_1_187' title='bbox 109 1176 386 1212; x_wconf 73' lang='grc' dir='ltr'>συμποδισηήσονται.</span> <span class='ocrx_word' id='word_1_188' title='bbox 405 1187 414 1203; x_wconf 80' lang='grc' dir='ltr'><strong>ι</strong></span> <span class='ocrx_word' id='word_1_189' title='bbox 435 1178 514 1210; x_wconf 85' lang='grc' dir='ltr'>Ἴσως</span> <span class='ocrx_word' id='word_1_190' title='bbox 531 1178 607 1205; x_wconf 84' lang='grc' dir='ltr'>δοκεῖ</span> <span class='ocrx_word' id='word_1_191' title='bbox 617 1178 703 1206; x_wconf 81' lang='grc' dir='ltr'>ταῦτα</span> <span class='ocrx_word' id='word_1_192' title='bbox 718 1180 776 1210; x_wconf 85' lang='grc' dir='ltr'>τοῖς</span> <span class='ocrx_word' id='word_1_193' title='bbox 790 1179 898 1210; x_wconf 80' lang='grc' dir='ltr'>πολλοῖς</span> 
     </span>
    </p>
   </div>
   <div class='ocr_carea' id='block_1_26' title="bbox 107 1222 899 1261">
    <p class='ocr_par' dir='ltr' id='par_1_26' title="bbox 107 1222 899 1261">
     <span class='ocr_line' id='line_1_26' title="bbox 107 1222 899 1261; baseline 0.008 -13"><span class='ocrx_word' id='word_1_194' title='bbox 107 1222 154 1249; x_wconf 73' lang='grc' dir='ltr'>τοῦ</span> <span class='ocrx_word' id='word_1_195' title='bbox 173 1222 285 1257; x_wconf 76' lang='grc' dir='ltr'>μηδενὸς</span> <span class='ocrx_word' id='word_1_196' title='bbox 301 1223 363 1255; x_wconf 72' lang='grc' dir='ltr'>ἄξια</span> <span class='ocrx_word' id='word_1_197' title='bbox 379 1222 449 1250; x_wconf 77' lang='grc' dir='ltr'>εἶναι</span> <span class='ocrx_word' id='word_1_198' title='bbox 463 1232 471 1239; x_wconf 89' lang='grc'><strong>·</strong></span> <span class='ocrx_word' id='word_1_199' title='bbox 486 1224 545 1251; x_wconf 76' lang='grc' dir='ltr'>ἀλλ’</span> <span class='ocrx_word' id='word_1_200' title='bbox 559 1225 638 1252; x_wconf 73' lang='grc' dir='ltr'>οὐδὲν</span> <span class='ocrx_word' id='word_1_201' title='bbox 664 1226 725 1261; x_wconf 70' lang='grc' dir='ltr'><strong>εἰκῆ</strong></span> <span class='ocrx_word' id='word_1_202' title='bbox 743 1227 790 1252; x_wconf 68' lang='grc' dir='ltr'><strong>καὶ</strong></span> <span class='ocrx_word' id='word_1_203' title='bbox 811 1227 899 1261; x_wconf 83' lang='grc' dir='ltr'><strong>μάτην</strong></span> 
     </span>
    </p>
   </div>
   <div class='ocr_carea' id='block_1_27' title="bbox 109 1269 900 1308">
    <p class='ocr_par' dir='ltr' id='par_1_27' title="bbox 109 1269 900 1308">
     <span class='ocr_line' id='line_1_27' title="bbox 109 1269 900 1308; baseline 0.004 -12"><span class='ocrx_word' id='word_1_204' title='bbox 109 1270 137 1296; x_wconf 79' lang='grc' dir='ltr'>αἱ</span> <span class='ocrx_word' id='word_1_205' title='bbox 170 1269 346 1297; x_wconf 76' lang='grc' dir='ltr'>θεόπνευστοι</span> <span class='ocrx_word' id='word_1_206' title='bbox 378 1271 490 1306; x_wconf 78' lang='grc' dir='ltr'>Γραφαὶ</span> <span class='ocrx_word' id='word_1_207' title='bbox 512 1271 729 1308; x_wconf 87' lang='grc' dir='ltr'>διαγορεύουσιν.</span> <span class='ocrx_word' id='word_1_208' title='bbox 752 1273 846 1299; x_wconf 81' lang='grc' dir='ltr'>Πάντα</span> <span class='ocrx_word' id='word_1_209' title='bbox 871 1272 900 1299; x_wconf 83' lang='grc' dir='ltr'>δὲ</span> 
     </span>
    </p>
   </div>
   <div class='ocr_carea' id='block_1_28' title="bbox 110 1315 900 1353">
    <p class='ocr_par' dir='ltr' id='par_1_28' title="bbox 110 1315 900 1353">
     <span class='ocr_line' id='line_1_28' title="bbox 110 1315 900 1353; baseline 0.005 -13"><span class='ocrx_word' id='word_1_210' title='bbox 110 1315 178 1349; x_wconf 59' lang='grc' dir='ltr'>προς</span> <span class='ocrx_word' id='word_1_211' title='bbox 195 1315 333 1351; x_wconf 80' lang='grc' dir='ltr'>σωτηρίαν</span> <span class='ocrx_word' id='word_1_212' title='bbox 348 1317 426 1351; x_wconf 77' lang='grc' dir='ltr'>ἡμῶν</span> <span class='ocrx_word' id='word_1_213' title='bbox 443 1317 490 1343; x_wconf 74' lang='grc' dir='ltr'><strong>καὶ</strong></span> <span class='ocrx_word' id='word_1_214' title='bbox 505 1316 578 1352; x_wconf 74' lang='grc' dir='ltr'>ζωὴν</span> <span class='ocrx_word' id='word_1_215' title='bbox 593 1315 701 1343; x_wconf 82' lang='grc' dir='ltr'>αἰώνιον</span> <span class='ocrx_word' id='word_1_216' title='bbox 720 1317 750 1343; x_wconf 78' lang='grc' dir='ltr'><strong>τὸ</strong></span> <span class='ocrx_word' id='word_1_217' title='bbox 777 1326 900 1353; x_wconf 86' lang='grc' dir='ltr'>προσκυ-</span> 
     </span>
    </p>
   </div>
   <div class='ocr_carea' id='block_1_29' title="bbox 109 1361 899 1397">
    <p class='ocr_par' dir='ltr' id='par_1_29' title="bbox 109 1361 899 1397">
     <span class='ocr_line' id='line_1_29' title="bbox 109 1361 899 1397; baseline 0.005 -11"><span class='ocrx_word' id='word_1_218' title='bbox 109 1361 190 1394; x_wconf 59' lang='lat' dir='ltr'><strong>may</strong></span> <span class='ocrx_word' id='word_1_219' title='bbox 213 1361 410 1397; x_wconf 75' lang='grc' dir='ltr'>ἐνομοθέτησεν</span> <span class='ocrx_word' id='word_1_220' title='bbox 433 1361 559 1397; x_wconf 77' lang='grc' dir='ltr'>Πνεῦμα.</span> <span class='ocrx_word' id='word_1_221' title='bbox 590 1362 776 1397; x_wconf 76' lang='grc' dir='ltr'>Φυλαξὼμεθα</span> <span class='ocrx_word' id='word_1_222' title='bbox 798 1363 899 1396; x_wconf 79' lang='grc' dir='ltr'>τοίνυν,</span> 
     </span>
    </p>
   </div>
   <div class='ocr_carea' id='block_1_30' title="bbox 110 1407 900 1445">
    <p class='ocr_par' dir='ltr' id='par_1_30' title="bbox 110 1407 900 1445">
     <span class='ocr_line' id='line_1_30' title="bbox 110 1407 900 1445; baseline 0.005 -13"><span class='ocrx_word' id='word_1_223' title='bbox 110 1407 258 1440; x_wconf 71' lang='grc' dir='ltr'>ἀγαπητοὶ,</span> <span class='ocrx_word' id='word_1_224' title='bbox 277 1407 308 1434; x_wconf 80' lang='grc' dir='ltr'><strong>τὸ</strong></span> <span class='ocrx_word' id='word_1_225' title='bbox 323 1408 408 1439; x_wconf 72' lang='grc' dir='ltr'>πάθος</span> <span class='ocrx_word' id='word_1_226' title='bbox 436 1409 485 1444; x_wconf 84' lang='grc' dir='ltr'>τῆς</span> <span class='ocrx_word' id='word_1_227' title='bbox 508 1408 676 1441; x_wconf 75' lang='grc' dir='ltr'><strong>πλεονεξίας,</strong></span> <span class='ocrx_word' id='word_1_228' title='bbox 695 1409 744 1443; x_wconf 84' lang='grc' dir='ltr'>τῆς</span> <span class='ocrx_word' id='word_1_229' title='bbox 769 1409 900 1445; x_wconf 81' lang='grc' dir='ltr'>δευτέρας</span> 
     </span>
    </p>
   </div>
   <div class='ocr_carea' id='block_1_31' title="bbox 110 1453 900 1491">
    <p class='ocr_par' dir='ltr' id='par_1_31' title="bbox 110 1453 900 1491">
     <span class='ocr_line' id='line_1_31' title="bbox 110 1453 900 1491; baseline 0.005 -13"><span class='ocrx_word' id='word_1_230' title='bbox 110 1453 344 1488; x_wconf 75' lang='grc' dir='ltr'>είδωλολατρείας.</span> <span class='ocrx_word' id='word_1_231' title='bbox 361 1454 447 1481; x_wconf 86' lang='grc' dir='ltr'>Τοῦτο</span> <span class='ocrx_word' id='word_1_232' title='bbox 479 1455 533 1489; x_wconf 81' lang='grc' dir='ltr'>γὰρ</span> <span class='ocrx_word' id='word_1_233' title='bbox 560 1455 745 1489; x_wconf 78' lang='grc' dir='ltr'>παιδευόμεθα</span> <span class='ocrx_word' id='word_1_234' title='bbox 774 1455 818 1482; x_wconf 80' lang='grc' dir='ltr'><strong>διὰ</strong></span> <span class='ocrx_word' id='word_1_235' title='bbox 851 1456 900 1491; x_wconf 83' lang='grc' dir='ltr'>τῆς</span> 
     </span>
    </p>
   </div>
   <div class='ocr_carea' id='block_1_32' title="bbox 112 1498 901 1536">
    <p class='ocr_par' dir='ltr' id='par_1_32' title="bbox 112 1498 901 1536">
     <span class='ocr_line' id='line_1_32' title="bbox 112 1498 901 1536; baseline 0.004 -12"><span class='ocrx_word' id='word_1_236' title='bbox 112 1498 283 1533; x_wconf 71' lang='grc' dir='ltr'>ἰσομετρίας,</span> <span class='ocrx_word' id='word_1_237' title='bbox 301 1499 338 1531; x_wconf 81' lang='grc' dir='ltr'><strong>ὡς</strong></span> <span class='ocrx_word' id='word_1_238' title='bbox 358 1499 405 1526; x_wconf 75' lang='grc' dir='ltr'><strong>καὶ</strong></span> <span class='ocrx_word' id='word_1_239' title='bbox 418 1500 433 1526; x_wconf 72' lang='grc' dir='ltr'><strong><em>ὁ</em></strong></span> <span class='ocrx_word' id='word_1_240' title='bbox 448 1500 550 1535; x_wconf 86' lang='grc' dir='ltr'>Κύριος</span> <span class='ocrx_word' id='word_1_241' title='bbox 563 1501 642 1535; x_wconf 80' lang='grc' dir='ltr'>ἡμῶν</span> <span class='ocrx_word' id='word_1_242' title='bbox 663 1500 766 1534; x_wconf 80' lang='grc' dir='ltr'>Ἰησοῦς</span> <span class='ocrx_word' id='word_1_243' title='bbox 784 1501 901 1536; x_wconf 83' lang='grc' dir='ltr'>Χριστὸς</span> 
     </span>
    </p>
   </div>
   <div class='ocr_carea' id='block_1_33' title="bbox 111 1546 902 1582">
    <p class='ocr_par' dir='ltr' id='par_1_33' title="bbox 111 1546 902 1582">
     <span class='ocr_line' id='line_1_33' title="bbox 111 1546 902 1582; baseline 0.003 -10"><span class='ocrx_word' id='word_1_244' title='bbox 111 1546 140 1572; x_wconf 71' lang='grc' dir='ltr'>ὲν</span> <span class='ocrx_word' id='word_1_245' title='bbox 155 1547 209 1577; x_wconf 75' lang='grc' dir='ltr'>τοῖς</span> <span class='ocrx_word' id='word_1_246' title='bbox 225 1547 403 1580; x_wconf 72' lang='grc' dir='ltr'>Εὑιγγελὶοις</span> <span class='ocrx_word' id='word_1_247' title='bbox 424 1548 588 1582; x_wconf 71' lang='grc' dir='ltr'>προστάττει</span> <span class='ocrx_word' id='word_1_248' title='bbox 613 1548 679 1582; x_wconf 81' lang='grc' dir='ltr'>ἡμῖν</span> <span class='ocrx_word' id='word_1_249' title='bbox 704 1547 803 1582; x_wconf 86' lang='grc' dir='ltr'>λέγων,</span> <span class='ocrx_word' id='word_1_250' title='bbox 825 1557 834 1573; x_wconf 84' lang='grc' dir='ltr'><strong>ι</strong></span> <span class='ocrx_word' id='word_1_251' title='bbox 857 1548 902 1574; x_wconf 83' lang='grc' dir='ltr'><strong>Δί-</strong></span> 
     </span>
    </p>
   </div>
   <div class='ocr_carea' id='block_1_34' title="bbox 110 1580 934 1634">
    <p class='ocr_par' dir='ltr' id='par_1_34' title="bbox 110 1580 934 1634">
     <span class='ocr_line' id='line_1_34' title="bbox 110 1580 934 1634; baseline 0.001 -16"><span class='ocrx_word' id='word_1_252' title='bbox 110 1591 180 1623; x_wconf 80' lang='grc' dir='ltr'>δοτε,</span> <span class='ocrx_word' id='word_1_253' title='bbox 195 1592 241 1618; x_wconf 77' lang='grc' dir='ltr'>καὶ</span> <span class='ocrx_word' id='word_1_254' title='bbox 264 1591 406 1626; x_wconf 85' lang='grc' dir='ltr'>δοθήσεται</span> <span class='ocrx_word' id='word_1_255' title='bbox 433 1580 499 1627; x_wconf 65' lang='grc' dir='ltr'>ὑμίν</span> <span class='ocrx_word' id='word_1_256' title='bbox 512 1599 519 1606; x_wconf 78' lang='grc'><em>’</em></span> <span class='ocrx_word' id='word_1_257' title='bbox 537 1580 640 1628; x_wconf 67' lang='grc' dir='ltr'>μέτρον</span> <span class='ocrx_word' id='word_1_258' title='bbox 655 1580 899 1620; x_wconf 18' lang='grc' dir='ltr'>καλδνἾὲπιπεπιε-</span> <span class='ocrx_word' id='word_1_259' title='bbox 913 1606 934 1634; x_wconf 75' lang='lat' dir='ltr'>c</span> 
     </span>
    </p>
   </div>
   <div class='ocr_carea' id='block_1_35' title="bbox 111 1636 900 1673">
    <p class='ocr_par' dir='ltr' id='par_1_35' title="bbox 111 1636 900 1673">
     <span class='ocr_line' id='line_1_35' title="bbox 111 1636 900 1673; baseline 0.004 -10"><span class='ocrx_word' id='word_1_260' title='bbox 111 1636 220 1672; x_wconf 76' lang='grc' dir='ltr'>σμένον,</span> <span class='ocrx_word' id='word_1_261' title='bbox 237 1637 285 1664; x_wconf 75' lang='grc' dir='ltr'><strong>καὶ</strong></span> <span class='ocrx_word' id='word_1_262' title='bbox 311 1637 510 1673; x_wconf 79' lang='grc' dir='ltr'>σεσαλεύμενον</span> <span class='ocrx_word' id='word_1_263' title='bbox 530 1638 663 1665; x_wconf 83' lang='grc' dir='ltr'>δώσουσιν</span> <span class='ocrx_word' id='word_1_264' title='bbox 682 1640 722 1670; x_wconf 79' lang='grc' dir='ltr'><strong>εἰς</strong></span> <span class='ocrx_word' id='word_1_265' title='bbox 737 1639 782 1666; x_wconf 79' lang='grc' dir='ltr'>τὸν</span> <span class='ocrx_word' id='word_1_266' title='bbox 799 1639 900 1673; x_wconf 70' lang='grc' dir='ltr'>κόλπον</span> 
     </span>
    </p>
   </div>
   <div class='ocr_carea' id='block_1_36' title="bbox 111 1681 901 1720">
    <p class='ocr_par' dir='ltr' id='par_1_36' title="bbox 111 1681 901 1720">
     <span class='ocr_line' id='line_1_36' title="bbox 111 1681 901 1720; baseline 0.005 -12"><span class='ocrx_word' id='word_1_267' title='bbox 111 1683 199 1718; x_wconf 78' lang='grc' dir='ltr'>ὑμῶν.</span> <span class='ocrx_word' id='word_1_268' title='bbox 220 1683 265 1717; x_wconf 89' lang='grc' dir='ltr'>Τῷ</span> <span class='ocrx_word' id='word_1_269' title='bbox 295 1683 370 1718; x_wconf 76' lang='grc' dir='ltr'>αὐτῷ</span> <span class='ocrx_word' id='word_1_270' title='bbox 397 1684 452 1718; x_wconf 76' lang='grc' dir='ltr'>γὰρ</span> <span class='ocrx_word' id='word_1_271' title='bbox 474 1683 566 1719; x_wconf 81' lang='grc' dir='ltr'>μέτρῳ</span> <span class='ocrx_word' id='word_1_272' title='bbox 581 1681 604 1718; x_wconf 84' lang='grc' dir='ltr'><strong>ᾧ</strong></span> <span class='ocrx_word' id='word_1_273' title='bbox 624 1686 750 1720; x_wconf 81' lang='grc' dir='ltr'>μετρεῖτε</span> <span class='ocrx_word' id='word_1_274' title='bbox 763 1705 771 1716; x_wconf 85' lang='grc'><em>,</em></span> <span class='ocrx_word' id='word_1_275' title='bbox 788 1685 901 1720; x_wconf 84' lang='grc' dir='ltr'>ἀντιμε-</span> 
     </span>
    </p>
   </div>
   <div class='ocr_carea' id='block_1_37' title="bbox 110 1729 900 1765">
    <p class='ocr_par' dir='ltr' id='par_1_37' title="bbox 110 1729 900 1765">
     <span class='ocr_line' id='line_1_37' title="bbox 110 1729 900 1765; baseline 0 -9"><span class='ocrx_word' id='word_1_276' title='bbox 110 1729 279 1764; x_wconf 81' lang='grc' dir='ltr'>τρηθήσεται</span> <span class='ocrx_word' id='word_1_277' title='bbox 301 1729 375 1764; x_wconf 80' lang='grc' dir='ltr'>ὑμῖν.</span> <span class='ocrx_word' id='word_1_278' title='bbox 394 1739 404 1756; x_wconf 84' lang='grc'><strong>›</strong></span> <span class='ocrx_word' id='word_1_279' title='bbox 419 1729 500 1765; x_wconf 76' lang='grc' dir='ltr'><strong>Αὑτῷ</strong></span> <span class='ocrx_word' id='word_1_280' title='bbox 515 1730 532 1765; x_wconf 83' lang='grc' dir='ltr'>ὴ</span> <span class='ocrx_word' id='word_1_281' title='bbox 553 1729 617 1762; x_wconf 81' lang='grc' dir='ltr'>δόξα</span> <span class='ocrx_word' id='word_1_282' title='bbox 636 1731 677 1762; x_wconf 79' lang='grc' dir='ltr'><strong>εἰς</strong></span> <span class='ocrx_word' id='word_1_283' title='bbox 699 1730 762 1761; x_wconf 78' lang='grc' dir='ltr'>τοὺς</span> <span class='ocrx_word' id='word_1_284' title='bbox 787 1730 900 1762; x_wconf 83' lang='grc' dir='ltr'>αἰῶνας,</span> 
     </span>
    </p>
   </div>
   <div class='ocr_carea' id='block_1_38' title="bbox 117 1774 214 1810">
    <p class='ocr_par' dir='ltr' id='par_1_38' title="bbox 117 1774 214 1810">
     <span class='ocr_line' id='line_1_38' title="bbox 117 1774 214 1810; baseline 0.01 -1"><span class='ocrx_word' id='word_1_285' title='bbox 117 1774 214 1810; x_wconf 80' lang='grc' dir='ltr'>Ἀμήν-</span> 
     </span>
    </p>
   </div>
   <div class='ocr_carea' id='block_1_39' title="bbox 945 309 1736 338">
    <p class='ocr_par' dir='ltr' id='par_1_39' title="bbox 945 309 1736 338">
     <span class='ocr_line' id='line_1_39' title="bbox 945 309 1736 338; baseline -0.001 -1"><span class='ocrx_word' id='word_1_286' title='bbox 945 318 1038 337; x_wconf 86' lang='lat' dir='ltr'><strong>suram</strong></span> <span class='ocrx_word' id='word_1_287' title='bbox 1058 315 1086 338; x_wconf 89' lang='lat' dir='ltr'><strong>et</strong></span> <span class='ocrx_word' id='word_1_288' title='bbox 1111 315 1244 338; x_wconf 91' lang='lat' dir='ltr'><strong>stateram</strong></span> <span class='ocrx_word' id='word_1_289' title='bbox 1261 312 1282 338; x_wconf 84' lang='lat'><strong>’.</strong></span> <span class='ocrx_word' id='word_1_290' title='bbox 1303 311 1360 338; x_wconf 77' lang='lat' dir='ltr'><strong>Nec</strong></span> <span class='ocrx_word' id='word_1_291' title='bbox 1380 312 1491 338; x_wconf 83' lang='lat' dir='ltr'><strong>abludit</strong></span> <span class='ocrx_word' id='word_1_292' title='bbox 1505 311 1656 338; x_wconf 66' lang='lat' dir='ltr'><strong>Miebatas:</strong></span> <span class='ocrx_word' id='word_1_293' title='bbox 1676 319 1686 336; x_wconf 77' lang='grc' dir='ltr'><strong>ι</strong></span> <span class='ocrx_word' id='word_1_294' title='bbox 1705 309 1736 337; x_wconf 88' lang='lat' dir='ltr'><strong>Si</strong></span> 
     </span>
    </p>
   </div>
   <div class='ocr_carea' id='block_1_40' title="bbox 941 356 1736 392">
    <p class='ocr_par' dir='ltr' id='par_1_40' title="bbox 941 356 1736 392">
     <span class='ocr_line' id='line_1_40' title="bbox 941 356 1736 392; baseline 0 -10"><span class='ocrx_word' id='word_1_295' title='bbox 941 356 1140 391; x_wconf 82' lang='lat' dir='ltr'><strong>justiﬂcabitur</strong></span> <span class='ocrx_word' id='word_1_296' title='bbox 1167 357 1195 384; x_wconf 94' lang='lat' dir='ltr'><strong>in</strong></span> <span class='ocrx_word' id='word_1_297' title='bbox 1221 361 1325 385; x_wconf 88' lang='lat' dir='ltr'><strong>statera</strong></span> <span class='ocrx_word' id='word_1_298' title='bbox 1349 358 1472 392; x_wconf 82' lang='lat' dir='ltr'><strong>iniquus,</strong></span> <span class='ocrx_word' id='word_1_299' title='bbox 1487 363 1514 385; x_wconf 88' lang='lat' dir='ltr'><strong>et</strong></span> <span class='ocrx_word' id='word_1_300' title='bbox 1538 358 1567 384; x_wconf 89' lang='lat' dir='ltr'><strong>in</strong></span> <span class='ocrx_word' id='word_1_301' title='bbox 1594 356 1736 391; x_wconf 85' lang='lat' dir='ltr'><strong>marsupio</strong></span> 
     </span>
    </p>
   </div>
   <div class='ocr_carea' id='block_1_41' title="bbox 945 402 1735 437">
    <p class='ocr_par' dir='ltr' id='par_1_41' title="bbox 945 402 1735 437">
     <span class='ocr_line' id='line_1_41' title="bbox 945 402 1735 437; baseline -0.001 -8"><span class='ocrx_word' id='word_1_302' title='bbox 945 406 1047 429; x_wconf 76' lang='lat' dir='ltr'><strong>statera</strong></span> <span class='ocrx_word' id='word_1_303' title='bbox 1078 402 1167 430; x_wconf 82' lang='lat' dir='ltr'><strong>dolosi</strong></span> <span class='ocrx_word' id='word_1_304' title='bbox 1181 403 1203 430; x_wconf 82' lang='grc'><strong>⁸.</strong></span> <span class='ocrx_word' id='word_1_305' title='bbox 1224 412 1232 428; x_wconf 81' lang='grc' dir='ltr'><strong>ι</strong></span> <span class='ocrx_word' id='word_1_306' title='bbox 1252 403 1381 430; x_wconf 88' lang='lat' dir='ltr'><strong>Concinit</strong></span> <span class='ocrx_word' id='word_1_307' title='bbox 1411 403 1455 430; x_wconf 90' lang='lat' dir='ltr'><strong>his</strong></span> <span class='ocrx_word' id='word_1_308' title='bbox 1478 403 1573 437; x_wconf 80' lang='lat' dir='ltr'><strong>regius</strong></span> <span class='ocrx_word' id='word_1_309' title='bbox 1599 402 1707 429; x_wconf 82' lang='lat' dir='ltr'><strong>Psaltes</strong></span> <span class='ocrx_word' id='word_1_310' title='bbox 1727 410 1735 428; x_wconf 93' lang='lat'><strong><em>:</em></strong></span> 
     </span>
    </p>
   </div>
   <div class='ocr_carea' id='block_1_42' title="bbox 949 447 1736 481">
    <p class='ocr_par' dir='ltr' id='par_1_42' title="bbox 949 447 1736 481">
     <span class='ocr_line' id='line_1_42' title="bbox 949 447 1736 481; baseline 0 -7"><span class='ocrx_word' id='word_1_311' title='bbox 949 458 957 474; x_wconf 82' lang='grc' dir='ltr'><strong>ι</strong></span> <span class='ocrx_word' id='word_1_312' title='bbox 974 448 1120 476; x_wconf 78' lang='lat' dir='ltr'><strong>Mendaces</strong></span> <span class='ocrx_word' id='word_1_313' title='bbox 1143 449 1189 475; x_wconf 88' lang='lat' dir='ltr'><strong>filii</strong></span> <span class='ocrx_word' id='word_1_314' title='bbox 1214 449 1356 476; x_wconf 84' lang='lat' dir='ltr'><strong>hominum</strong></span> <span class='ocrx_word' id='word_1_315' title='bbox 1384 449 1411 475; x_wconf 93' lang='lat' dir='ltr'><strong>in</strong></span> <span class='ocrx_word' id='word_1_316' title='bbox 1430 448 1556 479; x_wconf 81' lang='lat' dir='ltr'><strong>stateris,</strong></span> <span class='ocrx_word' id='word_1_317' title='bbox 1581 451 1611 473; x_wconf 90' lang='lat' dir='ltr'><strong>ut</strong></span> <span class='ocrx_word' id='word_1_318' title='bbox 1631 447 1736 481; x_wconf 86' lang='lat' dir='ltr'><strong>injuste</strong></span> 
     </span>
    </p>
   </div>
   <div class='ocr_carea' id='block_1_43' title="bbox 945 492 1736 529">
    <p class='ocr_par' dir='ltr' id='par_1_43' title="bbox 945 492 1736 529">
     <span class='ocr_line' id='line_1_43' title="bbox 945 492 1736 529; baseline -0.003 -9"><span class='ocrx_word' id='word_1_319' title='bbox 945 494 1059 528; x_wconf 72' lang='lat' dir='ltr'><strong>agant”.</strong></span> <span class='ocrx_word' id='word_1_320' title='bbox 1080 503 1088 520; x_wconf 80' lang='grc' dir='ltr'><strong>ι</strong></span> <span class='ocrx_word' id='word_1_321' title='bbox 1112 494 1256 529; x_wconf 86' lang='lat' dir='ltr'><strong>Simulque</strong></span> <span class='ocrx_word' id='word_1_322' title='bbox 1272 495 1418 521; x_wconf 85' lang='lat' dir='ltr'><strong>insinuans</strong></span> <span class='ocrx_word' id='word_1_323' title='bbox 1442 494 1510 520; x_wconf 90' lang='lat' dir='ltr'><strong>tales</strong></span> <span class='ocrx_word' id='word_1_324' title='bbox 1531 493 1629 519; x_wconf 81' lang='lat' dir='ltr'><strong>morbo</strong></span> <span class='ocrx_word' id='word_1_325' title='bbox 1646 492 1736 525; x_wconf 83' lang='lat' dir='ltr'><strong>impo-</strong></span> 
     </span>
    </p>
   </div>
   <div class='ocr_carea' id='block_1_44' title="bbox 946 538 1735 574">
    <p class='ocr_par' dir='ltr' id='par_1_44' title="bbox 946 538 1735 574">
     <span class='ocr_line' id='line_1_44' title="bbox 946 538 1735 574; baseline 0 -10"><span class='ocrx_word' id='word_1_326' title='bbox 946 538 1032 566; x_wconf 79' lang='lat' dir='ltr'><strong>tentis</strong></span> <span class='ocrx_word' id='word_1_327' title='bbox 1046 539 1170 568; x_wconf 76' lang='lat' dir='ltr'><strong>avarititc</strong></span> <span class='ocrx_word' id='word_1_328' title='bbox 1184 547 1346 574; x_wconf 70' lang='lat' dir='ltr'><strong>mgrescere,</strong></span> <span class='ocrx_word' id='word_1_329' title='bbox 1364 539 1449 566; x_wconf 83' lang='lat' dir='ltr'><strong>infert</strong></span> <span class='ocrx_word' id='word_1_330' title='bbox 1466 548 1472 566; x_wconf 62' lang='grc' dir='ltr'><strong>ι</strong></span> <span class='ocrx_word' id='word_1_331' title='bbox 1497 549 1506 564; x_wconf 77' lang='grc' dir='ltr'><strong>ι</strong></span> <span class='ocrx_word' id='word_1_332' title='bbox 1530 539 1585 574; x_wconf 84' lang='lat' dir='ltr'><strong>Ipsi</strong></span> <span class='ocrx_word' id='word_1_333' title='bbox 1604 539 1638 566; x_wconf 91' lang='lat' dir='ltr'><strong>de</strong></span> <span class='ocrx_word' id='word_1_334' title='bbox 1656 538 1735 564; x_wconf 89' lang='lat' dir='ltr'><strong>vani-</strong></span> 
     </span>
    </p>
   </div>
   <div class='ocr_carea' id='block_1_45' title="bbox 946 584 1736 620">
    <p class='ocr_par' dir='ltr' id='par_1_45' title="bbox 946 584 1736 620">
     <span class='ocr_line' id='line_1_45' title="bbox 946 584 1736 620; baseline -0.001 -10"><span class='ocrx_word' id='word_1_335' title='bbox 946 587 1001 611; x_wconf 84' lang='lat' dir='ltr'><strong>tate</strong></span> <span class='ocrx_word' id='word_1_336' title='bbox 1019 584 1045 611; x_wconf 92' lang='lat' dir='ltr'><strong>in</strong></span> <span class='ocrx_word' id='word_1_337' title='bbox 1067 584 1188 618; x_wconf 88' lang='lat' dir='ltr'><strong>idipsum</strong></span> <span class='ocrx_word' id='word_1_338' title='bbox 1204 585 1290 612; x_wconf 91' lang='lat' dir='ltr'><strong>nolile</strong></span> <span class='ocrx_word' id='word_1_339' title='bbox 1316 593 1438 620; x_wconf 88' lang='lat' dir='ltr'><strong>sperare,</strong></span> <span class='ocrx_word' id='word_1_340' title='bbox 1454 585 1481 612; x_wconf 91' lang='lat' dir='ltr'><strong>in</strong></span> <span class='ocrx_word' id='word_1_341' title='bbox 1509 585 1688 618; x_wconf 80' lang='lat' dir='ltr'><strong>iniquitatem</strong></span> <span class='ocrx_word' id='word_1_342' title='bbox 1707 586 1736 610; x_wconf 88' lang='lat' dir='ltr'><strong>et</strong></span> 
     </span>
    </p>
   </div>
   <div class='ocr_carea' id='block_1_46' title="bbox 945 629 1735 665">
    <p class='ocr_par' dir='ltr' id='par_1_46' title="bbox 945 629 1735 665">
     <span class='ocr_line' id='line_1_46' title="bbox 945 629 1735 665; baseline -0.001 -9"><span class='ocrx_word' id='word_1_343' title='bbox 945 630 1070 664; x_wconf 80' lang='lat' dir='ltr'><strong>rapinam</strong></span> <span class='ocrx_word' id='word_1_344' title='bbox 1095 630 1179 656; x_wconf 89' lang='lat' dir='ltr'><strong>nolite</strong></span> <span class='ocrx_word' id='word_1_345' title='bbox 1209 631 1423 665; x_wconf 83' lang='lat' dir='ltr'><strong>concupiscere;</strong></span> <span class='ocrx_word' id='word_1_346' title='bbox 1443 631 1548 658; x_wconf 70' lang='lat' dir='ltr'><strong>divitiae</strong></span> <span class='ocrx_word' id='word_1_347' title='bbox 1564 630 1585 657; x_wconf 86' lang='lat' dir='ltr'><strong>si</strong></span> <span class='ocrx_word' id='word_1_348' title='bbox 1611 629 1735 660; x_wconf 82' lang='lat' dir='ltr'><strong>aflluant,</strong></span> 
     </span>
    </p>
   </div>
   <div class='ocr_carea' id='block_1_47' title="bbox 945 675 1737 711">
    <p class='ocr_par' dir='ltr' id='par_1_47' title="bbox 945 675 1737 711">
     <span class='ocr_line' id='line_1_47' title="bbox 945 675 1737 711; baseline -0.003 -9"><span class='ocrx_word' id='word_1_349' title='bbox 945 676 1032 702; x_wconf 90' lang='lat' dir='ltr'><strong>nolite</strong></span> <span class='ocrx_word' id='word_1_350' title='bbox 1047 683 1096 702; x_wconf 90' lang='lat' dir='ltr'><strong>cor</strong></span> <span class='ocrx_word' id='word_1_351' title='bbox 1111 683 1252 710; x_wconf 86' lang='lat' dir='ltr'><strong>apponere</strong></span> <span class='ocrx_word' id='word_1_352' title='bbox 1270 677 1303 703; x_wconf 82' lang='lat'><strong>&#39;°.</strong></span> <span class='ocrx_word' id='word_1_353' title='bbox 1325 686 1334 702; x_wconf 78' lang='grc' dir='ltr'><strong>ι</strong></span> <span class='ocrx_word' id='word_1_354' title='bbox 1351 677 1424 709; x_wconf 85' lang='lat' dir='ltr'><strong>Quin</strong></span> <span class='ocrx_word' id='word_1_355' title='bbox 1435 677 1479 704; x_wconf 83' lang='lat' dir='ltr'><strong>lex</strong></span> <span class='ocrx_word' id='word_1_356' title='bbox 1492 677 1551 711; x_wconf 87' lang='lat' dir='ltr'><strong>ipsa</strong></span> <span class='ocrx_word' id='word_1_357' title='bbox 1565 676 1654 711; x_wconf 81' lang='lat' dir='ltr'><strong>jubet,</strong></span> <span class='ocrx_word' id='word_1_358' title='bbox 1665 679 1696 701; x_wconf 90' lang='lat' dir='ltr'><strong>ut</strong></span> <span class='ocrx_word' id='word_1_359' title='bbox 1709 675 1737 700; x_wconf 93' lang='lat' dir='ltr'><strong>in</strong></span> 
     </span>
    </p>
   </div>
   <div class='ocr_carea' id='block_1_48' title="bbox 946 720 1738 756">
    <p class='ocr_par' dir='ltr' id='par_1_48' title="bbox 946 720 1738 756">
     <span class='ocr_line' id='line_1_48' title="bbox 946 720 1738 756; baseline -0.001 -10"><span class='ocrx_word' id='word_1_360' title='bbox 946 721 1100 753; x_wconf 85' lang='lat' dir='ltr'><strong>mensuris,</strong></span> <span class='ocrx_word' id='word_1_361' title='bbox 1120 721 1147 747; x_wconf 93' lang='lat' dir='ltr'><strong>in</strong></span> <span class='ocrx_word' id='word_1_362' title='bbox 1165 721 1337 756; x_wconf 83' lang='lat' dir='ltr'><strong>ponderibus</strong></span> <span class='ocrx_word' id='word_1_363' title='bbox 1357 726 1385 748; x_wconf 90' lang='lat' dir='ltr'><strong>et</strong></span> <span class='ocrx_word' id='word_1_364' title='bbox 1411 722 1438 748; x_wconf 93' lang='lat' dir='ltr'><strong>in</strong></span> <span class='ocrx_word' id='word_1_365' title='bbox 1453 722 1567 749; x_wconf 81' lang='lat' dir='ltr'><strong>stateris</strong></span> <span class='ocrx_word' id='word_1_366' title='bbox 1589 722 1664 756; x_wconf 88' lang='lat' dir='ltr'><strong>justa</strong></span> <span class='ocrx_word' id='word_1_367' title='bbox 1681 720 1738 746; x_wconf 82' lang='lat' dir='ltr'><strong>sint</strong></span> 
     </span>
    </p>
   </div>
   <div class='ocr_carea' id='block_1_49' title="bbox 946 766 1739 794">
    <p class='ocr_par' dir='ltr' id='par_1_49' title="bbox 946 766 1739 794">
     <span class='ocr_line' id='line_1_49' title="bbox 946 766 1739 794; baseline -0.001 -2"><span class='ocrx_word' id='word_1_368' title='bbox 946 766 1036 792; x_wconf 88' lang='lat' dir='ltr'><strong>vobis.</strong></span> <span class='ocrx_word' id='word_1_369' title='bbox 1052 766 1136 793; x_wconf 83' lang='lat' dir='ltr'><strong>Addit</strong></span> <span class='ocrx_word' id='word_1_370' title='bbox 1154 771 1181 793; x_wconf 75' lang='lat' dir='ltr'><strong>et</strong></span> <span class='ocrx_word' id='word_1_371' title='bbox 1198 767 1266 793; x_wconf 90' lang='lat' dir='ltr'><strong>illud</strong></span> <span class='ocrx_word' id='word_1_372' title='bbox 1282 775 1288 793; x_wconf 93' lang='lat'>:</span> <span class='ocrx_word' id='word_1_373' title='bbox 1310 777 1319 792; x_wconf 76' lang='grc' dir='ltr'><strong>ι</strong></span> <span class='ocrx_word' id='word_1_374' title='bbox 1342 767 1403 794; x_wconf 85' lang='grc' dir='ltr'>Νοιι</span> <span class='ocrx_word' id='word_1_375' title='bbox 1431 767 1582 794; x_wconf 86' lang='lat' dir='ltr'><strong>transferes</strong></span> <span class='ocrx_word' id='word_1_376' title='bbox 1604 766 1739 793; x_wconf 87' lang='lat' dir='ltr'><strong>terminos</strong></span> 
     </span>
    </p>
   </div>
   <div class='ocr_carea' id='block_1_50' title="bbox 946 810 1740 846">
    <p class='ocr_par' dir='ltr' id='par_1_50' title="bbox 946 810 1740 846">
     <span class='ocr_line' id='line_1_50' title="bbox 946 810 1740 846; baseline -0.004 -8"><span class='ocrx_word' id='word_1_377' title='bbox 946 819 1017 845; x_wconf 90' lang='lat' dir='ltr'><strong>quos</strong></span> <span class='ocrx_word' id='word_1_378' title='bbox 1043 816 1198 845; x_wconf 87' lang='lat' dir='ltr'><strong>posuerunt</strong></span> <span class='ocrx_word' id='word_1_379' title='bbox 1224 816 1319 846; x_wconf 86' lang='lat' dir='ltr'><strong>patres</strong></span> <span class='ocrx_word' id='word_1_380' title='bbox 1335 811 1374 838; x_wconf 88' lang='lat' dir='ltr'><strong>tui</strong></span> <span class='ocrx_word' id='word_1_381' title='bbox 1391 812 1423 838; x_wconf 90' lang='lat'><strong>&quot;.</strong></span> <span class='ocrx_word' id='word_1_382' title='bbox 1441 821 1450 837; x_wconf 80' lang='grc' dir='ltr'><strong>ι</strong></span> <span class='ocrx_word' id='word_1_383' title='bbox 1468 811 1523 838; x_wconf 88' lang='lat' dir='ltr'><strong>Sed</strong></span> <span class='ocrx_word' id='word_1_384' title='bbox 1539 816 1568 838; x_wconf 89' lang='lat' dir='ltr'><strong>et</strong></span> <span class='ocrx_word' id='word_1_385' title='bbox 1583 810 1740 844; x_wconf 72' lang='lat' dir='ltr'><strong>Sophonias</strong></span> 
     </span>
    </p>
   </div>
   <div class='ocr_carea' id='block_1_51' title="bbox 947 856 1741 891">
    <p class='ocr_par' dir='ltr' id='par_1_51' title="bbox 947 856 1741 891">
     <span class='ocr_line' id='line_1_51' title="bbox 947 856 1741 891; baseline -0.003 -9"><span class='ocrx_word' id='word_1_386' title='bbox 947 856 1082 891; x_wconf 84' lang='lat' dir='ltr'><strong>propheta</strong></span> <span class='ocrx_word' id='word_1_387' title='bbox 1101 865 1108 883; x_wconf 89' lang='lat'><strong>:</strong></span> <span class='ocrx_word' id='word_1_388' title='bbox 1131 866 1140 881; x_wconf 80' lang='grc' dir='ltr'><strong>ι</strong></span> <span class='ocrx_word' id='word_1_389' title='bbox 1156 856 1297 883; x_wconf 89' lang='lat' dir='ltr'><strong>Judicium</strong></span> <span class='ocrx_word' id='word_1_390' title='bbox 1318 857 1473 891; x_wconf 88' lang='lat' dir='ltr'><strong>operemini</strong></span> <span class='ocrx_word' id='word_1_391' title='bbox 1488 861 1517 884; x_wconf 84' lang='lat' dir='ltr'><strong>et</strong></span> <span class='ocrx_word' id='word_1_392' title='bbox 1539 856 1675 891; x_wconf 80' lang='lat' dir='ltr'><strong>justitiam</strong></span> <span class='ocrx_word' id='word_1_393' title='bbox 1693 862 1741 881; x_wconf 78' lang='lat' dir='ltr'><strong>ex-</strong></span> 
     </span>
    </p>
   </div>
   <div class='ocr_carea' id='block_1_52' title="bbox 948 900 1741 936">
    <p class='ocr_par' dir='ltr' id='par_1_52' title="bbox 948 900 1741 936">
     <span class='ocr_line' id='line_1_52' title="bbox 948 900 1741 936; baseline -0.003 -8"><span class='ocrx_word' id='word_1_394' title='bbox 948 901 1053 936; x_wconf 81' lang='lat' dir='ltr'><strong>quirite</strong></span> <span class='ocrx_word' id='word_1_395' title='bbox 1067 907 1099 929; x_wconf 86' lang='lat' dir='ltr'><strong>ut</strong></span> <span class='ocrx_word' id='word_1_396' title='bbox 1112 902 1297 936; x_wconf 80' lang='lat' dir='ltr'><strong>protegamini</strong></span> <span class='ocrx_word' id='word_1_397' title='bbox 1311 902 1338 928; x_wconf 91' lang='lat' dir='ltr'><strong>in</strong></span> <span class='ocrx_word' id='word_1_398' title='bbox 1354 902 1400 928; x_wconf 86' lang='lat' dir='ltr'><strong>die</strong></span> <span class='ocrx_word' id='word_1_399' title='bbox 1413 902 1461 929; x_wconf 66' lang='lat' dir='ltr'><strong>ira:</strong></span> <span class='ocrx_word' id='word_1_400' title='bbox 1480 901 1589 929; x_wconf 86' lang='lat' dir='ltr'><strong>Domini</strong></span> <span class='ocrx_word' id='word_1_401' title='bbox 1607 902 1640 927; x_wconf 72' lang='grc' dir='ltr'><strong>ι’.</strong></span> <span class='ocrx_word' id='word_1_402' title='bbox 1659 910 1668 926; x_wconf 81' lang='grc' dir='ltr'><strong>ι</strong></span> <span class='ocrx_word' id='word_1_403' title='bbox 1686 900 1741 927; x_wconf 82' lang='lat' dir='ltr'><strong>Nec</strong></span> 
     </span>
    </p>
   </div>
   <div class='ocr_carea' id='block_1_53' title="bbox 948 946 1739 982">
    <p class='ocr_par' dir='ltr' id='par_1_53' title="bbox 948 946 1739 982">
     <span class='ocr_line' id='line_1_53' title="bbox 948 946 1739 982; baseline -0.004 -7"><span class='ocrx_word' id='word_1_404' title='bbox 948 956 1030 975; x_wconf 85' lang='lat' dir='ltr'><strong>secus</strong></span> <span class='ocrx_word' id='word_1_405' title='bbox 1058 947 1212 975; x_wconf 83' lang='lat' dir='ltr'><strong>Ezechiel:</strong></span> <span class='ocrx_word' id='word_1_406' title='bbox 1238 957 1246 973; x_wconf 81' lang='grc' dir='ltr'><strong>ι</strong></span> <span class='ocrx_word' id='word_1_407' title='bbox 1263 947 1405 975; x_wconf 84' lang='lat' dir='ltr'><strong>Judicium</strong></span> <span class='ocrx_word' id='word_1_408' title='bbox 1430 951 1459 974; x_wconf 89' lang='lat' dir='ltr'><strong>et</strong></span> <span class='ocrx_word' id='word_1_409' title='bbox 1483 948 1624 982; x_wconf 88' lang='lat' dir='ltr'><strong>justitiam</strong></span> <span class='ocrx_word' id='word_1_410' title='bbox 1646 946 1739 973; x_wconf 87' lang='lat' dir='ltr'><strong>facile.</strong></span> 
     </span>
    </p>
   </div>
   <div class='ocr_carea' id='block_1_54' title="bbox 949 990 1740 1027">
    <p class='ocr_par' dir='ltr' id='par_1_54' title="bbox 949 990 1740 1027">
     <span class='ocr_line' id='line_1_54' title="bbox 949 990 1740 1027; baseline -0.004 -7"><span class='ocrx_word' id='word_1_411' title='bbox 949 993 1057 1021; x_wconf 84' lang='lat' dir='ltr'><strong>Statera</strong></span> <span class='ocrx_word' id='word_1_412' title='bbox 1075 993 1203 1027; x_wconf 82' lang='lat' dir='ltr'><strong>justa,et</strong></span> <span class='ocrx_word' id='word_1_413' title='bbox 1227 1000 1356 1020; x_wconf 87' lang='lat' dir='ltr'><strong>mensura</strong></span> <span class='ocrx_word' id='word_1_414' title='bbox 1380 993 1466 1027; x_wconf 79' lang='lat' dir='ltr'><strong>jnsta,</strong></span> <span class='ocrx_word' id='word_1_415' title='bbox 1482 996 1511 1019; x_wconf 90' lang='lat' dir='ltr'><strong>et</strong></span> <span class='ocrx_word' id='word_1_416' title='bbox 1533 991 1646 1019; x_wconf 77' lang='lat' dir='ltr'><strong>chcenix</strong></span> <span class='ocrx_word' id='word_1_417' title='bbox 1668 990 1740 1025; x_wconf 85' lang='lat' dir='ltr'><strong>justa</strong></span> 
     </span>
    </p>
   </div>
   <div class='ocr_carea' id='block_1_55' title="bbox 948 1036 1740 1067">
    <p class='ocr_par' dir='ltr' id='par_1_55' title="bbox 948 1036 1740 1067">
     <span class='ocr_line' id='line_1_55' title="bbox 948 1036 1740 1067; baseline -0.006 -1"><span class='ocrx_word' id='word_1_418' title='bbox 948 1040 1002 1067; x_wconf 90' lang='lat' dir='ltr'><strong>erit</strong></span> <span class='ocrx_word' id='word_1_419' title='bbox 1019 1039 1100 1066; x_wconf 89' lang='lat' dir='ltr'><strong>vobis</strong></span> <span class='ocrx_word' id='word_1_420' title='bbox 1120 1039 1150 1064; x_wconf 79' lang='grc'><strong>³³.</strong></span> <span class='ocrx_word' id='word_1_421' title='bbox 1172 1048 1181 1064; x_wconf 76' lang='grc' dir='ltr'><strong>ι</strong></span> <span class='ocrx_word' id='word_1_422' title='bbox 1197 1038 1312 1065; x_wconf 80' lang='lat' dir='ltr'><strong>Accedit</strong></span> <span class='ocrx_word' id='word_1_423' title='bbox 1328 1038 1371 1065; x_wconf 88' lang='lat' dir='ltr'><strong>bis</strong></span> <span class='ocrx_word' id='word_1_424' title='bbox 1389 1037 1586 1065; x_wconf 70' lang='lat' dir='ltr'><strong>Parmmiastes</strong></span> <span class='ocrx_word' id='word_1_425' title='bbox 1606 1045 1614 1062; x_wconf 84' lang='lat'><strong>:</strong></span> <span class='ocrx_word' id='word_1_426' title='bbox 1631 1036 1740 1063; x_wconf 76' lang='lat' dir='ltr'><strong>Stutera</strong></span> 
     </span>
    </p>
   </div>
   <div class='ocr_carea' id='block_1_56' title="bbox 949 1081 1743 1117">
    <p class='ocr_par' dir='ltr' id='par_1_56' title="bbox 949 1081 1743 1117">
     <span class='ocr_line' id='line_1_56' title="bbox 949 1081 1743 1117; baseline -0.006 -5"><span class='ocrx_word' id='word_1_427' title='bbox 949 1085 1044 1113; x_wconf 84' lang='lat' dir='ltr'><strong>dolosa</strong></span> <span class='ocrx_word' id='word_1_428' title='bbox 1058 1085 1228 1112; x_wconf 88' lang='lat' dir='ltr'><strong>abominatio</strong></span> <span class='ocrx_word' id='word_1_429' title='bbox 1242 1089 1285 1112; x_wconf 88' lang='lat' dir='ltr'><strong>est</strong></span> <span class='ocrx_word' id='word_1_430' title='bbox 1299 1088 1364 1111; x_wconf 83' lang='lat' dir='ltr'><strong>ante</strong></span> <span class='ocrx_word' id='word_1_431' title='bbox 1387 1083 1536 1111; x_wconf 92' lang='lat' dir='ltr'><strong>Dominum</strong></span> <span class='ocrx_word' id='word_1_432' title='bbox 1546 1102 1553 1114; x_wconf 96' lang='lat'><strong>,</strong></span> <span class='ocrx_word' id='word_1_433' title='bbox 1566 1081 1677 1117; x_wconf 90' lang='lat' dir='ltr'><strong>pondus</strong></span> <span class='ocrx_word' id='word_1_434' title='bbox 1692 1088 1743 1115; x_wconf 49' lang='lat' dir='ltr'><strong>au;</strong></span> 
     </span>
    </p>
   </div>
   <div class='ocr_carea' id='block_1_57' title="bbox 950 1126 1742 1166">
    <p class='ocr_par' dir='ltr' id='par_1_57' title="bbox 950 1126 1742 1166">
     <span class='ocr_line' id='line_1_57' title="bbox 950 1126 1742 1166; baseline -0.008 -8"><span class='ocrx_word' id='word_1_435' title='bbox 950 1131 1119 1166; x_wconf 86' lang='lat' dir='ltr'><strong>temjustum</strong></span> <span class='ocrx_word' id='word_1_436' title='bbox 1134 1130 1305 1165; x_wconf 86' lang='lat' dir='ltr'><strong>acceptabile</strong></span> <span class='ocrx_word' id='word_1_437' title='bbox 1317 1134 1360 1156; x_wconf 83' lang='lat' dir='ltr'><strong>est</strong></span> <span class='ocrx_word' id='word_1_438' title='bbox 1371 1129 1397 1156; x_wconf 85' lang='lat' dir='ltr'><strong>ei</strong></span> <span class='ocrx_word' id='word_1_439' title='bbox 1414 1129 1446 1155; x_wconf 73' lang='lat'><strong>“.</strong></span> <span class='ocrx_word' id='word_1_440' title='bbox 1465 1140 1473 1154; x_wconf 76' lang='grc' dir='ltr'><strong>ι</strong></span> <span class='ocrx_word' id='word_1_441' title='bbox 1490 1128 1594 1155; x_wconf 90' lang='lat' dir='ltr'><strong>lterum</strong></span> <span class='ocrx_word' id='word_1_442' title='bbox 1608 1136 1616 1153; x_wconf 86' lang='lat'><strong>:</strong></span> <span class='ocrx_word' id='word_1_443' title='bbox 1629 1126 1742 1154; x_wconf 76' lang='lat' dir='ltr'><strong>Pontius</strong></span> 
     </span>
    </p>
   </div>
   <div class='ocr_carea' id='block_1_58' title="bbox 949 1172 1742 1213">
    <p class='ocr_par' dir='ltr' id='par_1_58' title="bbox 949 1172 1742 1213">
     <span class='ocr_line' id='line_1_58' title="bbox 949 1172 1742 1213; baseline -0.009 -8"><span class='ocrx_word' id='word_1_444' title='bbox 949 1185 1079 1213; x_wconf 78' lang='lat' dir='ltr'><strong>magnum</strong></span> <span class='ocrx_word' id='word_1_445' title='bbox 1091 1181 1119 1204; x_wconf 89' lang='lat' dir='ltr'><strong>et</strong></span> <span class='ocrx_word' id='word_1_446' title='bbox 1133 1184 1261 1212; x_wconf 80' lang='lat' dir='ltr'><strong>parvum,</strong></span> <span class='ocrx_word' id='word_1_447' title='bbox 1276 1180 1303 1202; x_wconf 92' lang='lat' dir='ltr'><strong>et</strong></span> <span class='ocrx_word' id='word_1_448' title='bbox 1315 1183 1451 1202; x_wconf 67' lang='lat' dir='ltr'><strong>mensurae</strong></span> <span class='ocrx_word' id='word_1_449' title='bbox 1463 1174 1589 1209; x_wconf 85' lang='lat' dir='ltr'><strong>duplices</strong></span> <span class='ocrx_word' id='word_1_450' title='bbox 1600 1172 1742 1200; x_wconf 84' lang='lat' dir='ltr'><strong>immunda</strong></span> 
     </span>
    </p>
   </div>
   <div class='ocr_carea' id='block_1_59' title="bbox 949 1219 1740 1257">
    <p class='ocr_par' dir='ltr' id='par_1_59' title="bbox 949 1219 1740 1257">
     <span class='ocr_line' id='line_1_59' title="bbox 949 1219 1740 1257; baseline -0.009 -4"><span class='ocrx_word' id='word_1_451' title='bbox 949 1231 1015 1254; x_wconf 83' lang='lat' dir='ltr'><strong>sunt</strong></span> <span class='ocrx_word' id='word_1_452' title='bbox 1031 1232 1125 1253; x_wconf 88' lang='lat' dir='ltr'><strong>coram</strong></span> <span class='ocrx_word' id='word_1_453' title='bbox 1150 1224 1286 1257; x_wconf 90' lang='lat' dir='ltr'><strong>Domino;</strong></span> <span class='ocrx_word' id='word_1_454' title='bbox 1304 1228 1332 1250; x_wconf 88' lang='lat' dir='ltr'><strong>et</strong></span> <span class='ocrx_word' id='word_1_455' title='bbox 1362 1228 1480 1257; x_wconf 84' lang='lat' dir='ltr'><strong>utraque</strong></span> <span class='ocrx_word' id='word_1_456' title='bbox 1505 1222 1532 1248; x_wconf 95' lang='lat' dir='ltr'><strong>in</strong></span> <span class='ocrx_word' id='word_1_457' title='bbox 1553 1220 1655 1248; x_wconf 86' lang='lat' dir='ltr'><strong>studiis</strong></span> <span class='ocrx_word' id='word_1_458' title='bbox 1669 1219 1740 1246; x_wconf 90' lang='lat' dir='ltr'><strong>irre-</strong></span> 
     </span>
    </p>
   </div>
   <div class='ocr_carea' id='block_1_60' title="bbox 951 1264 1739 1303">
    <p class='ocr_par' dir='ltr' id='par_1_60' title="bbox 951 1264 1739 1303">
     <span class='ocr_line' id='line_1_60' title="bbox 951 1264 1739 1303; baseline -0.01 -4"><span class='ocrx_word' id='word_1_459' title='bbox 951 1272 1058 1299; x_wconf 85' lang='lat' dir='ltr'><strong>tientur</strong></span> <span class='ocrx_word' id='word_1_460' title='bbox 1071 1271 1102 1297; x_wconf 69' lang='grc'><strong>*⁵.</strong></span> <span class='ocrx_word' id='word_1_461' title='bbox 1121 1280 1130 1296; x_wconf 74' lang='grc' dir='ltr'><strong>ι</strong></span> <span class='ocrx_word' id='word_1_462' title='bbox 1147 1264 1313 1297; x_wconf 69' lang='grc' dir='ltr'>ΡοηθῚιιΕο</span> <span class='ocrx_word' id='word_1_463' title='bbox 1332 1267 1552 1303; x_wconf 86' lang='lat' dir='ltr'><strong>aliquammultis</strong></span> <span class='ocrx_word' id='word_1_464' title='bbox 1574 1265 1665 1293; x_wconf 89' lang='lat' dir='ltr'><strong>videri</strong></span> <span class='ocrx_word' id='word_1_465' title='bbox 1689 1272 1739 1299; x_wconf 93' lang='lat' dir='ltr'><strong>po-</strong></span> 
     </span>
    </p>
   </div>
   <div class='ocr_carea' id='block_1_61' title="bbox 951 1312 1742 1350">
    <p class='ocr_par' dir='ltr' id='par_1_61' title="bbox 951 1312 1742 1350">
     <span class='ocr_line' id='line_1_61' title="bbox 951 1312 1742 1350; baseline -0.01 -5"><span class='ocrx_word' id='word_1_466' title='bbox 951 1321 1066 1345; x_wconf 89' lang='lat' dir='ltr'><strong>tuerunt</strong></span> <span class='ocrx_word' id='word_1_467' title='bbox 1089 1317 1195 1345; x_wconf 87' lang='lat' dir='ltr'><strong>nullius</strong></span> <span class='ocrx_word' id='word_1_468' title='bbox 1217 1322 1304 1350; x_wconf 86' lang='lat' dir='ltr'><strong>prope</strong></span> <span class='ocrx_word' id='word_1_469' title='bbox 1329 1314 1472 1345; x_wconf 88' lang='lat' dir='ltr'><strong>momenti,</strong></span> <span class='ocrx_word' id='word_1_470' title='bbox 1489 1317 1517 1340; x_wconf 89' lang='lat' dir='ltr'><strong>et</strong></span> <span class='ocrx_word' id='word_1_471' title='bbox 1539 1312 1652 1346; x_wconf 77' lang='lat' dir='ltr'><strong>indigna</strong></span> <span class='ocrx_word' id='word_1_472' title='bbox 1681 1318 1742 1345; x_wconf 64' lang='lat' dir='ltr'><strong>quae</strong></span> 
     </span>
    </p>
   </div>
   <div class='ocr_carea' id='block_1_62' title="bbox 951 1357 1742 1398">
    <p class='ocr_par' dir='ltr' id='par_1_62' title="bbox 951 1357 1742 1398">
     <span class='ocr_line' id='line_1_62' title="bbox 951 1357 1742 1398; baseline -0.01 -8"><span class='ocrx_word' id='word_1_473' title='bbox 951 1363 1150 1398; x_wconf 85' lang='lat' dir='ltr'><strong>depromantur</strong></span> <span class='ocrx_word' id='word_1_474' title='bbox 1180 1362 1207 1388; x_wconf 90' lang='lat' dir='ltr'><strong>in</strong></span> <span class='ocrx_word' id='word_1_475' title='bbox 1243 1368 1361 1388; x_wconf 86' lang='lat' dir='ltr'><strong>aerem:</strong></span> <span class='ocrx_word' id='word_1_476' title='bbox 1389 1364 1417 1386; x_wconf 88' lang='lat' dir='ltr'><strong>at</strong></span> <span class='ocrx_word' id='word_1_477' title='bbox 1439 1363 1514 1386; x_wconf 82' lang='lat' dir='ltr'><strong>certe</strong></span> <span class='ocrx_word' id='word_1_478' title='bbox 1546 1358 1615 1385; x_wconf 90' lang='lat' dir='ltr'><strong>nihil</strong></span> <span class='ocrx_word' id='word_1_479' title='bbox 1642 1357 1742 1384; x_wconf 88' lang='lat' dir='ltr'><strong>horum</strong></span> 
     </span>
    </p>
   </div>
   <div class='ocr_carea' id='block_1_63' title="bbox 952 1401 1745 1437">
    <p class='ocr_par' dir='ltr' id='par_1_63' title="bbox 952 1401 1745 1437">
     <span class='ocr_line' id='line_1_63' title="bbox 952 1401 1745 1437; baseline -0.01 -2"><span class='ocrx_word' id='word_1_480' title='bbox 952 1412 1057 1435; x_wconf 82' lang='lat' dir='ltr'><strong>temere</strong></span> <span class='ocrx_word' id='word_1_481' title='bbox 1080 1407 1138 1434; x_wconf 87' lang='lat' dir='ltr'><strong>sive</strong></span> <span class='ocrx_word' id='word_1_482' title='bbox 1157 1406 1334 1433; x_wconf 85' lang='lat' dir='ltr'><strong>frustratorie</strong></span> <span class='ocrx_word' id='word_1_483' title='bbox 1366 1405 1515 1432; x_wconf 77' lang='lat' dir='ltr'><strong>enuntiarit</strong></span> <span class='ocrx_word' id='word_1_484' title='bbox 1538 1408 1586 1430; x_wconf 87' lang='lat' dir='ltr'><strong>aut</strong></span> <span class='ocrx_word' id='word_1_485' title='bbox 1621 1401 1745 1437; x_wconf 87' lang='lat' dir='ltr'><strong>produnt</strong></span> 
     </span>
    </p>
   </div>
   <div class='ocr_carea' id='block_1_64' title="bbox 952 1446 1743 1487">
    <p class='ocr_par' dir='ltr' id='par_1_64' title="bbox 952 1446 1743 1487">
     <span class='ocr_line' id='line_1_64' title="bbox 952 1446 1743 1487; baseline -0.009 -7"><span class='ocrx_word' id='word_1_486' title='bbox 952 1452 1105 1487; x_wconf 73' lang='lat' dir='ltr'><strong>Scripturae</strong></span> <span class='ocrx_word' id='word_1_487' title='bbox 1123 1451 1261 1478; x_wconf 80' lang='lat' dir='ltr'><strong>divinitus</strong></span> <span class='ocrx_word' id='word_1_488' title='bbox 1278 1450 1431 1485; x_wconf 62' lang='lat' dir='ltr'><strong>inspirata.</strong></span> <span class='ocrx_word' id='word_1_489' title='bbox 1449 1448 1556 1476; x_wconf 85' lang='lat' dir='ltr'><strong>Cuncta</strong></span> <span class='ocrx_word' id='word_1_490' title='bbox 1567 1447 1640 1474; x_wconf 87' lang='lat' dir='ltr'><strong>enim</strong></span> <span class='ocrx_word' id='word_1_491' title='bbox 1653 1446 1686 1473; x_wconf 86' lang='lat' dir='ltr'><strong>ad</strong></span> <span class='ocrx_word' id='word_1_492' title='bbox 1699 1453 1743 1473; x_wconf 87' lang='lat' dir='ltr'><strong>sa-</strong></span> 
     </span>
    </p>
   </div>
   <div class='ocr_carea' id='block_1_65' title="bbox 952 1493 1742 1530">
    <p class='ocr_par' dir='ltr' id='par_1_65' title="bbox 952 1493 1742 1530">
     <span class='ocr_line' id='line_1_65' title="bbox 952 1493 1742 1530; baseline -0.01 -5"><span class='ocrx_word' id='word_1_493' title='bbox 952 1498 1037 1525; x_wconf 90' lang='lat' dir='ltr'><strong>lutem</strong></span> <span class='ocrx_word' id='word_1_494' title='bbox 1052 1502 1186 1529; x_wconf 85' lang='lat' dir='ltr'><strong>nostram,</strong></span> <span class='ocrx_word' id='word_1_495' title='bbox 1203 1501 1335 1523; x_wconf 65' lang='lat' dir='ltr'><strong>aeternam</strong></span> <span class='ocrx_word' id='word_1_496' title='bbox 1349 1502 1461 1530; x_wconf 85' lang='lat' dir='ltr'><strong>quoque</strong></span> <span class='ocrx_word' id='word_1_497' title='bbox 1477 1493 1627 1528; x_wconf 84' lang='lat' dir='ltr'><strong>parandam</strong></span> <span class='ocrx_word' id='word_1_498' title='bbox 1642 1493 1725 1519; x_wconf 85' lang='lat' dir='ltr'><strong>vitam</strong></span> <span class='ocrx_word' id='word_1_499' title='bbox 1736 1512 1742 1522; x_wconf 93' lang='lat'><strong>,</strong></span> 
     </span>
    </p>
   </div>
   <div class='ocr_carea' id='block_1_66' title="bbox 953 1537 1742 1575">
    <p class='ocr_par' dir='ltr' id='par_1_66' title="bbox 953 1537 1742 1575">
     <span class='ocr_line' id='line_1_66' title="bbox 953 1537 1742 1575; baseline -0.011 -4"><span class='ocrx_word' id='word_1_500' title='bbox 953 1543 1044 1571; x_wconf 82' lang='lat' dir='ltr'><strong>sanxit</strong></span> <span class='ocrx_word' id='word_1_501' title='bbox 1061 1550 1139 1570; x_wconf 83' lang='lat' dir='ltr'><strong>sacer</strong></span> <span class='ocrx_word' id='word_1_502' title='bbox 1155 1542 1201 1568; x_wconf 86' lang='lat' dir='ltr'><strong>ille</strong></span> <span class='ocrx_word' id='word_1_503' title='bbox 1217 1549 1249 1568; x_wconf 86' lang='lat' dir='ltr'><strong>ac</strong></span> <span class='ocrx_word' id='word_1_504' title='bbox 1261 1540 1425 1575; x_wconf 82' lang='lat' dir='ltr'><strong>suppliciter</strong></span> <span class='ocrx_word' id='word_1_505' title='bbox 1436 1538 1596 1566; x_wconf 83' lang='lat' dir='ltr'><strong>adorandus</strong></span> <span class='ocrx_word' id='word_1_506' title='bbox 1609 1537 1742 1572; x_wconf 82' lang='lat' dir='ltr'><strong>Spiritus.</strong></span> 
     </span>
    </p>
   </div>
   <div class='ocr_carea' id='block_1_67' title="bbox 953 1582 1742 1623">
    <p class='ocr_par' dir='ltr' id='par_1_67' title="bbox 953 1582 1742 1623">
     <span class='ocr_line' id='line_1_67' title="bbox 953 1582 1742 1623; baseline -0.011 -8"><span class='ocrx_word' id='word_1_507' title='bbox 953 1588 1051 1623; x_wconf 76' lang='lat' dir='ltr'><strong>Magno</strong></span> <span class='ocrx_word' id='word_1_508' title='bbox 1065 1587 1150 1622; x_wconf 74' lang='lat' dir='ltr'><strong>igitur</strong></span> <span class='ocrx_word' id='word_1_509' title='bbox 1166 1586 1258 1613; x_wconf 86' lang='lat' dir='ltr'><strong>studio</strong></span> <span class='ocrx_word' id='word_1_510' title='bbox 1275 1585 1404 1616; x_wconf 76' lang='lat' dir='ltr'><strong>vitemus,</strong></span> <span class='ocrx_word' id='word_1_511' title='bbox 1424 1582 1594 1614; x_wconf 82' lang='lat' dir='ltr'><strong>charissimi,</strong></span> <span class='ocrx_word' id='word_1_512' title='bbox 1611 1582 1742 1608; x_wconf 83' lang='lat' dir='ltr'><strong>vitiosam</strong></span> 
     </span>
    </p>
   </div>
   <div class='ocr_carea' id='block_1_68' title="bbox 951 1627 1743 1666">
    <p class='ocr_par' dir='ltr' id='par_1_68' title="bbox 951 1627 1743 1666">
     <span class='ocr_line' id='line_1_68' title="bbox 951 1627 1743 1666; baseline -0.011 -4"><span class='ocrx_word' id='word_1_513' title='bbox 951 1634 1075 1662; x_wconf 80' lang='lat' dir='ltr'><strong>avaritiae</strong></span> <span class='ocrx_word' id='word_1_514' title='bbox 1090 1633 1277 1663; x_wconf 82' lang='lat' dir='ltr'><strong>affectionem,</strong></span> <span class='ocrx_word' id='word_1_515' title='bbox 1292 1639 1354 1666; x_wconf 57' lang='lat' dir='ltr'><strong>qua</strong></span> <span class='ocrx_word' id='word_1_516' title='bbox 1367 1630 1526 1666; x_wconf 86' lang='lat' dir='ltr'><strong>(erudicnte</strong></span> <span class='ocrx_word' id='word_1_517' title='bbox 1537 1636 1589 1656; x_wconf 90' lang='lat' dir='ltr'><strong>nos</strong></span> <span class='ocrx_word' id='word_1_518' title='bbox 1599 1627 1743 1662; x_wconf 83' lang='lat' dir='ltr'><strong>Apostolo)</strong></span> 
     </span>
    </p>
   </div>
   <div class='ocr_carea' id='block_1_69' title="bbox 951 1673 1746 1711">
    <p class='ocr_par' dir='ltr' id='par_1_69' title="bbox 951 1673 1746 1711">
     <span class='ocr_line' id='line_1_69' title="bbox 951 1673 1746 1711; baseline -0.011 -2"><span class='ocrx_word' id='word_1_519' title='bbox 951 1680 1108 1709; x_wconf 84' lang='lat' dir='ltr'><strong>secundum</strong></span> <span class='ocrx_word' id='word_1_520' title='bbox 1135 1678 1334 1710; x_wconf 85' lang='lat' dir='ltr'><strong>idololatriam,</strong></span> <span class='ocrx_word' id='word_1_521' title='bbox 1347 1676 1454 1711; x_wconf 88' lang='lat' dir='ltr'><strong>primas</strong></span> <span class='ocrx_word' id='word_1_522' title='bbox 1477 1679 1561 1703; x_wconf 87' lang='lat' dir='ltr'><strong>tenet.</strong></span> <span class='ocrx_word' id='word_1_523' title='bbox 1584 1684 1592 1700; x_wconf 81' lang='grc' dir='ltr'><strong>ι</strong></span> <span class='ocrx_word' id='word_1_524' title='bbox 1614 1675 1692 1705; x_wconf 82' lang='lat' dir='ltr'><strong>Date.</strong></span> <span class='ocrx_word' id='word_1_525' title='bbox 1707 1673 1746 1700; x_wconf 91' lang='lat' dir='ltr'><strong>ait</strong></span> 
     </span>
    </p>
   </div>
   <div class='ocr_carea' id='block_1_70' title="bbox 949 1722 1744 1759">
    <p class='ocr_par' dir='ltr' id='par_1_70' title="bbox 949 1722 1744 1759">
     <span class='ocr_line' id='line_1_70' title="bbox 949 1722 1744 1759; baseline -0.013 -3"><span class='ocrx_word' id='word_1_526' title='bbox 949 1727 1086 1756; x_wconf 83' lang='lat' dir='ltr'><strong>Dominus</strong></span> <span class='ocrx_word' id='word_1_527' title='bbox 1103 1727 1130 1753; x_wconf 91' lang='lat' dir='ltr'><strong>in</strong></span> <span class='ocrx_word' id='word_1_528' title='bbox 1149 1724 1317 1759; x_wconf 77' lang='lat' dir='ltr'><strong>Evangeliis,</strong></span> <span class='ocrx_word' id='word_1_529' title='bbox 1333 1728 1362 1750; x_wconf 82' lang='lat' dir='ltr'><strong>et</strong></span> <span class='ocrx_word' id='word_1_530' title='bbox 1383 1723 1496 1750; x_wconf 87' lang='lat' dir='ltr'><strong>dabitur</strong></span> <span class='ocrx_word' id='word_1_531' title='bbox 1513 1722 1615 1753; x_wconf 83' lang='lat' dir='ltr'><strong>vobis;</strong></span> <span class='ocrx_word' id='word_1_532' title='bbox 1631 1728 1744 1747; x_wconf 89' lang='lat' dir='ltr'><strong>mensu-</strong></span> 
     </span>
    </p>
   </div>
   <div class='ocr_carea' id='block_1_71' title="bbox 950 1768 1744 1806">
    <p class='ocr_par' dir='ltr' id='par_1_71' title="bbox 950 1768 1744 1806">
     <span class='ocr_line' id='line_1_71' title="bbox 950 1768 1744 1806; baseline -0.011 -5"><span class='ocrx_word' id='word_1_533' title='bbox 950 1782 1008 1802; x_wconf 87' lang='lat' dir='ltr'><strong>ram</strong></span> <span class='ocrx_word' id='word_1_534' title='bbox 1020 1774 1132 1804; x_wconf 80' lang='lat' dir='ltr'><strong>bonam,</strong></span> <span class='ocrx_word' id='word_1_535' title='bbox 1145 1770 1309 1806; x_wconf 81' lang='lat' dir='ltr'><strong>coagitatam</strong></span> <span class='ocrx_word' id='word_1_536' title='bbox 1335 1769 1442 1796; x_wconf 83' lang='lat' dir='ltr'><strong>dabunt</strong></span> <span class='ocrx_word' id='word_1_537' title='bbox 1453 1769 1481 1795; x_wconf 93' lang='lat' dir='ltr'><strong>in</strong></span> <span class='ocrx_word' id='word_1_538' title='bbox 1492 1768 1584 1795; x_wconf 79' lang='lat' dir='ltr'><strong>sinunt</strong></span> <span class='ocrx_word' id='word_1_539' title='bbox 1599 1770 1723 1793; x_wconf 83' lang='lat' dir='ltr'><strong>vestrum</strong></span> <span class='ocrx_word' id='word_1_540' title='bbox 1737 1774 1744 1792; x_wconf 87' lang='lat'><strong>:</strong></span> 
     </span>
    </p>
   </div>
   <div class='ocr_carea' id='block_1_72' title="bbox 110 1812 1745 1855">
    <p class='ocr_par' dir='ltr' id='par_1_72' title="bbox 110 1812 1745 1855">
     <span class='ocr_line' id='line_1_72' title="bbox 110 1812 1745 1855; baseline -0.006 -8"><span class='ocrx_word' id='word_1_541' title='bbox 110 1819 209 1848; x_wconf 84' lang='lat' dir='ltr'><strong>eadem</strong></span> <span class='ocrx_word' id='word_1_542' title='bbox 226 1819 302 1847; x_wconf 87' lang='lat' dir='ltr'><strong>enim</strong></span> <span class='ocrx_word' id='word_1_543' title='bbox 321 1827 452 1848; x_wconf 81' lang='lat' dir='ltr'><strong>mensura</strong></span> <span class='ocrx_word' id='word_1_544' title='bbox 468 1827 523 1855; x_wconf 86' lang='lat' dir='ltr'><strong>qua</strong></span> <span class='ocrx_word' id='word_1_545' title='bbox 547 1820 634 1848; x_wconf 90' lang='lat' dir='ltr'><strong>mensi</strong></span> <span class='ocrx_word' id='word_1_546' title='bbox 660 1820 781 1852; x_wconf 85' lang='lat' dir='ltr'><strong>fueritis,</strong></span> <span class='ocrx_word' id='word_1_547' title='bbox 816 1821 979 1849; x_wconf 86' lang='lat' dir='ltr'><strong>remetietur</strong></span> <span class='ocrx_word' id='word_1_548' title='bbox 1005 1818 1085 1845; x_wconf 78' lang='lat' dir='ltr'><strong>vobis</strong></span> <span class='ocrx_word' id='word_1_549' title='bbox 1117 1817 1148 1844; x_wconf 80' lang='lat'><strong>&quot;.</strong></span> <span class='ocrx_word' id='word_1_550' title='bbox 1170 1825 1179 1843; x_wconf 83' lang='grc'><strong>›</strong></span> <span class='ocrx_word' id='word_1_551' title='bbox 1196 1816 1250 1850; x_wconf 89' lang='lat' dir='ltr'><strong>lpsi</strong></span> <span class='ocrx_word' id='word_1_552' title='bbox 1267 1815 1353 1850; x_wconf 78' lang='lat' dir='ltr'><strong>gloria</strong></span> <span class='ocrx_word' id='word_1_553' title='bbox 1378 1814 1406 1841; x_wconf 91' lang='lat' dir='ltr'><strong>in</strong></span> <span class='ocrx_word' id='word_1_554' title='bbox 1440 1813 1540 1841; x_wconf 69' lang='lat' dir='ltr'><strong>saecula</strong></span> <span class='ocrx_word' id='word_1_555' title='bbox 1570 1812 1745 1840; x_wconf 74' lang='lat' dir='ltr'><strong>saeculorum.</strong></span> 
     </span>
    </p>
   </div>
   <div class='ocr_carea' id='block_1_73' title="bbox 113 1868 212 1894">
    <p class='ocr_par' dir='ltr' id='par_1_73' title="bbox 113 1868 212 1894">
     <span class='ocr_line' id='line_1_73' title="bbox 113 1868 212 1894; baseline -0.01 0"><span class='ocrx_word' id='word_1_556' title='bbox 113 1868 212 1894; x_wconf 83' lang='lat' dir='ltr'><strong>Amen.</strong></span> 
     </span>
    </p>
   </div>
   <div class='ocr_carea' id='block_1_74' title="bbox 411 1911 600 1938">
    <p class='ocr_par' dir='ltr' id='par_1_74' title="bbox 411 1911 600 1938">
     <span class='ocr_line' id='line_1_74' title="bbox 411 1911 600 1938; baseline 0 0"><span class='ocrx_word' id='word_1_557' title='bbox 411 1911 523 1938; x_wconf 72' lang='grc' dir='ltr'><strong>ΔΟΓΟΔ</strong></span> <span class='ocrx_word' id='word_1_558' title='bbox 540 1911 600 1938; x_wconf 89' lang='grc' dir='ltr'><strong>οΖ¹.</strong></span> 
     </span>
    </p>
   </div>
   <div class='ocr_carea' id='block_1_75' title="bbox 377 1955 634 1988">
    <p class='ocr_par' dir='ltr' id='par_1_75' title="bbox 377 1955 634 1988">
     <span class='ocr_line' id='line_1_75' title="bbox 377 1955 634 1988; baseline 0.004 -8"><span class='ocrx_word' id='word_1_559' title='bbox 377 1955 445 1987; x_wconf 74' lang='grc' dir='ltr'><strong>Περὶ</strong></span> <span class='ocrx_word' id='word_1_560' title='bbox 464 1955 634 1988; x_wconf 79' lang='grc' dir='ltr'>μετανοίας.</span> 
     </span>
    </p>
   </div>
   <div class='ocr_carea' id='block_1_76' title="bbox 153 2008 902 2044">
    <p class='ocr_par' dir='ltr' id='par_1_76' title="bbox 153 2008 902 2044">
     <span class='ocr_line' id='line_1_76' title="bbox 153 2008 902 2044; baseline 0.001 -8"><span class='ocrx_word' id='word_1_561' title='bbox 153 2009 198 2041; x_wconf 80' lang='grc' dir='ltr'>Ὣς</span> <span class='ocrx_word' id='word_1_562' title='bbox 214 2008 328 2042; x_wconf 78' lang='grc' dir='ltr'>γλυκεῖά</span> <span class='ocrx_word' id='word_1_563' title='bbox 343 2009 542 2043; x_wconf 75' lang='grc' dir='ltr'>ὲστιν.ὰδελφοί</span> <span class='ocrx_word' id='word_1_564' title='bbox 559 2018 620 2044; x_wconf 88' lang='grc' dir='ltr'>μου,</span> <span class='ocrx_word' id='word_1_565' title='bbox 636 2009 793 2044; x_wconf 74' lang='grc' dir='ltr'>ἡμετάνοια</span> <span class='ocrx_word' id='word_1_566' title='bbox 803 2018 811 2025; x_wconf 84' lang='grc'><strong>·</strong></span> <span class='ocrx_word' id='word_1_567' title='bbox 825 2011 902 2037; x_wconf 76' lang='grc' dir='ltr'>οὐδὲν</span> 
     </span>
    </p>
   </div>
   <div class='ocr_carea' id='block_1_77' title="bbox 111 2054 903 2091">
    <p class='ocr_par' dir='ltr' id='par_1_77' title="bbox 111 2054 903 2091">
     <span class='ocr_line' id='line_1_77' title="bbox 111 2054 903 2091; baseline 0 -8"><span class='ocrx_word' id='word_1_568' title='bbox 111 2057 207 2091; x_wconf 73' lang='grc' dir='ltr'>ἱτερον</span> <span class='ocrx_word' id='word_1_569' title='bbox 237 2054 296 2082; x_wconf 75' lang='grc' dir='ltr'>ἀλλ’</span> <span class='ocrx_word' id='word_1_570' title='bbox 323 2054 339 2090; x_wconf 79' lang='grc' dir='ltr'>ἢ</span> <span class='ocrx_word' id='word_1_571' title='bbox 370 2055 518 2090; x_wconf 83' lang='grc' dir='ltr'>φάρμακον</span> <span class='ocrx_word' id='word_1_572' title='bbox 537 2056 546 2076; x_wconf 64' lang='grc' dir='ltr'>ἱ</span> <span class='ocrx_word' id='word_1_573' title='bbox 567 2055 651 2090; x_wconf 81' lang='grc' dir='ltr'><strong>ζωῆς.</strong></span> <span class='ocrx_word' id='word_1_574' title='bbox 677 2055 804 2083; x_wconf 79' lang='grc' dir='ltr'>Μάλιστα</span> <span class='ocrx_word' id='word_1_575' title='bbox 819 2056 870 2083; x_wconf 81' lang='grc' dir='ltr'>’ὅτι</span> <span class='ocrx_word' id='word_1_576' title='bbox 889 2058 903 2083; x_wconf 85' lang='grc'>6</span> 
     </span>
    </p>
   </div>
   <div class='ocr_carea' id='block_1_78' title="bbox 113 2101 904 2138">
    <p class='ocr_par' dir='ltr' id='par_1_78' title="bbox 113 2101 904 2138">
     <span class='ocr_line' id='line_1_78' title="bbox 113 2101 904 2138; baseline -0.003 -8"><span class='ocrx_word' id='word_1_577' title='bbox 113 2103 217 2138; x_wconf 83' lang='grc' dir='ltr'>γλυκὺς</span> <span class='ocrx_word' id='word_1_578' title='bbox 246 2101 386 2137; x_wconf 77' lang='grc' dir='ltr'>Δεσπότης</span> <span class='ocrx_word' id='word_1_579' title='bbox 417 2101 506 2136; x_wconf 81' lang='grc' dir='ltr'>ἡμῶν,</span> <span class='ocrx_word' id='word_1_580' title='bbox 527 2101 728 2136; x_wconf 78' lang='grc' dir='ltr'>ἀμνησίκσκος,</span> <span class='ocrx_word' id='word_1_581' title='bbox 755 2101 904 2136; x_wconf 79' lang='grc' dir='ltr'>άγαθδς,ὸ</span> 
     </span>
    </p>
   </div>
   <div class='ocr_carea' id='block_1_79' title="bbox 113 2147 905 2184">
    <p class='ocr_par' dir='ltr' id='par_1_79' title="bbox 113 2147 905 2184">
     <span class='ocr_line' id='line_1_79' title="bbox 113 2147 905 2184; baseline 0 -9"><span class='ocrx_word' id='word_1_582' title='bbox 113 2148 275 2184; x_wconf 78' lang='grc' dir='ltr'>οἰκτίρμων,</span> <span class='ocrx_word' id='word_1_583' title='bbox 292 2149 306 2174; x_wconf 81' lang='grc'>6</span> <span class='ocrx_word' id='word_1_584' title='bbox 320 2147 522 2182; x_wconf 74' lang='grc' dir='ltr'>φιλάνθρωπος,</span> <span class='ocrx_word' id='word_1_585' title='bbox 536 2148 550 2173; x_wconf 84' lang='grc' dir='ltr'><strong><em>ὸ</em></strong></span> <span class='ocrx_word' id='word_1_586' title='bbox 561 2147 720 2182; x_wconf 73' lang='grc' dir='ltr'>φιλόψυχος,</span> <span class='ocrx_word' id='word_1_587' title='bbox 737 2148 751 2174; x_wconf 83' lang='grc' dir='ltr'><strong><em>ὸ</em></strong></span> <span class='ocrx_word' id='word_1_588' title='bbox 771 2147 905 2181; x_wconf 84' lang='grc' dir='ltr'>φιλόπτω-</span> 
     </span>
    </p>
   </div>
   <div class='ocr_carea' id='block_1_80' title="bbox 113 2192 905 2230">
    <p class='ocr_par' dir='ltr' id='par_1_80' title="bbox 113 2192 905 2230">
     <span class='ocr_line' id='line_1_80' title="bbox 113 2192 905 2230; baseline -0.003 -9"><span class='ocrx_word' id='word_1_589' title='bbox 113 2203 172 2230; x_wconf 83' lang='grc' dir='ltr'>χος,</span> <span class='ocrx_word' id='word_1_590' title='bbox 187 2195 202 2221; x_wconf 84' lang='grc' dir='ltr'><strong>ὸ</strong></span> <span class='ocrx_word' id='word_1_591' title='bbox 229 2193 356 2228; x_wconf 80' lang='grc' dir='ltr'>κηδεμὼν</span> <span class='ocrx_word' id='word_1_592' title='bbox 373 2194 422 2228; x_wconf 86' lang='grc' dir='ltr'>τῆς</span> <span class='ocrx_word' id='word_1_593' title='bbox 449 2193 587 2228; x_wconf 76' lang='grc' dir='ltr'>σωτηρίας</span> <span class='ocrx_word' id='word_1_594' title='bbox 607 2193 698 2228; x_wconf 82' lang='grc' dir='ltr'>ἡμῶν,</span> <span class='ocrx_word' id='word_1_595' title='bbox 716 2192 760 2220; x_wconf 68' lang='grc' dir='ltr'><strong>ἀεὶ</strong></span> <span class='ocrx_word' id='word_1_596' title='bbox 775 2192 841 2228; x_wconf 75' lang='grc' dir='ltr'>διψᾷ</span> <span class='ocrx_word' id='word_1_597' title='bbox 854 2193 905 2228; x_wconf 82' lang='grc' dir='ltr'>τὴν</span> 
     </span>
    </p>
   </div>
   <div class='ocr_carea' id='block_1_81' title="bbox 115 2231 905 2275">
    <p class='ocr_par' dir='ltr' id='par_1_81' title="bbox 115 2231 905 2275">
     <span class='ocr_line' id='line_1_81' title="bbox 115 2231 905 2275; baseline -0.001 -9"><span class='ocrx_word' id='word_1_598' title='bbox 115 2240 261 2275; x_wconf 82' lang='grc' dir='ltr'>μετάνοιαν</span> <span class='ocrx_word' id='word_1_599' title='bbox 279 2239 367 2275; x_wconf 85' lang='grc' dir='ltr'>ἡμῶν.</span> <span class='ocrx_word' id='word_1_600' title='bbox 383 2238 566 2274; x_wconf 82' lang='grc' dir='ltr'>Εὐφραίνεται</span> <span class='ocrx_word' id='word_1_601' title='bbox 586 2231 642 2274; x_wconf 77' lang='grc' dir='ltr'><strong>γὰρ</strong></span> <span class='ocrx_word' id='word_1_602' title='bbox 661 2239 707 2265; x_wconf 64' lang='grc' dir='ltr'><strong>ἐπὶ</strong></span> <span class='ocrx_word' id='word_1_603' title='bbox 719 2239 774 2270; x_wconf 85' lang='grc' dir='ltr'>τοῖς</span> <span class='ocrx_word' id='word_1_604' title='bbox 787 2238 905 2274; x_wconf 80' lang='grc' dir='ltr'>δάκρυσι</span> 
     </span>
    </p>
   </div>
   <div class='ocr_carea' id='block_1_82' title="bbox 1131 1903 1568 1942">
    <p class='ocr_par' dir='ltr' id='par_1_82' title="bbox 1131 1903 1568 1942">
     <span class='ocr_line' id='line_1_82' title="bbox 1131 1903 1568 1942; baseline -0.009 -8"><span class='ocrx_word' id='word_1_605' title='bbox 1131 1907 1238 1942; x_wconf 63' lang='lat' dir='ltr'><strong>11M</strong></span> <span class='ocrx_word' id='word_1_606' title='bbox 1264 1905 1408 1934; x_wconf 78' lang='lat' dir='ltr'><strong>HOMILIA</strong></span> <span class='ocrx_word' id='word_1_607' title='bbox 1439 1903 1568 1931; x_wconf 74' lang='lat' dir='ltr'><strong>LXXVII.</strong></span> 
     </span>
    </p>
   </div>
   <div class='ocr_carea' id='block_1_83' title="bbox 1237 1951 1461 1986">
    <p class='ocr_par' dir='ltr' id='par_1_83' title="bbox 1237 1951 1461 1986">
     <span class='ocr_line' id='line_1_83' title="bbox 1237 1951 1461 1986; baseline -0.009 -8"><span class='ocrx_word' id='word_1_608' title='bbox 1237 1952 1274 1978; x_wconf 86' lang='lat' dir='ltr'><strong>De</strong></span> <span class='ocrx_word' id='word_1_609' title='bbox 1295 1951 1461 1986; x_wconf 77' lang='lat' dir='ltr'><strong>pwnitentia.</strong></span> 
     </span>
    </p>
   </div>
   <div class='ocr_carea' id='block_1_84' title="bbox 987 2005 1748 2043">
    <p class='ocr_par' dir='ltr' id='par_1_84' title="bbox 987 2005 1748 2043">
     <span class='ocr_line' id='line_1_84' title="bbox 987 2005 1748 2043; baseline -0.007 -6"><span class='ocrx_word' id='word_1_610' title='bbox 987 2010 1125 2043; x_wconf 85' lang='lat' dir='ltr'><strong>Quantum</strong></span> <span class='ocrx_word' id='word_1_611' title='bbox 1141 2009 1169 2036; x_wconf 92' lang='lat' dir='ltr'><strong>in</strong></span> <span class='ocrx_word' id='word_1_612' title='bbox 1180 2017 1209 2036; x_wconf 93' lang='lat' dir='ltr'><strong>se</strong></span> <span class='ocrx_word' id='word_1_613' title='bbox 1227 2008 1312 2036; x_wconf 85' lang='lat' dir='ltr'><strong>habet</strong></span> <span class='ocrx_word' id='word_1_614' title='bbox 1323 2008 1458 2041; x_wconf 81' lang='lat' dir='ltr'><strong>dulcoris,</strong></span> <span class='ocrx_word' id='word_1_615' title='bbox 1470 2008 1568 2035; x_wconf 84' lang='lat' dir='ltr'><strong>fratres</strong></span> <span class='ocrx_word' id='word_1_616' title='bbox 1579 2005 1645 2037; x_wconf 88' lang='lat' dir='ltr'><strong>mei,</strong></span> <span class='ocrx_word' id='word_1_617' title='bbox 1657 2005 1748 2040; x_wconf 73' lang='lat' dir='ltr'><strong>poeni-</strong></span> 
     </span>
    </p>
   </div>
   <div class='ocr_carea' id='block_1_85' title="bbox 954 2051 1748 2090">
    <p class='ocr_par' dir='ltr' id='par_1_85' title="bbox 954 2051 1748 2090">
     <span class='ocr_line' id='line_1_85' title="bbox 954 2051 1748 2090; baseline -0.008 -7"><span class='ocrx_word' id='word_1_618' title='bbox 954 2056 1052 2088; x_wconf 88' lang='lat' dir='ltr'><strong>tentia,</strong></span> <span class='ocrx_word' id='word_1_619' title='bbox 1067 2063 1150 2090; x_wconf 86' lang='lat' dir='ltr'><strong>quam</strong></span> <span class='ocrx_word' id='word_1_620' title='bbox 1161 2059 1204 2082; x_wconf 89' lang='lat' dir='ltr'><strong>est</strong></span> <span class='ocrx_word' id='word_1_621' title='bbox 1216 2055 1310 2082; x_wconf 84' lang='lat' dir='ltr'><strong>suavis</strong></span> <span class='ocrx_word' id='word_1_622' title='bbox 1323 2055 1329 2082; x_wconf 85' lang='lat' dir='ltr'><strong>l</strong></span> <span class='ocrx_word' id='word_1_623' title='bbox 1352 2054 1433 2081; x_wconf 77' lang='lat' dir='ltr'><strong>Aliud</strong></span> <span class='ocrx_word' id='word_1_624' title='bbox 1451 2060 1566 2088; x_wconf 86' lang='lat' dir='ltr'><strong>prorsus</strong></span> <span class='ocrx_word' id='word_1_625' title='bbox 1580 2051 1650 2078; x_wconf 91' lang='lat' dir='ltr'><strong>nihil</strong></span> <span class='ocrx_word' id='word_1_626' title='bbox 1664 2059 1748 2086; x_wconf 88' lang='lat' dir='ltr'><strong>quam</strong></span> 
     </span>
    </p>
   </div>
   <div class='ocr_carea' id='block_1_86' title="bbox 954 2097 1750 2136">
    <p class='ocr_par' dir='ltr' id='par_1_86' title="bbox 954 2097 1750 2136">
     <span class='ocr_line' id='line_1_86' title="bbox 954 2097 1750 2136; baseline -0.009 -6"><span class='ocrx_word' id='word_1_627' title='bbox 954 2101 1109 2131; x_wconf 78' lang='lat' dir='ltr'><strong>sarciendae</strong></span> <span class='ocrx_word' id='word_1_628' title='bbox 1130 2101 1193 2129; x_wconf 66' lang='lat' dir='ltr'><strong>vita:</strong></span> <span class='ocrx_word' id='word_1_629' title='bbox 1216 2101 1338 2129; x_wconf 87' lang='lat' dir='ltr'><strong>salutare</strong></span> <span class='ocrx_word' id='word_1_630' title='bbox 1355 2101 1549 2136; x_wconf 88' lang='lat' dir='ltr'><strong>pharmacum,</strong></span> <span class='ocrx_word' id='word_1_631' title='bbox 1567 2101 1598 2125; x_wconf 86' lang='lat' dir='ltr'><strong>ut</strong></span> <span class='ocrx_word' id='word_1_632' title='bbox 1613 2105 1647 2125; x_wconf 87' lang='lat' dir='ltr'><strong>eo</strong></span> <span class='ocrx_word' id='word_1_633' title='bbox 1662 2097 1750 2124; x_wconf 76' lang='lat' dir='ltr'><strong>maxi-</strong></span> 
     </span>
    </p>
   </div>
   <div class='ocr_carea' id='block_1_87' title="bbox 953 2142 1750 2183">
    <p class='ocr_par' dir='ltr' id='par_1_87' title="bbox 953 2142 1750 2183">
     <span class='ocr_line' id='line_1_87' title="bbox 953 2142 1750 2183; baseline -0.009 -8"><span class='ocrx_word' id='word_1_634' title='bbox 953 2156 1009 2182; x_wconf 86' lang='lat' dir='ltr'><strong>me,</strong></span> <span class='ocrx_word' id='word_1_635' title='bbox 1023 2148 1088 2183; x_wconf 88' lang='lat' dir='ltr'><strong>quia</strong></span> <span class='ocrx_word' id='word_1_636' title='bbox 1105 2147 1199 2174; x_wconf 90' lang='lat' dir='ltr'><strong>suavis</strong></span> <span class='ocrx_word' id='word_1_637' title='bbox 1219 2151 1263 2174; x_wconf 86' lang='lat' dir='ltr'><strong>est</strong></span> <span class='ocrx_word' id='word_1_638' title='bbox 1282 2147 1416 2174; x_wconf 87' lang='lat' dir='ltr'><strong>Dominus</strong></span> <span class='ocrx_word' id='word_1_639' title='bbox 1439 2149 1550 2175; x_wconf 83' lang='lat' dir='ltr'><strong>noster.</strong></span> <span class='ocrx_word' id='word_1_640' title='bbox 1570 2144 1640 2171; x_wconf 87' lang='lat' dir='ltr'><strong>male</strong></span> <span class='ocrx_word' id='word_1_641' title='bbox 1667 2142 1750 2169; x_wconf 85' lang='lat' dir='ltr'><strong>nobis</strong></span> 
     </span>
    </p>
   </div>
   <div class='ocr_carea' id='block_1_88' title="bbox 954 2190 1750 2226">
    <p class='ocr_par' dir='ltr' id='par_1_88' title="bbox 954 2190 1750 2226">
     <span class='ocr_line' id='line_1_88' title="bbox 954 2190 1750 2226; baseline -0.009 -4"><span class='ocrx_word' id='word_1_642' title='bbox 954 2195 1168 2223; x_wconf 88' lang='lat' dir='ltr'><strong>commissorum</strong></span> <span class='ocrx_word' id='word_1_643' title='bbox 1183 2193 1265 2221; x_wconf 79' lang='lat' dir='ltr'><strong>facile</strong></span> <span class='ocrx_word' id='word_1_644' title='bbox 1290 2194 1448 2224; x_wconf 90' lang='lat' dir='ltr'><strong>immemor,</strong></span> <span class='ocrx_word' id='word_1_645' title='bbox 1466 2192 1604 2226; x_wconf 81' lang='lat' dir='ltr'><strong>benignus</strong></span> <span class='ocrx_word' id='word_1_646' title='bbox 1614 2210 1621 2221; x_wconf 83' lang='lat'><strong>.</strong></span> <span class='ocrx_word' id='word_1_647' title='bbox 1635 2190 1750 2216; x_wconf 81' lang='lat' dir='ltr'><strong>misera-</strong></span> 
     </span>
    </p>
   </div>
   <div class='ocr_carea' id='block_1_89' title="bbox 954 2238 1749 2274">
    <p class='ocr_par' dir='ltr' id='par_1_89' title="bbox 954 2238 1749 2274">
     <span class='ocr_line' id='line_1_89' title="bbox 954 2238 1749 2274; baseline -0.009 -7"><span class='ocrx_word' id='word_1_648' title='bbox 954 2245 1011 2273; x_wconf 84' lang='lat' dir='ltr'><strong>tor,</strong></span> <span class='ocrx_word' id='word_1_649' title='bbox 1030 2239 1145 2267; x_wconf 89' lang='lat' dir='ltr'><strong>humani</strong></span> <span class='ocrx_word' id='word_1_650' title='bbox 1172 2239 1293 2274; x_wconf 71' lang='lat' dir='ltr'><strong>generis,</strong></span> <span class='ocrx_word' id='word_1_651' title='bbox 1323 2239 1380 2265; x_wconf 82' lang='lat' dir='ltr'><strong>imo</strong></span> <span class='ocrx_word' id='word_1_652' title='bbox 1407 2238 1565 2265; x_wconf 87' lang='lat' dir='ltr'><strong>animarum</strong></span> <span class='ocrx_word' id='word_1_653' title='bbox 1589 2241 1749 2262; x_wconf 84' lang='lat' dir='ltr'><strong>nostrarum</strong></span> 
     </span>
    </p>
   </div>
   <div class='ocr_carea' id='block_1_90' title="bbox 112 2283 899 2322">
    <p class='ocr_par' dir='ltr' id='par_1_90' title="bbox 112 2284 899 2321">
     <span class='ocr_line' id='line_1_90' title="bbox 112 2284 899 2321; baseline -0.003 -9"><span class='ocrx_word' id='word_1_654' title='bbox 112 2286 168 2312; x_wconf 78' lang='grc' dir='ltr'>τῶν</span> <span class='ocrx_word' id='word_1_655' title='bbox 185 2285 406 2321; x_wconf 68' lang='grc' dir='ltr'>μετανοούντων,</span> <span class='ocrx_word' id='word_1_656' title='bbox 424 2284 571 2319; x_wconf 78' lang='grc' dir='ltr'>ἀγάλλεται</span> <span class='ocrx_word' id='word_1_657' title='bbox 586 2284 633 2310; x_wconf 73' lang='grc' dir='ltr'><strong>ἐπὶ</strong></span> <span class='ocrx_word' id='word_1_658' title='bbox 649 2285 683 2319; x_wconf 82' lang='grc' dir='ltr'><strong>τῇ</strong></span> <span class='ocrx_word' id='word_1_659' title='bbox 696 2284 899 2319; x_wconf 77' lang='grc' dir='ltr'>ἐξομολογήσει,</span> 
     </span>
    </p>
   </div>
   <div class='ocr_carea' id='block_1_91' title="bbox 951 2283 1751 2322">
    <p class='ocr_par' dir='ltr' id='par_1_91' title="bbox 959 2283 1751 2318">
     <span class='ocr_line' id='line_1_91' title="bbox 959 2283 1751 2318; baseline -0.01 -4"><span class='ocrx_word' id='word_1_660' title='bbox 959 2286 1177 2316; x_wconf 83' lang='lat' dir='ltr'><strong>amantissimus,</strong></span> <span class='ocrx_word' id='word_1_661' title='bbox 1191 2285 1282 2312; x_wconf 84' lang='lat' dir='ltr'><strong>modis</strong></span> <span class='ocrx_word' id='word_1_662' title='bbox 1297 2284 1427 2312; x_wconf 85' lang='lat' dir='ltr'><strong>omnibus</strong></span> <span class='ocrx_word' id='word_1_663' title='bbox 1449 2283 1625 2318; x_wconf 82' lang='lat' dir='ltr'><strong>prospiciens</strong></span> <span class='ocrx_word' id='word_1_664' title='bbox 1649 2285 1751 2307; x_wconf 70' lang='lat' dir='ltr'><strong>nostrae</strong></span> 
     </span>
    </p>
   </div>
   <div class='ocr_carea' id='block_1_92' title="bbox 113 2329 901 2368">
    <p class='ocr_par' dir='ltr' id='par_1_92' title="bbox 113 2329 901 2368">
     <span class='ocr_line' id='line_1_92' title="bbox 113 2329 901 2368; baseline -0.003 -10"><span class='ocrx_word' id='word_1_665' title='bbox 113 2332 204 2368; x_wconf 82' lang='grc' dir='ltr'>χαίρει</span> <span class='ocrx_word' id='word_1_666' title='bbox 236 2331 283 2358; x_wconf 65' lang='grc' dir='ltr'><strong>ἐπὶ</strong></span> <span class='ocrx_word' id='word_1_667' title='bbox 311 2333 344 2367; x_wconf 81' lang='grc' dir='ltr'><strong>τῇ</strong></span> <span class='ocrx_word' id='word_1_668' title='bbox 369 2331 587 2366; x_wconf 81' lang='grc' dir='ltr'>συντετριμμένῃ</span> <span class='ocrx_word' id='word_1_669' title='bbox 607 2330 656 2357; x_wconf 73' lang='grc' dir='ltr'><strong>καὶ</strong></span> <span class='ocrx_word' id='word_1_670' title='bbox 678 2329 901 2365; x_wconf 84' lang='grc' dir='ltr'>τεταπεινωμένῃ</span> 
     </span>
    </p>
   </div>
   <div class='ocr_carea' id='block_1_93' title="bbox 117 2375 903 2412">
    <p class='ocr_par' dir='ltr' id='par_1_93' title="bbox 117 2375 903 2412">
     <span class='ocr_line' id='line_1_93' title="bbox 117 2375 903 2412; baseline -0.003 -8"><span class='ocrx_word' id='word_1_671' title='bbox 117 2377 227 2412; x_wconf 81' lang='grc' dir='ltr'>καρδίᾳ,</span> <span class='ocrx_word' id='word_1_672' title='bbox 243 2377 288 2403; x_wconf 69' lang='grc' dir='ltr'><strong>καὶ</strong></span> <span class='ocrx_word' id='word_1_673' title='bbox 304 2377 374 2412; x_wconf 80' lang='grc' dir='ltr'>μετὰ</span> <span class='ocrx_word' id='word_1_674' title='bbox 387 2375 578 2411; x_wconf 77' lang='grc' dir='ltr'>μακροθυμίας</span> <span class='ocrx_word' id='word_1_675' title='bbox 592 2375 697 2410; x_wconf 85' lang='grc' dir='ltr'>πολλῆς</span> <span class='ocrx_word' id='word_1_676' title='bbox 707 2375 840 2410; x_wconf 75' lang='grc' dir='ltr'>ἀναμένει</span> <span class='ocrx_word' id='word_1_677' title='bbox 854 2375 903 2410; x_wconf 83' lang='grc' dir='ltr'>τὴν</span> 
     </span>
    </p>
   </div>
   <div class='ocr_carea' id='block_1_94' title="bbox 116 2421 905 2457">
    <p class='ocr_par' dir='ltr' id='par_1_94' title="bbox 116 2421 905 2457">
     <span class='ocr_line' id='line_1_94' title="bbox 116 2421 905 2457; baseline -0.001 -9"><span class='ocrx_word' id='word_1_678' title='bbox 116 2423 287 2457; x_wconf 71' lang='grc' dir='ltr'>ἐπιστροφὴν</span> <span class='ocrx_word' id='word_1_679' title='bbox 310 2423 400 2457; x_wconf 79' lang='grc' dir='ltr'>ἡμῶν,</span> <span class='ocrx_word' id='word_1_680' title='bbox 419 2423 467 2448; x_wconf 76' lang='grc' dir='ltr'><strong>καὶ</strong></span> <span class='ocrx_word' id='word_1_681' title='bbox 485 2422 535 2448; x_wconf 83' lang='grc' dir='ltr'>οὐκ</span> <span class='ocrx_word' id='word_1_682' title='bbox 557 2421 703 2448; x_wconf 80' lang='grc' dir='ltr'>ἀπολείπει</span> <span class='ocrx_word' id='word_1_683' title='bbox 717 2421 770 2453; x_wconf 71' lang='grc' dir='ltr'><strong>ἕως</strong></span> <span class='ocrx_word' id='word_1_684' title='bbox 785 2421 905 2456; x_wconf 74' lang='grc' dir='ltr'>ἐσχάτης</span> 
     </span>
    </p>
   </div>
   <div class='ocr_carea' id='block_1_95' title="bbox 116 2466 905 2503">
    <p class='ocr_par' dir='ltr' id='par_1_95' title="bbox 116 2466 905 2503">
     <span class='ocr_line' id='line_1_95' title="bbox 116 2466 905 2503; baseline -0.001 -9"><span class='ocrx_word' id='word_1_685' title='bbox 116 2468 255 2502; x_wconf 79' lang='grc' dir='ltr'>ἀναπνοῆς</span> <span class='ocrx_word' id='word_1_686' title='bbox 269 2475 277 2483; x_wconf 72' lang='grc' dir='ltr'><strong>ο</strong></span> <span class='ocrx_word' id='word_1_687' title='bbox 297 2467 388 2503; x_wconf 81' lang='grc' dir='ltr'>[ποθεῖ</span> <span class='ocrx_word' id='word_1_688' title='bbox 402 2466 488 2494; x_wconf 78' lang='grc' dir='ltr'>πολλὰ</span> <span class='ocrx_word' id='word_1_689' title='bbox 509 2466 560 2500; x_wconf 77' lang='grc' dir='ltr'>τὴν</span> <span class='ocrx_word' id='word_1_690' title='bbox 579 2467 724 2501; x_wconf 79' lang='grc' dir='ltr'>μετάνοιαν</span> <span class='ocrx_word' id='word_1_691' title='bbox 739 2466 818 2502; x_wconf 84' lang='grc' dir='ltr'>ὴμῶν</span> <span class='ocrx_word' id='word_1_692' title='bbox 832 2487 840 2499; x_wconf 83' lang='grc'><strong><em>,</em></strong></span> <span class='ocrx_word' id='word_1_693' title='bbox 857 2466 905 2493; x_wconf 78' lang='grc' dir='ltr'><strong>καὶ</strong></span> 
     </span>
    </p>
   </div>
   <div class='ocr_carea' id='block_1_96' title="bbox 117 2512 906 2548">
    <p class='ocr_par' dir='ltr' id='par_1_96' title="bbox 117 2512 906 2548">
     <span class='ocr_line' id='line_1_96' title="bbox 117 2512 906 2548; baseline -0.001 -8"><span class='ocrx_word' id='word_1_694' title='bbox 117 2513 156 2545; x_wconf 77' lang='grc' dir='ltr'><strong>ὡς</strong></span> <span class='ocrx_word' id='word_1_695' title='bbox 172 2513 218 2540; x_wconf 82' lang='grc' dir='ltr'>τὸν</span> <span class='ocrx_word' id='word_1_696' title='bbox 248 2514 455 2548; x_wconf 83' lang='grc' dir='ltr'>μετανοήσαντα</span> <span class='ocrx_word' id='word_1_697' title='bbox 470 2513 575 2540; x_wconf 69' lang='grc' dir='ltr'>ἄσωτον</span> <span class='ocrx_word' id='word_1_698' title='bbox 591 2512 648 2539; x_wconf 75' lang='grc' dir='ltr'>υἱὸν</span> <span class='ocrx_word' id='word_1_699' title='bbox 662 2513 769 2548; x_wconf 79' lang='grc' dir='ltr'>δέχεται</span> <span class='ocrx_word' id='word_1_700' title='bbox 786 2513 835 2539; x_wconf 74' lang='grc' dir='ltr'><strong>καὶ</strong></span> <span class='ocrx_word' id='word_1_701' title='bbox 853 2520 906 2539; x_wconf 79' lang='grc' dir='ltr'><strong>κα-</strong></span> 
     </span>
    </p>
   </div>
   <div class='ocr_carea' id='block_1_97' title="bbox 115 2559 905 2595">
    <p class='ocr_par' dir='ltr' id='par_1_97' title="bbox 115 2559 905 2595">
     <span class='ocr_line' id='line_1_97' title="bbox 115 2559 905 2595; baseline 0 -9"><span class='ocrx_word' id='word_1_702' title='bbox 115 2559 252 2595; x_wconf 60' lang='grc' dir='ltr'>ταψιλεΡ]</span> <span class='ocrx_word' id='word_1_703' title='bbox 271 2560 438 2595; x_wconf 78' lang='grc' dir='ltr'>παρακαλῶν</span> <span class='ocrx_word' id='word_1_704' title='bbox 452 2559 499 2586; x_wconf 78' lang='grc' dir='ltr'>καὶ</span> <span class='ocrx_word' id='word_1_705' title='bbox 513 2559 738 2594; x_wconf 80' lang='grc' dir='ltr'>προτρεπόμενος</span> <span class='ocrx_word' id='word_1_706' title='bbox 765 2559 813 2586; x_wconf 72' lang='grc' dir='ltr'>ἕνα</span> <span class='ocrx_word' id='word_1_707' title='bbox 838 2559 905 2586; x_wconf 63' lang='lat' dir='ltr'><strong>Exa-</strong></span> 
     </span>
    </p>
   </div>
   <div class='ocr_carea' id='block_1_98' title="bbox 117 2603 906 2639">
    <p class='ocr_par' dir='ltr' id='par_1_98' title="bbox 117 2603 906 2639">
     <span class='ocr_line' id='line_1_98' title="bbox 117 2603 906 2639; baseline 0.001 -10"><span class='ocrx_word' id='word_1_708' title='bbox 117 2611 179 2630; x_wconf 86' lang='grc' dir='ltr'>στον</span> <span class='ocrx_word' id='word_1_709' title='bbox 194 2603 272 2638; x_wconf 80' lang='grc' dir='ltr'>ἡμῶν</span> <span class='ocrx_word' id='word_1_710' title='bbox 287 2604 357 2639; x_wconf 73' lang='grc' dir='ltr'>μετὰ</span> <span class='ocrx_word' id='word_1_711' title='bbox 372 2604 471 2639; x_wconf 82' lang='grc' dir='ltr'>μυρίας</span> <span class='ocrx_word' id='word_1_712' title='bbox 490 2603 706 2639; x_wconf 80' lang='grc' dir='ltr'>ἀθεμιτουργίας</span> <span class='ocrx_word' id='word_1_713' title='bbox 721 2604 769 2631; x_wconf 82' lang='grc' dir='ltr'>καὶ</span> <span class='ocrx_word' id='word_1_714' title='bbox 787 2603 906 2630; x_wconf 72' lang='grc' dir='ltr'>διαϐολι-</span> 
     </span>
    </p>
   </div>
   <div class='ocr_carea' id='block_1_99' title="bbox 115 2648 907 2686">
    <p class='ocr_par' dir='ltr' id='par_1_99' title="bbox 115 2648 907 2686">
     <span class='ocr_line' id='line_1_99' title="bbox 115 2648 907 2686; baseline 0.001 -11"><span class='ocrx_word' id='word_1_715' title='bbox 115 2648 167 2680; x_wconf 73' lang='grc' dir='ltr'><strong>κὰς</strong></span> <span class='ocrx_word' id='word_1_716' title='bbox 179 2649 293 2684; x_wconf 80' lang='grc' dir='ltr'>πράξεις</span> <span class='ocrx_word' id='word_1_717' title='bbox 311 2649 380 2685; x_wconf 83' lang='grc' dir='ltr'>πρὸς</span> <span class='ocrx_word' id='word_1_718' title='bbox 391 2649 473 2676; x_wconf 75' lang='grc' dir='ltr'>αὑτὸν</span> <span class='ocrx_word' id='word_1_719' title='bbox 489 2649 654 2686; x_wconf 67' lang='grc' dir='ltr'>ἐπιστρέψαι</span> <span class='ocrx_word' id='word_1_720' title='bbox 664 2657 671 2665; x_wconf 93' lang='grc'><strong>·</strong></span> <span class='ocrx_word' id='word_1_721' title='bbox 692 2650 784 2682; x_wconf 79' lang='grc' dir='ltr'>καθὼς</span> <span class='ocrx_word' id='word_1_722' title='bbox 798 2649 848 2685; x_wconf 75' lang='grc' dir='ltr'><strong>βοᾷ</strong></span> <span class='ocrx_word' id='word_1_723' title='bbox 862 2648 907 2676; x_wconf 84' lang='grc' dir='ltr'><strong>διὰ</strong></span> 
     </span>
    </p>
   </div>
   <div class='ocr_carea' id='block_1_100' title="bbox 152 2728 642 2762">
    <p class='ocr_par' dir='ltr' id='par_1_100' title="bbox 152 2728 642 2762">
     <span class='ocr_line' id='line_1_100' title="bbox 152 2728 642 2762; baseline -0.002 -6"><span class='ocrx_word' id='word_1_724' title='bbox 152 2729 164 2745; x_wconf 84' lang='grc'><strong><em>⁸</em></strong></span> <span class='ocrx_word' id='word_1_725' title='bbox 178 2728 262 2756; x_wconf 80' lang='lat' dir='ltr'><strong>Amos</strong></span> <span class='ocrx_word' id='word_1_726' title='bbox 280 2738 308 2762; x_wconf 91' lang='lat' dir='ltr'><strong>v,</strong></span> <span class='ocrx_word' id='word_1_727' title='bbox 326 2730 382 2757; x_wconf 72' lang='lat'><strong>18.‘</strong></span> <span class='ocrx_word' id='word_1_728' title='bbox 420 2730 431 2745; x_wconf 92' lang='grc'><strong>⁷</strong></span> <span class='ocrx_word' id='word_1_729' title='bbox 447 2731 530 2757; x_wconf 83' lang='lat' dir='ltr'><strong>Amos</strong></span> <span class='ocrx_word' id='word_1_730' title='bbox 544 2738 601 2760; x_wconf 86' lang='lat' dir='ltr'><strong>vm.</strong></span> <span class='ocrx_word' id='word_1_731' title='bbox 615 2730 642 2756; x_wconf 88' lang='lat'><strong>5.</strong></span> 
     </span>
    </p>
   </div>
   <div class='ocr_carea' id='block_1_101' title="bbox 694 2729 1206 2762">
    <p class='ocr_par' dir='ltr' id='par_1_101' title="bbox 694 2729 1206 2762">
     <span class='ocr_line' id='line_1_101' title="bbox 694 2729 1206 2762; baseline -0.002 -4"><span class='ocrx_word' id='word_1_732' title='bbox 694 2730 704 2746; x_wconf 79' lang='grc'><strong><em>⁸</em></strong></span> <span class='ocrx_word' id='word_1_733' title='bbox 718 2730 800 2758; x_wconf 85' lang='lat' dir='ltr'><strong>Mich.</strong></span> <span class='ocrx_word' id='word_1_734' title='bbox 821 2739 857 2762; x_wconf 82' lang='lat' dir='ltr'><strong>vr,</strong></span> <span class='ocrx_word' id='word_1_735' title='bbox 889 2732 931 2758; x_wconf 86' lang='lat' dir='ltr'><strong>ll.</strong></span> <span class='ocrx_word' id='word_1_736' title='bbox 969 2732 980 2748; x_wconf 82' lang='lat'><strong><em>&#39;</em></strong></span> <span class='ocrx_word' id='word_1_737' title='bbox 995 2731 1066 2759; x_wconf 89' lang='lat' dir='ltr'><strong>Psal.</strong></span> <span class='ocrx_word' id='word_1_738' title='bbox 1084 2739 1137 2762; x_wconf 82' lang='grc' dir='ltr'>ωιι.</span> <span class='ocrx_word' id='word_1_739' title='bbox 1163 2729 1206 2757; x_wconf 73' lang='grc'><strong>10.</strong></span> 
     </span>
    </p>
   </div>
   <div class='ocr_carea' id='block_1_102' title="bbox 129 2764 981 2799">
    <p class='ocr_par' dir='ltr' id='par_1_102' title="bbox 129 2764 981 2799">
     <span class='ocr_line' id='line_1_102' title="bbox 129 2764 981 2799; baseline 0.002 -9"><span class='ocrx_word' id='word_1_740' title='bbox 129 2764 139 2779; x_wconf 88' lang='grc'>¹</span> <span class='ocrx_word' id='word_1_741' title='bbox 156 2764 280 2798; x_wconf 88' lang='lat' dir='ltr'><strong>Sophon.</strong></span> <span class='ocrx_word' id='word_1_742' title='bbox 297 2773 326 2796; x_wconf 81' lang='grc' dir='ltr'>ιι,</span> <span class='ocrx_word' id='word_1_743' title='bbox 340 2765 366 2791; x_wconf 81' lang='lat'><strong>3.</strong></span> <span class='ocrx_word' id='word_1_744' title='bbox 407 2765 429 2780; x_wconf 86' lang='lat'>&quot;</span> <span class='ocrx_word' id='word_1_745' title='bbox 445 2765 544 2792; x_wconf 84' lang='lat' dir='ltr'><strong>Ezeeh.</strong></span> <span class='ocrx_word' id='word_1_746' title='bbox 577 2773 624 2792; x_wconf 76' lang='lat' dir='ltr'><strong>XLV</strong></span> <span class='ocrx_word' id='word_1_747' title='bbox 635 2764 662 2797; x_wconf 87' lang='lat'><strong>9,</strong></span> <span class='ocrx_word' id='word_1_748' title='bbox 681 2764 722 2792; x_wconf 70' lang='lat'><strong>£0.</strong></span> <span class='ocrx_word' id='word_1_749' title='bbox 765 2766 786 2781; x_wconf 73' lang='lat'>“</span> <span class='ocrx_word' id='word_1_750' title='bbox 804 2765 886 2793; x_wconf 82' lang='lat' dir='ltr'><strong>Prov.</strong></span> <span class='ocrx_word' id='word_1_751' title='bbox 899 2774 936 2799; x_wconf 80' lang='lat' dir='ltr'><strong>xi,</strong></span> <span class='ocrx_word' id='word_1_752' title='bbox 956 2766 981 2792; x_wconf 85' lang='lat' dir='ltr'><strong>l.</strong></span> 
     </span>
    </p>
   </div>
   <div class='ocr_carea' id='block_1_103' title="bbox 953 2328 1743 2361">
    <p class='ocr_par' dir='ltr' id='par_1_103' title="bbox 953 2328 1743 2361">
     <span class='ocr_line' id='line_1_103' title="bbox 953 2328 1743 2361; baseline -0.009 -2"><span class='ocrx_word' id='word_1_753' title='bbox 953 2332 1080 2360; x_wconf 90' lang='lat' dir='ltr'><strong>omnium</strong></span> <span class='ocrx_word' id='word_1_754' title='bbox 1102 2331 1193 2358; x_wconf 87' lang='lat' dir='ltr'><strong>saluti.</strong></span> <span class='ocrx_word' id='word_1_755' title='bbox 1206 2330 1257 2358; x_wconf 86' lang='lat' dir='ltr'><strong>Hic</strong></span> <span class='ocrx_word' id='word_1_756' title='bbox 1276 2331 1338 2358; x_wconf 89' lang='lat' dir='ltr'><strong>talis</strong></span> <span class='ocrx_word' id='word_1_757' title='bbox 1359 2329 1429 2356; x_wconf 92' lang='lat' dir='ltr'><strong>nibil</strong></span> <span class='ocrx_word' id='word_1_758' title='bbox 1449 2334 1504 2356; x_wconf 89' lang='lat' dir='ltr'><strong>tam</strong></span> <span class='ocrx_word' id='word_1_759' title='bbox 1527 2328 1587 2355; x_wconf 85' lang='lat' dir='ltr'><strong>sitit</strong></span> <span class='ocrx_word' id='word_1_760' title='bbox 1609 2334 1692 2361; x_wconf 82' lang='lat' dir='ltr'><strong>quam</strong></span> <span class='ocrx_word' id='word_1_761' title='bbox 1710 2330 1743 2352; x_wconf 92' lang='lat' dir='ltr'><strong>ut</strong></span> 
     </span>
    </p>
   </div>
   <div class='ocr_carea' id='block_1_104' title="bbox 954 2374 1749 2413">
    <p class='ocr_par' dir='ltr' id='par_1_104' title="bbox 954 2374 1749 2413">
     <span class='ocr_line' id='line_1_104' title="bbox 954 2374 1749 2413; baseline -0.008 -8"><span class='ocrx_word' id='word_1_762' title='bbox 954 2378 1163 2413; x_wconf 85' lang='lat' dir='ltr'><strong>resipiscamus,</strong></span> <span class='ocrx_word' id='word_1_763' title='bbox 1177 2385 1283 2412; x_wconf 85' lang='lat' dir='ltr'><strong>nosque</strong></span> <span class='ocrx_word' id='word_1_764' title='bbox 1300 2377 1435 2412; x_wconf 72' lang='lat' dir='ltr'><strong>pmniteat</strong></span> <span class='ocrx_word' id='word_1_765' title='bbox 1455 2376 1520 2403; x_wconf 66' lang='lat' dir='ltr'><strong>vitae</strong></span> <span class='ocrx_word' id='word_1_766' title='bbox 1536 2374 1655 2409; x_wconf 87' lang='lat' dir='ltr'><strong>turpiter</strong></span> <span class='ocrx_word' id='word_1_767' title='bbox 1671 2378 1749 2400; x_wconf 72' lang='lat' dir='ltr'><strong>actae.</strong></span> 
     </span>
    </p>
   </div>
   <div class='ocr_carea' id='block_1_105' title="bbox 953 2418 1753 2457">
    <p class='ocr_par' dir='ltr' id='par_1_105' title="bbox 953 2418 1753 2457">
     <span class='ocr_line' id='line_1_105' title="bbox 953 2418 1753 2457; baseline -0.008 -8"><span class='ocrx_word' id='word_1_768' title='bbox 953 2421 1184 2457; x_wconf 87' lang='lat' dir='ltr'><strong>Supcrlacrymis</strong></span> <span class='ocrx_word' id='word_1_769' title='bbox 1199 2429 1228 2448; x_wconf 90' lang='lat' dir='ltr'><strong>se</strong></span> <span class='ocrx_word' id='word_1_770' title='bbox 1246 2421 1454 2456; x_wconf 79' lang='lat' dir='ltr'><strong>recipientium,</strong></span> <span class='ocrx_word' id='word_1_771' title='bbox 1472 2420 1507 2448; x_wconf 88' lang='lat' dir='ltr'><strong>ad</strong></span> <span class='ocrx_word' id='word_1_772' title='bbox 1527 2420 1672 2447; x_wconf 83' lang='lat' dir='ltr'><strong>meliorem</strong></span> <span class='ocrx_word' id='word_1_773' title='bbox 1688 2418 1753 2444; x_wconf 69' lang='lat' dir='ltr'><strong>vitae</strong></span> 
     </span>
    </p>
   </div>
   <div class='ocr_carea' id='block_1_106' title="bbox 954 2465 1752 2504">
    <p class='ocr_par' dir='ltr' id='par_1_106' title="bbox 954 2465 1752 2504">
     <span class='ocr_line' id='line_1_106' title="bbox 954 2465 1752 2504; baseline -0.008 -9"><span class='ocrx_word' id='word_1_774' title='bbox 954 2468 1062 2504; x_wconf 81' lang='lat' dir='ltr'><strong>frugem</strong></span> <span class='ocrx_word' id='word_1_775' title='bbox 1078 2468 1149 2495; x_wconf 89' lang='lat' dir='ltr'><strong>mire</strong></span> <span class='ocrx_word' id='word_1_776' title='bbox 1168 2467 1277 2494; x_wconf 66' lang='lat' dir='ltr'><strong>laetatur</strong></span> <span class='ocrx_word' id='word_1_777' title='bbox 1297 2472 1326 2494; x_wconf 87' lang='lat' dir='ltr'><strong>et</strong></span> <span class='ocrx_word' id='word_1_778' title='bbox 1347 2467 1538 2494; x_wconf 86' lang='lat' dir='ltr'><strong>exhilarcscit.</strong></span> <span class='ocrx_word' id='word_1_779' title='bbox 1553 2465 1681 2492; x_wconf 72' lang='lat' dir='ltr'><strong>Exsultat</strong></span> <span class='ocrx_word' id='word_1_780' title='bbox 1703 2470 1752 2490; x_wconf 89' lang='lat' dir='ltr'><strong>su-</strong></span> 
     </span>
    </p>
   </div>
   <div class='ocr_carea' id='block_1_107' title="bbox 960 2509 1754 2550">
    <p class='ocr_par' dir='ltr' id='par_1_107' title="bbox 960 2509 1754 2550">
     <span class='ocr_line' id='line_1_107' title="bbox 960 2509 1754 2550; baseline -0.008 -9"><span class='ocrx_word' id='word_1_781' title='bbox 960 2522 1010 2550; x_wconf 87' lang='lat' dir='ltr'><strong>per</strong></span> <span class='ocrx_word' id='word_1_782' title='bbox 1024 2514 1197 2541; x_wconf 86' lang='lat' dir='ltr'><strong>confessione</strong></span> <span class='ocrx_word' id='word_1_783' title='bbox 1213 2513 1410 2547; x_wconf 72' lang='lat' dir='ltr'><strong>pmnitentium</strong></span> <span class='ocrx_word' id='word_1_784' title='bbox 1430 2520 1515 2547; x_wconf 87' lang='lat' dir='ltr'><strong>super</strong></span> <span class='ocrx_word' id='word_1_785' title='bbox 1531 2511 1656 2538; x_wconf 84' lang='lat' dir='ltr'><strong>contrito</strong></span> <span class='ocrx_word' id='word_1_786' title='bbox 1666 2509 1754 2536; x_wconf 87' lang='lat' dir='ltr'><strong>corde</strong></span> 
     </span>
    </p>
   </div>
   <div class='ocr_carea' id='block_1_108' title="bbox 961 2555 1754 2594">
    <p class='ocr_par' dir='ltr' id='par_1_108' title="bbox 961 2555 1754 2594">
     <span class='ocr_line' id='line_1_108' title="bbox 961 2555 1754 2594; baseline -0.009 -6"><span class='ocrx_word' id='word_1_787' title='bbox 961 2565 990 2588; x_wconf 92' lang='lat' dir='ltr'><strong>et</strong></span> <span class='ocrx_word' id='word_1_788' title='bbox 1014 2561 1159 2588; x_wconf 86' lang='lat' dir='ltr'><strong>humiliato</strong></span> <span class='ocrx_word' id='word_1_789' title='bbox 1179 2559 1338 2586; x_wconf 89' lang='lat' dir='ltr'><strong>incredibili</strong></span> <span class='ocrx_word' id='word_1_790' title='bbox 1357 2559 1460 2594; x_wconf 78' lang='lat' dir='ltr'><strong>gaudio</strong></span> <span class='ocrx_word' id='word_1_791' title='bbox 1475 2557 1663 2593; x_wconf 88' lang='lat' dir='ltr'><strong>perfunditur.</strong></span> <span class='ocrx_word' id='word_1_792' title='bbox 1682 2555 1754 2588; x_wconf 80' lang='lat' dir='ltr'><strong>Quin</strong></span> 
     </span>
    </p>
   </div>
   <div class='ocr_carea' id='block_1_109' title="bbox 960 2603 1754 2641">
    <p class='ocr_par' dir='ltr' id='par_1_109' title="bbox 960 2603 1754 2641">
     <span class='ocr_line' id='line_1_109' title="bbox 960 2603 1754 2641; baseline -0.008 -8"><span class='ocrx_word' id='word_1_793' title='bbox 960 2606 1131 2640; x_wconf 88' lang='lat' dir='ltr'><strong>nimisquam</strong></span> <span class='ocrx_word' id='word_1_794' title='bbox 1151 2605 1350 2641; x_wconf 78' lang='lat' dir='ltr'><strong>longanimiter</strong></span> <span class='ocrx_word' id='word_1_795' title='bbox 1372 2609 1496 2631; x_wconf 84' lang='lat' dir='ltr'><strong>nostram</strong></span> <span class='ocrx_word' id='word_1_796' title='bbox 1523 2603 1651 2638; x_wconf 90' lang='lat' dir='ltr'><strong>operitur</strong></span> <span class='ocrx_word' id='word_1_797' title='bbox 1685 2609 1754 2628; x_wconf 89' lang='lat' dir='ltr'><strong>con-</strong></span> 
     </span>
    </p>
   </div>
   <div class='ocr_carea' id='block_1_110' title="bbox 961 2648 1755 2684">
    <p class='ocr_par' dir='ltr' id='par_1_110' title="bbox 961 2648 1755 2684">
     <span class='ocr_line' id='line_1_110' title="bbox 961 2648 1755 2684; baseline -0.008 -6"><span class='ocrx_word' id='word_1_798' title='bbox 961 2650 1130 2683; x_wconf 90' lang='lat' dir='ltr'><strong>versionem,</strong></span> <span class='ocrx_word' id='word_1_799' title='bbox 1149 2657 1202 2678; x_wconf 89' lang='lat' dir='ltr'><strong>nec</strong></span> <span class='ocrx_word' id='word_1_800' title='bbox 1215 2650 1327 2678; x_wconf 85' lang='lat' dir='ltr'><strong>interim</strong></span> <span class='ocrx_word' id='word_1_801' title='bbox 1339 2649 1524 2684; x_wconf 86' lang='lat' dir='ltr'><strong>conquiescit,</strong></span> <span class='ocrx_word' id='word_1_802' title='bbox 1542 2648 1576 2675; x_wconf 93' lang='lat' dir='ltr'><strong>ad</strong></span> <span class='ocrx_word' id='word_1_803' title='bbox 1593 2653 1755 2681; x_wconf 88' lang='lat' dir='ltr'><strong>supremum</strong></span> 
     </span>
    </p>
   </div>
   <div class='ocr_carea' id='block_1_111' title="bbox 1267 2724 1758 2756">
    <p class='ocr_par' dir='ltr' id='par_1_111' title="bbox 1267 2724 1758 2756">
     <span class='ocr_line' id='line_1_111' title="bbox 1267 2724 1758 2756; baseline -0.012 1"><span class='ocrx_word' id='word_1_804' title='bbox 1267 2731 1289 2745; x_wconf 83' lang='lat'><strong>&#39;°</strong></span> <span class='ocrx_word' id='word_1_805' title='bbox 1303 2729 1370 2756; x_wconf 84' lang='lat' dir='ltr'><strong>ibid.</strong></span> <span class='ocrx_word' id='word_1_806' title='bbox 1388 2729 1431 2756; x_wconf 81' lang='grc'><strong>11.</strong></span> <span class='ocrx_word' id='word_1_807' title='bbox 1498 2724 1596 2751; x_wconf 86' lang='lat' dir='ltr'><strong>&quot;Prov</strong></span> <span class='ocrx_word' id='word_1_808' title='bbox 1609 2741 1617 2750; x_wconf 87' lang='lat'><strong>.</strong></span> <span class='ocrx_word' id='word_1_809' title='bbox 1643 2730 1697 2749; x_wconf 80' lang='lat' dir='ltr'><strong>xxu</strong></span> <span class='ocrx_word' id='word_1_810' title='bbox 1708 2724 1758 2751; x_wconf 73' lang='lat'><strong>28.</strong></span> 
     </span>
    </p>
   </div>
   <div class='ocr_carea' id='block_1_112' title="bbox 1024 2763 1528 2796">
    <p class='ocr_par' dir='ltr' id='par_1_112' title="bbox 1024 2763 1528 2796">
     <span class='ocr_line' id='line_1_112' title="bbox 1024 2763 1528 2796; baseline -0.01 -3"><span class='ocrx_word' id='word_1_811' title='bbox 1024 2766 1044 2782; x_wconf 81' lang='lat'>”</span> <span class='ocrx_word' id='word_1_812' title='bbox 1061 2767 1141 2793; x_wconf 83' lang='lat' dir='ltr'><strong>Prov.</strong></span> <span class='ocrx_word' id='word_1_813' title='bbox 1157 2773 1203 2796; x_wconf 78' lang='lat' dir='ltr'><strong>xx,</strong></span> <span class='ocrx_word' id='word_1_814' title='bbox 1224 2765 1266 2792; x_wconf 75' lang='grc'><strong>10.</strong></span> <span class='ocrx_word' id='word_1_815' title='bbox 1308 2765 1340 2790; x_wconf 82' lang='grc'><strong>¹⁶.</strong></span> <span class='ocrx_word' id='word_1_816' title='bbox 1355 2764 1412 2791; x_wconf 89' lang='lat' dir='ltr'><strong>Luc</strong></span> <span class='ocrx_word' id='word_1_817' title='bbox 1432 2772 1469 2794; x_wconf 78' lang='lat' dir='ltr'><strong>vi,</strong></span> <span class='ocrx_word' id='word_1_818' title='bbox 1485 2763 1528 2789; x_wconf 82' lang='lat'><strong>58.</strong></span> 
     </span>
    </p>
   </div>
   <div class='ocr_carea' id='block_1_113' title="bbox 751 2821 1090 2850">
    <p class='ocr_par' dir='ltr' id='par_1_113' title="bbox 751 2821 1090 2850">
     <span class='ocr_line' id='line_1_113' title="bbox 751 2821 1090 2850; baseline 0 -2"><span class='ocrx_word' id='word_1_819' title='bbox 751 2821 869 2848; x_wconf 66' lang='grc' dir='ltr'>νΑιιιτΕ</span> <span class='ocrx_word' id='word_1_820' title='bbox 884 2821 1090 2850; x_wconf 68' lang='lat' dir='ltr'><strong>LECTIONES.</strong></span> 
     </span>
    </p>
   </div>
   <div class='ocr_carea' id='block_1_114' title="bbox 156 2878 684 2916">
    <p class='ocr_par' dir='ltr' id='par_1_114' title="bbox 156 2878 684 2916">
     <span class='ocr_line' id='line_1_114' title="bbox 156 2878 684 2916; baseline -0.002 -9"><span class='ocrx_word' id='word_1_821' title='bbox 156 2881 163 2901; x_wconf 72' lang='grc' dir='ltr'><strong>ι</strong></span> <span class='ocrx_word' id='word_1_822' title='bbox 179 2881 337 2916; x_wconf 75' lang='grc' dir='ltr'>Φάρμακον,</span> <span class='ocrx_word' id='word_1_823' title='bbox 362 2879 447 2916; x_wconf 86' lang='lat' dir='ltr'><strong>dictio</strong></span> <span class='ocrx_word' id='word_1_824' title='bbox 466 2878 573 2907; x_wconf 84' lang='lat' dir='ltr'><strong>medica</strong></span> <span class='ocrx_word' id='word_1_825' title='bbox 584 2884 636 2916; x_wconf 69' lang='lat' dir='ltr'><strong>est,</strong></span> <span class='ocrx_word' id='word_1_826' title='bbox 655 2884 684 2907; x_wconf 88' lang='lat' dir='ltr'><strong>ut</strong></span> 
     </span>
    </p>
   </div>
   <div class='ocr_carea' id='block_1_115' title="bbox 732 2872 1754 2914">
    <p class='ocr_par' dir='ltr' id='par_1_115' title="bbox 732 2872 1754 2914">
     <span class='ocr_line' id='line_1_115' title="bbox 732 2872 1754 2914; baseline -0.007 -8"><span class='ocrx_word' id='word_1_827' title='bbox 732 2879 856 2911; x_wconf 78' lang='lat' dir='ltr'><strong>rebatur,</strong></span> <span class='ocrx_word' id='word_1_828' title='bbox 880 2879 918 2906; x_wconf 90' lang='lat' dir='ltr'><strong>De</strong></span> <span class='ocrx_word' id='word_1_829' title='bbox 938 2878 1089 2906; x_wconf 87' lang='lat' dir='ltr'><strong>verborum</strong></span> <span class='ocrx_word' id='word_1_830' title='bbox 1115 2877 1232 2914; x_wconf 73' lang='lat' dir='ltr'><strong>signitic.</strong></span> <span class='ocrx_word' id='word_1_831' title='bbox 1259 2877 1279 2905; x_wconf 91' lang='grc'><strong>1.</strong></span> <span class='ocrx_word' id='word_1_832' title='bbox 1306 2876 1368 2914; x_wconf 59' lang='lat'><strong>2‘59,</strong></span> <span class='ocrx_word' id='word_1_833' title='bbox 1386 2875 1459 2914; x_wconf 46' lang='lat' dir='ltr'><strong>ex}</strong></span> <span class='ocrx_word' id='word_1_834' title='bbox 1490 2874 1628 2914; x_wconf 65' lang='lat' dir='ltr'><strong>Odysscte.</strong></span> <span class='ocrx_word' id='word_1_835' title='bbox 1648 2872 1698 2901; x_wconf 80' lang='lat' dir='ltr'><strong>llic</strong></span> <span class='ocrx_word' id='word_1_836' title='bbox 1727 2873 1754 2900; x_wconf 93' lang='lat' dir='ltr'><strong>in</strong></span> 
     </span>
    </p>
   </div>
   <div class='ocr_carea' id='block_1_116' title="bbox 118 2911 1521 2950">
    <p class='ocr_par' dir='ltr' id='par_1_116' title="bbox 118 2911 1521 2950">
     <span class='ocr_line' id='line_1_116' title="bbox 118 2911 1521 2950; baseline -0.006 -6"><span class='ocrx_word' id='word_1_837' title='bbox 118 2911 336 2950; x_wconf 60' lang='lat' dir='ltr'><strong>bonam&#39;partem</strong></span> <span class='ocrx_word' id='word_1_838' title='bbox 355 2915 475 2942; x_wconf 89' lang='lat' dir='ltr'><strong>sumitur</strong></span> <span class='ocrx_word' id='word_1_839' title='bbox 489 2921 540 2949; x_wconf 85' lang='lat' dir='ltr'><strong>pro</strong></span> <span class='ocrx_word' id='word_1_840' title='bbox 557 2911 681 2942; x_wconf 85' lang='lat' dir='ltr'><strong>antidoto</strong></span> <span class='ocrx_word' id='word_1_841' title='bbox 695 2911 752 2942; x_wconf 85' lang='lat' dir='ltr'><strong>sive</strong></span> <span class='ocrx_word' id='word_1_842' title='bbox 772 2914 902 2942; x_wconf 87' lang='lat' dir='ltr'><strong>remedio.</strong></span> <span class='ocrx_word' id='word_1_843' title='bbox 923 2914 973 2950; x_wconf 83' lang='lat' dir='ltr'><strong>(Ex</strong></span> <span class='ocrx_word' id='word_1_844' title='bbox 987 2914 1066 2941; x_wconf 91' lang='lat' dir='ltr'><strong>Dion.</strong></span> <span class='ocrx_word' id='word_1_845' title='bbox 1077 2911 1176 2948; x_wconf 76' lang='lat' dir='ltr'><strong>Areop.</strong></span> <span class='ocrx_word' id='word_1_846' title='bbox 1189 2913 1273 2949; x_wconf 68' lang='lat' dir='ltr'><strong>Epist.</strong></span> <span class='ocrx_word' id='word_1_847' title='bbox 1289 2913 1325 2940; x_wconf 84' lang='lat' dir='ltr'><strong>ad</strong></span> <span class='ocrx_word' id='word_1_848' title='bbox 1339 2911 1521 2945; x_wconf 72' lang='lat' dir='ltr'><strong>Domi/leum.)</strong></span> 
     </span>
    </p>
   </div>
  </div>
