1986 3233
120 204 189 234 1661

582 204 664 234 110M
669 204 747 234 ILIA
767 204 911 235 LXXVII.
924 217 958 224 -
968 206 1017 236 DE
1036 207 1290 239 ΡΟΞΝΙΤΕΝΤῙΑ.

1682 204 1749 235 1(6‘2

118 256 226 292 ιχθρός.
252 255 340 290 Ἰησοῦ
354 255 466 293 Χριστὶ,
484 257 608 292 ἀντίσχοι»
634 266 679 292 μοι
704 257 752 285 καὶ
765 259 846 293 γενοῦ
863 268 902 294 μοι

961 261 1080 297 Signasti
1103 262 1177 290 enim
1205 271 1248 291 me
1265 261 1421 290 arrhabone
1436 261 1522 290 sancti
1541 261 1581 290 tui
1606 261 1745 295 Spiritus:

118 303 217 339 βοηθὸς
236 303 366 339 κραταιὸς
380 304 408 330 ἐν
421 303 543 338 πολέμῳ,
556 304 597 330 ὅτι
617 304 712 335 δοῦλός
727 305 786 339 ειμι
813 305 908 332 ἔπιθιμ

119 351 196 387 μίας,
213 342 259 378 κᾶι
282 350 456 385 πολεμοῦμαι
479 351 527 376 ὑπ’
540 350 626 384 αὐτῆς
641 359 648 366 ⁸
663 350 730 377 ἀλλὰ
750 351 792 382 σὺ,
808 351 905 386 Κύριε,

120 396 159 432 μὴ
171 396 359 432 ὲγκαταλίπης
381 404 415 431 με
435 396 481 422 τὸν
495 396 540 422 ἐπὶ
556 396 607 431 γῆς
620 396 788 431 ἐρριμμένον
809 398 839 423 ὲν
855 405 906 423 κα-

117 441 216 477 ταδίκῃ
242 441 331 474 ἔργων
348 449 399 476 μου
414 448 422 455 ·
438 440 621 476 ἑλενθέρωσόν
648 450 693 474 με,
710 442 841 472 Δέσποτα,
858 443 907 477 τῆς

118 487 242 521 πονηρᾶς
253 486 376 518 δουλείας
391 485 438 512 τοῦ
452 487 686 522 κοσμοκράτορας,
705 487 752 514 καὶ
766 487 907 514 οἰκείωσόν

120 541 153 568 με
175 534 204 559 ἐν
219 534 276 564 τοῖς
291 532 484 568 προστάγμασι
504 541 550 558 σου
565 541 571 547 ·
587 534 602 568 ὴ
619 533 677 564 ὁδδς
690 534 742 568 τῆς
759 533 833 569 ζωῆς
853 541 905 568 μου

117 579 132 605 ὁ
147 578 264 614 Χριττός
280 586 331 613 μου
349 585 355 592 ”
374 577 420 605 καὶ
442 577 472 604 τὸ
495 578 552 611 φῶς
565 578 619 611 τῶν
636 578 785 613 ὀφθαλμῶν
799 587 860 614 μου,
876 578 907 606 τὸ

118 625 263 660 πρόσωπόν
289 632 347 651 σου.
363 624 412 651 Θεέ
430 624 563 656 Δέσποτα,
580 624 627 650 καὶ
653 624 739 660 Κύριε
761 624 811 659 τῆς
834 623 907 659 ζωῆς

119 679 185 706 μου,
199 669 387 706 μετεωρισμδν
401 669 549 704 ὀφθαλμῶν
564 678 615 704 μου
643 670 680 704 μὴ
695 669 765 704 δῴης
782 678 827 705 μοι
843 678 849 686 ·
859 670 906 696 καὶ

118 715 267 750 ἐπιθυμίαν
290 715 378 749 κακὴν
410 715 566 749 ἀπόστησον
589 715 637 742 ἀπ’
665 715 745 750 ἐμοῦ.
766 715 906 750 ’Δντίσχου

119 768 165 794 με,
176 759 288 795 Χριστὲ,
303 761 335 795 τῇ
353 759 426 794 χειρὶ
442 767 489 785 σου
505 761 538 794 τῇ
550 760 616 795 ἁγίᾳ
627 767 634 774 ·
651 759 755 795 ὀρέξεις
774 760 821 787 καὶ
841 769 904 787 συν-

116 806 260 841 ουσιασμοὶ
275 806 311 842 μὴ
332 805 560 833 καταλαδέτωσάν
580 815 624 840 με,
641 806 689 832 καὶ
705 806 777 841 ψυχῇ
802 806 907 833 ἀναιδεῖ

118 850 156 886 μὴ
171 850 298 886 παραδῴς
312 859 356 884 με.
373 849 487 884 Δάμψον
506 851 534 876 ἐν
554 851 616 884 ἐμοὶ
638 850 668 876 τὸ
684 850 741 885 φῶς
755 851 803 877 τοῦ
818 860 904 887 προσ-

115 895 191 922 ώπου
220 904 279 928 σου,
301 895 398 930 Κύριε,
415 896 459 922 ἴνα
488 896 559 931 μ.ὴή
583 895 677 922 σκοτία
702 896 844 932 καταλάβῃ
859 905 903 931 με,

115 943 163 970 καὶ
177 944 191 970 ό
205 943 366 978 περιπατῶν
384 944 414 970 ἐν
430 943 498 979 αὐτῇ
513 944 665 979 ὑφαρπὰσῃ
684 952 728 978 με.
742 944 788 979 Μὴ
813 952 904 979 παρα-

113 988 178 1023 δῷς,
192 989 288 1024 Κύριε,
300 989 405 1023 θηρίοις
420 990 545 1024 ἀοράτοις
556 989 644 1025 ψυχὴν
655 989 907 1024 ὲξομολογουμένην

116 1042 168 1061 σοι.
185 1034 231 1069 Μὴ
247 1034 392 1070 καταδέξῃ.
413 1034 510 1070 Κύριε,
525 1035 662 1070 πληγῆναι
680 1032 773 1062 δοῦλόν
789 1043 836 1062 σου
854 1034 906 1062 ὑπὸ

114 1080 205 1107 κυνῶν
220 1079 368 1115 ἀλλοτρίων
379 1087 388 1095 ·
405 1079 496 1112 ξενίαν
513 1080 560 1107 τοῦ
577 1081 656 1115 ἁγίου
674 1090 722 1108 σου
747 1079 907 1115 Πνεύματος

115 1124 284 1157 καταξίωοόν
302 1133 346 1160 με,
363 1125 454 1161 Πάτερ
467 1125 542 1160 ἅγιε,
556 1126 694 1160 γενέσθαι,
710 1126 760 1154 καὶ
772 1124 847 1153 οἷκον
859 1125 906 1152 τοῦ

115 1170 234 1206 Χριστοῦ
248 1179 296 1197 σου
308 1179 316 1186 ·
333 1171 511 1207 οίκοδόμησόν
528 1181 572 1207 με,
591 1172 606 1198 6
621 1173 716 1208 eam;
726 1173 781 1199 τῶν
802 1173 907 1200 πεπλα-

115 1216 242 1251 νημένων
253 1224 260 1231 ’
274 1217 409 1252 ὁδήγησόν
435 1226 482 1252 με,
497 1217 541 1244 ῐνα
561 1217 598 1253 μὴ
613 1217 729 1244 ἐκκλίνω
742 1218 782 1250 εἰς
795 1218 829 1244 τὰ
843 1218 904 1253 ἀρι-

116 1261 199 1296 στερά
210 1270 217 1276 ·
234 1263 382 1297 πρόσωπόν
394 1270 451 1294 σου,
465 1261 563 1297 Κύριε,
580 1263 643 1289 ἰδεῖν
655 1262 789 1290 ἐπιποθῶ·
801 1264 815 1291 ὁ
825 1263 903 1296 Θεὸς,

114 1306 154 1342 τῷ
180 1307 250 1341 φωτὶ
275 1307 322 1334 τοῦ
345 1306 492 1343 προσώπου
522 1316 569 1334 σου
592 1308 726 1344 ὁδήγησόν
763 1317 797 1344 με
811 1316 818 1323 ⁸
842 1308 906 1343 ροὖν

114 1352 240 1388 δακρύων
256 1353 372 1388 χάρισαι
393 1362 439 1387 μοι
454 1353 497 1388 τῷ
510 1353 596 1389 δούλῳ
612 1362 670 1387 σου,
685 1354 732 1381 καὶ
746 1354 847 1389 ἰκμάδα
859 1354 905 1381 τοῦ

114 1397 194 1432 ἁγίου
226 1407 273 1425 σου
302 1398 466 1433 Πνεύματος
489 1398 611 1434 δώρησαι
627 1399 666 1435 τῷ
681 1399 823 1434 πλάσματι
846 1408 904 1433 σου,

115 1443 159 1471 ινα
177 1444 214 1479 μὴ
236 1444 363 1478 ξηρανθῶ
383 1445 422 1476 ὡς
439 1446 456 1481 ἠ
475 1445 545 1480 συκῆ
560 1445 594 1480 ἣν
611 1446 643 1472 σὺ
670 1446 820 1481 κατηράσω
836 1455 843 1462 ·
859 1446 905 1474 καὶ

114 1489 184 1516 lato)
193 1490 229 1516 τὰ
241 1490 346 1526 δάκρυά
367 1499 419 1526 μου
436 1491 476 1522 εἰς
489 1490 555 1525 ἐμὸν
569 1490 645 1526 πόμα
661 1499 668 1507 ·
688 1493 736 1518 καὶ
754 1492 770 1527 ἡ
785 1500 905 1527 προσευ-

113 1535 148 1570 χή
175 1543 225 1570 μου
243 1535 302 1562 ἀντὶ
328 1535 466 1570 βρώσεως.
481 1535 599 1570 Τρέψον,
611 1535 709 1572 Κύριε,
722 1536 768 1562 τὸν
791 1537 905 1564 κοπετόν

961 308 1095 336 reduxisti
1125 309 1200 337 enim
1234 316 1279 337 me
1314 316 1348 337 ex
1378 309 1513 336 altissima
1535 308 1666 342 voragine
1691 306 1747 334 ini-

958 355 1096 389 quitatum
1131 357 1278 388 mearum,
1312 359 1343 383 ut
1374 362 1408 382 ne
1439 354 1468 381 in
1500 353 1592 388 praeda
1622 352 1746 380 abduce-

957 404 1000 427 ret
1016 408 1060 427 me
1080 400 1220 429 inimicus.
1236 401 1302 429 Jesu
1324 400 1434 428 Christe
1445 420 1452 432 ,
1470 399 1581 428 suﬂulci
1603 406 1647 426 me
1664 402 1748 433 atque

956 451 1126 479 sustenta,et
1140 452 1200 475 esto
1215 447 1283 474 mihi
1299 446 1452 478 auxiliaris,
1467 450 1495 473 tu
1510 446 1536 473 in
1549 445 1624 473 bello
1636 449 1745 480 potens.

958 490 1060 518 Servus
1079 492 1154 519 enim
1169 500 1231 519 sum
1253 492 1498 527 concupiscentiae,
1515 491 1548 518 ab
1568 491 1620 518 hac
1646 490 1747 517 misere

958 544 1102 571 oppugnor
1116 546 1124 569 ;
1139 538 1186 565 sed
1201 543 1241 569 tu,
1255 538 1381 570 Domine,
1399 545 1434 565 ne
1458 545 1502 565 me
1527 536 1704 570 derelinquas
1717 535 1746 563 in

959 585 1060 608 terram
1075 581 1232 616 disiectum,
1241 581 1466 618 quandoquidem
1475 589 1595 617 agnosco
1606 585 1634 608 et
1645 580 1746 608 damno

957 634 1041 661 opera
1054 635 1124 654 mea.
1142 627 1292 662 Emancipa
1304 636 1358 661 me,
1371 628 1498 660 Domine,
1508 628 1574 663 jugo
1583 627 1744 661 depressum

957 672 1120 699 miserandae
1147 673 1366 708 servilutis,qna
1395 673 1491 700 mundi
1520 673 1600 700 istius
1626 672 1747 699 obstrin-

957 725 1006 753 κοι-
1029 717 1159 752 principi.
1179 718 1245 745 Tua:
1270 723 1312 746 me
1329 719 1461 746 ascribito
1475 719 1620 750 clientelte.
1633 722 1697 745 tuus
1715 721 1746 745 ut

957 764 1009 791 sim
1033 772 1083 799 per
1106 764 1329 791 observationem
1357 765 1549 792 mandatorum
1572 769 1700 795 tuorum,
1716 767 1746 791 tu

957 809 1005 844 qui
1028 810 1072 837 via
1090 817 1121 837 es
1144 810 1207 837 vita-
1231 818 1310 849 Ineze,
1330 815 1357 838 et
1381 811 1509 838 Christus
1534 818 1627 841 meus.
1645 810 1693 837 sed
1717 813 1747 837 et

957 854 1042 882 facies
1058 859 1103 882 tua
1117 855 1211 882 lumen
1224 855 1369 882 oculorum
1387 863 1513 883 meorum
1534 859 1586 883 est.
1603 856 1675 883 Deus
1690 856 1746 882 Do-

958 900 1043 931 mine,
1057 904 1085 927 et
1095 900 1212 927 Domine
1225 901 1287 928 vitze
1301 908 1378 931 meae,
1392 901 1582 928 extollentiam
1601 901 1746 928 oculorum

959 953 1083 974 meorum
1098 954 1132 974 ne
1151 946 1265 973 dederis
1277 946 1356 978 mihi,
1372 950 1400 974 et
1414 946 1668 981 concupiscentiam
1683 955 1748 982 pra-

963 999 1025 1019 vam
1041 996 1136 1019 averte
1154 1000 1168 1018 a
1186 1000 1239 1019 me.
1253 991 1382 1019 Sustenla
1395 999 1449 1024 me,
1460 992 1584 1024 Domine,
1601 1000 1683 1019 manu
1701 996 1747 1020 tua

958 1042 1062 1065 sancta.
1078 1037 1223 1072 Appetitus
1240 1037 1345 1076 ventris
1357 1041 1384 1064 et
1399 1037 1568 1065 concubitus
1579 1045 1634 1064 non
1645 1045 1746 1072 appre-

958 1083 1082 1111 hendant
1098 1091 1152 1116 me,
1166 1088 1194 1110 et
1216 1083 1315 1111 anima:
1341 1083 1506 1111 irreverenti
1524 1091 1559 1110 ne
1579 1083 1670 1111 tradas
1690 1091 1745 1111 me.

958 1128 1070 1156 Illustra
1086 1128 1114 1155 in
1140 1136 1183 1155 me
1201 1128 1296 1155 lumen
1320 1123 1415 1155 vultus
1435 1128 1486 1159 tui,
1513 1128 1628 1155 Domine
1641 1148 1648 1159 ,
1661 1132 1691 1156 ut
1710 1136 1746 1156 ne

957 1174 1197 1209 comprehendant
1214 1182 1257 1202 me
1270 1174 1400 1204 tenebrae.
1414 1174 1461 1201 sed
1483 1178 1511 1202 et
1526 1174 1573 1209 qui
1586 1175 1747 1202 obambulat

957 1227 1014 1253 eas,
1033 1228 1066 1248 ne
1081 1221 1258 1248 clanculariis
1272 1221 1330 1248 suis
1345 1221 1418 1248 dolis
1430 1220 1553 1255 abripiat
1568 1228 1622 1248 me.
1636 1220 1677 1248 Ne
1692 1225 1748 1247 tra-

958 1265 1018 1297 das,
1039 1265 1166 1298 Domine,
1184 1266 1281 1294 bestiis
1302 1265 1490 1293 invisibilibus
1511 1266 1632 1293 animam
1657 1266 1746 1294 conﬁ-

957 1314 1061 1338 tentem
1087 1311 1198 1339 tibi.Ne
1217 1311 1340 1346 patiaris,
1367 1311 1483 1338 Domine
1497 1331 1504 1344 ,
1526 1319 1635 1339 servum
1667 1316 1745 1339 tuum

957 1355 1117 1384 immaniter
1129 1357 1253 1392 torqueri
1266 1365 1281 1384 a
1299 1357 1416 1384 canibus
1431 1357 1506 1390 istis,
1527 1357 1574 1392 qui
1592 1365 1607 1384 a
1622 1362 1647 1385 te
1663 1357 1745 1384 alieni

958 1404 1024 1428 sunt
1051 1405 1079 1428 et
1104 1401 1279 1429 defecerunt.
1301 1402 1418 1437 Dignum
1449 1409 1493 1429 me
1521 1401 1632 1431 eﬂicito.
1664 1402 1748 1429 Pater

958 1450 1063 1478 sancte,
1079 1446 1214 1481 hospitali
1242 1454 1359 1474 munere
1380 1447 1467 1474 sancti
1486 1447 1524 1474 tui
1547 1447 1678 1482 Spiritus,
1691 1455 1749 1474 mc-

958 1498 1012 1525 que
1022 1490 1163 1518 exaediﬁca
1176 1490 1203 1518 in
1216 1490 1389 1518 domicilium
1403 1491 1504 1518 Christi
1517 1491 1568 1518 tui.
1582 1491 1640 1518 Dux
1651 1499 1748 1518 eorum

958 1536 1005 1571 qui
1038 1541 1200 1564 exerrarunt
1218 1545 1232 1564 a
1257 1538 1313 1568 via,
1329 1537 1443 1571 praedux
1470 1533 1538 1563 mihi
1563 1541 1623 1564 esto
1653 1541 1681 1564 et
1704 1544 1750 1564 θος

113 1589 164 1617 μου
176 1583 216 1613 είς
227 1582 314 1617 χαρὰν
329 1582 401 1617 ἐμοί’
413 1582 460 1609 καὶ
468 1582 543 1614 δέξαι
558 1591 591 1617 με
603 1582 642 1614 είς
659 1582 709 1614 τὰς
719 1583 846 1614 αἰωνίους
855 1592 902 1610 σου

958 1582 1067 1614 mitare,
1102 1585 1131 1609 ut
1157 1590 1193 1609 ne
1227 1582 1260 1609 ad
1289 1581 1432 1609 sinistram
1469 1581 1619 1609 declinem.
1639 1582 1748 1609 Faciem

113 1629 215 1662 σκηνάς
225 1636 232 1642 ·
248 1628 377 1663 φθασάτω
391 1637 426 1664 με
445 1630 461 1664 ή
477 1628 648 1664 ἐλεημοσύνη
664 1637 724 1663 σου,
739 1629 825 1665 Κύριε
835 1648 843 1660 ,
855 1629 903 1656 καὶ

112 1673 137 1699 οἱ
149 1674 284 1708 οἰκτιρμοί
298 1678 345 1701 σου
358 1674 594 1702 καταλαόέτωσάν
608 1683 652 1709 με,
665 1675 712 1702 καὶ
727 1675 796 1709 ἄφες
811 1674 903 1706 πάσας

111 1718 161 1751 τὰς
177 1719 314 1755 ἁμαρτίας
339 1728 402 1755 μου.
418 1721 455 1747 Σὺ
472 1720 526 1755 γὰρ
544 1718 572 1746 εἷ
586 1720 652 1752 Θεὸς
668 1720 796 1756 ἀληθινὸς
812 1720 901 1756 ἀφιὼν

111 1764 234 1799 ἀνομίας.
260 1765 314 1791 Καὶ
349 1765 386 1801 μὴ
409 1765 554 1801 καταδέξῃ,
582 1766 681 1802 Κύριε,
700 1767 834 1802 ἀτιμάσαι
864 1766 900 1794 τὰ

111 1809 180 1844 ἔργα
190 1810 243 1837 τῶν
256 1811 356 1846 χειρῶν
369 1820 425 1844 σου,
434 1812 478 1838 διὰ
490 1811 525 1838 τὰ
536 1811 624 1847 πλήθη
634 1812 688 1838 τῶν
700 1813 821 1848 ἀνομιῶν
832 1821 898 1847 μου,

110 1854 177 1881 ἀλλὰ
196 1856 362 1882 ἀνακάλεσαί
390 1865 435 1891 με,
453 1857 587 1889 Δέσποτα,
603 1857 648 1884 διὰ
661 1858 710 1884 τοῦ
737 1858 899 1893 μονογενοῦς

111 1908 158 1926 σου
171 1900 236 1926 Υἱοῦ
254 1901 300 1927 τοῦ
315 1901 441 1936 Σωτῆρος
455 1902 534 1936 ἡμῶν
546 1910 553 1918 ·
570 1903 617 1929 καὶ
628 1903 735 1938 ἔγειρόν
752 1913 786 1938 με
803 1904 900 1938 κείμε-

109 1953 154 1972 νον
167 1945 204 1977 ὡς
219 1945 284 1971 Λευῖ
300 1946 344 1972 τὸν
357 1945 478 1981 τελώνην
489 1954 497 1962 ·
512 1947 560 1974 καὶ
574 1947 743 1982 ξωοποίησόν
765 1957 798 1983 με
814 1949 860 1975 τον
871 1950 901 1976 ὲν

110 1991 259 2025 ἁμαρτίαις
279 1991 480 2025 νενεκρωμένον
493 2011 500 2024 ,
521 1991 559 2023 ὡς
585 1993 635 2027 τῆς
662 1993 750 2029 χήρας
771 1993 816 2019 τὸν
832 1994 900 2026 υἱον,

109 2036 151 2063 ὅτι
169 2037 200 2063 σὺ
221 2036 301 2071 μόνος
315 2037 447 2072 ὑπάρχεις
464 2038 481 2073 ὴ
498 2037 647 2070 ἀνάστασις
660 2038 714 2064 τῶν
728 2038 900 2067 τεθνεώτων.

109 2082 167 2108 Καὶ
181 2083 221 2108 σοὶ
233 2082 296 2114 δόξα
309 2081 410 2118 πρέπει
429 2082 470 2114 είς
487 2083 550 2114 τοὺς
566 2082 679 2114 αέῶνας.
695 2083 793 2119 Ἀμήν.

958 1634 1044 1660 tuam,
1056 1625 1093 1656 fni
1114 1628 1240 1660 Domine,
1254 1627 1436 1663 ﬂagrantibus
1447 1628 1521 1655 votis
1536 1628 1631 1655 videre
1647 1636 1750 1656 concu-

960 1674 1050 1710 pisco.
1072 1675 1156 1706 Deus,
1180 1673 1365 1701 illustratione
1377 1674 1472 1701 vultus
1491 1674 1530 1701 tui
1546 1673 1634 1708 dirige
1662 1682 1704 1701 me
1721 1674 1749 1701 in

955 1720 1050 1752 viam,
1075 1719 1179 1747 ﬂumen
1209 1720 1393 1755 lacrymarum
1424 1719 1536 1754 indulge
1565 1719 1634 1746 mihi
1671 1727 1750 1747 servo

950 1769 1010 1797 tuo.
1039 1765 1184 1793 humorem
1215 1765 1303 1792 sancti
1350 1764 1389 1792 tui
1434 1764 1555 1800 Spiritus
1596 1764 1663 1792 huic
1701 1769 1750 1792 tuo

952 1811 1083 1847 plasmati
1129 1811 1282 1838 liberaliter
1326 1810 1494 1846 impertire,
1532 1815 1562 1838 nt
1608 1819 1644 1839 ne
1687 1818 1749 1838 exa-

954 1862 1045 1885 rescat
1085 1857 1212 1892 exemplo
1250 1857 1374 1884 ficulneae
1404 1857 1477 1884 illius
1493 1857 1537 1884 cui
1570 1861 1599 1884 tu
1632 1856 1750 1884 maledi-

955 1903 1029 1930 xisti.
1060 1903 1191 1930 l‘oculnm
1224 1903 1291 1928 milii
1322 1910 1389 1929 meze
1409 1903 1465 1929 sint
1490 1902 1629 1937 lacrymm,
1660 1903 1749 1929 vicem

956 1946 1096 1974 alimonia:
1142 1947 1271 1982 suppleat
1300 1947 1392 1974 oratio
1425 1954 1496 1974 mca.
1529 1947 1639 1982 1146
1665 1947 1749 1974 Verte

956 1992 1098 2027 planctum
1115 1999 1207 2019 meum
1238 1992 1267 2019 in
1290 1991 1422 2027 gaudium
1453 1991 1521 2018 mihi
1538 1999 1546 2025 ',
1563 1992 1677 2019 admitte
1706 1997 1750 2019 me

955 2039 984 2065 in
1012 2042 1116 2065 aeterna
1149 2038 1326 2066 tabernacula
1354 2037 1568 2072 tna.Anlicipet
1595 2045 1639 2064 me
1668 2037 1751 2064 mise-

956 2084 1076 2112 ricordia
1091 2089 1148 2117 tua,
1166 2083 1293 2116 Domine,
1306 2087 1334 2111 et
1356 2083 1552 2110 miserationes
1578 2087 1630 2110 tua:
1651 2090 1750 2118 appre—

112 2129 236 2157 hendant
267 2137 322 2162 me,
352 2134 381 2157 et
403 2129 515 2157 remitte
537 2130 632 2158 omnia
653 2136 767 2166 peccata
801 2138 872 2159 mea.
893 2131 936 2158 Tu
963 2131 1050 2164 enim,
1083 2131 1156 2159 Deus
1183 2139 1278 2162 verus,
1290 2130 1338 2166 qui
1370 2130 1489 2157 remittis
1515 2123 1685 2164 iniquitates.
1709 2129 1750 2156 Ne

109 2177 234 2212 patiaris,
264 2177 390 2210 Domine,
414 2185 485 2212 opus
502 2185 635 2205 manuum
652 2182 761 2206 tuarum
791 2179 849 2206 ullo
875 2179 1014 2207 atrociore
1029 2179 1136 2214 aspergi
1153 2178 1316 2214 opprobrio,
1341 2178 1377 2205 ob
1391 2177 1594 2204 multitudinem
1619 2177 1751 2211 iniquita-

110 2229 170 2251 tum
200 2231 343 2257 mearum;
372 2225 439 2258 quin
455 2232 556 2252 revoca
574 2231 618 2252 me
646 2232 695 2259 per
720 2225 892 2260 unigenitum
923 2225 1021 2254 Filium
1060 2231 1138 2254 tuum
1173 2229 1275 2252 nostrae
1312 2224 1437 2251 omnium
1477 2223 1574 2251 salutis
1598 2223 1748 2251 vindicem.

111 2273 208 2301 Excita
226 2279 269 2298 me
286 2272 387 2299 misere
409 2272 557 2307 jacentem,
573 2276 604 2300 ut
615 2273 679 2302 olim
698 2273 775 2301 illum
799 2273 920 2302 telonem
943 2274 1009 2302 Levi
1024 2284 1031 2308 ;
1045 2275 1154 2302 viviﬁca
1170 2282 1213 2302 me
1235 2278 1411 2309 peccatorum
1429 2277 1516 2300 morte
1531 2273 1708 2307 tabefactum,
1718 2278 1750 2302 ut

109 2323 175 2349 tunc
204 2320 291 2348 tilium
313 2320 424 2354 viduae;
442 2325 471 2348 tu
498 2321 576 2349 solus
596 2321 766 2349 resurrectio
787 2329 819 2350 es
845 2327 1032 2352 mortuorum.
1051 2323 1114 2350 Tibi
1131 2323 1224 2358 gloria»
1236 2322 1264 2350 in
1280 2321 1393 2349 smcula.
1410 2323 1509 2348 Amen.

143 2366 224 2392 Θέλει
249 2366 278 2392 δὲ
298 2367 313 2394 ὸ
328 2367 357 2392 ἐν
379 2366 495 2402 ἀληθείᾳ
514 2367 653 2402 μετανοῶν
675 2367 718 2402 ἐφ’
732 2365 772 2400 οἷς
798 2367 900 2403 ἔπραξε

991 2368 1075 2404 Optet
1088 2369 1116 2396 in
1133 2368 1243 2404 primis,
1257 2375 1340 2403 quem
1353 2375 1419 2395 vere
1432 2366 1560 2402 paenitet,
1576 2370 1605 2394 et
1620 2373 1650 2394 se
1666 2365 1702 2394 ob
1715 2373 1749 2394 ea

107 2412 203 2443 κακοῖς
219 2411 267 2438 καὶ
279 2412 375 2439 ἑαυτὸν
397 2412 617 2448 ἐπιμέμφεσθαι,
628 2414 676 2440 καὶ
688 2413 722 2440 τὰ
733 2413 799 2449 παρ’
810 2414 900 2441 ἄλλων

108 2457 198 2492 ὀνείδη
219 2458 362 2493 καρτερῶς
387 2459 481 2494 φέρειν
493 2467 500 2474 ·
519 2459 649 2494 μετάνοια
664 2459 718 2496 γάρ
737 2460 796 2487 ἐστι
811 2460 842 2487 τὸ
853 2461 899 2487 ὑπ’

111 2501 240 2536 ἀφρόνων
251 2503 442 2537 χλευάζεσθαι,
454 2505 501 2532 καὶ
513 2506 665 2540 καρτερεῖν,
675 2505 722 2532 καὶ
734 2505 899 2540 ὸλοκαρδίως

109 2547 278 2583 προσφέρειν
303 2549 343 2585 τῷ
357 2550 416 2586 Θεῷ
440 2549 645 2586 ἐξομολόγησιν.
667 2550 699 2578 '0
721 2550 834 2583 Ἡσαΐας
851 2560 900 2579 πο-

107 2592 258 2629 τνιώμενος
274 2596 338 2630 περὶ
355 2596 409 2623 τῶν
425 2597 551 2632 σκληρῶν
569 2597 616 2624 καὶ
636 2598 830 2632 ἁμετανοήτων
851 2597 898 2625 λέ-

107 2645 152 2671 γει
166 2645 173 2652 '
192 2647 203 2664 ε
230 2639 276 2676 Μὴ
296 2640 346 2668 οὐκ
362 2641 449 2677 ἰσχύει
476 2641 579 2677 Κύριος
602 2642 650 2668 τοῦ
682 2642 768 2669 σῶσαι
786 2651 793 2673 ;
827 2642 897 2669 ἀλλὰ

105 2681 223 2715 διὰντὰς
245 2685 386 2720 ἁμαρτίας
411 2687 489 2721 ὑμῶν
515 2687 686 2723 ἀπέστρεψεν
701 2687 731 2714 τδ
749 2687 896 2722 πρόσωπον

106 2727 188 2755 αὐτοῦ
200 2730 248 2765 ἀφ’
261 2731 349 2766 ὑμῶν,
363 2731 404 2759 ὃτι
430 2732 518 2764 οὐδεὶς
533 2732 610 2760 λαλεῖ
631 2733 735 2766 δίκαια,
753 2733 809 2761 οὐδ’
822 2733 896 2761 ἔστιν

106 2773 197 2808 κρίσις
226 2775 351 2811 ἀληθινή.
373 2786 383 2802 ι
410 2778 524 2814 Ἕτερος
547 2778 576 2806 δέ
604 2787 671 2815 φησι
686 2788 692 2796 ·
711 2788 721 2806 α
741 2779 785 2811 Ὠς
813 2779 896 2807 καλὸν

106 2816 267 2853 δλιγχθέντα
296 2821 454 2857 φανερῶσαι
476 2822 632 2858 μετάνοιανι
646 2822 724 2852 Οὕτω
735 2823 790 2860 γὰρ
809 2823 894 2860 φεύξῃ

144 2895 218 2924 "15a
245 2905 286 2924 tu
299 2919 305 2928 .
321 2897 375 2925 i-5.

950 2421 1014 2449 quae
1035 2421 1182 2448 perperam
1207 2412 1303 2448 gessit,
1321 2411 1420 2439 durius
1444 2411 1570 2446 coargui,
1587 2415 1615 2438 et
1633 2418 1694 2446 quae
1713 2411 1749 2439 ab

948 2459 1012 2488 aliis
1023 2459 1189 2494 ingeruntur
1199 2457 1359 2493 opprobria,
1372 2456 1582 2492 generosei‘crat
1597 2456 1750 2491 ;pmniten-

949 2505 988 2533 tia
1000 2505 1074 2532 enim
1092 2509 1136 2532 est
1151 2504 1185 2531 ab
1200 2502 1428 2538 imprudentibus
1444 2501 1612 2529 subsannari
1627 2510 1634 2528 ε
1651 2509 1684 2529 ac
1704 2502 1748 2529 in-

950 2550 1033 2578 terim
1048 2550 1113 2578 dum
1130 2550 1187 2577 haec
1207 2553 1266 2576 toto
1289 2547 1398 2584 perfers
1419 2552 1544 2583 pectore,
1563 2555 1620 2574 non
1642 2547 1748 2575 desinis

950 2597 1008 2624 Deo
1022 2596 1124 2624 oﬂ‘erre
1138 2595 1356 2623 confessionem.
1373 2594 1458 2621 isaias
1472 2593 1561 2620 Deum
1581 2593 1747 2627 suppliciter

949 2641 1095 2670 obtestans
1121 2649 1172 2676 pro
1200 2639 1263 2667 duri
1289 2639 1440 2667 admodum
1456 2638 1549 2666 cordis
1568 2637 1746 2667 hominibus.

948 2695 1055 2724 proque
1074 2686 1335 2724 jmpmnitentibus,
1362 2686 1450 2714 dicit:
1477 2695 1486 2712 ι
1517 2684 1657 2719 Numquid
1690 2690 1746 2710 non

948 2737 1040 2769 potest
1051 2733 1185 2761 Dominus
1194 2740 1245 2760 vos
1253 2732 1347 2760 salvos
1359 2731 1452 2759 facere
1466 2730 1478 2757 ?
1490 2729 1538 2757 sed
1552 2733 1666 2763 propter
1678 2734 1744 2762 pec-

948 2783 1010 2807 cata
1029 2782 1121 2806 vestra
1139 2778 1242 2806 avertit
1256 2777 1357 2805 faciem
1376 2783 1454 2804 suam
1475 2783 1490 2803 a
1507 2774 1597 2806 vobis,
1614 2772 1679 2808 quia
1694 2779 1745 2800 ne-

947 2831 994 2852 mo
1007 2824 1082 2861 justa
1101 2823 1239 2859 loquitur,
1253 2830 1346 2858 neque
1358 2826 1405 2851 est
1411 2820 1548 2858 judicium
1567 2825 1663 2847 verum
1678 2817 1712 2846 ".
1730 2825 1742 2846 ι
