1986 3233
108 203 118 236 1
130 204 178 236 365
581 203 743 233 ΗΟΜΚῘᾸΛ
761 204 892 235 LXXVII

948 217 964 222 -
981 205 1029 235 DE
1049 205 1271 236 PATIENTIA:
1666 208 1734 239 166‘.

104 257 213 293 οὖρανῷ
235 257 282 283 ἐπὶ
305 257 343 283 ένὶ
359 256 515 292 ἀμαρτωλῷ
537 257 712 291 μετανοοῦντι
727 256 743 291 ἦ
759 257 805 282 ἐπὶ
819 258 893 284 tvvs-

949 267 959 283 c
976 258 1063 286 Dicite
1087 259 1150 287 eis:
1168 259 1363 288 Paenitentiam
1392 262 1475 297 agite,
1504 261 1738 297 appropinquavit

105 306 222 338 νήκοντα
247 302 326 329 ἐννέα
351 302 476 333 δικαίοις,
493 302 591 333 οἵτινες
621 303 651 328 οὺ
682 302 776 337 χρείαν
798 302 891 338 ἔχουσι

948 304 1021 330 enim
1048 313 1163 340 regnum
1189 306 1322 333 caelorum
1339 306 1372 333 ³⁸.
1392 316 1400 332 ι
1419 306 1460 334 Ob
1480 307 1531 334 hoc
1547 308 1620 334 enim
1648 308 1738 335 bonus

106 348 260 383 μετανοίας.
280 357 289 373 ι
305 346 384 381 Λὺτῷ
402 348 418 381 ἡ
437 347 500 378 δόξα
517 348 555 377 el;
573 346 635 378 τοὺς
662 347 774 378 αἰῶνας.
795 348 890 382 ¹Δμήν,

948 349 992 376 hic
1024 355 1129 384 pastor,
1147 351 1251 378 relictis
1281 352 1430 386 nonaginta
1458 360 1556 378 novem
1578 353 1688 385 ovibus,
1709 354 1736 380 in

104 398 199 422 monte
216 393 361 420 erraticam
377 393 451 419 illam
467 392 514 418 ubi
526 391 642 421 invenit.
662 392 819 427 impositam
835 392 958 420 humeris
988 394 1072 421 refert
1099 395 1132 421 ad
1161 396 1268 422 caulam
1278 396 1415 431 gaudens,
1437 395 1577 423 Convocat
1605 397 1738 424 sublitnes

104 439 167 466 illas
195 438 332 470 virtutes,
361 437 457 464 dicens
488 446 494 463 :
524 445 533 462 ι
553 436 790 471 Congratulamini
823 437 890 464 mihi
907 438 972 472 quia
1000 439 1090 466 inveni
1120 440 1256 475 perditam
1285 441 1359 468 illam
1391 441 1528 468 oviculam
1553 442 1585 469 ³⁷.
1605 452 1614 467 ›
1634 442 1668 468 Ει
1695 442 1738 468 in—

104 484 205 512 ducit:
227 494 236 510 ι
253 485 320 512 Dico
350 483 522 518 vobis.quia
550 484 591 511 sie
617 484 671 511 erit
699 484 833 519 gaudium
862 485 890 511 in
926 486 997 513 caelo
1033 494 1116 521 super
1153 497 1208 515 uno
1248 493 1393 523 peccatore
1428 489 1617 524 pccnitentiam
1640 494 1737 524 agente

106 530 192 565 magis
208 537 291 565 quam
316 538 400 565 super
426 529 575 564 nonaginta
599 530 809 565 novem.justis
844 530 892 565 qui
909 538 964 558 non
988 531 1112 567 indigent
1127 534 1333 567 ptenitentia".
1349 544 1358 560 ι
1380 535 1433 570 Ipsi
1461 535 1549 570 gloria
1571 535 1598 562 in
1625 535 1738 563 saecula.

97 665 105 710 ἑ

105 577 203 605 Amen.

409 635 518 662 ΛΟΓΟΣ
538 635 601 662 OI-I'.

371 691 441 726 Περὶ
457 690 626 726 ὑπομονῆς.

98 751 103 755 ³
147 749 241 783 Ὀλεγα
261 747 321 775 τινὰ
342 748 408 782 περὶ
429 747 575 782 μετανοίας
599 747 665 782 ἡμῖν
686 747 897 782 προδιαλεχοένο

107 801 164 828 τες,
180 796 307 827 εἴπωμεν
314 793 383 820 Θεοῦ
404 793 601 829 συνεργοῦντος
613 793 662 819 καὶ
679 795 743 828 περὶ
757 793 898 827 ὑπομονῆς

106 842 156 876 τῆς
173 839 312 875 σωζούσης
332 839 378 866 τὸν
405 838 549 874 ἄνθρωπον
561 845 570 853 ο
585 839 636 865 ὃσα
649 838 666 873 ἡ
677 837 761 873 αὑτοῦ
783 839 898 874 παρέχει

109 884 310 920 φιλανθρωπία.
329 882 436 918 Χρῄζει
461 882 516 917 γὰρ
537 883 554 918 ὴ
582 882 711 918 μετάνοια
725 883 775 918 τῆς
795 883 899 917 ὑπομο-

107 931 167 965 νῆς,
186 930 233 957 καὶ
250 929 334 965 χωρὶς
356 929 443 963 αὐτῆς
463 928 641 963 τελειωθῆναι
657 929 687 954 οὐ
701 928 824 955 δύναται.
840 929 897 955 Mo-

107 965 238 1011 νδπτερος
253 975 307 1010 γὰρ
322 975 400 1005 ἀετὸς
413 975 443 1001 οὑ
463 975 574 1001 δύναται
589 976 628 1006 εἰς
641 974 709 1009 ὕψος
726 975 894 1010 ἀναπτῆναι·

1190 635 1331 664 IIOMILIA
1351 637 1492 665 LXXVIII.

1236 691 1276 718 De
1293 694 1436 727 patientia.

982 745 1017 773 Et
1034 745 1144 780 quidem
1169 745 1203 773 de
1224 747 1390 780 pmnitentia
1407 755 1469 775 cum
1488 756 1625 784 perpauca
1648 749 1736 778 disse-

947 792 1087 819 ruerimus
1109 791 1188 818 vobis
1204 792 1296 826 priore
1309 799 1446 826 sermone,
1461 800 1597 828 superest,
1616 796 1672 822 Deo
1688 803 1736 823 co-

947 843 1094 873 operante,
1111 839 1238 866 nonnihil
1267 843 1297 866 ut
1320 839 1444 867 dicamus
1459 840 1492 867 de
1510 841 1654 876 patientia,
1675 850 1736 877 qua:

947 890 1013 911 sane
1031 884 1171 911 hominem
1189 889 1264 912 recta
1294 885 1421 919 provehit
1443 885 1477 912 ad
1499 886 1597 913 salutis
1613 892 1734 921 portum.

945 929 984 956 Ea
1001 930 1095 964 utique
1107 930 1242 962 dicemus,
1257 939 1429 965 quzecunque
1445 932 1531 965 ipsius
1546 932 1655 959 Domini
1671 941 1737 969 sug-

945 979 1022 1010 geret
1039 975 1203 1010 benignitas.
1216 976 1380 1003 Poenitentia
1395 977 1468 1002 enim
1481 976 1572 1011 indiga
1587 977 1736 1006 admodum

109 1024 156 1050 καὶ
176 1021 301 1056 ὑπομονὴ
324 1020 423 1047 τελειοῖ
437 1020 488 1055 τὴν
508 1021 662 1055 μετάνοιαν,
688 1021 734 1048 καὶ
764 1029 897 1056 στεφανη-

949 1025 992 1048 est
1011 1021 1161 1056 patientiae.
1180 1022 1249 1049 citra
1280 1022 1360 1056 cujus
1381 1028 1494 1055 operam
1518 1023 1612 1056 perﬁci
1642 1024 1735 1051 neuti-

108 1068 247 1103 φοροῦσαν
269 1065 354 1101 αὐτὴν
379 1065 577 1092 ἀναδείκνυσιν.
603 1066 641 1092 06
667 1067 746 1101 μόνον
771 1066 799 1093 δέ
823 1067 896 1092 ἐστιν

108 1115 243 1150 χρήσιμος
266 1113 283 1148 ὴ
308 1111 432 1147 ὑπομονὴ
452 1112 492 1143 εις
507 1111 556 1147 τὴν
574 1112 623 1146 τῆς
640 1112 785 1146 μετανοίας
799 1114 895 1147 συνέρ-

108 1168 196 1194 γειαν,
212 1158 269 1186 ἀλλ’
283 1158 338 1184 οὐδ’
347 1157 416 1189 ὅλως
436 1158 536 1193 ἀρετὴν
551 1157 568 1193 ἢ
586 1158 696 1192 ἐντολὴν
727 1158 794 1185 Θεοῦ
817 1158 896 1184 δυνά-

111 1205 180 1242 μεθα
195 1205 279 1240 χωρὶς
307 1204 394 1238 αὐτῆς
414 1203 599 1238 κατορθῶσαι.
618 1203 655 1229 Τὸ
680 1204 829 1238 κεφάλαιον
847 1202 896 1231 οὖν

109 1251 164 1278 τῶν
177 1251 206 1277 ὲν
219 1251 285 1285 ἡμῖν
307 1248 417 1284 ἀγαθῶν
433 1249 450 1283 ἡ
464 1248 586 1283 ὑπομονὴ
606 1246 746 1284 τυγχάνει.
764 1249 819 1275 Καὶ
843 1249 896 1285 χρὴ

109 1297 200 1323 πάντα
224 1295 377 1331 πειρασμὸν
394 1294 443 1321 καὶ
472 1294 562 1328 θλίψιν
595 1293 654 1329 μεθ’
683 1294 822 1330 ὑπομονῆς
848 1295 896 1321 καὶ

110 1342 286 1378 εὐχαριστίας
313 1339 524 1376 προσδέξασθαι,
538 1340 612 1370 ὅπως
635 1340 836 1374 καταλάόωμεν
847 1341 896 1374 τὴν

109 1388 161 1422 γῆν
175 1387 224 1421 τῆς
241 1385 418 1419 ἐπαγγελίας.
434 1385 522 1410 Καλὸν
534 1384 561 1410 δὲ
576 1384 606 1410 τὸ
623 1385 660 1419 μὴ
676 1384 850 1427 μεταϐαίνειν
864 1384 897 1411 ὲκ

109 1433 192 1460 τόπου
204 1433 244 1463 εις
251 1432 342 1458 τόπον.
351 1431 485 1461 Ἕκαστος
500 1431 554 1464 γὰρ
570 1430 598 1456 ὲν
611 1426 633 1463 ᾧ
646 1428 760 1464 ἐκλήθη,
770 1431 799 1456 ἐν
809 1429 896 1464 τούτῳ

112 1479 226 1514 μενέτω.
242 1477 274 1503 Ἦ
287 1476 410 1511 ὑπομονὴ
426 1477 505 1502 πόνον
518 1474 680 1506 ἐκδιδάσκει,
695 1475 814 1505 καὶτοὺς
832 1473 897 1507 ἐξωη

111 1523 156 1550 θεν
168 1521 340 1558 πειρασμοὶις
355 1521 425 1548 κατὰ
441 1521 489 1555 τῆς
501 1520 665 1555 ἐγκρατείας
687 1519 831 1555 καρτερῶς
847 1519 896 1553 φέ-

112 1578 164 1606 ρει.
183 1570 231 1596 ’ον
245 1569 346 1603 τρόπον
357 1567 422 1602 γὰρ,
437 1567 473 1602 μὴ
488 1567 650 1602 θερμανθεὶς
668 1567 734 1602 μηδὲ
749 1566 896 1601 μαλαχθεὶς

109 1615 216 1651 ὸκηρδς
233 1615 280 1641 ἐπὶ
297 1613 378 1644 πολὺ,
394 1614 424 1640 οὺ
433 1613 545 1640 δύναται
556 1613 605 1648 τὴν
617 1612 809 1648 ἐπιτιθεμένην
822 1612 896 1647 αὒτῷ

111 1660 248 1696 σφραγῖδα
269 1659 415 1691 δέξασθαι·
430 1657 518 1690 οὕτως
541 1659 602 1684 οὐδὲ
627 1658 771 1693 ἄνθρωπος
793 1658 841 1685 ἐὰν
858 1658 895 1693 μὴ

110 1707 155 1732 διὰ
178 1706 267 1732 πόνων
291 1705 339 1732 καὶ
364 1704 513 1732 ἀσθενειῶν
538 1705 703 1740 δοκιμασθῇ,
727 1705 758 1731 οὐ
784 1704 896 1731 δύναται

110 1753 234 1788 χωρῆσαι
252 1751 298 1786 τῆς
318 1751 428 1786 κάρετῆς
451 1750 498 1776 τοῦ
521 1749 589 1776 Θεοῦ
615 1749 662 1785 τὴν
686 1750 832 1784 σφραγῖδα.
848 1749 897 1776 Διὰ

110 1797 189 1824 τοῦτο
203 1798 217 1824 ό
232 1797 334 1832 Κύριος
363 1796 439 1830 ἔλεγε
466 1795 505 1830 τῷ
533 1795 630 1831 Παύλῳ
644 1803 650 1809 '
672 1805 681 1821 ι
700 1795 793 1830 ’Δρκεῖ
819 1804 859 1821 σοι
880 1795 896 1830 ή

111 1844 190 1879 χάρις
207 1851 269 1877 μου.
292 1842 325 1868 'II
339 1842 393 1876 γὰρ
405 1841 519 1876 δύναμίς
536 1850 588 1876 μου
597 1842 630 1867 ’έν
637 1841 765 1876 ἀσθενείᾳ
776 1840 897 1867 τελειοῦ-

109 1897 165 1916 ται.
179 1898 188 1914 ι
208 1889 272 1915 ’στε
288 1889 392 1922 ἀφῆκεν
408 1889 422 1913 ὁ
435 1887 556 1918 διάϐολος
573 1887 619 1913 τὸν
636 1887 750 1922 Κύριον,
766 1887 826 1913 τότε
847 1884 897 1922 ἧλέ

111 1934 157 1960 θον
170 1934 194 1959 οῑ
209 1933 329 1966 ἄγγελοι,
345 1932 393 1958 καὶ
409 1931 549 1965 διηκόνουν
572 1931 656 1964 αὑτῷ.
672 1931 778 1965 Ὥσπερ
796 1929 844 1957 οὖν
868 1933 897 1958 έν

109 1978 150 2012 τῷ
163 1975 343 2012 πειράζεσθαι
355 1975 437 2002 αὐτὸν
450 1975 480 2003 οὐ
497 1975 623 2010 παρῆσαν
634 1975 659 2000 οἱ
674 1975 796 2009 ἄγγελοι,
811 1975 897 2007 οὓτως

111 2023 158 2050 καὶ
172 2021 251 2057 ἡμῶν
265 2019 472 2056 πειραζομένων
487 2019 576 2054 καιρῷ
595 2027 649 2045 τινι
662 2019 851 2055 ὑποχωροῦσιν
865 2021 896 2048 οὐ

112 2068 223 2104 μακρὰν
239 2067 264 2094 οἱ
284 2066 331 2093 τοῦ
347 2065 416 2092 Θεοῦ
431 2065 554 2099 ἄγγελοι,
569 2066 617 2091 καὶ
641 2066 709 2101 μετὰ
723 2066 772 2101 τὴν
787 2057 895 2100 ἀναχώῖ

110 2121 190 2150 ρησιν
215 2112 269 2138 τῶν
296 2110 491 2146 πειραζόντων,
513 2110 638 2145 ἔρχονται
667 2111 735 2146 πρὸς
749 2111 823 2146 ἡμᾶς
837 2111 896 2137 δια-

109 2158 251 2189 κονοῦντες
265 2156 324 2183 θεῖα
340 2157 475 2191 νοήματα,
491 2155 644 2190 φωτισμὸν,
659 2156 816 2189 κατάνυξιν,
831 2156 895 2190 γλυ-

109 2203 226 2238 κασμὺν,
242 2203 290 2229 καλ⁸
304 2202 443 2237 ὑπομονήν
452 2209 460 2217 ·
473 2202 520 2228 καὶ
533 2201 625 2228 λοιπὸν
645 2202 795 2228 ἁνακτᾶται
811 2202 894 2237 ψυχὴ,

108 2249 147 2280 ὡς
160 2248 327 2274 κοπιάσασα.
343 2248 392 2273 Διὰ
406 2246 487 2273 τοῦτο
498 2247 546 2273 καὶ
556 2247 571 2272 ὸ
592 2247 709 2278 Ἡσαΐας
723 2246 814 2280 λέγει·
835 2255 844 2272 ι
864 2247 896 2274 0t

111 2294 291 2328 ὑπομένοντες
303 2293 348 2319 τὸν
361 2293 437 2326 Θεὸν,
454 2291 613 2324 ἀλλὰξουσιν
631 2291 708 2326 εσχύν
719 2300 726 2308 ·
741 2292 896 2327 πτεροφυή-

111 2348 202 2366 σουσιν
216 2340 253 2370 ὡς
278 2339 369 2366 ἀετοί·
393 2338 571 2374 δραμοῦνται,
588 2338 636 2364 καὶ
664 2338 695 2364 οὐ
721 2337 894 2364 κοπιάσουσν
913 2357 934 2384 D

111 2384 276 2420 βαδιοῦνται,
295 2385 342 2410 καὶ
356 2384 386 2410 οὐ
405 2383 588 2410 πεινάσουσιν.
604 2393 613 2409 I
633 2383 733 2415 Καθὼς
749 2392 831 2418 φησιν
850 2384 902 2411 καῖ

111 2431 125 2456 ὁ
139 2430 260 2463 Μωῦσῆς
284 2430 351 2465 πρὸς
373 2429 418 2455 τὸν
439 2429 536 2455 Mdv-1
552 2429 601 2455 Διὰ
618 2429 697 2455 τοῦτο
709 2429 837 2464 έπείρασέ
857 2438 899 2462 σε,

111 2476 159 2502 καὶ
190 2475 314 2502 ὲκάκωσέ
346 2476 402 2506 σε,”
417 2474 461 2500 ἵνα
487 2474 600 2509 ψωμισῃ
619 2483 648 2501 σε
673 2475 705 2501 τὸ
738 2475 837 2509 μάννα,
856 2475 900 2502 ινα

110 2519 220 2554 γνωσθῇ
235 2520 269 2546 τὰ
283 2521 311 2546 ὲν
324 2521 359 2554 τῇ
368 2519 468 2554 καρδίᾳ
484 2519 602 2550 σου.)ος
617 2520 644 2546 εῐ
656 2528 697 2551 τις
713 2519 836 2546 παιδεύει
851 2519 898 2546 ἂν·

111 2565 219 2599 θρωπος
230 2565 275 2591 τὸν
289 2565 346 2591 υἱδν
357 2565 450 2597 αὑτοῦ,
466 2564 552 2596 οὕτως
571 2565 673 2599 Κύριος
685 2565 827 2591 ἐπαιδευσέ
839 2573 895 2591 σε.»

112 2611 166 2636 Καὶ
185 2609 273 2642 αὖθις,
304 2620 313 2636 ι
327 2611 381 2637 Καὶ
406 2610 530 2637 ὲκάκωσέ
557 2619 586 2636 σε
616 2610 728 2645 Κύριος,
745 2611 789 2636 ἴνα
812 2608 841 2636 εὖ
856 2619 898 2637 σοι

112 2655 213 2690 ποιήσῃ
232 2656 275 2682 ἐπ’
299 2656 433 2690 ἐσχάτων.
448 2665 458 2681 ι
483 2657 565 2690 Λέγει
588 2656 617 2682 δὲ
643 2655 690 2682 καὶ
716 2656 730 2681 ὁ
755 2656 900 2690 προφήτης

112 2699 210 2734 Ναούμ
222 2709 228 2715 ·
248 2701 392 2735 ιΧρηστδς
417 2702 517 2736 Κύριος
543 2703 599 2732 τοῖς
614 2701 796 2735 ὑπομένουσιν
819 2701 900 2727 αὐτὸν

113 2745 140 2770 ὲν
156 2743 247 2779 ἡμέρᾳ
265 2742 391 2779 θλίψεως.
407 2755 415 2770 ι
432 2746 527 2778 Ἄλλος
544 2747 572 2772 δέ
586 2755 593 2761 υ
613 2755 621 2771 ι
635 2746 681 2781 Μὴ
696 2747 786 2782 εἴπῃς,
801 2745 900 2776 Κακῶς

113 2788 250 2823 χρήσομαι
267 2789 313 2815 τὸν
337 2789 435 2824 ἐχθρόν
455 2798 517 2824 μου.
542 2790 599 2816 ἀλλ’
624 2791 770 2825 ὑπόμεινον
785 2790 830 2816 τὸν
844 2789 898 2815 Κύ-

149 2877 172 2893 ²¹
189 2877 284 2905 Matth.
302 2886 339 2905 tn.
354 2878 380 2905 Ξ.
419 2879 441 2894 ³*
458 2879 524 2906 Luc.
540 2888 585 2912 xv,
603 2881 629 2907 6.
668 2880 689 2895 ³¹¹
707 2879 776 2907 ibid.
793 2880 820 2906 7.

949 1073 1030 1100 quam
1057 1066 1154 1101 possit.
1170 1067 1265 1100 Neque
1288 1066 1362 1093 enim
1381 1066 1474 1100 aquila
1488 1067 1590 1094 unialis
1604 1067 1626 1094 si
1645 1073 1687 1094 est
1708 1072 1736 1094 et

948 1111 1112 1138 alterutrius
1125 1112 1258 1139 destituta
1277 1111 1417 1146 przesidio,
1431 1116 1515 1146 queat
1529 1120 1649 1146 unquam
1670 1113 1736 1140 sub-

948 1158 1042 1185 volare
1061 1162 1090 1185 et
1105 1158 1133 1185 in
1147 1157 1274 1185 'sublime
1298 1157 1415 1184 sustolli.
1433 1157 1570 1184 Patientia
1596 1159 1734 1192 pmnilen-

949 1202 1015 1230 tiam
1031 1203 1151 1238 perlicit,
1169 1208 1197 1230 et
1215 1211 1275 1230 eam
1288 1203 1364 1229 velut
1389 1202 1480 1229 indice
1500 1208 1621 1230 ostentat
1639 1204 1735 1238 praesi—

948 1248 993 1284 gni
1011 1256 1114 1276 corona
1136 1248 1304 1275 redimitam.
1316 1247 1372 1275 Nec
1388 1255 1421 1274 eo
1437 1248 1526 1274 solum
1553 1249 1735 1276 conducibilis

948 1294 1031 1320 nobis
1048 1293 1186 1321 censenda
1209 1298 1251 1321 est
1275 1294 1418 1328 patientia,
1430 1294 1504 1328 quod
1526 1293 1674 1321 cﬁicacitcr
1688 1302 1735 1321 co-

948 1345 1082 1374 operetur
1103 1339 1280 1374 perﬁciundm
1306 1340 1486 1374 pmnitentize,
1503 1340 1550 1366 sed
1568 1339 1640 1374 quod
1661 1340 1736 1366 nulla

948 1392 1077 1420 prorsum
1093 1385 1194 1416 virtus.
1213 1385 1354 1411 nullumve
1371 1385 1420 1412 Dei
1439 1385 1596 1412 mandatum
1618 1386 1670 1412 nisi
1687 1386 1737 1413 hac

949 1430 1060 1461 comite.
1081 1430 1203 1465 legitime
1229 1430 1324 1464 perﬁci
1346 1436 1440 1464 queat.
1458 1430 1595 1457 Bonorum
1609 1431 1737 1465 igitur(si

948 1484 1003 1511 qua
1030 1476 1057 1502 in
1080 1477 1163 1503 nobis
1188 1475 1264 1510 sunt)
1290 1476 1375 1503 cardo
1392 1481 1420 1503 et
1436 1482 1516 1511 caput
1534 1477 1666 1511 patientia
1684 1482 1735 1504 est.

947 1522 1061 1549 Omnem
1079 1522 1195 1556 proinde
1223 1522 1415 1554 tentationcm,
1434 1522 1611 1549 alllictionem
1626 1530 1736 1550 omnem

948 1571 1061 1594 necesse
1085 1567 1120 1594 sit
1143 1571 1173 1594 ut
1195 1567 1379 1601 suscipiamus
1393 1575 1455 1594 cum
1477 1567 1607 1601 patientia
1624 1572 1653 1594 et
1669 1576 1734 1602 gra-

948 1612 1047 1639 tiarum
1063 1612 1183 1643 actione,
1201 1620 1256 1646 quo
1277 1612 1318 1638 vel
1335 1612 1443 1639 tandem
1461 1613 1569 1647 assequi
1589 1614 1669 1640 detur
1683 1618 1738 1640 ter-

948 1665 1006 1684 ram
1026 1657 1099 1684 illam
1122 1658 1324 1692 promissionis.
1355 1657 1462 1693 1148
1490 1658 1635 1693 Egregium
1658 1659 1738 1693 plane

949 1703 995 1736 sit,
1011 1711 1066 1730 non
1084 1703 1163 1730 facile
1183 1704 1266 1738 (plani
1283 1704 1310 1730 in
1327 1711 1431 1730 morem
1455 1711 1486 1730 ac
1513 1704 1584 1738 vagi)
1605 1712 1619 1731 e
1634 1704 1695 1731 loco
1710 1705 1738 1732 in

949 1749 1040 1776 locum
1053 1749 1156 1777 diduci.
1176 1749 1371 1784 Unusquisque
1391 1750 1464 1776 enim
1493 1750 1520 1777 in
1535 1750 1608 1784 quod
1623 1756 1739 1779 vocatus

948 1798 1002 1828 est,
1019 1795 1047 1822 in
1070 1803 1103 1823 eo
1123 1800 1151 1823 et
1167 1800 1287 1823 maneat.
1304 1796 1438 1824 Patientia
1463 1790 1551 1823 solum
1566 1796 1618 1823 hoc
1633 1801 1658 1823 te
1673 1796 1739 1824 cdo-

949 1843 1003 1872 cet,
1018 1847 1066 1875 per
1084 1840 1278 1868 abstinentiam
1299 1840 1416 1867 infracto
1433 1845 1463 1867 ut
1478 1840 1549 1867 l'eras
1569 1840 1660 1866 animo
1675 1846 1738 1867 ten-

949 1886 1067 1912 tationes
1088 1893 1149 1919 qua:
1172 1885 1300 1912 alicunde
1326 1886 1498 1912 extrinsecus
1514 1889 1539 1911 te
1563 1884 1736 1913 adoriuntur.

949 1929 1187 1961 Quemadmodum
1200 1929 1274 1955 enim
1289 1937 1351 1956 cera
1368 1934 1397 1956 ut
1413 1930 1575 1963 plurimum,
1590 1930 1640 1956 nisi
1658 1939 1736 1958 reca-

949 1974 1035 2001 l’escat
1052 1978 1098 2012 aut
1113 1974 1322 2008 prmmolliatur,
1337 1982 1392 2001 non
1419 1975 1498 2002 facile
1528 1975 1555 2001 in
1579 1983 1607 2002 se
1636 1977 1737 2010 recipit

949 2019 1031 2055 sigilli
1050 2019 1278 2054 impressionem;
1299 2020 1336 2047 ita
1359 2023 1387 2047 et
1410 2020 1503 2052 homo,
1530 2020 1583 2047 nisi
1610 2021 1736 2048 laborum

948 2073 981 2093 ac
996 2065 1160 2092 multivarize
1179 2065 1348 2093 inﬁrmitatis
1361 2065 1495 2101 probetur
1510 2066 1654 2099 exercitio,
1671 2075 1738 2094 neu-

949 2111 1053 2145 tiquam
1069 2111 1143 2138 sinet
1159 2110 1286 2146 insigniri
1308 2119 1338 2138 se
1359 2111 1500 2146 signaculo
1516 2111 1616 2138 divina:
1629 2113 1733 2146 gratia.

948 2157 989 2184 0b
1013 2157 1065 2183 hoc
1090 2157 1174 2183 Paulo
1201 2157 1345 2191 respondit
1368 2157 1520 2184 Dominus:
1541 2157 1668 2184 «Sulticit
1686 2158 1734 2184 tibi

947 2202 1034 2238 gratia
1054 2209 1125 2235 mea,
1141 2202 1229 2228 virtus
1254 2202 1327 2228 enim
1345 2208 1405 2229 mea
1422 2202 1449 2229 in
1475 2203 1634 2229 inﬁrmitate
1651 2203 1734 2238 perﬁ-

947 2249 1021 2276 citur
1033 2249 1066 2275 ".
1078 2257 1087 2273 ι
1106 2248 1222 2280 Quando
1237 2248 1383 2275 Dominum
1399 2249 1503 2276 dimisit
1518 2249 1654 2280 diabolus,
1670 2253 1735 2277 tunc

947 2298 1083 2321 venerunt
1103 2294 1203 2328 angeli,
1217 2297 1244 2320 et
1259 2293 1454 2321 ministrabant
1466 2295 1491 2321 ei
1501 2294 1532 2320 ‘°.
1550 2294 1734 2326 Quemadmo-

949 2339 1014 2366 dum
1030 2339 1114 2373 igitur
1125 2338 1191 2365 dum
1206 2343 1370 2369 tentaretur,
1390 2347 1445 2366 non
1469 2339 1599 2374 leguntur
1623 2339 1734 2366 alfuisse

948 2384 1050 2418 angeli.
1066 2384 1103 2411 ita
1116 2383 1196 2411 nobis
1215 2391 1325 2419 quoque
1349 2384 1377 2411 in
1389 2384 1540 2412 tentatioue
1557 2384 1664 2418 positis,
1678 2390 1737 2411 tan-

948 2429 1008 2456 tillo
1032 2429 1144 2456 interim
1165 2436 1194 2456 se
1219 2429 1383 2456 submovent
1408 2434 1541 2464 tempore.
1561 2427 1614 2457 nec
1639 2430 1736 2464 procul

947 2478 1040 2501 tamen
1056 2473 1196 2501 absistunt
1209 2475 1297 2510 angeli
1312 2475 1370 2502 Dei.
1387 2474 1524 2502 Caeterum
1541 2482 1604 2501 mox
1616 2483 1630 2501 a
1646 2479 1734 2502 tenta-

947 2519 1017 2545 toris
1031 2526 1153 2551 secessu,
1175 2519 1279 2546 instant
1302 2520 1384 2547 nobis
1412 2523 1590 2554 suggerentes
1612 2527 1674 2554 qua:
1702 2519 1736 2546 ad

951 2563 1052 2591 divina:
1073 2565 1207 2592 bonitatis
1232 2565 1426 2600 cogitationem
1443 2565 1559 2598 faciant;
1579 2570 1653 2599 puta.
1671 2565 1736 2591 illii—

951 2610 1114 2637 strationem
1139 2611 1249 2642 mentis,
1277 2610 1536 2645 compunctiouem,
1563 2610 1737 2637 dulcedinem

948 2654 1063 2689 spiritus
1087 2659 1115 2681 et
1135 2655 1315 2690 patientiam;
1330 2660 1413 2690 atque
1435 2656 1471 2682 ita
1491 2656 1632 2690 deinceps,
1647 2655 1738 2682 anima

950 2699 1013 2726 talis
1031 2700 1148 2728 amissas
1168 2701 1286 2727 resumit
1304 2701 1391 2733 vires,
1408 2708 1440 2728 ac
1453 2700 1596 2728 refove-tur
1613 2707 1663 2734 pro
1677 2707 1739 2725 lno-

948 2744 1015 2772 dulo
1031 2745 1153 2772 toleratae
1166 2746 1333 2774 al'ﬂictionis.
1342 2746 1458 2780 Propter
1469 2746 1521 2772 hoc
1537 2745 1620 2772 Isaias
1634 2752 1642 2771 :
1660 2753 1668 2768 ι
1683 2743 1738 2770 Su-

949 2789 1085 2816 stineutes
1103 2790 1188 2816 Deum
1204 2791 1352 2818 mutabunt
1375 2789 1576 2820 fortitudinem.
1596 2791 1738 2815 assumenl

879 2880 900 2896 ³⁹
913 2879 999 2906 llCor.
1019 2887 1066 2911 sn,
1087 2880 1113 2905 9.
1154 2879 1173 2895 ‘°
1189 2880 1284 2906 Matth.
1296 2887 1334 2910 tv,
1349 2879 1391 2906 ll.
