1986 3235
134 207 204 238 166')

666 206 828 236 HOMILIA
847 205 980 237 LXXIX.
994 218 1030 224 -
1045 205 1094 236 DE
1114 204 1251 236 AGONE.

1694 202 1764 236 1670

132 260 290 292 ἀκολούθως
315 259 468 296 ἑζεύξαμεν
489 261 522 295 τῇ
551 259 673 295 ὑπομονῇ
701 259 747 287 τὸν
763 260 867 294 ἀγῶνα,
885 261 924 287 ὃτι

978 261 1060 289 cinno
1074 260 1159 296 igitur
1173 259 1271 287 ordine
1292 266 1323 286 ac
1343 258 1443 286 rationi
1453 260 1641 285 consentanea
1653 257 1762 292 patien-

133 307 204 334 κατά
230 307 331 338 παντὸς
359 306 463 338 πάθους
486 305 642 333 διαϐολικοῦ
668 306 717 341 τὴν
731 306 811 341 νίκην
825 306 927 340 ἀποφέ-

133 360 237 388 ρονται,
255 351 484 387 συνεπισχύοντος
510 351 557 378 καὶ
582 350 767 385 ἐπαμύνοντος
789 351 835 377 τοῦ
852 352 926 385 ἀγω-

132 397 242 424 νοθέτοσ
267 397 371 432 Κυρίου
389 396 468 432 ἡμῶν
486 396 575 431 Ἰησοῦ
596 395 726 431 Χριστοῦ.
748 396 777 422 '0
792 396 926 430 ἀγωνιζό-

133 450 212 477 μενος
227 441 316 467 πάντα
339 440 548 476 ἐγκρατεύεται,
565 441 612 467 καὶ
629 441 659 466 ού
673 440 802 473 παύεται,
820 441 872 473 ἕως
893 441 926 468 ἂν

132 486 261 523 ἐξαλείψῃ
279 486 379 521 Κύριος
396 487 500 519 πάντας
530 486 594 517 τοὺς
620 486 736 521 ἐχθροὺς
761 487 816 513 ἀπὸ
838 495 924 523 προσ.

133 533 209 559 ώπου
237 531 333 559 αὐτοῦ.
356 532 390 558 Ἡ
412 530 460 558 οὖν
491 532 641 567 ἐγκράτεια
655 531 736 566 διπλῆ
750 532 838 558 ἐστιν.
861 533 926 560 Ἐπὶ

132 578 212 605 τινῶν
228 578 282 613 γὰρ
299 577 340 605 δεῖ
351 577 578 613 ἐγκρατεύεσθαι,
592 577 638 603 ἐπὶ
649 577 730 604 τινῶν
741 578 770 604 δὲ
782 578 812 604 οὐ
823 578 872 604 δεῖ.
889 579 926 605 Τὸ

133 624 251 658 πονηρὸν
265 623 319 658 γὰρ
333 623 374 650 δεῖ
389 623 616 657 ὲγκρατεύεσθαι,
629 623 678 649 καὶ
693 623 731 658 μὴ
744 625 832 650 ποιεῖν
847 623 923 650 αὑτό.

133 668 170 696 Τὸ
180 669 208 696 δὲ
223 669 323 702 ἀγαθὸν
337 668 373 704 μὴ
387 668 613 703 ὲγκρατεύεσθαι,
624 669 690 696 ἀλλὰ
702 670 799 696 ποιεῖν.
808 669 925 703 Ἐγκρά-

133 722 229 741 τευσαι
240 712 285 741 οὖν
296 714 349 740 ἀπὸ
366 715 455 750 πάσης
469 714 612 750 πονηρίας,
621 714 804 749 ἐργαζόμενος
813 715 842 741 τὸ
855 715 925 749 ἀγα-

134 760 197 787 οόν·
214 760 399 796 ὲγκράτευσαι
412 760 466 786 ἀπὸ
478 760 610 795 μοιχείας,
627 760 765 793 πορνείας,
783 759 923 795 μεθύσμα-

133 813 189 839 τος,
202 806 327 840 ἀνομίας,
343 806 398 832 ἀπὸ
425 805 544 840 τρυφῆς,
567 804 622 831 ἀπὸ
651 806 795 840 πονηρίας,
818 806 873 833 ἀπὸ
895 814 925 832 τε

132 851 289 886 ἐδεσμάτων
301 850 417 882 πολλῶν,
428 851 475 877 καὶ
484 850 791 882 πολυτιλείας,πλούτου
801 852 848 877 καὶ
856 860 924 878 καυ-

132 897 248 932 χήσεως,
278 896 504 932 ὑψηλοφροσύνης
515 897 565 924 κα)⁸
579 897 780 932 ὑπερηφανίας,
796 897 842 924 καὶ
870 897 924 924 ἀπὸ

132 928 354 978 ᾇεύσματοςίκαὶ
366 928 488 969 καταλαλ
496 943 538 974 id;
553 943 600 970 καὶ
608 928 790 979 nauigium;
798 943 846 970 καὶ
854 951 924 979 μνη·
941 928 963 959 Β

133 987 272 1019 σικακίας,
288 987 337 1013 καὶ
362 988 453 1022 πάσης
477 986 663 1023 βλασφημίας,
677 988 842 1024 κλέμματος.
857 989 924 1016 ἀπο-

133 1032 300 1067 στερήσεως,
317 1032 566 1068 ψευδομαρτυρίας,
582 1033 752 1067 πλεονεξίας,
774 1033 924 1068 ἐπιθυμίας

132 1078 266 1112 πονηρᾶς,
283 1078 402 1112 ἀπάτης,
412 1078 576 1111 κενοδοξίας,
600 1078 772 1111 ἀλαζονείας,
801 1080 849 1106 καὶ
873 1080 925 1106 ὅσα

132 1122 238 1154 τούτοις
252 1123 334 1158 ὃμοιά
345 1123 430 1150 ἔστιν.
445 1122 554 1150 Τούτων
563 1122 596 1159 δὴ
611 1123 664 1151 τῶν
673 1123 760 1159 ἔργων
769 1123 810 1150 δεῖ
823 1125 924 1159 ἐγκρα-

131 1168 260 1195 τεύεσοαι
271 1169 316 1195 τὸν
330 1168 485 1204 ἀγωνιστὴν
510 1169 556 1196 καὶ
579 1168 672 1195 δοῦλον
687 1168 734 1195 τοῦ
754 1168 832 1196 Θεοῦ.
849 1168 924 1195 Εἰσὶν

132 1213 161 1240 δὲ
177 1213 223 1240 καὶ
239 1214 308 1248 ἔργα
323 1214 415 1248 ἀγαθά
429 1213 448 1240 ἃ
459 1213 500 1240 δεῖ
519 1213 688 1250 ἐργάζεσθαι
702 1215 749 1241 καὶ
766 1214 804 1251 μὴ
821 1216 925 1251 ἑγκρα·

132 1258 274 1285 τεύεσθαν
292 1260 346 1294 πρὸ
374 1258 402 1285 δὲ
427 1259 550 1291 πάντων,
582 1259 686 1291 πίστις,
703 1259 784 1294 φόϐος
809 1260 923 1295 Κυρίου,

133 1305 241 1339 ἀγάπη,
256 1305 379 1339 ὁμόνοια,
397 1304 507 1339 ῥήματα
519 1303 705 1339 δικαιοσύνης,
718 1304 842 1340 ἀλήθεια,
857 1305 925 1332 ὑπο-

135 1349 215 1385 μονὴ,
241 1350 342 1385 χήραις
369 1350 528 1384 ὑπηρετεῖν,
556 1350 692 1385 ὀρφανοὺς
711 1350 925 1386 ὐστερονμένους

133 1396 360 1429 ἐπισκέπτεσθαι,
377 1395 406 1428 ἐξ
422 1396 551 1430 ἀναγκῶν
564 1396 727 1432 λυτροῦσθαι
742 1397 804 1429 τοὺς
815 1396 924 1429 δούλους

132 1441 180 1467 τοῦ
196 1440 276 1473 Θεοῦ,
291 1440 430 1475 φιλόξενον
447 1438 530 1473 εἶναι,
549 1441 652 1476 ἥσυχον
664 1460 671 1473 ,
695 1441 866 1476 ἐνδεέστερον
882 1449 925 1476 γε·

133 1487 226 1513 νέσθαι
249 1487 358 1514 πάντων
386 1486 538 1522 ἀνθρώπων
554 1506 562 1517 ,
586 1485 742 1521 πρεσϐύτας
771 1485 899 1513 σέϐεσθαι
915 1505 923 1518 ,

133 1532 229 1559 ἀσκεῖν
249 1528 437 1568 δικαιοσύνην,
456 1530 627 1567 ἀδελφότητα
647 1531 800 1567 συντηρεῖν,
817 1531 924 1566 μακρό-

134 1577 220 1613 θυμον
243 1577 325 1611 εἶναι,
339 1577 527 1624 μνησικακίαν
546 1577 585 1624 μὴ
609 1577 693 1624 ἔχειν,
719 1577 874 1624 κάμνοντας
889 1577 924 1612 τῇ
939 1593 962 1624 c

133 1624 206 1659 ψυχῇ
223 1623 406 1659 παρακαλεῖν,
431 1623 700 1657 ἑσκανδαλισμένους
726 1622 781 1650 ἀπὸ
804 1623 924 1654 πίστεως

135 1668 173 1703 μὴ
200 1668 411 1700 ἀποὸάλλεσθαι,
434 1667 492 1694 ἀλλ’
519 1668 694 1702 ἐπιστρέφειν
718 1668 766 1693 καὶ
790 1666 926 1702 εὐθύμους

135 1714 234 1745 ποιεῖν,
259 1713 468 1748 ἁμαρτάνοντας
494 1711 642 1743 νουθετεῖν,
658 1711 798 1747 χρεώστας
814 1711 852 1746 μὴ
870 1710 926 1737 ολι-

135 1758 193 1785 6ειν
207 1758 306 1790 ἐνδεεῖς
317 1767 324 1774 ο
337 1759 384 1785 καὶ
399 1759 425 1785 ετ
446 1766 508 1785 τινα
522 1757 629 1789 τούτοις
641 1757 724 1792 ὁμοιά
734 1758 817 1784 ἐστιν.
834 1756 927 1784 Ταῦτα

133 1804 190 1840 γὰρ
201 1805 248 1832 ἐὰν
263 1813 304 1837 τις
328 1804 435 1840 φυλάξῃ
449 1805 497 1831 καὶ
526 1803 572 1839 μὴ,
583 1803 801 1840 ἐγκρατεύσηται
811 1803 859 1830 ἀπ’
877 1803 926 1830 αὐ-

133 1850 199 1882 τῶν,
223 1850 337 1885 ζήσεται
362 1850 400 1885 τῷ
421 1850 492 1885 Θεῷ.
518 1849 580 1884 Χρὴ
601 1849 630 1875 δὲ
644 1848 689 1876 τὸν
712 1849 865 1884 ἀγωνιστὴν
879 1849 925 1876 καὶ

134 1896 262 1930 ὲκτήκειν
288 1895 333 1921 τὸν
359 1895 506 1922 ἀντίπαλον
531 1895 560 1921 ὲν
589 1895 622 1929 τῇ
642 1895 740 1921 ἑαυτοῦ
767 1895 861 1930 σαρκὶ,
879 1894 924 1920 ἵνα

136 1941 174 1976 μὴ
188 1941 232 1967 διὰ
255 1940 305 1975 τῆς
318 1941 468 1975 ὑγρότητος
480 1940 621 1976 ὀλισθαίνῃ
637 1941 651 1966 ὁ
667 1939 728 1971 νοῦς
751 1940 792 1970 είς
807 1940 838 1966 τὸ
851 1938 924 1966 λεῖον

134 1985 190 2012 τῶν
206 1985 318 2019 ἡδονῶν,
332 1986 406 2017 ὅπως
421 1985 436 2012 ὁ
450 1986 513 2018 νοῦς
522 1987 577 2013 τῶν
590 1987 798 2022 ἀγωνιζομένων
812 1987 863 2013 ὗπδ
876 1986 923 2014 τοῦ

135 2030 209 2056 θείου
227 2030 316 2064 φωτὸς
338 2031 495 2066 ἐνεργῆται,
513 2032 559 2057 καὶ
582 2031 622 2067 τῷ
638 2031 702 2066 Θείῳ
717 2032 792 2067 νόμῳ
807 2031 921 2068 δουλεύῃ

134 2076 182 2102 καὶ
194 2075 356 2110 συνηδηται,
372 2075 442 2102 κατὰ
455 2076 500 2102 τὸν
521 2071 694 2104 Ἀπόστολον.

978 306 1021 334 tiae
1033 305 1236 334 connexuimus
1257 312 1382 340 agonem.
1401 304 1523 338 Utraque
1543 303 1618 330 enim
1645 303 1763 331 Domino

977 357 1073 379 nostro
1087 351 1153 379 Jesu
1177 351 1290 378 Christo
1315 350 1374 385 (qui
1390 349 1544 384 spiritualis
1560 349 1693 384 palzestrte
1717 353 1762 375 to-

976 396 1031 424 tius
1053 397 1233 432 agonothetes
1261 397 1314 429 cst)
1338 395 1413 423 vires
1440 399 1605 430 suggerente
1619 402 1651 422 ac
1667 398 1763 429 prote-

976 446 1068 478 gente,
1081 442 1230 477 palmarcm
1251 441 1396 468 victoriam
1412 444 1535 475 reportat
1553 440 1686 467 adversus
1700 447 1763 466 om-

976 495 1039 514 nem
1053 487 1195 519 diabolica:
1207 486 1424 522 perturbationis
1439 487 1586 513 violentam
1603 486 1763 520 impressio-

976 539 1049 559 nem.
1065 531 1117 565 Qui
1133 532 1160 559 in
1175 540 1261 567 agone
1276 532 1429 563 contendit.
1447 532 1482 558 ab
1506 531 1637 558 omnibus
1651 539 1680 558 se
1697 532 1764 559 abs-

977 576 1056 608 tinet,
1070 585 1121 604 nec
1139 577 1329 611 interquiescit
1350 577 1439 604 donec
1459 576 1585 604 inimicos
1601 576 1764 603 remoliatur

975 626 1004 649 et
1022 622 1132 649 abolcat
1155 630 1170 649 a
1192 622 1261 651 facie
1286 630 1345 650 sua.
1372 622 1443 649 Sane
1463 623 1643 657 temperantia
1661 621 1764 656 duplex

975 671 1028 694 est.
1052 666 1182 700 Quaedam
1198 667 1273 693 enim
1289 671 1354 694 sunt
1369 675 1385 694 a
1404 668 1506 702 quibus
1526 675 1640 695 necesse
1661 667 1697 694 sit
1713 666 1762 694 tibi

976 717 1007 740 ut
1020 717 1165 747 temperes,
1176 712 1228 741 alia
1246 712 1312 739 item
1327 716 1391 739 sunt
1405 720 1466 747 qua:
1485 721 1554 747 opus
1574 713 1610 740 sit
1636 717 1665 739 ut
1686 721 1764 740 exsc-

975 759 1079 794 quaris.
1096 758 1137 785 Ab
1153 758 1338 793 improbitate,
1353 766 1444 793 operae
1459 759 1495 785 sit
1511 759 1629 793 pretium
1645 764 1676 786 ut
1696 759 1761 786 abs-

975 804 1074 836 tineas,
1098 812 1150 831 nec
1176 804 1288 839 expleas
1311 812 1395 838 opere
1419 812 1427 831 :
1453 809 1559 836 contra,
1585 804 1620 831 ab
1637 812 1671 831 eo
1687 804 1762 838 quod

975 849 1077 877 bonum
1105 854 1146 877 est
1171 854 1200 877 et
1227 850 1373 877 honestum
1398 858 1497 878 manus
1525 858 1560 878 ne
1593 850 1761 881 contr-abito,

976 894 1063 929 magis
1080 899 1171 923 autem
1193 902 1241 922 eas
1268 894 1310 921 fac
1332 895 1525 922 accommodes
1547 895 1593 930 pio
1614 895 1703 930 operi.
1720 895 1761 922 Ab

976 940 1052 968 omni
1069 941 1153 976 igitur
1168 940 1271 968 malitia
1298 947 1397 967 manus
1421 941 1550 968 amolitor
1571 941 1688 968 honesto
1701 942 1763 968 cui-

974 986 1048 1022 piam
1063 986 1290 1021 opcri'attentus.
1308 986 1362 1013 Fac
1382 986 1526 1013 contineas
1551 986 1586 1013 ab
1613 987 1761 1019 adulterio,

975 1039 991 1059 a
1012 1031 1205 1063 fornicatione,
1231 1031 1265 1058 ab
1282 1031 1427 1063 ebrietate,
1441 1031 1477 1059 ab
1492 1032 1637 1066 iniquitate
1648 1037 1677 1059 et
1695 1032 1762 1067 legis

976 1078 1206 1113 transgressione,
1221 1085 1235 1104 a
1253 1077 1354 1113 geniali
1378 1078 1443 1104 luxu
1457 1078 1629 1110 deliciarum,
1644 1079 1679 1105 ab
1692 1078 1763 1106 edu-

975 1122 1077 1149 liorunt
1107 1122 1289 1150 immoderata
1308 1123 1398 1157 copia.
1423 1123 1458 1150 ab
1482 1123 1628 1151 immodico
1656 1129 1763 1158 quaestu

975 1167 1147 1200 divitiarum,
1163 1167 1197 1194 ab
1219 1167 1363 1203 impotenti
1384 1169 1527 1204 jactantia,
1544 1177 1579 1197 ne
1594 1169 1660 1204 quid
1685 1170 1719 1197 de
1736 1174 1763 1197 te

975 1212 1097 1240 senseris
1132 1213 1291 1244 sublimius.
1319 1221 1353 1241 ne
1376 1221 1425 1248 per
1447 1215 1606 1249 superbiam
1634 1215 1762 1243 evehere.

973 1257 1090 1286 Abstine
1112 1267 1127 1286 a
1147 1258 1304 1291 mendacio,
1329 1259 1512 1292 detractione.
1537 1260 1685 1294 hypocrisi.
1708 1260 1762 1288 Ac-

975 1308 1061 1338 cepta:
1084 1304 1193 1339 injuriae
1225 1312 1332 1331 memor
1355 1312 1389 1331 ne
1413 1309 1484 1332 esto.
1512 1305 1628 1333 Provide
1656 1306 1706 1332 tibi
1734 1311 1777 1333 ut.

976 1351 1112 1384 temperes
1137 1349 1172 1376 ab
1193 1350 1269 1377 omni
1293 1349 1476 1384 blasphemia,
1495 1357 1510 1376 a
1527 1350 1612 1382 furto,
1627 1359 1642 1378 a
1654 1355 1763 1378 vetera-

976 1395 1046 1422 toria
1072 1395 1180 1428 fraude,
1201 1397 1271 1423 falso
1296 1388 1465 1428 teStimonio,
1484 1396 1612 1427 avaritia,
1631 1398 1765 1432 concupi-

975 1440 1080 1468 scentia
1101 1442 1183 1473 mala,
1213 1442 1367 1476 impostura
1396 1446 1423 1468 et
1457 1442 1705 1474 circumventione,
1731 1442 1764 1470 ab

975 1486 1066 1514 inanis
1083 1486 1178 1522 gloria;
1204 1487 1339 1521 appetitu,
1355 1491 1383 1514 et
1409 1487 1579 1521 arrogantia,
1595 1487 1713 1522 denique
1730 1489 1765 1515 ab

975 1531 1010 1558 iis
1034 1539 1206 1567 quaacunque
1231 1532 1329 1559 horum
1352 1536 1417 1559 sunt
1438 1539 1571 1567 perquam
1595 1533 1706 1561 similia.
1723 1534 1764 1561 Ab

976 1577 1037 1605 istis
1053 1577 1136 1613 igitur
1154 1577 1289 1612 operibus
1314 1578 1441 1612 quisquis
1455 1585 1496 1610 es,
1515 1586 1531 1606 ο
1544 1586 1623 1606 serve
1637 1579 1697 1612 Dei,
1715 1580 1764 1615 qui

975 1621 1127 1656 spiritualis
1142 1621 1206 1648 vita:
1225 1621 1386 1656 aggrederis
1402 1628 1553 1652 certamen.
1568 1622 1656 1650 modis
1671 1624 1764 1651 omni-

974 1666 1026 1694 bus
1044 1665 1254 1701 temperandum
1281 1673 1392 1693 censeo.
1411 1667 1520 1702 1150
1537 1667 1607 1695 Sunt
1622 1673 1718 1695 contra
1737 1672 1765 1695 et

975 1713 1047 1741 bona
1062 1720 1148 1748 opera
1162 1720 1223 1747 qua:
1240 1717 1270 1740 ut
1285 1713 1419 1747 opereris,
1440 1721 1553 1742 necesse
1565 1715 1612 1747 sit,
1627 1722 1682 1742 non
1697 1717 1764 1744 item

975 1763 1007 1786 ut
1029 1759 1064 1786 ab
1090 1759 1131 1786 eis
1155 1759 1309 1785 contineas.
1335 1757 1463 1785 Omnium
1492 1760 1613 1794 primum
1629 1760 1763 1794 fides'est,

978 1804 1080 1832 deinde
1097 1805 1179 1831 timor
1194 1804 1314 1835 Domini,
1340 1804 1471 1836 cliaritas,
1488 1805 1636 1833 concordia
1656 1807 1763 1834 animo-

978 1859 1050 1882 rum,
1065 1851 1151 1878 verba
1166 1851 1293 1886 justitize,
1312 1850 1425 1880 veritas.
1449 1851 1591 1885 patientia.
1607 1852 1765 1880 subservire

976 1897 1079 1928 viduis,
1096 1896 1217 1930 pupillos
1233 1895 1331 1922 solatio
1346 1895 1493 1922 destitutos
1517 1900 1662 1930 parentum
1680 1897 1766 1925 inter-

976 1941 1078 1972 visere,
1102 1947 1197 1967 servos
1223 1940 1270 1966 Dei
1297 1940 1394 1974 quavis
1425 1940 1589 1967 necessitate
1619 1948 1767 1975 oppressos

976 1985 1112 2012 extricare
1133 1991 1166 2011 ac
1190 1984 1338 2016 redimere,
1351 1984 1472 2019 hospitio
1488 1986 1617 2020 excipere
1642 1988 1769 2022 peregri-

976 2039 1038 2063 nos,
1063 2038 1124 2058 esse
1151 2031 1307 2065 requietum
1334 2035 1362 2058 et
1391 2030 1570 2063 taciturnum,
1584 2036 1723 2066 postremo
1737 2038 1768 2061 ut

977 2076 1011 2104 de
1037 2075 1168 2103 omnibus
1192 2075 1220 2102 in
1240 2083 1387 2102 eomtnune
1411 2074 1481 2102 bene
1514 2076 1655 2108 mercaris.
1687 2084 1767 2111 senes

135 2126 288 2155 reverelor,
309 2122 447 2158 justitiam
486 2129 642 2156 excerceto,
666 2124 814 2152 fraternam
853 2129 1018 2152 conservato
1046 2123 1236 2151 dilectionem.
1270 2122 1467 2158 Longanimem
1496 2123 1626 2151 convenit
1645 2131 1706 2151 esse
1742 2129 1767 2153 te

134 2175 166 2195 ac
187 2168 360 2201 tolerantem;
375 2169 478 2197 nullius
494 2177 509 2197 a
527 2170 656 2206 quopiam
678 2175 797 2206 acceptae
809 2171 918 2206 injuria:
937 2171 1110 2203 memineris,
1123 2170 1167 2198 fac
1194 2177 1242 2197 eos
1262 2170 1414 2197 consoleris
1440 2169 1489 2204 qui
1522 2171 1616 2197 animo
1630 2170 1767 2198 afflictan-

136 2218 181 2241 tur
194 2218 222 2241 et
237 2215 373 2243 laborant.
391 2216 443 2249 Qui
456 2216 609 2244 etiamnum
631 2216 658 2244 in
694 2216 747 2244 fide
779 2216 886 2244 luerent
917 2217 1039 2252 perplexi
1054 2221 1081 2244 ct
1099 2215 1220 2243 Scandali
1239 2217 1379 2252 quidpiam
1400 2217 1540 2247 adierunt,
1562 2217 1613 2244 hos
1637 2225 1672 2244 ne
1695 2217 1767 2252 abji-

135 2259 202 2292 cito,
220 2260 306 2294 magis
331 2264 423 2288 autem
444 2260 580 2294 adnitere,
607 2260 636 2288 in
661 2261 731 2288 viam
755 2265 785 2288 ut
807 2261 922 2289 redeant
956 2261 1030 2294 ﬁdei,
1053 2261 1182 2295 bonoque
1209 2261 1265 2288 sint
1287 2266 1315 2289 et
1347 2261 1431 2289 alacri
1458 2262 1492 2288 ad
1515 2261 1596 2289 fidem
1613 2261 1718 2289 animo.
1733 2262 1764 2290 In

135 2314 245 2334 errores
261 2307 357 2335 devios
377 2308 424 2343 qui
445 2309 614 2342 exorbitant,
632 2313 678 2337 tuo
694 2307 804 2337 hortatu
837 2313 865 2337 et
890 2309 1006 2337 consilio
1040 2309 1073 2336 ad
1104 2309 1299 2336 rectitudinem
1323 2317 1431 2336 revoca.
1447 2309 1545 2336 Debito
1569 2309 1698 2344 quopiam
1720 2310 1767 2337 oli-

136 2352 248 2380 strictos
273 2353 335 2386 tibi,
353 2354 445 2389 inopia
464 2355 487 2382 si
503 2359 678 2390 premuntur,
711 2363 746 2382 ne
763 2355 899 2388 afﬂictes;
915 2360 942 2382 et
961 2356 982 2382 si
1005 2363 1058 2390 qua
1085 2354 1127 2381 his
1162 2354 1283 2382 confinia
1309 2359 1383 2382 Sunt.
1412 2354 1508 2382 lstluec
1529 2362 1612 2390 opera
1640 2355 1767 2390 quisquis

137 2400 191 2427 rite
214 2401 411 2436 observaverit,
432 2411 488 2431 non
514 2404 579 2431 item
600 2404 636 2432 ab
650 2403 793 2439 ejusmodi
822 2411 922 2430 manus
948 2402 1118 2430 contraxerit
1136 2410 1184 2437 per
1209 2403 1363 2430 socordiam
1391 2411 1423 2431 ac
1443 2403 1577 2431 lentorem
1598 2403 1765 2436 animi,uti-

137 2454 191 2481 que
205 2448 279 2476 vivet
296 2449 362 2477 Deo.
377 2449 453 2486 Opus
465 2450 499 2478 ad
514 2450 572 2478 hate
587 2451 682 2483 fuerit,
702 2450 794 2489 ut’qui
827 2450 855 2477 in
875 2449 1011 2485 spirituali
1033 2456 1122 2484 agone
1141 2448 1276 2481 decertat,
1293 2457 1374 2476 suum
1390 2453 1511 2477 maceret
1538 2453 1567 2476 et
1599 2449 1663 2477 tabe
1681 2450 1764 2477 conli-

136 2492 191 2519 ciat
211 2493 398 2522 adversarium
421 2496 449 2522 in
473 2503 556 2523 carne
571 2496 683 2531 propria
702 2495 922 2528 delitescentem,
942 2503 978 2522 ne
991 2494 1114 2524 humore
1148 2493 1293 2521 exsudanti
1317 2495 1491 2530 periclitetur
1519 2503 1608 2528 mens,
1629 2501 1657 2522 et
1671 2496 1765 2523 conci-

138 2538 184 2564 dat
199 2546 322 2575 prazceps
337 2540 365 2567 in
378 2540 493 2568 livorem
522 2549 554 2568 ac
570 2541 713 2575 planitiem
735 2541 849 2568 illicium
871 2541 1056 2576 voluptatum,
1086 2547 1141 2574 quo
1160 2546 1238 2566 mens
1271 2539 1329 2578 ipsa
1355 2540 1524 2574 spiritualem
1546 2548 1660 2575 agonem
1689 2541 1769 2568 susti-

134 2583 271 2617 nentium,
289 2585 424 2613 illustrata
437 2586 524 2614 divini
547 2587 659 2615 luminis
678 2587 835 2622 splendore,
846 2586 984 2615 etiicacius
1003 2589 1144 2621 operetur,
1155 2586 1208 2621 legi
1220 2585 1268 2613 Dei
1276 2585 1412 2613 serviatet
1425 2585 1631 2614 condelectetur
1643 2587 1676 2618 “,
1691 2586 1768 2622 juxta

134 2630 257 2665 Apostoli
272 2632 447 2660 sententiam.

171 2677 218 2702 Δεῖ
240 2674 287 2704 οὖν
312 2679 474 2714 εὐτρεπίσαι
499 2679 544 2706 τὸν
559 2679 622 2706 νοῦν
638 2679 686 2707 κα)⁸
705 2679 857 2715 μετῳκίσαι
874 2678 924 2714 τὴν

1013 2677 1068 2706 Sed
1095 2682 1122 2705 et
1146 2677 1243 2705 eadem
1261 2676 1420 2705 adornanda
1446 2675 1522 2703 venit
1542 2680 1570 2704 et
1594 2676 1767 2704 immutanda

136 2721 267 2755 διάνοιαν,
294 2725 342 2750 καὶ
362 2724 521 2760 ὑπερκῦψαι
547 2724 593 2752 τὸν
616 2725 740 2760 οὐρανὸν,
767 2724 815 2752 καὶ
834 2724 924 2758 πάσης

135 2768 254 2800 κτίσεως
264 2769 394 2805 ὑπεράνω
410 2779 461 2797 που
477 2771 617 2804 γενέσθαι,
630 2772 678 2798 καὶ
690 2770 816 2806 διαπύρῳ
829 2770 924 2796 ἐπιϐυ-

136 2815 196 2851 μιᾳ,
211 2816 417 2853 ἀκαταπαύστῳ
431 2817 464 2853 τῇ
481 2817 586 2854 διανοίᾳ
607 2818 676 2854 πρὸς
700 2819 792 2845 ἐκεῖνα
806 2815 923 2853 προσδεο

175 2895 197 2910 "
212 2894 291 2920 item.
302 2901 347 2927 vn,
363 2894 410 2922 22.

978 2723 1062 2751 animi
1087 2724 1228 2759 cogitatio,
1243 2728 1271 2752 et
1287 2723 1321 2751 ad
1341 2723 1441 2750 coelum
1465 2729 1551 2756 usque
1577 2722 1767 2749 transcriben-

978 2770 1013 2797 da
1032 2773 1074 2796 est
1098 2773 1126 2796 et
1149 2769 1310 2802 attollenda,
1323 2775 1461 2803 supraque
1474 2775 1584 2795 omnem
1610 2772 1767 2795 creaturam

979 2816 1009 2843 in
1034 2815 1152 2843 sublime
1182 2819 1224 2843 est
1247 2815 1397 2850 erigendus
1428 2814 1559 2847 animus,
1582 2818 1611 2842 et
1641 2812 1766 2850 flagranti
