1986 3251
267 215 336 248 ίῦἹὸ
901 216 1082 246 ANTIOCHI

1100 216 1272 247 MONACHI
1833 218 1904 251 1676

264 270 375 298 unionis
407 271 552 297 consensio
576 277 639 297 cum
664 269 818 296 animorum
837 271 984 298 concordia
1001 280 1008 298 :
1024 271 1050 298 id

1105 271 1210 306 πλήρης
1229 269 1304 304 παρὰ
1318 269 1432 305 Κυρίου.
1448 279 1456 296 ι
1483 270 1539 297 Καὶ
1560 270 1708 306 ἀλλογενὴς
1723 268 1796 298 οὖσα
1811 273 1904 308 ἡρμό-

264 317 338 352 quod
367 316 459 343 locum
490 315 573 342 habet
602 316 644 343 vel
666 316 804 348 maxime,
835 316 882 343 ubi
908 317 993 343 solida
1021 324 1052 344 ac

264 363 388 399 perfecta
415 362 540 389 charitas
571 362 679 390 radices
704 370 768 389 suas
796 361 877 389 ﬁxius
901 362 1050 397 impressit.

264 409 428 444 Exemplum
440 407 600 435 invenimus
613 408 640 434 in
652 408 751 435 Elisaao
764 416 826 435 cum
838 408 908 435 Elia.
920 408 968 436 llle
977 409 1051 436 enim

263 455 348 483 semel
370 458 398 482 et
415 454 459 482 bis
479 461 543 481 cum
559 453 684 481 audisset
698 463 704 481 :
722 463 731 479 ι
746 454 817 481 Sede
831 454 877 480 hic
891 464 915 485 ›,
931 462 993 481 cum
1006 455 1051 489 ju-

264 504 388 527 ramento
403 499 566 534 respondit:
583 508 592 524 ι
605 499 677 527 Vivit
689 500 871 531 Dominus,et
882 500 950 527 vivit
961 501 1050 527 anima

267 553 322 578 tua,
340 546 363 573 si
379 546 504 572 deseram
519 549 544 572 te
555 545 588 572 "'.
601 555 610 570 ι
642 545 698 572 Nec
712 553 794 572 secus
820 545 893 572 Ruth
917 545 963 571 illa
978 545 1052 572 Moa-

265 591 332 618 bitis
356 591 447 618 socrui
471 598 528 618 suae
554 599 561 618 :
587 599 595 616 ι
613 590 676 618 Haec
694 591 776 618 faciat
791 591 858 617 mihi
875 591 1008 618 Dominus
1023 595 1051 617 et

263 637 322 664 haec
344 636 446 668 addat,
476 637 541 671 quia
562 644 638 663 mors
654 637 726 663 inter
740 644 783 663 me
798 640 825 663 et
839 641 865 664 te
881 637 939 664 sola
952 636 1052 663 distin-

263 682 372 717 guet“.
387 691 396 708 ι
425 681 491 710 Jure
514 681 598 716 igitur
623 681 695 708 Booz
717 681 859 708 benedixit
874 682 910 715 ei,
931 681 1048 709 dicens:

266 737 275 752 ι
292 727 401 754 Reddat
424 727 558 754 Dominus
584 734 655 761 opus
676 731 771 759 tuum,
789 731 817 754 et
832 727 868 754 sil.
885 735 989 755 merces
1005 731 1049 754 tua

263 773 344 808 plena
362 780 377 800 a
390 771 552 799 Domino“.
564 781 573 798 ι
595 772 657 799 litec
673 773 775 806 alioqui
792 772 889 800 alienze
902 781 964 800 cum
977 778 1051 800 esset

262 818 369 853 gentis,
397 810 538 844 connubio
565 818 661 853 juncta
688 822 730 844 est
756 817 808 852 ipsi
834 818 918 850 Booz.
938 826 971 845 es
994 827 1050 853 quo

262 864 358 899 genuit
370 863 463 890 eximii
477 863 588 890 Davidis
601 870 693 890 avum.
713 861 784 890 Ecce
799 871 875 895 sane,
896 873 904 889 ι
920 863 986 898 quid
1003 864 1050 891 bo-

261 917 327 936 num
343 914 390 936 aut
405 909 470 944 quid
481 909 634 944 jucundum
647 929 654 941 ,
681 909 704 936 si
726 916 780 936 non
806 909 933 937 habitare
949 909 1048 938 fratres

262 955 290 981 in
305 963 390 981 unuln
401 954 462 980 "1’:
485 954 678 981 Partemiastes
691 955 756 981 item
776 963 782 981 :
802 964 810 980 ι
827 955 924 982 Frater
938 956 985 990 qui
999 956 1048 983 ad-
1066 939 1087 966 Β

260 1001 372 1036 juvatur
396 1007 411 1026 ιι
430 999 533 1032 fratre,
564 1000 643 1034 quasi
669 1000 767 1027 civitas
788 1000 915 1027 firma"‘
931 1010 959 1034 ›,
978 1005 1006 1028 et
1022 1002 1050 1028 in

261 1044 380 1072 editiore
402 1045 464 1071 loco
484 1044 546 1071 sila.
575 1045 609 1071 Et
633 1053 640 1071 :
664 1054 673 1070 ι
693 1045 760 1072 Boni
776 1045 832 1072 duo
853 1052 936 1079 super
951 1053 1048 1078 unum,

261 1090 363 1125 quibus
385 1095 428 1117 est
451 1089 492 1117 eis
514 1097 621 1117 merces
643 1099 648 1116 :
666 1090 741 1124 quia,
758 1091 780 1118 si
795 1091 957 1123 ceciderint,
978 1100 1050 1119 unus

261 1137 350 1171 (riget
368 1140 525 1163 consortem
543 1135 668 1162 suum".
682 1145 690 1161 ι
712 1136 744 1163 Ει
761 1145 766 1162 :
784 1146 793 1161 ι
805 1137 850 1163 Vte
863 1137 920 1168 uni,
939 1137 962 1164 si
979 1138 1050 1164 ceci-

261 1182 345 1212 derit.
364 1186 392 1208 et
408 1189 462 1208 non
475 1181 510 1208 sit
525 1182 665 1209 secundus
681 1182 728 1216 qui
741 1182 831 1217 erigat
844 1183 947 1209 eum“.
961 1193 970 1208 ι
993 1183 1026 1210 Et
1042 1192 1048 1210 :

263 1227 369 1262 1153
387 1236 396 1252 ι
415 1227 442 1254 Si
458 1234 530 1253 unus
545 1227 700 1262 impegerit,
717 1227 773 1254 duo
786 1228 941 1255 consistent
951 1228 1050 1255 adver-

262 1280 310 1299 sus
319 1280 394 1299 eum.
415 1272 566 1299 Funiculus
580 1272 676 1307 triplex
693 1281 746 1299 non
761 1273 817 1300 cito
834 1273 1021 1308 rumpctur”.
1037 1284 1046 1300 ι

261 1318 315 1346 Sed
325 1318 666 1352 inAetibusapostolorum
676 1319 808 1353 scriptum
816 1320 934 1353 cst,quia
945 1329 953 1344 ι
965 1320 1050 1352 Quot—

260 1368 329 1398 quot
340 1363 518 1390 crediderant
527 1367 607 1390 erant
619 1363 645 1390 in
658 1372 754 1394 unum.
767 1369 794 1391 et
807 1365 946 1392 habebant
956 1366 1050 1393 omnia

261 1408 418 1436 communia
427 1408 461 1434 ".
475 1418 484 1433 ›
496 1408 660 1451 .Aliquattlo
674 1414 736 1444 post
751 1418 757 1436 :
775 1419 783 1434 ι
802 1410 988 1438 Multitudinis
1002 1419 1050 1439 eo-

260 1461 323 1480 rum
341 1453 388 1488 qui
403 1452 580 1480 crediderant
593 1459 654 1481 erat
667 1461 716 1481 cor
730 1463 814 1481 unum
830 1459 857 1481 et
870 1455 960 1482 anima
974 1464 1027 1483 una
1039 1465 1047 1484 :

261 1502 289 1527 et
307 1506 388 1526 nemo
399 1498 549 1533 quidquam
567 1506 662 1526 eorum
679 1507 739 1534 qme
755 1500 922 1534 possidebat,
939 1500 1049 1528 dicebat

259 1552 323 1572 esse
345 1552 426 1572 suum
440 1563 448 1580 ,
477 1544 525 1572 sed
549 1550 629 1571 erant
644 1545 700 1572 illis
715 1546 806 1572 omnia
822 1546 1020 1573 communia".
1035 1556 1045 1572 ι

260 1591 362 1618 Beatus
375 1590 458 1626 igitur
474 1591 497 1618 is
508 1590 671 1622 monachus.
686 1591 745 1626 qui,
758 1591 831 1626 quod
845 1591 878 1618 ad
891 1592 975 1619 Deum
988 1600 1049 1627 per-
1062 1600 1083 1629 α

261 1637 347 1670 tinet,
371 1641 488 1664 caeteros
501 1644 597 1664 omnes
613 1630 789 1664 admirationi
803 1637 881 1665 ducit
894 1643 924 1665 et
936 1638 1048 1671 honori,

261 1682 344 1717 idque
372 1686 434 1717 post
455 1682 551 1710 Deum.
583 1682 684 1709 Beatus
706 1683 786 1718 plane
809 1683 975 1716 monachus,
1001 1684 1048 1718 qui

261 1729 290 1755 in
306 1735 408 1762 genere
427 1728 552 1754 omnium
568 1728 686 1755 salutem
704 1733 732 1755 et
749 1729 949 1763 promotionem
960 1749 967 1760 ,
988 1737 1049 1763 per-

256 1780 339 1807 aeque
363 1779 397 1799 ac
420 1772 578 1806 propriam,
607 1772 681 1798 omni
706 1781 768 1799 cum
792 1773 892 1808 gaudio
915 1778 943 1800 et
964 1774 1048 1801 animi

259 1817 436 1853 iucunditate
460 1817 598 1852 pervidet.
628 1817 778 1845 Monachus
801 1823 858 1848 est.
887 1819 933 1853 qui
961 1827 1046 1846 unum

261 1872 290 1892 se
305 1871 366 1891 esse
381 1863 455 1890 inter
469 1867 586 1890 caeteros
601 1863 728 1898 deputat,
746 1871 796 1899 per
809 1864 862 1892 hoc
875 1867 947 1899 quod
958 1865 1048 1892 credit

261 1909 485 1944 impraatermisse
500 1908 622 1944 seipsum
635 1909 763 1936 contueri
777 1909 803 1936 in
816 1917 983 1945 unoquoque
994 1910 1050 1939 ira.-

262 1960 346 1982 trum.
375 1955 524 1990 Apostolus
548 1963 555 1981 :
581 1963 589 1979 ι
609 1954 687 1982 Sicut
711 1954 739 1981 in
759 1963 814 1982 uno
828 1963 946 1990 corpore
963 1956 1048 1983 multa

261 2000 386 2027 membra
398 2000 544 2032 habemus,
558 2000 650 2027 omnia
664 2004 755 2027 autem
769 2001 892 2028 membra
905 2009 959 2028 non
970 2009 1049 2029 eum-

262 2045 325 2073 dem
341 2050 434 2074 actum
450 2046 555 2074 habent
565 2066 572 2078 ,
598 2046 635 2073 ita
650 2050 678 2073 et
693 2046 773 2073 multi
790 2054 874 2073 unum
888 2055 990 2082 corpus
1001 2055 1049 2075 su-

265 2099 327 2118 mus
343 2091 370 2118 in
383 2091 506 2121 Christo.
524 2090 625 2126 singuli
642 2095 734 2118 autem
752 2091 822 2118 alter
835 2091 950 2118 alterius
962 2099 1049 2120 mem-

262 2136 313 2164 bra
323 2137 356 2164 ”.
374 2146 383 2162 ι
414 2137 524 2164 inducit
546 2144 552 2164 :
578 2146 587 2162 ι
601 2136 654 2164 Sed
672 2137 744 2164 Deus
760 2138 922 2172 temperavit
935 2145 1046 2173 corpus,

261 2181 286 2209 ci
314 2183 360 2210 cui
384 2182 479 2210 deerat
505 2182 738 2209 abundantiorem
762 2183 889 2210 tribuens
904 2183 1048 2219 honorem,

1105 317 1155 351 σθη
1169 316 1206 351 τῷ
1220 315 1306 348 Βοὼζ,
1325 316 1374 343 καὶ
1388 316 1533 351 ἐγέννησεν
1549 316 1594 343 τὸν
1609 317 1722 344 πάππον
1738 318 1788 344 τοῦ
1804 319 1902 346 Δαὸῑδ.

1102 362 1185 396 Λέγει
1208 362 1238 389 δὲ
1263 363 1312 389 καὶ
1332 362 1414 394 αὐτὸς
1429 359 1508 393 οὗτος
1532 363 1659 389 ὁΔαείδ·
1689 374 1700 389 ‹
1725 364 1795 390 Ἰδοὺ
1821 364 1851 391 δὲ
1875 365 1904 391 τι

1102 408 1200 441 καλὸν,
1227 407 1243 443 ἢ
1268 408 1295 435 τί
1315 409 1440 443 τερπνὸν,
1457 408 1514 435 ἀλλ’
1529 409 1546 443 ἢ
1562 409 1592 435 τὸ
1605 412 1747 436 κατοικεῖν
1763 409 1903 443 ἀδελφοὺς

1102 454 1148 480 ἐπὶ
1160 453 1191 480 τὸ
1201 454 1282 486 αὐτό;
1295 463 1304 479 ι
1321 454 1375 481 Καὶ
1385 455 1399 480 6
1411 454 1618 489 Παροιμιαστής
1632 462 1728 489 φησιν·
1744 464 1754 480 ι
1767 453 1902 488 ’Δδελφδς

1102 498 1156 525 ὑπὸ
1179 498 1296 533 ἀδελφοῦ
1324 499 1522 534 βοηθούμενος,
1549 500 1587 531 ὡς
1611 499 1686 531 πόλις
1703 500 1806 536 ὀχυρὰ,
1821 509 1831 525 ι
1854 501 1902 526 καὶ

1102 543 1202 579 ὑψηλή.
1219 544 1274 570 Καί
1284 553 1291 560 ο
1311 554 1320 569 ι
1332 544 1441 579 ’Δγαθοὶ
1455 545 1480 571 οἱ
1495 544 1541 571 δύο
1555 545 1624 580 ὑπὲρ
1637 545 1681 570 τὸν
1694 545 1754 576 ἕνα,
1768 543 1812 576 οἷς
1824 546 1901 571 ἑστεν

1101 589 1115 615 6
1138 589 1234 624 μισθὸς
1259 589 1370 621 αὐτοῖς,
1401 591 1442 616 ὅτι
1467 590 1519 617 ἐὰν
1539 590 1677 622 πέσωσιν,
1703 587 1775 622 ὀεῖς
1791 591 1901 626 ἐγείρει

1100 636 1148 661 τὸν
1164 635 1279 670 μέτοχον
1292 635 1385 662 αὐτοῦ.
1400 645 1409 662 ι
1429 637 1496 663 Καί·
1515 646 1524 662 ι
1540 637 1609 663 Οὐαὶ
1624 636 1663 671 τῷ
1678 637 1730 668 ἑνὶ,
1750 638 1800 663 ἐὰν
1814 638 1900 672 πέσῃ,

1101 681 1150 708 καὶ
1166 681 1203 716 μὴ
1248 681 1374 717 δεῦτερος
1388 681 1435 708 τοῦ
1449 683 1558 718 ἐγεῖραι
1571 683 1661 709 αὐτόν.
1677 691 1686 707 ι
1708 683 1765 709 Καί
1778 692 1785 698 ·
1806 693 1816 709 ι
1836 683 1901 711 Ἐαν

1101 726 1286 762 κραταιωθῇΙί
1311 727 1326 752 6
1350 724 1411 758 εἷς,
1447 727 1472 753 οι
1499 727 1546 753 δύο
1574 729 1720 762 στήσονται
1747 728 1901 754 κατέναντι

1100 771 1202 804 αὐτοῦ,
1231 772 1278 797 καὶ
1301 771 1331 797 τὸ
1356 774 1504 806 σπαρτείον
1528 772 1558 798 τὸ
1579 772 1701 805 ἐντριτον
1730 773 1762 799 οὒ
1787 773 1901 807 ταχέως

1100 817 1356 852 ἀπορῤαγήσεται.ι
1376 817 1430 842 Καὶ
1446 817 1474 842 ὲν
1487 817 1546 847 ταῖς
1561 816 1697 851 Πρὰξεσιν
1712 818 1770 843 τῶν
1782 819 1901 844 ἀποπά-

1100 863 1154 889 ).th
1170 863 1338 898 γέγραπται,
1357 862 1398 888 ὅτι
1418 871 1428 887 ι
1447 862 1551 893 Πάντες
1568 863 1593 891 οι
1608 862 1810 894 πιστεύσαντες
1828 861 1900 898 ἦσαν

1101 908 1148 935 ἐπὶ
1162 908 1192 935 τδ
1206 908 1282 939 αὐτὸ,
1301 905 1437 942 καὶ-εἶχον
1451 908 1558 934 ἅπαντα
1571 908 1675 934 κοινά.»
1695 908 1752 934 Καὶ
1770 910 1833 942 μετ’
1844 908 1900 935 ὀλί-

1101 962 1164 988 γον·
1183 962 1193 980 ι
1211 954 1265 980 Τοῦ
1287 953 1315 980 δὲ
1330 953 1450 988 πλήθους
1465 953 1518 979 τῶν
1531 954 1713 980 πιστευόντων
1730 952 1767 988 ἦν
1782 955 1800 988 ἡ
1814 954 1899 989 ψυχή.

1101 1000 1148 1026 καὶ
1172 1000 1188 1034 ἡ
1209 999 1307 1034 καρδία
1331 999 1401 1033 μία,
1428 999 1475 1024 καὶ
1499 998 1588 1029 οὐδείς
1604 999 1699 1024 τιτῶν
1715 999 1900 1033 ὑπαρχόντων

1100 1044 1174 1079 αὑτῷ
1185 1044 1277 1078 ἔλεγεν
1290 1043 1356 1070 ίδιον
1366 1041 1447 1076 εἶναι,
1456 1043 1513 1069 ἀλλ’
1521 1041 1554 1077 ἦν
1567 1043 1656 1073 αὐτοῖς
1669 1044 1782 1069 ᾶπαντα
1790 1043 1897 1069 κοινά-Ι

1100 1090 1246 1124 Μακάριος
1260 1087 1309 1116 οὖν
1324 1089 1400 1115 ἔστιν
1419 1090 1433 1115 6
1449 1088 1566 1123 μοναχὸς
1582 1089 1596 1114 6
1613 1089 1717 1119 πάντας
1731 1087 1898 1123 ἀνθρώπους

1100 1135 1138 1166 ὡς
1151 1135 1217 1161 Θεὺν
1234 1135 1304 1169 μετὰ
1319 1134 1385 1160 Θεὸν
1401 1135 1568 1169 ἡγούμενος·
1601 1135 1737 1168 μακάριός
1754 1136 1833 1159 ἐστιν
1850 1143 1900 1167 μο-

1100 1181 1181 1216 ναχὸς
1208 1181 1294 1215 ὀπὴν
1311 1181 1438 1206 ἁπάντων
1453 1181 1591 1215 σωτηρίαν
1615 1180 1660 1206 καὶ
1677 1179 1842 1214 προκοπὴν,
1861 1180 1899 1209 ὡς

1099 1227 1204 1254 οἰκείαν
1231 1227 1300 1261 μετᾶ
1324 1226 1415 1261 πάσης
1438 1227 1524 1262 χαρᾶς
1548 1225 1633 1260 ἡδέως
1653 1225 1736 1260 ὁρῶν.
1769 1225 1897 1260 Μονιχὸς

1100 1273 1192 1303 ἐστιν,
1219 1273 1232 1298 6
1257 1272 1356 1298 ἑαυτὸν
1381 1272 1449 1306 μιτὰ
1470 1272 1578 1298 πάντων
1598 1271 1772 1305 ἡγούμενος”
1802 1271 1848 1297 διὰ
1867 1271 1896 1296 τὸ

1099 1320 1129 1345 ὲν
1153 1318 1261 1352 ἑκάστῳ
1288 1317 1383 1344 ἑαυτὸν
1408 1317 1619 1352 ἀπαραλεῑπτως
1643 1317 1734 1343 δοκεῖν
1759 1317 1894 1352 καθορᾷν.

1100 1365 1155 1391 Καὶ
1173 1365 1186 1390 6
1204 1363 1364 1394 ’Λπόστολος
1379 1364 1407 1390 δέ
1424 1371 1508 1397 φησιν
1519 1369 1527 1377 ⁸
1560 1372 1568 1388 ι
1588 1363 1722 1398 Καθάπερ
1739 1364 1770 1388 ὲν
1787 1364 1829 1389 ἑνὶ
1843 1364 1896 1389 σώ-

1101 1418 1167 1444 ματι
1194 1409 1263 1444 μέλη
1288 1409 1372 1435 πολλὰ
1397 1408 1510 1443 ἔχομεν,
1537 1407 1572 1434 τὰ
1593 1408 1623 1434 δὲ
1647 1407 1718 1443 μέλη
1739 1408 1844 1439 πάντα,
1863 1408 1895 1434 οὗ

1099 1456 1148 1489 τὴν
1162 1455 1248 1490 αὐτὴν
1262 1455 1319 1489 ἔχει
1331 1454 1430 1489 πρᾶξιν
1439 1461 1446 1469 ·
1463 1453 1550 1484 οὓτως
1563 1453 1608 1479 καὶ
1624 1453 1649 1479 οἱ
1662 1453 1758 1479 πολλοὶ
1772 1453 1803 1479 ἓν
1815 1454 1896 1488 σῶμά

1099 1503 1182 1536 ὲσμεν
1199 1503 1228 1528 ἰν
1243 1501 1372 1536 Χριστῷ,
1399 1500 1429 1526 τὸ
1442 1501 1471 1527 δὲ
1487 1501 1548 1526 καθ’
1572 1497 1624 1531 εἷς,
1644 1499 1772 1534 ἀλλήλων
1787 1500 1866 1535 μέλη.
1880 1509 1893 1525 ι

1099 1547 1154 1573 Καὶ
1171 1546 1269 1580 ἐπάγει
1280 1554 1287 1562 ·
1317 1555 1326 1572 ι
1347 1546 1416 1572 Ἀλλ’
1433 1547 1447 1572 6
1463 1546 1529 1578 Θεὸς
1548 1546 1734 1581 συνεκέρασεν
1752 1545 1784 1571 τὸ
1801 1547 1893 1580 σῶμα,

1099 1592 1139 1627 τῷ
1162 1592 1318 1627 ὑστεροῦντι
1344 1592 1545 1628 περισσοτέραν
1561 1592 1623 1622 δοὺς
1640 1591 1738 1626 τιμὴν,
1759 1592 1805 1618 ἴνα
1823 1590 1893 1627 μὴῇ

1099 1639 1236 1674 σχίσματα
1251 1640 1280 1665 ὲν
1294 1639 1333 1674 τῷ
1347 1638 1463 1673 σώματι,
1477 1637 1546 1665 ἀλλὰ
1560 1637 1590 1664 τὸ
1602 1638 1669 1664 αὐτὸ
1683 1638 1758 1673 ὑπὲρ
1769 1638 1895 1672 ἀλλήλων

1097 1685 1133 1711 τὰ
1148 1684 1216 1719 μέλη
1234 1684 1416 1719 μιριμνῶσιν.
1427 1693 1436 1709 ι
1454 1683 1504 1709 Διὰ
1515 1683 1594 1709 τοῦτο
1609 1683 1755 1717 ὸφιὶλομεν
1770 1683 1895 1717 ἀλλήλων

1097 1730 1131 1756 τὰ
1153 1729 1224 1764 βάρη
1249 1728 1416 1764 βαστάζειν,
1444 1729 1491 1754 καὶ
1518 1725 1588 1754 εἶναι
1608 1727 1709 1758 πάντες
1728 1728 1894 1762 ὁμόξρονες,

1097 1775 1241 1810 ὁμόψυχοι,
1251 1775 1445 1809 εὔσπλαγχνοι,
1452 1774 1676 1809 ταπεινόφρονες,
1683 1773 1777 1799 πάντα
1787 1773 1894 1798 ποιοῦν-

1099 1830 1145 1852 τες
1161 1822 1189 1847 ὲν
1202 1822 1310 1856 ἀγάπῃ,
1328 1821 1372 1848 ἵνα
1386 1821 1433 1847 καὶ
1447 1819 1534 1851 οὕτως
1551 1819 1596 1845 τὸν
1609 1819 1677 1845 Θεὸν
1693 1819 1764 1853 πρὸς
1779 1819 1894 1848 ἑαυτοὺς

1100 1866 1340 1902 ὲπισπασώμεθα,
1368 1866 1415 1893 καὶ
1431 1865 1630 1901 εὐπρόσδεκτος
1644 1865 1762 1899 γένηται
1777 1865 1794 1899 ἡ
1809 1872 1895 1898 προσ-

1102 1913 1168 1948 ευχὴ
1183 1912 1273 1947 ἡμῶν.
1289 1911 1371 1945 Λέγει
1384 1911 1438 1946 γὰρ
1451 1911 1465 1937 6
1478 1911 1580 1946 Κύριος
1589 1919 1595 1925 ⁸
1613 1920 1622 1936 ι
1635 1910 1721 1945 Ἀμὴν
1732 1910 1808 1942 λέγω
1820 1911 1894 1944 ὑμῖν,

1102 1959 1143 1985 ὅτι
1168 1958 1216 1984 ἐὰν
1238 1957 1285 1983 δύο
1307 1957 1337 1989 ἐξ
1359 1956 1436 1991 ὑμῶν
1460 1957 1692 1992 συμφωνήσουσιν
1713 1956 1762 1982 ἐπὶ
1778 1956 1829 1990 τῆς
1845 1955 1898 1990 γῆς

1103 2005 1167 2038 περὶ
1190 2003 1290 2034 παντὸς
1312 2003 1486 2038 πράγματος,
1505 1999 1537 2029 οὗ
1555 2002 1602 2028 ἐὰν
1619 2003 1794 2033 αἱτῆσονται,
1816 2002 1898 2036 τενήι

1099 2058 1176 2077 σεται
1193 2050 1283 2080 αὐτοῖς
1301 2048 1377 2083 παρὰ
1393 2048 1439 2074 τοῦ
1456 2048 1563 2083 Πατρός
1577 2056 1628 2082 μου
1644 2046 1691 2073 τοῦ
1708 2048 1737 2077 εν
1753 2048 1896 2081 οὐρανοῖς.

1099 2093 1137 2123 Οὖ
1164 2095 1218 2130 γὰρ
1242 2095 1312 2121 εἰσιν
1336 2094 1500 2128 συνηγμένοι
1523 2092 1572 2120 δύο
1592 2094 1608 2128 ῆ
1629 2095 1703 2128 τρεῖς
1728 2094 1770 2124 εἰς
1784 2093 1899 2127 cetin

1099 2142 1204 2176 ῠνομα.
1230 2141 1288 2166 ἐκεῖ
1307 2140 1366 2174 ειμι
1393 2140 1423 2165 tv
1445 2139 1522 2174 μέσῳ
1543 2139 1644 2166 αὐτῶν.
1660 2148 1669 2164 ι
1700 2138 1783 2173 Αὖτῷ
1800 2140 1818 2174 ἡ
1834 2139 1900 2172 δόξα

1099 2185 1159 2221 [καὶ
1173 2184 1204 2210 τὸ
1216 2183 1328 2219 κράτος]
1344 2183 1384 2214 είς
1396 2183 1459 2214 τοὺς
1472 2183 1585 2214 αἰῶνας.
1606 2183 1706 2217 Ἀμήν.

261 2233 292 2255 ut
308 2236 362 2255 non
380 2228 416 2256 sit
439 2228 558 2256 schisma
584 2228 612 2255 in
634 2235 765 2263 corpore,
794 2227 841 2255 sed
867 2227 895 2255 in
919 2228 1038 2264 idipsum
1059 2239 1110 2266 pro
1142 2229 1259 2256 invicem
1278 2228 1394 2256 sollicita
1409 2228 1465 2255 sint
1488 2228 1610 2256 membra
1627 2228 1660 2254 ".
1679 2237 1688 2253 ›
1709 2227 1753 2254 0b
1766 2227 1794 2254 id
1813 2227 1902 2255 debe-

260 2283 323 2303 mus
354 2274 486 2301 muluiter
529 2278 658 2309 praestare
685 2281 796 2308 operam
828 2274 855 2301 in
882 2274 1060 2304 sublevandis
1079 2277 1195 2304 aliorum
1215 2275 1364 2307 oneribus,
1393 2280 1420 2302 et
1444 2275 1629 2302 concordibus
1660 2274 1763 2301 animis
1797 2274 1899 2301 eadem

261 2322 374 2354 sentire,
391 2329 423 2349 ac
437 2321 480 2356 pia
499 2328 565 2356 erga
578 2321 646 2348 alios
660 2326 766 2356 gestare
782 2321 896 2354 viscera,
913 2322 1037 2351 modeste
1056 2331 1088 2351 ac
1101 2323 1241 2350 humiliter
1257 2322 1292 2349 de
1304 2321 1385 2349 nobis
1414 2322 1517 2349 sentire
1528 2342 1535 2355 ,
1554 2322 1624 2349 nihil
1656 2329 1713 2348 non
1745 2320 1901 2356 designan<

260 2372 302 2394 tes
316 2367 409 2402 operis
421 2367 448 2393 in
460 2366 605 2398 cbaritate,
619 2374 674 2401 quo
686 2366 729 2394 vel
757 2366 801 2393 his
829 2366 959 2401 operibus
985 2375 1193 2403 promereamur
1211 2366 1291 2394 nobis
1322 2366 1389 2400 ipsis
1412 2366 1460 2394 Dei
1494 2366 1608 2401 gratiam
1625 2366 1764 2393 asisccere
1785 2370 1816 2392 et
1832 2373 1901 2392 con-

261 2412 355 2440 ciliare
369 2412 506 2444 favorem,
524 2416 555 2439 ut
579 2412 608 2439 in
622 2412 696 2439 illius
709 2412 797 2440 oculis
829 2414 1006 2448 acceptabilis
1037 2415 1083 2443 fiat

264 2469 272 2485 ι
288 2458 374 2486 Amen
390 2457 452 2485 dico
465 2457 554 2489 vobis,
567 2457 631 2492 quia
642 2457 665 2484 si
680 2457 735 2484 duo
750 2465 783 2484 ex
795 2458 874 2486 vobis
889 2462 1082 2489 consenserint

1115 2419 1209 2443 nostra
1239 2413 1406 2448 deprecatio.
1442 2413 1514 2440 Dicit
1541 2413 1614 2440 enim
1643 2412 1702 2447 ipse
1730 2412 1899 2439 Dominus:

1094 2468 1177 2496 super
1190 2465 1303 2491 terram,
1313 2458 1348 2486 de
1360 2465 1528 2494 quacunque
1542 2466 1572 2485 re
1581 2466 1662 2493 quam
1678 2458 1898 2492 postulaverint.

261 2504 308 2530 {iet
317 2502 359 2530 eis
371 2510 386 2529 a
399 2502 477 2529 Patre
491 2509 552 2528 meo
568 2501 615 2536 qui
644 2505 687 2528 est
702 2501 729 2528 in
742 2501 833 2534 caelis;
849 2502 896 2529 ubi
922 2503 997 2531 enim
1026 2511 1091 2534 sunt
1110 2504 1267 2541 congregati
1288 2503 1344 2532 duo
1364 2504 1408 2531 vel
1430 2510 1487 2532 tres
1513 2505 1540 2531 in
1558 2504 1669 2531 nomine
1684 2511 1758 2536 meo,
1778 2503 1819 2530 ibi
1836 2511 1899 2530 sum

261 2551 289 2578 in
303 2549 395 2577 medio
407 2548 547 2576 eorum”.
562 2556 572 2573 ι
602 2547 656 2582 ipsi
671 2547 756 2582 gloria
773 2548 801 2575 in
815 2549 925 2576 szecula.
943 2550 1040 2579 Amen.

517 2593 659 2622 llOMlLlA
676 2593 796 2621 LXXXI.

520 2639 559 2666 De
572 2640 784 2674 cogitationibus.

294 2686 366 2714 Dicit
377 2685 538 2720 Scriptura:
555 2684 673 2720 «Legem
688 2685 714 2712 in
725 2685 894 2721 adjutorium
907 2685 1039 2713 dedit“.i

1059 2597 1084 2627 Ι)

295 2756 364 2783 "IV
379 2756 446 2786 Reg.
461 2763 491 2786 ιι,
505 2754 533 2781 6.
571 2755 593 2771 ⁸⁸
607 2754 681 2781 Ruth
711 2762 730 2784 ι.
744 2754 786 2781 l7.
824 2755 845 2770 "
862 2753 934 2780 Itutb
963 2762 991 2785 ιι,
1009 2754 1053 2781 l2.

258 2799 296 2823 Iv.
308 2791 335 2819 9.
374 2791 397 2806 ”
414 2789 480 2818 ibid.
497 2790 538 2817 10.
589 2790 613 2805 ⁸⁸
630 2789 699 2817 ibid.
716 2790 758 2816 ιε.
811 2790 834 2805 ⁸⁸
848 2790 943 2818 Act.u.
962 2789 1006 2816 Μ.

1397 2594 1506 2621 ΛΟΓΟΣ
1521 2595 1584 2621 HA'.

1304 2668 1308 2671 _
1373 2641 1442 2675 Περὶ
1458 2641 1623 2676 λογισμῶν.

1134 2687 1219 2721 Φησὶν
1243 2687 1259 2722 ἠ
1281 2687 1395 2722 Γραφή·
1427 2696 1436 2712 ι
1450 2687 1543 2722 Νόμον
1564 2687 1605 2718 si;
1622 2686 1751 2721 βοήθειαν
1769 2687 1869 2714 ἔδωκε.
1889 2699 1897 2712 ι

1107 2754 1129 2769 ³⁸
1146 2754 1218 2781 Psal.
1247 2762 1345 2786 cum,
1362 2755 1385 2780 l.
1444 2755 1477 2770 "'
1493 2755 1575 2783 Prov.
1590 2763 1664 2787 mu,
1678 2754 1722 2781 l9.
1763 2755 1788 2770 "
1804 2755 1899 2783 Beda.

1046 2789 1069 2804 ³⁷
1085 2789 1146 2816 Act.
1162 2797 1199 2820 Iv.
1215 2789 1259 2816 32.
1286 2789 1348 2816 llazc
1375 2794 1496 2817 tuentem
1523 2790 1642 2816 reddunt
1668 2790 1817 2821 auctoris,
1844 2799 1892 2817 not

259 2827 324 2853 item
335 2826 429 2856 verba,
449 2830 597 2859 corruptus
609 2825 682 2851 enim
700 2825 777 2852 locus
788 2829 839 2851 est.
879 2824 902 2840 "
919 2825 998 2851 nom.
1016 2832 1062 2856 xu,
1077 2823 1105 2856 Α,
1121 2825 1148 2851 5.
1186 2824 1209 2840 ¹⁹
1226 2823 1235 2850 1
1250 2823 1314 2850 Cor.
1331 2832 1378 2856 xu,
1391 2825 1437 2851 25.
1475 2825 1497 2840 '°
1514 2825 1608 2852 Matth.
1628 2831 1703 2856 mu,
1725 2824 1771 2852 l9.
1801 2827 1824 2841 "
1847 2827 1890 2853 lsa

893 2893 1011 2920 VARUE
1032 2893 1236 2921 LEUTIONES.

294 2940 308 2961 ιι
325 2941 380 2969 Pro
395 2940 564 2977 καταριχθῇ,
582 2941 711 2969 Aldinum
731 2935 871 2976 exemplar
885 2940 968 2969 habet
986 2940 1206 2978 ἑπικραταιωοῇ,
1225 2941 1316 2970 victus
1333 2942 1425 2971 fuerit.

257 2868 316 2894 \‘tu,
329 2860 363 2888 20
376 2869 432 2888 sec.
447 2859 536 2892 LXX;
555 2860 643 2887 Galat.
660 2867 699 2891 ιιι,
714 2859 764 2885 24.
