1986 3245
100 221 168 253 Ῑιῖ93

455 225 621 256 HOMILIA
640 228 778 260 LXXXV.
794 242 829 247 —
846 230 894 261 DE
913 232 1271 273 PUSILLANIMITATE,
1289 238 1370 269 ETC.

1656 241 1723 273 if-M

97 280 152 312 γὰρ
171 280 184 305 ὁ
204 278 268 310 Θεὸς
286 278 324 310 ὡς
345 279 370 306 οἱ
393 280 544 316 ἄνθρωποι,
563 284 809 318 μνησικακοῦντες,
829 286 877 313 ἀλλ

938 294 1028 323 pacto,
1045 290 1074 318 in
1089 291 1249 319 discrimine
1270 293 1369 328 quovis
1397 294 1516 328 positum
1548 299 1574 322 te
1601 296 1721 327 deseret.

97 325 179 355 αὐτὸς
205 325 394 360 ἀμνησίκακός
420 327 507 360 ἐστιν,
527 329 575 354 καὶ
602 329 814 365 σπλαγχνίζεται
839 332 886 359 ἐπὶ

95 370 146 405 τὴν
165 371 273 406 ποίησιν
287 371 381 398 αὐτοῦ.
397 372 433 399 Σὺ
459 371 506 399 οὖν
527 374 676 409 καθάρισον
697 377 747 411 τὴν
770 379 886 413 καρδίαν

96 424 144 441 σου
168 416 222 443 ἀπὸ
248 416 295 443 τοῦ
315 417 463 450 διστάζειν,
476 419 524 445 καὶ
547 419 623 446 αίτοῦ
651 422 717 458 παρ’
732 423 826 456 αὐτοῦ,
839 425 886 451 καὶ

95 460 168 496 Midan
198 462 229 488 τὸ
255 462 362 498 αἴτημὰ
398 472 467 490 σου·
503 465 573 492 ἐπὰν
607 466 635 493 δὲ
668 467 799 505 διστάζῃς
818 489 825 502 ,
854 471 884 497 οὐ

95 506 180 541 λήψῃ.
196 508 226 534 Οί
254 507 309 543 γὰρ
322 508 494 540 διστάζοντες
515 511 556 542 εἰς
576 511 622 538 τὸν
636 511 712 545 Θεὸν,
729 511 804 540 οὗτοί
816 516 884 542 εἰσιν

95 553 121 578 οξ
154 553 277 588 δίψυχοι,
306 554 353 581 καὶ
382 555 458 582 οὐδὲν
483 556 552 588 ὅλως
576 554 804 593 ἐπιτυγχάνουσιν
829 561 884 587 τῶν

95 599 256 634 αἰτημάτων
273 602 372 629 αὐτῶν.
388 604 419 629 Oi
442 603 470 630 δὲ
488 604 620 637 ὁλοτελεῖς
636 607 723 640 ὄντες,
738 608 771 634 év’
783 610 816 644 τῇ
839 610 884 636 πί-

94 653 154 670 στει
176 646 265 672 πάντα
291 648 438 681 αίτοῦνται,
458 650 619 683 πεποιθότες
635 652 682 678 ἐπὶ
705 654 751 680 τὸν
769 654 881 689 Κύριον,

93 692 142 718 καὶ
173 693 358 728 λαμϐάνουσιν
372 695 386 721 ὃ
412 704 439 722 τι
454 696 623 729 ἀδιστάκτως
647 698 797 727 αἰτοῦνται.
819 701 883 728 Ἐὰν

91 738 121 764 δὲ
140 739 187 764 καὶ
203 739 366 775 βραδύτερον
379 741 538 778 λαμϐάνῃς,
549 743 587 778 μὴ
601 743 699 780 διψυχή
706 753 764 781 ang,
781 746 822 773 ὅτι
832 747 882 773 οὐκ

91 784 190 824 ἑλαῦες
208 787 276 821 ταχὺ
290 788 320 813 τὸ
335 788 440 824 αἴτημα
453 789 503 825 τῆς
515 789 607 825 ψυχῆς
623 800 669 818 σου
681 800 687 807 ·
703 793 812 824 πάντως
827 795 881 830 γὰρ

90 830 136 856 διὰ
155 833 308 867 πειρασμόν
324 842 394 867 τινα,
408 835 424 870 ἢ
447 836 624 872 παράπτωμά
643 847 668 864 τι
686 838 700 864 ὃ
713 839 745 865 σὺ
762 839 880 873 ἀγνοεῖς,

91 876 256 912 βραδύτερον
273 878 431 914 λαμϐάνεις.
447 881 482 907 Σὺ
499 881 547 908 οὖν
560 883 597 918 μὴ
608 883 734 920 διαλίπῃς
751 886 881 920 αἰτούμε-

89 930 136 952 νος
149 922 179 948 τὺ
193 923 299 958 αἴτημα
323 924 372 959 τῆς
398 925 487 960 ψυχῆς
503 935 562 960 σου,
577 929 624 954 καὶ
731 931 808 958 αὐτὸ.
818 931 881 958 Ἐὰν

88 966 122 1000 δὴ
137 967 295 1003 ὲκκακήσῃς
331 970 507 1004 αἰτούμενος,
525 974 638 1000 σεαυτὸν
663 975 754 1006 αίτιῶ,
774 977 821 1002 καὶ¹
843 976 880 1011 μὴ

87 1013 136 1039 τὶν
165 1013 288 1040 διδοῦντά
308 1015 402 1041 σοι.Ἡ
425 1016 480 1051 γὰρ
506 1016 615 1052 διψυχία
631 1038 637 1049 ,
657 1019 782 1055 θυγάτηρ
804 1021 880 1047 ἐστὶν

89 1058 139 1084 τοῦ
154 1058 289 1090 διαϐόλου,
309 1059 356 1086 καὶ
366 1060 426 1087 λίαν
441 1062 622 1098 πονηρεύεται
637 1065 677 1096 είς
693 1066 755 1097 τοὺς
768 1067 880 1100 δούλους

88 1104 140 1130 τοῦ
167 1104 246 1131 Θεοῦ.
266 1106 302 1131 Σὺ
321 1105 367 1132 οὖν
388 1106 495 1134 ἔνδυσαι
520 1108 568 1143 τὴν
584 1109 674 1136 πίστιν
688 1110 736 1146 τὴν
755 1113 877 1147 ἰσχυράν.

88 1150 202 1185 Στῶμεν
215 1149 262 1178 οὖν
276 1151 388 1187 ἑδραῖοι,
401 1152 437 1183 ὡς
450 1152 547 1188 ἄκμων
560 1155 734 1190 τυπτόμενοι.
750 1158 878 1191 Μεγάλου

88 1195 208 1230 ἀθλητοῦ
243 1197 317 1222 ἐστιν
345 1197 482 1232 δέρεσθαι,
509 1199 557 1225 καὶ
584 1201 674 1236 νικᾷν.
702 1202 827 1230 Μάλιστα
850 1204 878 1230 δὲ

87 1241 158 1267 Θεοῦ
173 1241 265 1267 ἕνεκεν
280 1241 367 1268 πάντα
382 1243 572 1278 ὑπομένωμεν,
590 1244 634 1271 ἴνα
650 1246 696 1272 καὶ
712 1247 791 1278 αὐτὸς
806 1249 880 1283 ἡμᾶς

88 1287 224 1322 ὑπομείνῃ
235 1295 242 1302 ·
259 1287 399 1314 σπουδαῖοι
428 1289 572 1324 γενώμεθα
583 1311 591 1323 ,
604 1292 668 1322 τοὺς
695 1294 806 1328 καιροὺς
828 1303 879 1320 κα-

87 1333 274 1367 ταμάθωμεν,
304 1334 350 1360 τὸν
379 1335 548 1371 ὑπέρχρονον
580 1339 806 1372 προσδοκοῦντες.
833 1342 879 1367 τὸν

87 1379 214 1413 ἄχρονον,
228 1380 273 1406 τὸν
290 1380 416 1415 ἀόρατον,
436 1382 470 1408 δι’
484 1383 557 1417 ἡμᾶς
574 1384 602 1410 δὲ
617 1385 723 1420 ὁρατὸν,
738 1386 784 1413 τὸν
807 1387 879 1424 ἅψη-

87 1424 219 1459 λέιφητον,
240 1425 272 1451 δι’
290 1426 363 1460 ἡμᾶς
384 1426 412 1453 δὲ
433 1427 640 1464 ψηλαφηθέντα,
659 1430 704 1456 τὸν
725 1431 830 1467 ἀπαθῆ,
844 1433 879 1459 δι’

86 1470 163 1504 ἡμᾶς
187 1470 215 1496 δὲ
246 1471 387 1498 παθόντα·
407 1473 450 1498 τὸν
477 1474 506 1499 ὲν
534 1475 713 1511 μακροθυμίᾳ
740 1477 830 1503 πάντα
845 1478 879 1504 δι’

85 1516 162 1549 ἡμᾶς
175 1517 369 1551 ὑπομείναντα.
386 1518 466 1551 Λέγει
482 1519 510 1545 δὲ
526 1521 574 1546 καὶ
591 1522 606 1556 ἡ
625 1522 721 1557 Γραφή
732 1530 739 1537 ο
759 1532 767 1548 ι
783 1523 813 1549 Οί
830 1532 879 1558 φο-

87 1561 216 1595 ϐούμενοι
232 1562 277 1588 τον
289 1562 404 1597 Κύριον,
420 1564 584 1599 ἀναμείνατε
597 1567 627 1592 τὺ
637 1567 711 1598 ἔλεος
724 1568 818 1600 αὐτοῦ,
831 1570 879 1596 καὶ

937 335 986 362 sed
1010 335 1089 370 plena
1114 337 1167 364 tide
1195 338 1345 366 satisfaciet
1372 339 1499 374 petitioni
1530 341 1628 368 anima:
1658 348 1720 370 tum.

935 381 1029 416 Neque
1046 382 1120 409 enim
1144 383 1215 410 Deus
1231 388 1261 410 ut
1276 384 1402 411 homines
1413 405 1421 417 ,
1434 386 1481 420 qui
1501 388 1620 421 acceptae
1637 388 1722 415 semel

936 425 1044 460 injuriae
1070 431 1124 454 tam
1150 428 1240 455 solent
1265 430 1424 457 meminisse
1448 432 1638 465 pertinaciter.
1663 432 1724 466 Ipse

936 471 1008 498 enim
1028 473 1132 500 nullius
1155 482 1260 501 memor
1279 475 1387 510 injuria;
1400 480 1453 507 est,
1469 477 1555 511 magis
1568 477 1596 503 in
1611 482 1722 505 creatu—

936 525 993 543 ram
1009 525 1116 545 omnem
1140 519 1377 555 indulgentissime
1393 522 1525 556 expandit
1538 530 1594 549 sum
1614 523 1723 550 viseera

935 563 1122 599 benignitatis.
1137 566 1176 593 Tu
1194 568 1272 602 igitur
1298 576 1345 596 cor
1360 574 1437 596 tuum
1455 577 1591 605 perpurga
1616 574 1722 598 tantum

934 608 969 635 ab
988 609 1063 636 omni
1087 610 1261 638 vacillatione
1285 617 1313 638 et
1340 612 1522 645 luesitatione.
1541 621 1573 640 ac
1608 621 1670 648 pete
1686 614 1722 641 ab

934 662 978 686 eo,
989 655 1099 690 erisque
1125 659 1178 682 tua:
1194 656 1334 690 petitionis
1348 666 1462 693 compos
1478 668 1484 685 :
1499 667 1562 686 nam
1585 661 1679 687 varius
1692 664 1722 688 et

934 707 1035 734 anceps
1059 701 1080 726 si
1101 700 1319 734 deprehendere,
1338 703 1406 729 nihil
1432 704 1560 738 accipies.
1575 705 1626 737 Qui
1646 706 1721 732 enim

933 753 997 781 erga
1021 746 1106 773 Deum
1121 747 1213 774 animo
1237 747 1382 780 fluctuant,
1400 757 1431 776 ac
1447 750 1530 776 veluti
1545 750 1720 785 dividuntur,

934 792 977 819 isti
994 793 1086 819 animo
1103 788 1227 827 duplices
1246 802 1307 821 cum
1319 795 1385 827 sint,
1396 802 1431 822 ne
1446 796 1583 823 tantillum
1609 797 1721 831 quidem

933 845 948 864 θ
962 837 1019 865 suis
1044 839 1276 872 postulationibus
1299 847 1484 875 assequuntur
1496 842 1528 868 “.
1545 843 1584 869 Ac
1605 843 1720 877 perfecti

933 882 980 917 qui
1007 888 1071 910 sunt
1087 883 1149 912 tidei
1177 885 1430 921 integritate,_eum
1451 896 1500 922 spe
1514 888 1639 915 nitantur
1655 897 1722 924 erga

933 927 1078 955 Dominum
1111 929 1262 963 incolumi,
1294 931 1428 966 quidquid
1461 934 1622 967 postulant,
1651 934 1723 962 acci-

931 972 1019 1008 piunt,
1035 975 1259 1010 quandoquidem
1283 977 1351 1004 nihil
1377 978 1506 1005 haerendo
1526 979 1720 1014 noverintpe-

931 1024 999 1046 tere.
1019 1019 1095 1052 Quod
1111 1021 1133 1047 si
1150 1023 1238 1048 serius
1253 1030 1334 1057 quam
1348 1023 1433 1050 velles
1448 1025 1590 1060 continget
1602 1029 1628 1052 te
1646 1026 1720 1053 acci-

930 1072 1006 1099 pere,
1025 1073 1058 1092 ne
1069 1065 1104 1092 ob
1119 1065 1146 1092 id
1163 1067 1274 1094 vacillcs
1290 1068 1381 1095 animo
1398 1069 1496 1095 anxius
1508 1090 1515 1102 ,
1529 1069 1594 1104 quia
1612 1077 1668 1097 non
1689 1070 1718 1098 in

929 1110 1046 1145 vestigio
1062 1115 1113 1138 tace
1142 1111 1241 1139 anima:
1260 1113 1474 1147 postulationem
1491 1119 1657 1144 consecutus
1675 1123 1717 1143 es.

930 1155 1048 1184 Omnino
1058 1157 1130 1184 enim
1141 1157 1301 1192 obaliquam
1313 1159 1501 1192 tentationem,
1510 1165 1556 1186 aut
1566 1165 1642 1188 certe
1652 1161 1718 1196 quia

930 1201 1071 1229 intercidit
1090 1203 1183 1230 delicti
1196 1203 1335 1238 quidpiam
1350 1205 1433 1239 (quod
1448 1206 1553 1239 alioqui
1565 1206 1624 1241 ipse
1641 1207 1719 1241 igno-

930 1249 985 1280 ras)
994 1249 1083 1276 serius
1092 1250 1204 1284 accipis.
1211 1250 1232 1284 ι
1239 1250 1316 1285 153
1327 1251 1366 1277 Tu
1378 1251 1461 1284 igitur
1474 1259 1507 1278 ne
1518 1252 1719 1286 interquiescas

930 1300 975 1323 aut
984 1298 1122 1324 cunctaris
1131 1303 1223 1332 petere
1233 1305 1247 1324 a
1256 1297 1310 1324 Deo
1319 1297 1391 1332 quod
1405 1298 1718 1332 magnopereconlendit

931 1341 1021 1369 anima
1038 1347 1093 1373 tua,
1107 1348 1134 1369 et
1148 1343 1277 1377 accipies.
1293 1343 1371 1376 Quod
1401 1343 1422 1370 si
1451 1343 1624 1370 dclassabere
1647 1343 1720 1370 inter

930 1388 1090 1421 petendum,
1109 1389 1226 1423 teipsurn
1246 1389 1350 1421 incusa,
1369 1397 1424 1416 non
1441 1390 1506 1416 item
1520 1397 1583 1416 eum
1599 1391 1645 1424 qui
1660 1390 1717 1416 dat.

930 1431 1082 1466 anlicitas
1110 1433 1194 1460 animi
1216 1434 1295 1468 plane
1327 1434 1428 1461 diaboli
1449 1439 1491 1461 est
1508 1435 1572 1465 ﬁlia,
1585 1442 1646 1469 qure
1658 1442 1719 1461 om-

929 1478 1007 1504 nium
1022 1478 1137 1506 maxime
1152 1479 1178 1505 in
1196 1487 1291 1506 servos
1302 1480 1361 1512 Dei,
1379 1481 1471 1506 nativa
1485 1487 1533 1507 sua
1549 1480 1718 1514 malignitate

930 1523 1115 1550 debacchatur
1127 1531 1158 1550 ae
1168 1525 1255 1552 sevit.
1268 1525 1308 1551 Tu
1325 1525 1408 1560 igitur
1419 1526 1517 1552 fortem
1532 1533 1563 1552 ac
1578 1531 1719 1552 strenuam

931 1568 1012 1595 iidem
1038 1568 1099 1596 vide
1127 1570 1240 1596 indutus
1256 1575 1286 1596 ut
1299 1571 1347 1597 sis.
1364 1571 1436 1598 Sane
1458 1576 1614 1606 perstemus
1637 1571 1718 1598 solidi

88 1607 129 1643 μὴ
152 1608 290 1634 ἐκκλίνετε
317 1609 359 1635 ἵνα
384 1609 420 1644 μὴ
438 1611 550 1646 πέσητε.
574 1622 583 1638 ι
603 1613 656 1639 Καὶ
672 1614 782 1648 ἐπάγει,
801 1624 811 1640 ι
830 1615 877 1646 Τίς

929 1621 961 1640 ac
991 1613 1106 1640 stabiles
1131 1615 1240 1642 incudis
1264 1615 1292 1642 in
1319 1618 1597 1647 morem,undelibet
1630 1616 1717 1644 attriti

87 1653 250 1680 ἐπίστευσεν
266 1654 370 1689 Κυρίῳ,
386 1657 434 1682 καὶ
448 1658 625 1694 κατῃσχύνθη
640 1667 647 1690 ς
664 1659 680 1693 ἢ
712 1659 753 1690 τίς
776 1661 879 1686 ἐπεκα-

85 1698 184 1725 λέσατο
196 1700 288 1732 αὑτὸν,
305 1701 351 1728 καὶ
365 1702 508 1737 ὑπερεῖδεν
523 1703 606 1730 αὐτόν
623 1712 631 1737 ;
648 1705 664 1740 ἢ
679 1705 721 1737 τίς
738 1705 879 1740 ἐνέμεινεν

84 1743 127 1779 τῷ
142 1745 218 1780 φόϐῳ
233 1747 327 1780 αὑτοῦ,
345 1748 392 1774 καὶ
405 1748 602 1785 ὲγκατελείψθη
616 1759 622 1783 ;
641 1760 650 1775 ι
666 1751 710 1786 Μὴ
724 1750 771 1778 οὖν
787 1752 877 1786 ὀλιγο-

83 1791 212 1826 ψυχήσῃς
230 1793 258 1818 ἐν
273 1795 306 1828 τῇ
322 1796 457 1830 προσευχῇ
478 1804 536 1826 σου,
548 1795 591 1822 ἵνα
602 1797 638 1831 μὴ
651 1797 787 1832 ὁμοιωθῇς
800 1798 839 1834 τῷ
849 1799 878 1825 ὲν

82 1837 216 1872 Αἰγύπτῳ
243 1839 309 1874 λαῷ,
325 1840 423 1872 οἵτινες
436 1841 490 1868 ἀπὸ
509 1842 700 1877 ὁλιγοψυχίας,
712 1843 761 1870 οὐκ
782 1844 877 1880 ἤθελον

83 1882 201 1909 ἀκοῦσαι
221 1884 268 1910 τοῦ
297 1885 412 1920 Μωῡσῆ.
431 1887 567 1914 Ἀκουσον
600 1889 687 1923 Ἰησοῦ
715 1889 761 1916 τοῦ
784 1890 876 1925 Ναυῆ,

81 1928 228 1962 λέγοντος·
251 1938 260 1954 ί
277 1930 448 1956 Φυλάσσεσθε
467 1932 570 1966 σφόδρα
599 1933 648 1964 τὰς
680 1933 769 1969 ψυχὰς
788 1935 874 1969 ὑμῶν,

79 1975 195 2008 ἀγαπᾷν
210 1974 312 2009 Κύριον
327 1975 372 2000 τὸν
384 1975 450 2002 Θεὸν
464 1977 552 2012 ἡμῶν,
565 1979 612 2004 καὶ
626 1979 705 2010 αὐτὸς
726 1980 876 2015 πολεμήσει

80 2020 156 2055 ὑπὲρ
184 2020 273 2054 ὑμῶν.
295 2029 305 2046 ι
325 2021 482 2055 Γέγραπται
506 2023 534 2049 δὲ
557 2024 603 2049 καὶ
627 2025 655 2050 ἑν
669 2026 724 2055 τοῖς
739 2026 874 2060 Κριταῖς·

85 2074 94 2090 ι
115 2064 162 2099 Μὴ
179 2065 393 2100 παροργίσωμεν
409 2066 510 2102 Κύριον
524 2067 568 2094 τὸν
585 2068 651 2095 Θεὸν
665 2070 754 2103 ἡμῶν,
776 2070 818 2096 ἵνα
837 2071 874 2105 μὴ

80 2111 172 2146 ἀναϐῇ
202 2110 315 2146 Μαδιάμ
337 2111 405 2146 μετὰ
436 2112 489 2139 τῶν
512 2114 618 2148 κτηνῶν
641 2115 737 2150 αὐτῆς,
756 2116 802 2142 καὶ
814 2116 873 2143 δια-

81 2155 182 2190 φθείρῃ
194 2155 238 2182 τὸν
249 2155 355 2190 καρπὸν
366 2157 455 2191 ἡμῶν,
467 2158 514 2184 καὶ
526 2159 730 2194 πτωχεύσωμεν
742 2161 870 2196 eodem.)

87 2201 265 2236 Ἀκούσωμεν
283 2202 395 2229 Ἡσαΐου
421 2203 563 2236 λέγοντοςα
580 2214 588 2230 ι
607 2206 803 2240 Παρακαλεῖτε,
819 2208 873 2234 ὀλι-

81 2246 209 2281 γὸψυχοι,
226 2248 260 2282 τῇ
272 2248 377 2283 διανοίᾳ
388 2256 395 2264 '
413 2258 423 2274 ›
437 2249 540 2284 Κύριος
555 2250 610 2285 γὰρ
624 2251 733 2278 δίδωσιν
744 2253 873 2288 ὀλιγοψύς

79 2300 142 2327 χοις
162 2293 365 2328 μακροθυμίαν,
386 2295 433 2321 καὶ
455 2294 527 2330 ζωὴν
551 2298 607 2328 ’τοῖς
627 2299 871 2333 συντετριμμένοις

80 2339 115 2370 ’τῇ
135 2338 234 2374 καρδίᾳ
245 2347 252 2354 ⁸
270 2341 316 2366 καὶ
332 2341 411 2375 ἡμεῖς
423 2339 469 2368 οὖν
492 2342 560 2376 μετὰ
578 2343 749 2375 κατανύξεως
771 2345 819 2371 σὺν
834 2345 872 2381 τῷ

81 2382 165 2409 Δασὶδ
180 2384 337 2418 ἐντύχωμεν
348 2385 386 2421 τῷ
403 2385 472 2421 Θεῷ,
492 2387 625 2420 λέγοντες·
643 2397 652 2414 ι
678 2388 870 2424 Ἰῐᾶολὲσχησα,

81 2429 132 2454 καὶ
159 2429 356 2465 ὀλιγοψύχησεν
375 2431 404 2457 τὸ
429 2432 538 2467 πνεῦμά
562 2442 622 2468 μου.
643 2434 676 2460 'H
703 2436 801 2468 καρδία
821 2444 871 2470 μου

81 2476 239 2510 ἐταράχθη,
257 2477 421 2510 ὲγκατέλιπέ
448 2487 481 2513 με
506 2479 522 2514 ὴ
548 2480 624 2514 ἰσχύς
649 2489 712 2515 μου.
735 2481 872 2509 Ἀπώλετο

81 2521 155 2557 (φυγὴ
171 2521 217 2548 ἀπ’
233 2523 311 2556 ἐμοῦ,
327 2525 374 2550 καὶ
388 2524 438 2551 οὑκ
456 2525 529 2551 ἔστιν
543 2526 557 2552 ό
571 2526 694 2562 ἐκζητῶν
717 2527 766 2563 τὴν
781 2528 870 2563 ψυχήν

83 2575 146 2601 μου.
169 2577 190 2594 ι.
205 2567 284 2595 ’Λλλά
298 2578 308 2594 ι
327 2569 372 2603 Μὴ
397 2570 582 2607 ἐγκαταλίπῃς
607 2580 650 2606 με,
669 2572 755 2608 Κύριε
776 2574 790 2599 ὁ
804 2573 871 2606 Θεός

83 2622 145 2648 μου,
161 2613 197 2649 μὴ
210 2614 330 2649 ἀποστῇς
343 2615 390 2642 ἀπ’
406 2616 474 2651 ἐμοῦ
487 2624 495 2632 ·
512 2626 521 2642 ι
540 2618 590 2649 τὰς
613 2618 642 2645 δὲ
666 2619 802 2654 μάστιγάς
824 2628 869 2646 σου

81 2660 238 2694 ἀπόστηοον
268 2660 315 2687 ἀπ’
336 2661 414 2695 ἐμοῦ,
435 2663 476 2689 ὃτι
492 2672 501 2689 ι
531 2663 598 2690 Ἀπὸ
624 2664 674 2699 τῆς
706 2665 796 2700 ίσχύος
820 2666 870 2701 τῆς

81 2704 172 2739 χειρός
191 2713 237 2730 σου
251 2704 307 2738 ἐγὼ
322 2705 456 2738 ἐξέλιπον.
475 2717 484 2733 ι
501 2708 575 2735 Καί·
594 2718 603 2734 ι
633 2709 711 2742 Ἰδοὺ,
727 2710 870 2746 ἐμάκρυνα

83 2749 252 2783 φυγαδεύων,
265 2752 312 2778 καὶ
334 2752 465 2787 ηὕλίσθην
487 2754 516 2780 ἐν
533 2755 566 2789 τῇ
595 2755 701 2790 ἐρήμῳ.
719 2756 868 2791 προσδεχό-

83 2793 165 2830 μενος
186 2802 215 2820 σε
229 2795 275 2822 τὸν
295 2796 482 2828 ζωοποιοῦντα
504 2799 582 2831 Θεὸν,
601 2800 656 2826 ἀπὸ
681 2800 869 2836 ὀλιγοψυχίας,

119 2875 140 2891 ”
154 2875 211 2903 Jac.
231 2885 249 2908 ι,
267 2875 294 2909 6,
312 2878 339 2905 8.
377 2879 399 2896 ⁶¹
413 2877 498 2907 Eccli.
516 2886 546 2912 tl,
564 2878 590 2912 7,
608 2879 632 2907 9.
674 2879 696 2896 ⁸³
710 2879 777 2907 ibid.
798 2878 839 2911 Η.
859 2879 902 2907 1‘2.

81 2919 117 2944 vi,
137 2913 153 2940 ὅ
165 2920 242 2950 seqq.

931 1658 1152 1685 contusionibus.
1167 1659 1274 1686 Excelsi
1293 1660 1385 1687 animo
1402 1661 1513 1689 athletre
1524 1666 1577 1693 est,
1594 1666 1621 1689 et
1636 1661 1718 1689 undi-

930 1712 983 1739 que
999 1705 1076 1736 caadi,
1095 1710 1122 1732 et
1146 1710 1236 1733 tamen
1253 1706 1364 1733 vincere
1384 1715 1390 1733 :
1412 1708 1530 1734 maxime
1557 1708 1584 1734 in
1603 1709 1716 1742 gratiam

930 1750 977 1777 Dei
992 1750 1060 1777 nihil
1076 1759 1130 1777 non
1151 1752 1298 1778 toleremus
1310 1752 1414 1779 alacres
1431 1759 1461 1780 ut
1477 1758 1506 1780 et
1518 1754 1576 1787 ipse
1590 1762 1639 1781 nos
1660 1754 1719 1780 lon-

929 1795 1075 1830 ganimiter
1106 1797 1212 1823 toleret.
1234 1796 1356 1824 Studiosi
1388 1798 1474 1825 simus
1501 1806 1532 1825 ac
1557 1799 1716 1834 pervigiles.

928 1841 1126 1868 Condiscamus
1143 1842 1214 1869 ferre
1232 1843 1361 1876 temporis
1377 1843 1457 1870 istius
1473 1843 1656 1877 iniquitatem,
1669 1843 1717 1878 qui

928 1893 976 1919 spe
1002 1885 1071 1912 nihil
1098 1886 1181 1913 dubia
1212 1887 1403 1921 praestolamur
1428 1887 1576 1914 adventum
1593 1888 1653 1921 ejus
1668 1888 1716 1922 qui

927 1938 1008 1965 supra
1021 1936 1145 1966 tempora
1154 1936 1195 1959 est
1212 1937 1240 1959 et
1252 1932 1298 1966 qui
1316 1932 1374 1959 sine
1386 1936 1510 1966 tempore
1525 1936 1567 1958 est
1584 1940 1590 1958 :
1605 1937 1634 1959 et
1647 1933 1718 1960 invi-

927 1977 1026 2008 sibilis,
1053 1978 1140 2004 nostri
1167 1985 1248 2004 causa
1275 1978 1302 2004 in
1336 1982 1459 2011 tempore
1486 1977 1631 2012 palpabilis
1655 1986 1717 2005 esse

926 2023 1013 2049 voluit
1027 2031 1035 2055 ;
1054 2023 1230 2057 impassibilis
1242 2031 1304 2050 cum
1327 2027 1410 2055 esset,
1427 2023 1557 2058 dignatus
1574 2031 1635 2050 esse
1652 2031 1717 2057 pas—

925 2068 1023 2096 sibilis.
1041 2068 1074 2096 Et
1099 2069 1143 2095 hic
1176 2074 1267 2096 tantus
1293 2069 1319 2095 in
1353 2069 1468 2103 gratiam
1491 2073 1594 2095 nostra!
1617 2069 1719 2096 salutis

925 2115 1136 2142 tolerantissime
1151 2120 1249 2143 cuncta
1267 2115 1391 2150 pertulit.
1410 2115 1483 2142 Dicit
1501 2114 1619 2149 proinde
1637 2114 1714 2141 Scri—

923 2164 1005 2195 ptura
1022 2168 1028 2186 :
1047 2170 1056 2185 ‹
1072 2159 1123 2193 Qui
1143 2161 1245 2187 timetis
1270 2161 1430 2193 Dominum,
1447 2164 1604 2195 exspectate
1634 2160 1719 2187 mise-.

923 2204 1072 2231 ricordiam
1085 2205 1154 2239 ejus,
1175 2209 1202 2231 et
1219 2213 1253 2232 ne
1269 2205 1415 2232 declinetis
1477 2213 1511 2232 ne
1527 2205 1633 2232 cadatis
1647 2204 1680 2231 ".
1702 2214 1711 2230 I

924 2249 1051 2276 inducit:
1074 2259 1084 2276 ι
1103 2250 1170 2282 Quis
1187 2251 1299 2277 conlidit
1317 2251 1343 2278 in
1369 2259 1432 2278 eum
1454 2255 1482 2278 et
1499 2250 1633 2278 confusus
1648 2251 1715 2277 est?

889 2288 909 2315 D
923 2296 1041 2330 autquis
1053 2296 1191 2323 invocavit
1211 2304 1274 2323 eum
1293 2301 1320 2324 et
1338 2296 1464 2331 despexit
1481 2297 1569 2328 illum,
1587 2301 1635 2323 aut
1650 2296 1714 2330 quis

921 2341 1074 2376 permansit
1100 2341 1128 2367 in
1154 2342 1252 2368 timore
1268 2342 1337 2374 ejus,
1352 2346 1380 2368 et
1401 2341 1552 2368 derelictus
1579 2346 1621 2368 est
1635 2341 1681 2368 "?
1702 2350 1711 2366 ι

920 2388 960 2415 Ne
980 2393 1040 2415 esto
1066 2388 1095 2414 in
1119 2388 1244 2414 oratione
1261 2391 1306 2414 tua
1330 2388 1524 2422 pusillanimis,
1539 2391 1569 2414 ut
1583 2395 1618 2415 ne
1634 2387 1714 2414 inve-

921 2434 996 2460 niare
1022 2433 1060 2460 illi
1092 2434 1222 2460 assimilis
1250 2435 1352 2468 populo
1372 2435 1398 2461 in
1413 2433 1531 2469 Egypto
1553 2433 1600 2469 qui
1615 2433 1714 2461 abnuit

921 2479 1018 2507 audire
1034 2480 1154 2515 Moysen,
1170 2480 1237 2506 vitio
1253 2480 1380 2507 laborans
1395 2481 1633 2516 pusillanimitatis
1647 2480 1680 2507 “.
1699 2489 1710 2506 I

919 2525 991 2552 Audi
1016 2529 1044 2552 tu
1060 2525 1153 2552 Jesum
1167 2525 1251 2557 Nave,
1266 2525 1403 2553 dicentem
1421 2536 1426 2553 :
1447 2536 1455 2552 ε
1475 2526 1617 2554 Custodite
1627 2526 1717 2554 Vt}be

919 2576 1026 2599 menter
1059 2571 1165 2598 animas
1195 2574 1321 2603 vestras,
1354 2576 1385 2598 ut
1414 2572 1536 2607 diligatis
1566 2573 1714 2605 Dominum

919 2617 1004 2644 Deum
1033 2620 1167 2648 vestrum,
1183 2620 1211 2643 et
1238 2616 1296 2650 ipse
1323 2617 1456 2650 pugnabit
1480 2625 1528 2651 pro
1554 2617 1634 2644 vobis
1650 2617 1682 2644 “.
1700 2626 1710 2642 ι

920 2662 1060 2697 Scriptum
1075 2666 1117 2688 est
1133 2665 1161 2688 et
1177 2661 1204 2687 in
1219 2661 1347 2689 Judicum
1364 2660 1436 2687 libro
1452 2669 1459 2687 :
1478 2669 1487 2686 ι
1508 2660 1547 2688 Ne
1562 2661 1715 2687 exacerbeq

924 2716 986 2735 mus
998 2707 1156 2739 Dominum,
1175 2711 1205 2734 ut
1217 2714 1251 2734 ne
1266 2706 1396 2733 ascendat
1410 2706 1516 2733 Madian
1531 2706 1714 2741 cumjumen-

924 2755 959 2782 tis
983 2755 1050 2787 suis,
1071 2759 1098 2782 et
1124 2758 1283 2788 corrumpat
1312 2752 1434 2780 fructum
1461 2756 1599 2782 nostrum.
1626 2756 1654 2778 et
1676 2752 1711 2779 ad

924 2805 1076 2829 extremam
1111 2804 1302 2836 paupertatem
1331 2800 1510 2828 devolvamur
1525 2798 1559 2824 “.
1582 2797 1655 2830 Quin
1685 2802 1715 2825 et

943 2879 964 2894 “
979 2879 1066 2907 Exuit.
1087 2887 1125 2913 ιν,
1141 2879 1252 2916 passim.
1292 2878 1314 2895 "
1330 2877 1387 2906 Jos.
1406 2885 1485 2911 mu,
1509 2876 1552 2905 tl.
1590 2875 1611 2892 "
1624 2874 1715 2908 «ludie,l
