1986 3233
102 208 134 240 1f
138 209 170 241 97
423 207 585 238 ΠΟΜΙΠΑ
607 209 762 239 LXXXVI.
778 221 811 225 —
827 209 876 238 DE

945 209 1044 239 BORE
1066 210 1272 241 SECUNDUM
1293 211 1411 241 DEUM.

1664 213 1732 245 1018

99 270 180 292 tuum
193 264 284 291 virtus
316 267 369 290 tua:
387 262 549 297 majestatis,
578 266 606 289 et
635 262 779 290 confirmet
810 263 1051 296 me,Domine,et
1079 264 1254 292 constabiliat
1275 265 1404 292 salutaris
1433 264 1556 294 doctrina
1579 267 1729 303 Evangelii.

96 309 190 338 Certe.
211 307 336 338 Domine,
371 307 476 334 vi5cera
503 314 545 334 me
572 311 702 341 artusque
715 315 790 335 meos
806 315 902 335 omnes
921 308 963 337 fac
979 310 1171 344 splendescere
1189 310 1326 336 inlusione
1340 314 1392 337 tua:
1423 311 1503 344 lueis.
1523 316 1623 347 tuaque
1645 315 1731 342 solius

98 354 254 381 voluntate.
271 351 357 386 Expia
382 359 425 378 me
454 351 488 378 ab
511 351 588 378 omni
615 351 724 379 malitia
748 357 775 380 et
794 357 918 387 peccato.
938 353 1105 382 Conservam
1119 362 1162 382 me
1195 355 1400 383 immaculatum
1414 361 1442 384 et
1461 357 1732 392 irrcprehensibilem

97 399 136 426 ab
153 398 227 426 omni
260 396 421 431 operatione
448 396 619 423 adversarii:
634 401 736 431 tuaque
764 397 933 432 benignitate
954 399 1062 434 imparti
1080 400 1158 432 mihi,
1175 405 1205 426 ut
1227 408 1287 435 qua:
1313 405 1358 428 tua
1380 407 1444 429 sunt
1460 404 1588 437 cogitem,
1606 413 1667 439 quae
1684 410 1731 432 tua

97 448 164 472 sunt
190 443 305 477 sapiam,
324 441 350 467 in
376 441 410 468 iis
430 449 491 475 qua:
514 446 559 468 tua
586 446 651 468 sunt
669 449 827 473 converscr,
842 447 899 473 tuo,
917 451 1014 478 nempe
1032 444 1118 476 illiali,
1135 445 1232 471 timore
1246 449 1272 471 te
1290 445 1398 473 timeam
1418 447 1452 473 ad
1476 452 1627 476 extremum
1645 457 1732 485 usque

98 490 228 516 halitum.
262 489 361 514 lnvoco
392 491 438 518 te,
473 486 588 514 Domine
619 487 683 514 Jesu
707 487 826 519 Christe,
859 495 910 522 ego
937 493 1076 522 peccator,
1100 494 1130 516 ut
1171 497 1220 524 per
1265 491 1477 520 inenarrabilem
1514 494 1731 523 misericordiam

99 539 174 562 tuam
191 542 337 562 conserves
357 542 456 568 corpus
476 541 578 565 meum,
592 533 711 561 animam
726 542 758 562 ac
785 535 912 569 spiritum
932 534 967 561 ab
982 535 1055 561 omni
1070 536 1169 570 laqueo
1185 539 1368 572 oppugnantis
1380 547 1434 566 me.
1450 539 1499 572 lta,
1520 540 1601 568 Pater
1625 547 1730 572 sancte,

100 585 148 608 tua
165 581 251 608 solius
267 582 369 615 pietate
383 587 525 615 propugna
542 588 585 607 me
600 588 711 607 servum
729 586 817 613 tuum,
834 588 884 608 nec
904 581 931 607 in
950 585 1025 618 tanto
1056 581 1215 609 discrimine
1232 584 1413 611 constitutum
1437 586 1550 613 deseras
1567 595 1621 618 me,
1639 592 1670 614 ut
1696 595 1731 614 ne

97 628 193 655 dicant
206 627 308 655 inimici
322 628 388 655 mei.
402 627 601 663 Deglutiyimus
624 635 699 655 eum.
717 628 758 655 Tu
774 628 858 661 enim,
874 629 988 656 Domine
1000 629 1047 662 mi,
1062 635 1249 665 propugnator
1274 640 1353 659 meus
1367 640 1408 665 es,
1422 638 1451 660 et
1462 643 1471 660 ι
1484 633 1514 660 In
1528 638 1554 662 te

99 682 161 701 mea
171 673 324 709 semper",
341 684 350 700 ›
364 680 393 702 et
407 674 434 701 in
447 674 557 701 saecula.
568 675 663 702 Amen.
728 667 731 670 i

1608 634 1731 663 laudatio

133 730 230 762 Οὕτως
243 729 288 757 οὖν
305 730 498 766 προσέλθωμεν
514 730 552 766 τῷ
571 729 665 764 ἀγαθῷ
680 730 802 766 Δεσπότῃ
813 751 820 761 ,
842 730 888 757 καὶ¹

979 731 1085 766 1165
1110 731 1151 758 Ad
1176 731 1251 759 hunc
1275 732 1386 759 modum
1411 734 1525 768 propius
1550 735 1731 771 adiungamus

100 778 140 814 μὴ
159 777 401 812 ὀλιγοψυχήσωμεν
418 776 446 802 ἓν
461 785 526 808 τινι,
543 775 611 803 ἀλλὰ
627 775 824 809 ἀγωνισώμεθα
841 776 890 802 ἀν-

97 823 196 859 δρείως
207 821 423 858 μνημονεύοντες
436 821 482 847 τοῦ
495 821 700 856 γεγραμμένου,
716 820 774 851 τοῦ,
792 818 890 846 (Εἶπεν

97 869 127 895 δὲ
145 868 192 895 καὶ
202 867 360 903 παραϐολὴν
374 867 478 898 αὐτοῖς,
493 867 560 902 πρὸς
573 866 602 892 τὸ
610 866 664 892 δεῖν
679 866 793 892 πάντοτε
807 873 888 900 προσ-

98 913 237 948 είχεσθαι,
274 913 322 939 καὶ
339 912 377 946 μὴ
406 912 543 938 ὲκκακεῖν.
564 921 573 936 ι
599 911 652 937 Καὶ
669 911 813 946 ὲπιςςέρευ
829 920 838 936 ‹
861 908 890 937 '0

96 960 126 986 δὲ
141 959 207 990 Θεὺς
226 958 257 984 οὐ
274 957 312 992 μὴ
333 958 440 992 ποιήσει
455 957 504 991 τὴν
519 957 659 991 ἐκδίκησιν
678 956 732 982 τῶν
754 956 890 983 ἐκλεκτῶν

97 1003 182 1031 αὑτοῦ
195 1002 250 1029 τῶν
265 1002 389 1037 βοώντων
411 1001 478 1036 πρὸς
495 1001 576 1028 αὐτὸν
598 1001 693 1032 νυκτὸς
708 1001 754 1028 καὶ.
772 1001 888 1036 ἡμέρας,

99 1049 148 1076 καὶ
158 1048 332 1083 μακροθυμεῖ
343 1056 350 1080 ;
363 1047 418 1073 Ναὶ
430 1047 501 1081 λέγω
513 1047 587 1082 ὑμῖν,
598 1047 639 1073 ὃτι
652 1048 759 1082 ποιήσει
771 1048 800 1073 ἐν
812 1047 890 1081 τάχει

97 1095 149 1130 τὴν
165 1094 306 1128 ἐκδίκησιν
325 1092 426 1121 αὐτῶν.
443 1102 452 1118 ›
476 1093 556 1128 Αὐτῷ
572 1093 589 1127 ὴ
609 1092 674 1125 δόξα
691 1093 730 1125 είς
746 1093 809 1124 τοὺς
823 1091 890 1119 αἰῶ·

98 1147 158 1172 νας.
177 1138 272 1174 Ἀμήν.

384 1196 494 1222 ΛΟΓΟΣ
517 1196 588 1229 nq'.

299 1276 301 1278 _
398 1242 468 1276 Περὶ
485 1242 590 1268 κόπου.

137 1288 167 1315 Οἱ
188 1287 259 1314 κατὰ
272 1287 338 1314 Θεὸν
359 1288 438 1313 κόποι
456 1286 588 1318 σώζουσιν
615 1285 660 1313 τὸν
678 1285 829 1322 ἄνθρωπον,
842 1287 886 1314 καὶ

101 1333 257 1368 παρρησίαν
283 1332 357 1368 αὑτῷ
375 1331 542 1367 παρέχουσιν
559 1330 626 1366 πρὸς
640 1331 686 1358 τὸν
708 1331 774 1358 Θεὸν
788 1332 887 1365 λέγειν’

104 1388 114 1404 ι
136 1380 189 1405 Ἴδε
203 1379 254 1412 τὴν,
270 1377 437 1405 ταπείνωσίν
452 1385 514 1412 μου,
533 1377 580 1403 καὶ
599 1377 644 1403 τὸν
667 1377 750 1403 κόπον
766 1385 827 1412 μου,
843 1377 889 1403 καὶ

100 1425 168 1458 ἄφες
185 1424 274 1455 πάσας
297 1423 347 1454 τὰς
361 1424 498 1458 ἁμαρτιας
524 1431 585 1457 μου,
602 1431 611 1448 ι
629 1423 680 1455 ὅτι,
702 1431 712 1448 ‹
736 1423 886 1450 Ἐκοπίασα

101 1470 221 1504 κράζων,
233 1469 415 1504 ὲὸραγχίασεν
430 1470 444 1495 ὁ
458 1468 561 1504 λάρυγξ
580 1477 642 1503 μου,
653 1469 700 1494 καὶ
712 1469 736 1494 οἰ
753 1468 887 1502 ὀφθαλμοί

103 1523 154 1549 μου
176 1514 299 1547 ἐξέλιπον
321 1514 375 1540 ἀπὸ
402 1514 450 1540 τοῦ
477 1514 597 1545 ἐλπίζειν
618 1522 651 1548 με
677 1513 724 1540 ἐπὶ
749 1513 795 1540 τὸν
821 1513 888 1539 Θεόν

103 1568 163 1595 μου.
179 1569 188 1585 ›
205 1559 300 1595 Δῶμεν
313 1557 370 1590 οῦν,
383 1559 528 1594 ἀγαπητοὶ,
546 1558 576 1585 τὸ
596 1559 675 1593 σῶμα
688 1558 767 1594 ήμῶν
782 1559 821 1589 είς
843 1559 889 1584 κό-

102 1614 151 1632 πον
165 1606 212 1632 σὺν
227 1606 260 1640 τῇ
285 1605 355 1640 ψυχῇ
372 1605 400 1631 ἐν
421 1605 569 1639 νηστείαις,
586 1606 634 1630 καὶ
649 1604 824 1638 ἀγρυπνίαις,
841 1603 888 1629 καὶ

101 1651 282 1686 ψαλμῳδίαις,
295 1651 341 1677 καὶ
353 1650 446 1686 εὐχαῖς
457 1649 649 1682 ἀδιαλείπτοις,
667 1649 713 1675 καὶ
727 1649 886 1684 ὲργοχείρῳ,

101 1697 145 1722 ῖηηα
160 1695 337 1730 ἀπολάϐωμεν
351 1695 396 1722 τὸν
420 1695 526 1730 μισθὸν,
545 1704 554 1721 ι
572 1695 656 1722 Ὅταν
680 1694 718 1730 δῷ
742 1696 796 1724 τοῖς
817 1695 886 1728 ἁγα-

102 1742 197 1775 πητοίς
210 1739 294 1766 αὐτοῦ
309 1739 420 1773 ὖπνον,»
435 1741 574 1767 τουτέστιν
584 1740 834 1772 ἀνάπαυσινίποῖον
844 1745 888 1774 μι-

103 1786 164 1812 σθόν
175 1794 182 1818 ;
197 1785 233 1812 Τὸ
244 1786 426 1821 κληρονόμους
437 1787 510 1821 ἡμᾶς
523 1785 650 1820 γενέσθαι
662 1786 708 1812 καὶ
725 1785 798 1816 υἱοὺς
809 1785 886 1811 Θεοῦ.

102 1827 185 1860 Οὗτος
202 1831 266 1866 γὰρ,
288 1840 297 1856 ι
318 1830 348 1857 ’0
364 1831 458 1866 μισθὸς
471 1831 518 1858 τοῦ
540 1831 647 1867 καρποῦ
664 1832 714 1866 τῆς
730 1831 856 1866 γαστρὸς,
875 1838 885 1856 ι

101 1875 240 1902 τουτέστιν
251 1876 298 1910 τῆς
306 1876 477 1910 ἐγκρατείας.
491 1877 668 1911 Εὑρίσκονται
677 1876 731 1911 γὰρ
740 1877 764 1902 οἱ
774 1876 887 1902 τοιοῦτοι

101 1919 140 1951 ὡς
166 1921 190 1946 οι
212 1919 365 1950 ἀπόστολοι,
396 1919 513 1954 μάλιστα
527 1921 551 1946 οἱ
566 1921 712 1951 ἀσκοῦντες
740 1920 788 1954 τὴν
804 1921 888 1955 ἀκτη-

104 1963 232 1998 μοσύνην.
245 1973 254 1989 ι
275 1963 346 1989 Ὠσεὶ
359 1963 422 1998 βέλη
434 1963 498 1998 γὰρ,
513 1964 542 1990 ὲν
560 1964 630 1998 χειρὶ
644 1963 768 1995 δυνατοῦ,
782 1974 790 1988 ι
803 1963 889 1994 οὕτως

104 2010 157 2035 υἱοὶ
168 2009 223 2036 τῶν
234 2008 429 2040 ὲκτιναξάντων
439 2009 551 2039 ἑαυτοὺς
562 2008 615 2034 ἀπὸ
625 2008 673 2042 τῆς
684 2008 749 2042 ὕλης
762 2007 808 2034 τοῦ
822 2008 889 2034 αἰῶ-

939 783 991 802 nos
1008 782 1060 802 tam
1078 777 1206 804 clementi
1222 778 1347 811 Domino,
1362 787 1414 806 nec
1432 780 1486 806 ulla
1511 788 1544 807 ex
1569 789 1598 808 re
1619 783 1658 809 sic
1680 783 1731 810 mi~

940 828 1001 848 sere
1019 821 1175 856 cliqucmur
1190 826 1237 849 aut
1252 823 1413 851 deﬁciamus
1433 825 1544 858 animo;
1561 827 1648 861 magis
1663 835 1732 855 \‘ero

940 871 1052 894 strenue
1068 868 1278 901 contendamus,
1300 869 1374 895 illius
1396 878 1535 898 memores
1559 872 1729 907 Scriptura:

943 923 952 938 ἰ
968 913 1040 940 Dixit
1056 918 1148 940 autem
1166 914 1206 941 eis
1223 918 1250 941 et
1269 915 1440 948 parabolam,
1456 916 1522 950 quia
1535 922 1644 952 oportet
1659 926 1717 945 sem

940 965 990 993 per
1003 966 1083 985 orare
1100 963 1127 985 et
1150 966 1204 985 non
1220 959 1339 986 deficere
1353 959 1386 986 '“.
1405 969 1413 984 ι
1429 960 1534 987 Infert:
1553 971 1562 986 ἰ
1580 962 1651 989 Deus
1665 970 1732 991 vero

939 1011 994 1030 non
1007 1003 1088 1031 faciet
1100 1003 1250 1030 vindictam
1261 1004 1440 1032 clamantium
1452 1005 1484 1032 ad
1498 1013 1526 1032 se
1538 1005 1583 1033 die
1593 1014 1624 1034 ac
1635 1012 1730 1040 nocte,

939 1054 967 1076 et
982 1050 1091 1083 patiens
1107 1050 1180 1078 erit?
1192 1049 1272 1077 Certe
1285 1050 1348 1077 dico
1366 1051 1454 1083 vobis,
1472 1051 1536 1086 quia
1554 1051 1637 1079 faciet
1652 1053 1730 1079 velo-

939 1095 1009 1122 citer
1025 1095 1173 1123 vindictam
1184 1103 1280 1123 eorum
1296 1097 1345 1123 ".i
1359 1097 1412 1132 ipsi
1426 1097 1511 1132 gloria
1526 1097 1554 1124 in
1568 1098 1666 1126 saecula
1678 1105 1729 1126 sa—

940 1141 1078 1176 culprum.
1092 1142 1190 1170 Amen.

1181 1198 1321 1226 IIOMILIA
1346 1199 1486 1228 LXXXVI.

1254 1244 1292 1271 De
1313 1245 1412 1272 labore.

974 1288 1026 1321 Qui
1056 1289 1207 1315 secundum
1235 1289 1321 1316 Deum
1348 1294 1414 1316 sunt
1440 1290 1559 1323 labores,
1588 1290 1730 1318 hominem

940 1340 1014 1360 recta
1043 1330 1207 1368 provehunt
1226 1335 1259 1361 ad
1285 1339 1395 1369 portum
1412 1335 1519 1366 salutis,
1554 1336 1728 1371 multumque

940 1384 1069 1412 praestant
1087 1380 1192 1407 fiducia:
1219 1381 1291 1414 apud
1306 1381 1408 1407 Dcum:
1438 1389 1491 1416 qua
1515 1381 1612 1413 fretus,
1636 1382 1729 1409 dicere

940 1423 1056 1458 ingenue
1071 1425 1161 1451 ausit:
1183 1433 1191 1449 ι
1211 1425 1278 1452 Vide
1293 1425 1476 1452 humilitatem
1502 1434 1589 1453 meam
1602 1431 1631 1453 et
1653 1426 1730 1453 labo-

939 1477 996 1495 rem
1012 1477 1115 1500 meum,
1144 1474 1171 1496 et
1189 1470 1296 1496 dimitte
1321 1470 1447 1498 universa
1461 1476 1571 1504 peccata
1598 1471 1700 1498 mea“:
1717 1481 1727 1498 ι

939 1515 1002 1550 quia
1023 1525 1030 1539 ι
1048 1515 1181 1542 Laboravi
1197 1516 1327 1547 clamans,
1346 1524 1436 1542 rancze
1459 1517 1537 1543 factae
1553 1521 1616 1543 sunt
1637 1517 1730 1544 fauces

939 1569 1015 1592 mere,
1032 1565 1059 1587 et
1075 1561 1146 1587 oculi
1161 1561 1213 1587 mci
1231 1561 1392 1587 defecerunt
1405 1560 1469 1587 dum
1483 1569 1563 1594 spero
1584 1561 1611 1587 in
1642 1561 1726 1588 Deum

938 1614 1029 1633 meum
1045 1606 1078 1631 “7.
1096 1615 1104 1631 ι
1137 1606 1244 1639 Corpus
1267 1605 1359 1639 itaque
1383 1609 1506 1631 nostrum
1531 1605 1727 1640 animamque,

939 1651 1106 1681 charissimi,
1126 1651 1244 1677 assiduis
1272 1658 1442 1677 maceremus
1467 1650 1590 1685 jejuniis,
1613 1659 1728 1678 manua-

938 1697 980 1723 rio
998 1697 1062 1723 item
1083 1696 1160 1730 operi
1186 1696 1311 1730 nosipsos
1340 1695 1538 1730 mancipemus,
1570 1699 1609 1728 ut,
1632 1706 1641 1721 ι
1658 1695 1726 1723 Cum

938 1739 1046 1767 dederit
1059 1739 1166 1766 dilectis
1180 1739 1237 1766 suis
1249 1747 1375 1766 somnum
1386 1739 1434 1771 ",r
1456 1739 1507 1766 hoc
1524 1743 1577 1769 est.
1593 1739 1726 1774 requiem,

939 1785 1060 1812 fructum
1087 1785 1177 1819 dignm
1206 1785 1370 1819 recipiamus
1399 1785 1544 1812 mercedis.
1577 1785 1727 1818 Quamnam

939 1831 1094 1858 mercedem
1103 1832 1113 1857 ?
1121 1831 1254 1858 Nimirum
1265 1838 1327 1858 cum
1339 1830 1490 1858 cllieicmur
1501 1831 1623 1858 hanrcdes
1634 1839 1666 1859 ac
1681 1831 1728 1858 lilii

939 1878 987 1905 Dei
997 1877 1030 1903 θ’.
1057 1876 1119 1903 llmc
1143 1877 1222 1910 plane
1254 1886 1263 1901 ι
1283 1876 1387 1902 Merces
1416 1876 1523 1902 fructus
1547 1876 1698 1902 ventris”:
1715 1887 1725 1902 ι

940 1922 994 1948 hoc
1011 1926 1063 1952 est,
1080 1921 1279 1954 temperanlize.
1292 1920 1473 1946 inveniuntur
1483 1924 1510 1946 et
1527 1920 1594 1946 tales
1619 1921 1726 1948 assimi-

939 1966 979 1993 les
995 1966 1126 2000 apostolis
1143 1966 1258 1992 maxime
1276 1964 1322 1999 qui
1338 1972 1429 1991 rerum
1444 1965 1563 1999 inopiam
1579 1965 1669 1992 studio
1682 1974 1727 1992 as-

939 2011 1124 2038 scctahantur.
1141 2019 1150 2034 (
1166 2009 1248 2042 Quasi
1265 2009 1337 2036 enim
1355 2009 1460 2043 sagittae
1483 2010 1510 2036 in
1537 2018 1616 2036 manu
1634 2015 1729 2045 poten-

103 2063 148 2086 vo;
169 2055 274 2081 τούτου.
305 2054 410 2084 Ott-we;
438 2053 486 2080 καὶ
512 2052 719 2088 μακαρίζονται,
744 2052 781 2084 ὡς
804 2052 888 2087 καλὴν

941 2057 1018 2088 tis“,
1034 2065 1042 2080 ι
1061 2056 1098 2082 ita
1116 2055 1163 2081 filii
1181 2063 1277 2081 eorum
1291 2054 1337 2088 qui
1354 2062 1382 2081 sc
1397 2059 1576 2082 excusserunt
1598 2055 1632 2082 ab
1653 2056 1727 2082 omni

103 2099 249 2134 ἐπιθυμίαν
284 2098 461 2133 πληροῦντες.
498 2097 553 2125 Καὶ
582 2098 612 2124 οὺ
644 2098 889 2133 καταισχυνθήσον-

102 2154 158 2177 ται,
184 2145 247 2171 ὅταν
264 2144 402 2171 λαλῶσιν”
426 2152 435 2170 ι
450 2144 512 2175 Τοῖς
538 2143 645 2178 ἐχθροῖς
670 2143 759 2169 αὐτῶν
783 2143 811 2169 ἑν
837 2142 888 2169 1:5-

102 2191 152 2227 λῃ·
182 2201 192 2217 ι
214 2191 353 2217 τουτέστιν
367 2191 395 2216 ὲν
411 2190 450 2225 τῷ
476 2189 565 2224 καιρῷ
584 2190 633 2224 τῆς
656 2189 709 2215 ἀπὸ
730 2187 777 2214 τοῦ
796 2187 889 2223 σώμα-

101 2245 146 2268 τος
165 2237 253 2263 αὐτῶν
274 2236 376 2270 ἐξόδου.
398 2235 482 2262 ὀταν
501 2235 633 2270 ἔρχωνται
649 2235 673 2260 οἱ
699 2235 812 2269 πονηροὶ
836 2234 890 2260 δαι-

103 2291 183 2318 μονες
211 2282 332 2314 θέλοντες
356 2283 501 2316 κατασχεῖν
514 2281 563 2316 τὴν
578 2281 667 2315 ψυχὴν
695 2280 748 2306 ἀπὸ
771 2279 818 2306 τοῦ
842 2279 892 2306 ad;-

104 2337 198 2364 ματος.
214 2328 262 2360 Τίς
278 2326 324 2354 οὖν
339 2327 419 2361 σοφὸς
430 2324 519 2354 ’ταῦτα
534 2325 685 2360 γινώσκων,
710 2325 748 2361 μὴ
764 2326 889 2353 κοπιάσει

102 2375 155 2405 ἕως
179 2373 294 2400 θανάτου
319 2373 405 2399 σῶσαι
420 2368 469 2408 τὴν
481 2371 569 2407 ψυχὴν
584 2371 696 2403 ἑαυτοῦ]
711 2371 740 2397 οὺ
758 2371 837 2406 μόνον
861 2371 889 2397 δὲ

66 2446 69 2450 _
101 2420 152 2454 τὴν
168 2419 256 2454 ψυχὴν
282 2418 413 2450 σώζουσιν
428 2419 452 2444 οί
477 2418 546 2444 κατὰ
560 2417 625 2443 Θεὸν
649 2417 736 2447 κόποι,
762 2416 828 2443 ἀλλὰ
843 2416 890 2443 καὶ

102 2465 133 2491 τὸ
156 2464 236 2498 σῶμα
253 2465 329 2498 ὑγιὲς
343 2464 391 2490 καὶ
405 2463 541 2498 εὔρωστον
548 2462 889 2498 ἀποτελοῦσιν.Ἐπιχορη-

103 2511 148 2543 γεῖ
175 2509 228 2544 γὰρ
241 2509 291 2544 τὴν
304 2510 402 2544 ἰσχὺνὸ
413 2509 477 2540 Θεὸς
496 2508 564 2535 κατὰ
578 2508 627 2543 τὴν
643 2508 770 2542 πρόθεσιν
783 2509 829 2536 τοῦ
841 2509 890 2536 ἀν-

104 2555 225 2590 Θρώπου.
247 2555 280 2580 ’11
296 2555 325 2581 δὲ
341 2555 424 2590 ἀργία
441 2555 540 2581 κακίαν
555 2554 707 2581 ἐκδιδάσκει
725 2555 868 2590 ἀκανοώδη
881 2563 888 2570 ”

104 2602 133 2627 ὲν
154 2600 208 2635 γὰρ
231 2601 309 2635 χερσὶ
333 2600 380 2626 τοῦ
408 2600 508 2635 ἀέργου
532 2599 647 2626 ἄκανθαι
685 2600 806 2634 φύονται.
836 2601 889 2627 Καὶ

107 2656 116 2672 ι
143 2647 214 2672 ὐδοὶ
239 2647 347 2682 ἀέργων
372 2646 543 2681 ἑστρωμέναι
559 2645 700 2676 ἀκάνθαις.
728 2655 738 2671 ι
768 2645 888 2672 Τοιοῦτοί

104 2693 173 2718 εἰσιν
199 2692 224 2717 οἱ
253 2691 335 2726 μηδὲν
361 2691 556 2726 ἐργαζόμενοι,
581 2691 813 2722 καταλαλοῦντες,
843 2693 889 2718 καὶ

943 2110 1010 2130 cura
1024 2101 1208 2129 concretionis
1218 2100 1340 2127 materiae
1365 2101 1458 2128 saeculi
1486 2101 1575 2127 istius.
1589 2101 1728 2136 Ejusmodi

943 2155 1007 2175 sane
1019 2155 1099 2182 quam
1122 2147 1194 2173 beati
1210 2146 1405 2181 praedicantur.
1421 2150 1450 2172 ut
1475 2146 1520 2180 qui
1545 2146 1686 2173 honestam
1702 2150 1729 2173 et

943 2191 1189 2219 commendabilem
1204 2191 1313 2225 explent
1326 2191 1588 2225 concupiscentiam,
1607 2198 1641 2217 ne
1662 2198 1730 2217 con-

943 2236 1109 2269 fundantur,
1139 2244 1201 2263 cum
1232 2236 1397 2270 loquentur,
1428 2245 1436 2260 ι
1469 2235 1588 2262 inimicis
1618 2235 1675 2262 suis
1701 2236 1728 2263 in

943 2282 1069 2318 porta".
1087 2291 1096 2306 ι
1125 2281 1177 2308 hoc
1203 2281 1297 2312 est,in
1317 2281 1434 2307 articulo
1458 2289 1513 2308 sua:
1546 2280 1732 2308 defunclionis

942 2334 1024 2364 atque
1037 2328 1128 2355 exitus
1143 2336 1158 2355 c
1174 2327 1299 2362 corporis
1313 2327 1470 2354 domicilio:
1487 2334 1541 2361 quo
1557 2326 1729 2361 potissimum

944 2379 1066 2408 tempore
1092 2373 1230 2400 hominem
1252 2371 1362 2405 maligni
1390 2370 1554 2398 adoriuntur
1575 2369 1728 2402 daunoncs,

943 2420 1034 2448 studio
1051 2424 1079 2446 et
1093 2423 1192 2446 conatu
1205 2417 1414 2453 prmoccupandi
1440 2414 1570 2443 animam.
1583 2416 1634 2449 Qui
1659 2417 1731 2451 sapit

943 2470 971 2493 et
985 2465 1043 2492 haec
1057 2465 1137 2499 plane
1151 2464 1237 2492 novit.
1251 2463 1284 2489 ad
1300 2467 1414 2489 mortem
1430 2470 1516 2497 usque
1528 2470 1581 2489 non
1597 2463 1731 2496 conquie-

943 2516 1010 2542 scet,
1025 2510 1111 2537 donec
1124 2517 1201 2536 suam
1215 2509 1300 2543 ipsius
1313 2508 1430 2534 animam
1447 2507 1528 2534 faciat
1541 2508 1654 2534 saham.
1675 2507 1731 2534 Nec

943 2556 1061 2583 animam
1078 2555 1158 2582 modo
1172 2554 1275 2581 iaciunt
1288 2554 1390 2580 salvam
1407 2555 1453 2588 qui
1468 2553 1618 2580 seCundum
1644 2553 1730 2579 Deum

943 2605 1007 2629 sunt
1023 2601 1142 2630 labores,
1167 2599 1214 2627 sed
1241 2603 1270 2625 et
1294 2599 1404 2633 corpori
1431 2599 1576 2625 sanitatem
1597 2606 1628 2624 ac
1659 2598 1731 2624 vires

943 2645 1102 2675 conciliant,
1119 2644 1162 2670 cui
1177 2644 1250 2670 Deus
1261 2643 1346 2670 robur
1359 2643 1518 2678 suppeditat
1535 2651 1586 2677 pro
1611 2643 1732 2669 hominis

942 2690 1083 2726 proposito
1104 2699 1110 2716 :
1130 2693 1158 2716 at
1176 2689 1274 2720 otium,
1299 2689 1432 2716 malitiam
1461 2696 1570 2715 omnem
1601 2688 1732 2722 perdocet

105 2735 286 2771 φλυαροῦντες
311 2737 340 2763 ὲν
359 2736 459 2770 ἁφοϐίᾳ
479 2735 557 2762 Θεοῦ.
575 2736 645 2770 Πρὸς
667 2735 770 2768 τούτοις
786 2736 824 2768 δὲ,
841 2737 887 2762 καὶ

941 2736 1082 2770 spinarum
1097 2735 1183 2762 instar
1195 2734 1357 2761 aculeatam.
1369 2733 1399 2760 In
1417 2734 1546 2760 manibus
1565 2732 1637 2759 enim
1651 2733 1731 2759 otiosi

104 2783 249 2818 προπετεῖς
264 2783 332 2808 εἰσιν
355 2783 384 2807 ὲν
404 2781 493 2814 λόγοις
519 2781 727 2816 ἀσυναρτήτοις,
753 2782 886 2818 προφάσει

137 2853 159 2869 ⁸³
178 2852 247 2879 Psal.
263 2860 325 2885 tu,
342 2853 368 2879 6.
407 2853 429 2869 "
447 2853 510 2885 an.
528 2861 606 2886 xviii,
623 2853 647 2879 l.
686 2852 709 2868 ⁸³
724 2852 787 2879 ibid.
804 2853 830 2882 7.
847 2853 874 2880 8.

163 2889 185 2904 "
204 2887 281 2915 “om.
305 2896 360 2916 vm.
382 2888 423 2916 l6.
465 2888 570 2916 “Psal.
592 2895 681 2916 cum.
702 2887 727 2913 2.
769 2888 791 2903 θ’
810 2888 874 2914 ibid.

952 2852 1022 2878 ΡςιιΙ.
1039 2859 1116 2901 μιν,
1131 2851 1174 2879 18.
1211 2850 1234 2867 ⁸⁷
1249 2850 1319 2878 Psal.
1336 2856 1429 2882 utrm,
1445 2849 1471 2876 ιι.

954 2888 975 2902 "
993 2887 1056 2914 ibid.
1075 2895 1101 2914 ι).
1139 2888 1142 2890 ⁷

103 2889 128 2918 2.
163 2889 185 2904 "
204 2887 281 2915 “om.
305 2896 360 2921 vui,
382 2888 423 2916 l6.
465 2888 570 2916 “Psal.
592 2895 681 2920 cxxu,
702 2887 727 2913 2.

941 2785 1039 2816 sponte
1050 2787 1098 2807 sua
1110 2780 1230 2807 emicant
1241 2779 1336 2814 spinte.
1354 2779 1397 2811 Et,
1416 2789 1424 2804 ι
1441 2779 1496 2806 Viae
1510 2777 1661 2804 otiosorum
1677 2777 1732 2811 spi-

1514 2848 1536 2864 ⁸⁸
1548 2847 1622 2876 l’sal.
1638 2855 1731 2881 eam,

954 2888 975 2902 "
993 2887 1056 2914 ibid.
1075 2886 1101 2914 5.
