1982 3232
278 188 347 220 1703

906 185 1086 216 ANTIOCHI
1105 183 1276 215 MONACHI

1844 183 1918 215 173i

276 243 414 273 naturain
429 250 489 270 eam
507 251 567 278 qum
592 243 684 271 nativa
701 248 744 271 cst
762 243 817 279 igni
843 244 951 276 transit,
974 243 1058 278 fitque

1121 242 1280 277 τερπνότητα
1309 238 1425 275 Κυρίου.
1455 248 1464 266 ι
1483 240 1537 266 Καὶ
1563 240 1612 267 τόυ
1649 250 1658 266 σ
1676 239 1751 274 Ἐγὼ
1781 239 1814 267 δὲ
1843 241 1918 266 iussi.

276 287 475 323 propemodum
489 288 577 323 ignis:
592 288 628 314 ita
642 293 670 314 ct
681 288 727 322 qui
745 289 801 315 Deo
813 289 928 323 propius
940 287 1065 323 adjungi-

275 339 332 366 tur,
347 342 396 368 par
410 337 464 365 est,
476 341 492 360 a
504 341 533 360 se
549 338 578 360 ut
591 333 653 360 vita:
670 333 751 360 istius
773 334 827 360 situ
854 334 1011 368 ferrugineo
1037 337 1066 360 et

276 379 454 407 tenebricoso
484 378 619 406 obductas
643 386 725 405 curas
749 378 882 410 excutiat,
904 382 932 405 ct
955 378 1065 405 uniatur

277 424 346 460 igni,
362 432 444 459 quem
467 425 603 451 Dominus
618 424 692 451 venit
706 424 816 451 mittere
835 424 863 451 in
882 428 993 454 terram,
1005 423 1066 449 fiat-

276 477 331 504 que
359 474 434 497 totus
458 470 539 505 ignis,
568 478 602 497 ne
629 478 644 496 a
676 477 814 504 quoquam
839 469 1062 496 adversariorum

277 515 405 550 intercipi
420 515 545 550 possitet
560 515 722 550 expugnari.
744 515 852 549 1168
872 514 918 540 Ait
944 513 1009 540 item
1035 516 1063 540 et

276 561 442 595 Apostolus:
472 570 481 586 ι
502 561 695 588 Sollicitudine
711 569 766 588 non
795 560 874 595 pigri,
890 559 986 594 spiritu
1006 559 1063 586 fere

276 607 382 637 ventcs',
396 605 512 632 Domino
525 606 679 633 servientes
691 606 723 632 ”.
744 615 752 630 ι
769 605 821 638 Qui
842 605 925 640 igitur
939 605 1061 639 seipsum

276 652 447 679 cansccravit
461 652 528 683 Deo,
555 659 669 679 necesse
683 657 725 678 cst
750 655 779 678 ut
806 659 869 678 cum
895 651 1063 685 cogitatione

276 703 391 731 prorsus
405 696 528 728 sincera,
544 701 572 723 et
584 695 755 723 ornamentis
771 695 907 722 bonarum
921 695 1062 722 actionum

277 742 457 776 conspicuus,
486 749 539 768 una
572 749 636 768 cum
660 741 763 768 Davide
788 741 887 775 psallat
917 749 950 768 ac
973 741 1062 768 dicat:

280 797 289 814 ι
305 787 391 815 Unam
406 787 489 821 petivi
500 795 514 813 a
527 787 654 818 Domino,
664 787 735 813 hanc
743 787 894 821 requiram.
911 790 941 812 ut
954 785 1065 812 inhabi-

277 836 332 859 tem
349 831 377 858 in
394 831 477 858 domo
489 831 596 858 Domini
610 831 740 858 omnibus
752 831 851 858 diebus
864 831 927 858 vitae
946 838 1024 862 mete,
1036 834 1066 858 ut

277 877 383 904 videam
404 876 470 911 quid
490 876 645 910 jucundum
659 876 695 903 sit
718 876 834 903 Domino
844 876 877 903 ".
896 885 905 901 ι
929 876 963 903 Et
983 876 1067 903 illud:
1084 875 1106 902 Β

280 929 289 945 ι
302 919 359 953 Ego
374 923 464 945 autem
477 917 550 944 sicut
574 917 645 953 oliva
670 917 814 945 fructifera
837 918 865 945 in
895 918 977 945 domo
993 920 1038 945 Dei
1052 919 1084 946 ".
1101 928 1111 944 ι

1114 287 1192 313 ἐλαία
1207 287 1384 320 κατάκαρπος
1399 286 1427 312 ὲν
1499 285 1567 320 οἴκῳ
1590 285 1636 311 τοῦ
1653 285 1731 312 Θεοῦ.
1751 294 1762 311 ι
1784 286 1843 312 Καὶ
1862 287 1896 312 τό
1909 294 1917 301 ”

1117 341 1126 358 t
1147 331 1244 366 Κύριε,
1261 331 1394 366 ἠγάπησα
1417 331 1583 366 εὐπρέπειαν
1598 331 1672 357 οἷκου
1688 339 1748 362 σου,
1761 331 1812 357 καί
1828 331 1918 357 τόπον

1114 379 1294 413 σκηνώματός
1322 378 1402 412 δόξης
1425 386 1483 404 σου.
1505 386 1515 404 ›
1538 377 1612 403 Καί·
1629 377 1706 403 ε”Οτι
1721 376 1862 410 ἀγαπητὰ
1883 377 1919 403 τέ.

1115 424 1286 459 σκηνώματά
1308 432 1367 457 σου,
1392 424 1490 458 Κύριε,
1516 423 1601 458 Κύριε
1619 423 1673 449 τῶν
1694 416 1858 457 δυνάμεών.
1882 438 1919 443 -——

1118 469 1280 495 «Ἐπιτιοοεῖ
1303 468 1359 503 γὰρ
1382 468 1430 494 καὶ
1455 467 1576 494 ἐκλείπει
1597 468 1613 501 ὴ
1637 466 1710 501 ψυχή
1732 475 1786 500 μου
1805 467 1850 497 εἰς
1868 467 1919 497 τὰς

1117 517 1202 547 αὐλὰς
1225 515 1274 542 τοῦ
1300 515 1412 548 Κυρίου.
1438 514 1580 549 Μακάριος
1593 513 1646 548 γὰρ
1669 513 1699 539 ὃν
1721 512 1845 544 ἐξελέξω
1870 513 1919 538 καὶ

1116 559 1284 593 προσελάϐου
1311 559 1534 593 κατασκηνώσειν
1561 559 1590 584 ὲν
1616 559 1675 589 ταῖς
1701 556 1801 588 αὐλαῖς
1821 565 1886 582 σου.
1908 566 1918 582 ι

1116 606 1172 632 Καὶ
1187 607 1202 640 ἠ
1224 605 1347 639 μακαρία
1364 605 1459 638 Μαρία.
1474 604 1490 638 ἡ
1510 603 1557 630 τοῦ
1574 603 1699 638 Λαζάρου
1720 603 1830 636 ἀδελξςὴ
1849 602 1920 635 ττῴς

1116 651 1179 682 τοὺς
1202 650 1284 681 πόδας
1299 649 1417 684 ὲκάθητο
1429 649 1476 675 τοῦ
1498 649 1642 681 Δεσπότου,
1659 647 1920 682 προσκαρτερΟὖπα

1118 696 1188 731 μετὰ
1211 696 1294 722 ⁴ιιόείου
1326 695 1435 727 πολλοῦ,
1467 695 1514 721 καὶ
1537 695 1622 728 ἡδέως
1646 693 1789 720 ἀκούουσα
1819 693 1920 719 αὑτοῦ.

1118 742 1203 773 Αὐτὸς
1216 741 1243 768 δὲ
1262 743 1275 768 ό
1289 741 1392 776 Κύριος
1412 741 1533 767 διδάσκει
1549 741 1634 775 ἡμᾶς,
1657 739 1748 773 λέγων
1762 748 1768 754 '
1788 748 1798 764 ι
1828 739 1922 772 Ἀγω-

1118 787 1224 819 νίζεσθε
1239 787 1371 813 εἰσελθεῖν
1385 786 1428 812 διὰ
1443 777 1493 820 τῆς
1507 786 1601 820 στενῆς
1622 786 1721 820 πύλης,
1744 785 1788 811 ὅτι
1811 785 1921 815 muas,

1119 831 1191 866 λέγω
1210 832 1286 866 ὑμῖν,
1303 831 1467 866 ζητήσωσιν
1483 830 1625 862 εἰσελθεῖν,
1652 831 1698 856 καὶ
1713 830 1766 855 οὐκ
1788 829 1923 864 ἰσχύσου-

1121 885 1173 903 σιν.
1193 886 1202 902 ι
1222 875 1301 911 Αὐτῷ
1314 877 1331 910 ἡ
1345 876 1408 908 δόξα
1427 876 1466 906 εἰς
1481 876 1544 906 τοὺς
1559 875 1669 906 αἰῶνας.
1694 874 1799 908 ’Δμὴν.

1151 920 1216 946 ltein
1245 920 1310 947 illud
1345 929 1354 947 -.
1378 929 1387 945 ι
1404 919 1528 950 Domine,
1547 918 1628 946 dilexi
1654 919 1787 947 decorem
1818 918 1921 945 domus

277 952 336 990 tusi
347 962 382 990 ’°.
394 970 404 987 ι
421 961 491 994 Quia
508 961 607 989 dilecta
618 952 798 990 tabernacula
815 967 873 994 tua,
892 961 1027 995 Domine;
1051 963 1223 997 concupiscit
1239 964 1311 991 enim
1333 968 1360 991 et
1379 963 1472 990 delicit
1495 961 1585 988 anima
1604 969 1662 988 mea
1689 963 1719 990 in
1750 963 1829 988 atria
1862 967 1920 995 tua,

277 1009 434 1040 Domine",
452 1012 483 1035 ut
503 1007 641 1034 inhabitet
663 1007 690 1033 in
719 1007 799 1033 atriis
828 1006 883 1033 tuis
894 1007 927 1032 “.
948 1015 956 1030 ι
985 1006 1066 1032 Beata
1084 1013 1195 1040 quoque
1212 1005 1296 1032 Maria
1307 1005 1402 1032 Lazari
1420 1013 1510 1036 soror,
1542 1005 1574 1031 ad
1593 1004 1678 1039 pedes
1715 1003 1838 1030 sedebat
1871 1004 1923 1030 Do-

277 1054 346 1081 mini
360 1053 447 1080 multo
458 1060 520 1080 cum
536 1052 677 1079 desiderio
690 1059 882 1086 perseverans.
909 1055 937 1078 ct
964 1058 1099 1085 perquam

1120 1051 1244 1078 suaviter
1270 1051 1357 1086 ipsius
1388 1051 1540 1077 exaudiens
1557 1049 1696 1077 vocem".
1716 1049 1774 1076 Sed
1803 1054 1835 1076 et
1863 1051 1921 1084 ipse

277 1099 410 1129 Dominus
424 1099 506 1126 docet
521 1105 583 1130 nos,
600 1097 714 1124 dicens:
738 1105 748 1122 ι
767 1096 936 1124 Contendite
960 1096 1064 1123 intrare
1084 1103 1134 1131 per
1147 1101 1291 1131 angustam
1306 1099 1426 1130 portam,
1440 1096 1505 1130 quia
1535 1095 1613 1122 multi
1627 1095 1702 1130 (dico
1730 1095 1829 1129 vobis)
1843 1103 1921 1130 qua»

278 1149 340 1172 rent
355 1144 471 1176 intrare.
492 1148 521 1171 et
543 1151 597 1170 non
624 1142 799 1177 poterunt".
816 1151 825 1168 ι
844 1141 899 1177 Ipsi
922 1141 1009 1176 gloria
1039 1140 1066 1167 in
1086 1141 1185 1168 satcula
1199 1141 1374 1169 seculorum.
1390 1140 1488 1168 Amen.

504 1210 646 1238 HOIIILIA
666 1209 820 1237 LXXXVIII

567 1265 606 1293 De
626 1266 782 1292 ministerio.

313 1324 366 1357 Qui
383 1323 514 1350 minister
531 1325 585 1353 est,
600 1322 687 1348 multa
700 1329 762 1348 cum
778 1320 928 1348 sedulitate
950 1320 1070 1348 admini-

277 1373 365 1397 strare
385 1368 482 1399 debet,
492 1375 554 1394 cum
570 1367 718 1402 perspicue
731 1366 842 1393 noverit
858 1374 927 1400 opus
937 1374 997 1394 esse
1007 1367 1066 1394 Dei.

277 1413 357 1441 Nulla
373 1413 401 1440 in
424 1421 454 1440 re
466 1413 502 1440 sit
525 1412 548 1439 is
564 1411 722 1442 cunctatior
749 1415 797 1438 aut
823 1411 916 1438 minus
938 1411 1065 1446 diligens,

278 1459 338 1486 sive
356 1458 392 1486 ob
403 1458 538 1493 ingestam
555 1457 674 1484 tristitiae
691 1457 803 1488 nubem,
822 1461 869 1483 aut
880 1456 953 1491 quod
970 1434 1068 1491 aoqiio-
1081 1434 1105 1465 Ο

279 1504 354 1538 piam
383 1503 510 1530 irritatus
523 1507 575 1534 est,
598 1510 649 1529 nec
664 1502 843 1533 transmittat,
873 1506 920 1529 aut
946 1502 1068 1537 segniter

277 1549 388 1584 expleat
419 1548 616 1579 ministerium,
644 1547 679 1574 ob
703 1547 781 1575 litem
800 1546 869 1574 forte
896 1555 910 1574 τι
929 1547 1070 1575 nonnullis

278 1594 439 1622 excitatam.
454 1593 631 1627 Quaccunque
647 1592 721 1619 enim
740 1592 899 1620 monasticae
916 1597 979 1619 sunt
993 1601 1069 1619 man-

280 1640 379 1672 sionis,
406 1640 463 1666 Deo
479 1642 688 1671 consecrantur,
717 1643 847 1672 tanquam
865 1646 898 1665 ea
912 1646 974 1672 quae
999 1638 1068 1665 olfe-

280 1684 445 1711 runturilli.
462 1683 549 1716 Quam
578 1691 679 1718 magno
698 1683 726 1710 in
754 1683 880 1717 periculo
896 1687 1023 1709 versetur
1046 1682 1069 1709 is

279 1730 326 1765 qui
337 1730 484 1764 neglectim
499 1729 650 1759 ministrat,
669 1736 750 1755 nosse
761 1728 822 1754 vis?
840 1728 957 1754 Perinde
970 1731 1022 1760 est,
1038 1735 1069 1754 ac

280 1776 303 1802 si
317 1775 403 1802 Deum
420 1775 510 1809 ipsum
531 1774 712 1807 contemptim
727 1778 903 1807 aspernetur,
915 1773 1069 1807 habeatque

280 1820 379 1847 nihili:
398 1829 406 1845 ι
421 1819 548 1852 Quandiu
562 1819 635 1846 enim
649 1819 754 1846 fecistis
769 1818 817 1845 uni
833 1826 866 1845 ex
881 1818 924 1845 his
937 1818 1068 1850 minimis,

281 1865 349 1892 mihi
363 1864 477 1897 fecistis,
493 1869 531 1897 et,
549 1864 673 1899 quandiu
687 1872 741 1890 non
758 1863 874 1895 fecistis,
893 1871 982 1898 neque
1002 1863 1069 1890 mihi

280 1910 428 1938 fecistis”.
447 1921 456 1936 ι
479 1910 543 1938 Sive
571 1910 653 1945 igitur
676 1909 739 1944 quis
760 1910 935 1953 administrat
962 1910 1068 1941 sedulo,

281 1955 339 1982 sive
354 1955 499 1991 neglectim
515 1955 631 1982 inservit
652 1954 796 1986 fratribus,
816 1955 843 1981 in
869 1955 954 1982 Deum
980 1955 1071 1989 ipsum

282 1999 356 2028 illius
373 1999 492 2027 recurrit
506 2007 538 2026 ac
549 1999 670 2026 refertur
692 1999 887 2026 ministerium.
899 1999 965 2027 Jure
987 1999 1071 2034 igitur

281 2046 316 2073 de
344 2046 404 2074 istis
432 2045 644 2073 cunctatoribus
674 2049 702 2071 et
732 2045 803 2072 male
830 2044 936 2072 sedulis
962 2045 1071 2073 dicebat

280 2089 415 2117 Jeremias
435 2098 443 2119 ;
464 2099 472 2115 ι
493 2089 654 2116 Maledictus
683 2089 766 2116 homo
784 2089 831 2123 qui
848 2088 913 2115 facit
935 2096 1004 2124 opus
1022 2089 1070 2116 Dei
1086 2096 1108 2124 ι)

282 2135 454 2170 negligenter
463 2135 497 2161 ".
518 2144 527 2160 ι
552 2135 627 2161 Talis
638 2139 816 2169 contemptor
838 2142 970 2169 arrogans
988 2139 1031 2162 est
1042 2138 1070 2162 et

281 2181 430 2216 superbus.
441 2180 497 2207 Nos
511 2179 597 2215 igitur
611 2180 657 2214 qui
671 2179 705 2206 ab
721 2179 855 2214 ejusmodi
877 2179 1070 2207 malcdictione

281 2226 382 2253 seclusi
395 2234 502 2258 sumus,
518 2230 614 2260 utpote
638 2225 686 2251 filii
703 2225 917 2257 benedictionis,
941 2229 1070 2260 tanquam

282 2273 402 2299 ministri
424 2272 540 2303 Christi,
561 2271 637 2299 omni
666 2278 728 2298 cum
745 2270 890 2298 sedulitate
914 2279 946 2298 ac
964 2271 1069 2302 studio.

282 2318 443 2345 monasterii
472 2317 554 2344 nobis
587 2317 773 2344 concreditam
798 2315 968 2343 functionem
991 2315 1070 2350 plena

283 2363 337 2390 fide
350 2370 547 2397 exsequamur,
560 2366 690 2396 tanquam
706 2361 843 2388 benedicti
855 2360 982 2395 discipuli
997 2361 1071 2388 illius

282 2408 328 2442 qui
347 2407 435 2434 dixit:
454 2416 462 2432 ι
484 2407 535 2434 Ubi
551 2414 611 2434 sum
626 2415 687 2441 ego,
713 2406 768 2432 illic
783 2410 810 2433 et
839 2406 964 2433 minister
992 2413 1071 2434 meus

282 2452 375 2478 erit".
398 2461 406 2477 ι
423 2451 494 2484 Quid
510 2451 622 2485 insuper
641 2451 790 2485 Apostolus
807 2451 891 2482 dicat,
909 2451 1070 2478 audiamus:

285 2507 294 2522 ι
311 2497 380 2524 Ecce
396 2503 470 2523 nunc
494 2501 603 2530 tempus
629 2497 808 2531 acceptabile,
823 2504 887 2524 ecce
916 2505 990 2524 nunc
1010 2497 1071 2525 dies

283 2541 397 2569 salutis:
413 2540 518 2568 nemini
535 2541 634 2568 dantes
661 2541 742 2568 ullam
759 2541 949 2573 offensionem,
967 2545 997 2568 ut
1015 2549 1070 2569 non

282 2587 457 2620 vituperetur
472 2585 659 2612 ministerium
673 2589 808 2617 nostrum,
828 2585 876 2612 sed
892 2585 918 2612 in
942 2586 1070 2613 omnibus

283 2632 508 2659 commendantes
525 2631 710 2666 nosmetipsos
724 2632 796 2659 sicut
810 2631 857 2658 Dei
874 2632 1025 2663 ministros,
1042 2632 1070 2658 in

285 2678 369 2704 multa
385 2678 532 2712 patientia,
549 2677 576 2704 in
593 2677 830 2709 tribulationibus,
849 2677 876 2704 in
899 2677 1071 2705 necessitati-

283 2724 346 2756 bus,
364 2723 391 2750 in
406 2723 550 2759 angustiis,
566 2723 593 2750 in
608 2722 761 2756 laboribus,
787 2724 814 2750 in
832 2723 944 2758 vigiliis,
961 2723 990 2750 in
1007 2722 1068 2749 lon-

320 2803 340 2818 "
353 2803 431 2830 Rom.
447 2811 492 2833 xu.
511 2804 553 2830 Il.
611 2803 633 2819 "
653 2803 723 2830 Psal.
750 2809 822 2833 xxvi,
839 2800 864 2826 ι.
919 2800 939 2815 ¹⁹
953 2799 1024 2827 Psal.
1041 2807 1077 2832 LI,
1102 2800 1113 2826 ί

285 2839 392 2899 unguii.
421 2839 444 2854 ¹³
456 2838 612 2870 Luc.x,59.
651 2839 671 2853 “
689 2837 783 2864 Matth.
795 2844 840 2867 vn,
856 2835 903 2866 13;
921 2834 986 2860 Luc.
1001 2843 1056 2867 ιιιιιΙ
1073 2834 1118 2862 9.,4,

283 2880 329 2899 xu.
378 2894 383 2899 .

1383 1213 1394 1222 '
1410 1209 1519 1236 ΛΟΓΟΣ
1544 1210 1608 1237 IIII'.

1384 1266 1454 1300 Περί
1476 1266 1641 1298 διακονίας.

1159 1323 1190 1350 '0
1205 1322 1379 1358 διακονιστὴς
1404 1324 1538 1358 χρεωστεῖ
1559 1322 1698 1357 ἐπιμελῶς
1715 1322 1874 1354 διακονεῖν,
1886 1324 1920 1350 2!-

1117 1367 1170 1399 δὼς
1185 1368 1225 1394 ὅτι
1241 1367 1307 1394 Θεοῦ
1330 1367 1410 1402 ἔργον
1434 1367 1506 1393 ἐστίν
1518 1375 1525 1382 ⁸
1545 1368 1592 1393 καὶ
1611 1368 1647 1402 μὴ
1662 1367 1780 1401 ἀμελεῖν
1802 1368 1834 1394 εν
1858 1377 1917 1398 τινι,

1119 1413 1136 1449 ἢ
1152 1413 1196 1440 διὰ
1211 1413 1309 1447 λύπην,
1332 1412 1348 1447 ἢ
1370 1412 1557 1448 παροξυσμὸν,
1574 1412 1590 1447 ἢ
1612 1413 1656 1439 διὰ
1680 1413 1742 1446 ἔριν
1757 1414 1825 1439 τινὰ
1843 1414 1918 1440 ἀδελ‹

1121 1459 1190 1493 φῶν,
1217 1458 1424 1494 παραπέμπειν,
1447 1459 1494 1484 καὶ
1516 1458 1657 1494 ῥᾳθυμεῖν.
1682 1459 1780 1485 Πάντα
1805 1460 1864 1494 γὰρ
1888 1460 1919 1486 τὰ

1121 1504 1169 1537 τῆς
1185 1504 1268 1539 μονῆς
1281 1503 1318 1538 τῷ
1333 1503 1393 1538 Θεῴ
1407 1503 1599 1538 καθιέρωνται,
1614 1503 1651 1534 ὠς
1668 1504 1744 1538 αὐτῷ
1762 1505 1920 1539 προσφερό-

1123 1557 1200 1584 μενα,
1217 1549 1264 1574 καὶ
1294 1548 1404 1582 μεγάλῳ
1427 1548 1582 1574 ὑπόκεινται
1600 1548 1724 1582 κινδύνῳ.
1758 1549 1790 1575 'U
1808 1549 1920 1583 ἀμελῶς

1120 1594 1271 1624 διακονῶν,
1295 1593 1333 1624 ὡς
1357 1593 1424 1619 Θεοῦ
1449 1593 1637 1627 καταφρονῶν.
1664 1602 1672 1618 ι
1687 1593 1746 1628 Ἐφ’
1770 1595 1841 1620 ὅσον
1868 1595 1920 1629 γὰρ

1122 1639 1267 1674 ἐποιήσατε
1285 1639 1324 1664 ἑνὶ
1348 1639 1452 1666 τούτων
1466 1639 1519 1665 τῶν
1535 1639 1656 1673 ἀδελφῶν
1677 1648 1729 1674 μου
1746 1640 1804 1666 τῶν
1830 1641 1920 1675 ἐλαχί-

1123 1694 1202 1716 στων,
1228 1685 1290 1719 ἐμοὶ
1305 1685 1463 1719 ἐποιήσατε,
1486 1685 1533 1711 καὶ
1558 1686 1601 1719 ἐφ’
1614 1685 1675 1711 ὅσον
1690 1686 1742 1711 οὐκ
1766 1687 1918 1720 ἐποιήσατε

1122 1730 1162 1756 ἐνὶ
1185 1730 1299 1761 τούτων.
1319 1730 1380 1756 οὐδὲ
1395 1730 1456 1764 ἐμοὶ
1474 1731 1631 1764 ἐποιήσατε,
1649 1739 1658 1755 ι
1676 1731 1738 1756 Εἴτε
1755 1729 1806 1757 οὖν
1820 1733 1919 1765 ἑπιμευ

1121 1775 1175 1807 λῶς
1189 1785 1230 1806 τις
1245 1775 1373 1806 διακονεῖ,
1389 1776 1427 1807 εἰς
1442 1775 1487 1802 τὸν
1506 1776 1572 1802 θεὸν
1587 1776 1732 1810 ἀνατρέχει
1758 1777 1775 1811 ἠ
1793 1777 1918 1804 διακονία

1123 1820 1216 1847 αὑτοῦ.
1233 1820 1353 1851 Εἰκότως
1367 1820 1413 1846 οὖν
1426 1820 1517 1854 ἔλεγεν
1539 1820 1673 1855 Ἱερεμίας
1688 1822 1753 1856 περὶ
1777 1823 1838 1848 τῶν
1850 1824 1919 1857 ἀμε-

1121 1866 1258 1892 λούντων·
1278 1875 1287 1891 ι
1299 1866 1516 1900 Ἐπικατάρατος
1542 1865 1684 1901 ἅνθρωπος
1696 1886 1704 1898 ,
1736 1868 1752 1893 ὁ
1776 1868 1871 1894 ποιῶν
1891 1870 1918 1895 τὸ

1122 1911 1203 1946 ἔργον
1225 1911 1327 1946 Κυρίου
1349 1910 1468 1945 ἀμελῶς.
1498 1910 1527 1937 '0
1548 1911 1576 1936 δὲ
1596 1911 1812 1946 καταφρονητὴς
1837 1913 1917 1947 ἀνὴρ.

1123 1955 1230 1988 ἀλαζὼν
1249 1957 1296 1983 καὶ
1312 1957 1497 1991 ὑπερήφανος.
1517 1956 1614 1990 Ἡμεῖς
1627 1954 1673 1982 οὖν
1684 1957 1765 1987 ὲχΐὺς
1780 1957 1836 1991 τῆς
1851 1959 1918 1992 ἀρᾶς

1122 2002 1208 2032 ὄντες,
1231 2001 1280 2036 τῆς
1299 2001 1328 2027 δὲ
1354 2001 1478 2034 εὐλογίας
1503 2001 1578 2032 ἐντὸς
1597 2001 1634 2032 ὡς
1651 2001 1772 2028 διάκονοι
1794 2002 1918 2037 Χριστοῦ

1123 2047 1152 2073 ἐν
1174 2047 1247 2082 πασῃ
1261 2046 1405 2082 ἐπιμελείᾳ
1422 2047 1467 2072 καὶ
1491 2047 1593 2082 σπουδῇ
1612 2047 1660 2081 τὴν
1678 2047 1823 2074 διακονίαν
1838 2049 1918 2083 ἡμῶν

1123 2091 1387 2126 πληροφορήσωμεν,
1410 2091 1452 2118 ἵνα
1465 2091 1590 2125 εὐλογίαν
1600 2091 1871 2128 κληρονομήσωμεν,
1883 2095 1919 2125 ὼς

1123 2137 1243 2172 μαθηταὶ
1266 2136 1313 2163 τοῦ
1336 2136 1520 2171 εὖλογημὲνου
1544 2137 1590 2163 τοῦ
1617 2137 1777 2172 εἰρηκότος·
1798 2147 1808 2163 t
1828 2139 1917 2165 Ὅπου

1121 2183 1180 2216 εἰμὶ
1199 2181 1264 2216 ἐγὼ,
1281 2183 1328 2208 καὶ
1342 2183 1355 2208 ό
1370 2183 1495 2214 διάκονος
1507 2184 1520 2209 ὁ
1532 2183 1597 2217 ἐμὸς
1612 2182 1700 2209 ἔσται.
1714 2192 1723 2208 ι
1735 2184 1918 2219 Ἀκούσωμεν

1121 2226 1146 2252 τί
1161 2226 1208 2253 καὶ
1222 2227 1236 2252 ὁ
1250 2226 1355 2258 Παῦλος
1378 2226 1471 2260 λέγει’
1488 2236 1498 2252 ι
1509 2227 1574 2253 Ἰδοὺ
1590 2227 1638 2253 νῦν
1651 2227 1748 2261 καιρὸς
1762 2228 1920 2262 εὐπρόσδε-

1121 2279 1195 2303 κτος,
1213 2272 1268 2298 ἰδοὺ
1283 2271 1330 2298 νῦν
1344 2271 1436 2306 ἡμέρα
1447 2273 1585 2307 σωτηρίας
1596 2280 1602 2287 ·
1618 2272 1756 2307 μηδεμίαν
1772 2273 1804 2299 ἐν
1821 2275 1921 2309 μηδενὶ

1121 2315 1237 2348 διδόντες
1264 2318 1432 2352 προσκοπὴν,
1451 2319 1494 2344 ἴνα
1519 2319 1556 2352 μὴ
1582 2318 1698 2353 μωμηθῇ
1718 2318 1800 2353 ἡμῶν
1823 2321 1843 2354 ὴ
1860 2320 1920 2346 δια-

1121 2362 1198 2389 κονία
1208 2370 1215 2378 ·
1232 2362 1290 2389 ἀλλ’
1306 2364 1334 2389 ἐν
1348 2364 1429 2390 παντὶ
1444 2364 1621 2394 συνιστῶντες
1640 2364 1767 2396 ἑαυτοὺς,
1792 2364 1832 2396 ὡς
1849 2365 1919 2391 Θεοῦ

1121 2408 1240 2434 διάκονοι
1251 2409 1278 2435 ὲν
1293 2408 1414 2443 ὑπομονῇ
1427 2408 1523 2442 πολλῇ,
1536 2408 1565 2434 ὲν
1577 2407 1709 2442 Θλίψεσιν,
1722 2409 1752 2434 ὲν
1766 2409 1919 2442 ἀνάγκαις,

1122 2452 1152 2479 ὲν
1167 2453 1368 2487 στενοχωρίαις,
1390 2453 1418 2479 ὲν
1438 2453 1542 2484 κόποις,
1560 2453 1589 2479 ὲν
1611 2451 1793 2487 ἀγρυπνίαις,
1815 2454 1847 2479 ἐν
1867 2463 1921 2488 μα-

1123 2497 1308 2532 μακροουμίᾳ,
1330 2497 1359 2524 ὲν
1378 2498 1473 2534 ἀγάπῃ
1489 2497 1672 2532 ἀνυποκρίτῳ.
1695 2498 1725 2523 ὲν
1749 2498 1826 2533 λόγῳ
1851 2499 1922 2533 ἁλη-

1121 2543 1222 2574 οείας,›
1237 2543 1292 2569 Καὶ
1309 2543 1390 2570 πάλιν
1404 2551 1412 2558 ·
1431 2553 1440 2569 ‹
1465 2544 1508 2574 Ὠς
1519 2543 1605 2569 δοῦλοι
1619 2543 1750 2578 Χριστοῦ,
1760 2544 1793 2570 τδ
1807 2545 1921 2580 θέλημα

1121 2586 1203 2612 αὑτοῦ
1219 2586 1359 2618 ποιοῦντες
1373 2589 1404 2614 ὲκ
1422 2587 1522 2623 ψυχῆς,
1534 2588 1592 2622 μετ’
1604 2587 1712 2619 εὐνοίας
1727 2588 1920 2622 δουλεύοντες.

1121 2631 1159 2662 ὡς
1181 2632 1220 2667 τῷ
1241 2632 1347 2667 Κυρίῳ,
1369 2634 1416 2660 καί
1440 2633 1489 2659 οὐκ
1507 2632 1672 2667 ἀνθρώποις.
1701 2642 1711 2658 ι
1731 2634 1790 2660 Καὶ
1812 2636 1919 2662 πάλιν·

1124 2686 1134 2702 ί
1165 2676 1299 2712 Ἀδελφοὶ,
1322 2678 1422 2713 ἑδραῖοι
1446 2678 1564 2712 γίνεσθε,
1588 2678 1800 2714 ἀμετακίνητοι,
1823 2689 1925 2716 περιτο

1122 2721 1246 2754 σεύοντες
1263 2724 1292 2750 ἐν
1312 2723 1350 2759 τῷ
1365 2724 1440 2759 ἔργῳ
1461 2723 1508 2750 τοῦ
1531 2723 1632 2758 Κυρίου
1657 2724 1794 2751 πάντοτε·
1817 2727 1925 2758 εἰδότες

1119 2799 1145 2827 0.
1201 2801 1224 2816 “
1236 2801 1307 2828 Psal.
1322 2809 1384 2832 xxv.
1399 2801 1426 2828 8.
1479 2803 1499 2822 ιι
1517 2801 1589 2829 Psal.
1605 2809 1717 2833 Lxxxm,
1735 2802 1764 2828 3.

1158 2835 1283 2863 "Matth.
1299 2844 1359 2868 xxv,
1375 2836 1418 2863 40.
1456 2837 1479 2854 ³¹
1489 2837 1589 2864 Jerem.
1604 2845 1699 2869 XLVIII,
1717 2838 1760 2864 l0.

1807 2805 1834 2820 ¹²
1849 2805 1924 2832 Psai.

1804 2839 1829 2855 ’τ
1843 2841 1924 2868 Joan.
