1982 3272
118 242 176 275 ιῖὒό

617 243 781 273 IIOMILIA
802 243 962 276 LXXXIX.
975 255 1010 262 ο-
1023 243 1070 274 DE
1092 243 1234 274 INOPIA.

1669 242 1736 274 Π(ἱῦ

115 301 148 327 ὅτι
162 301 176 326 6
189 299 273 331 κόπος
289 298 366 334 ὑμῶν
382 299 433 326 οὐκ
449 299 522 326 ἐστιν
537 299 614 331 κενδς
636 301 664 326 ὲν
683 299 789 336 Κυρίῳ.
813 309 822 325 ›
841 301 896 327 Καὶ

948 299 1118 335 ganimitate,
1130 299 1158 327 in
1174 300 1311 329 charitatc
1327 307 1381 327 non
1400 299 1472 331 ficta,
1489 298 1517 326 in
1533 298 1618 326 verbo
1634 299 1738 326 verita-

115 345 174 381 πρδς
196 345 339 380 Τιμόθεον,
366 344 473 379 λέγων’
494 354 504 371 ι
531 345 611 380 Νῆφε
634 346 663 372 ὲν
690 346 782 377 πᾶσιν,
814 345 895 381 ἔργον

115 391 217 426 ποίησον
233 390 440 425 εὐαγγελιστοῦ,
461 391 510 425 τὴν
525 390 663 418 διακονίαν
684 398 731 417 σου
756 390 895 427 πληροφό-

116 446 199 475 ρησον.
223 446 233 463 ι
257 437 342 472 Φησὶν
360 436 389 462 δὲ
408 436 456 463 καὶ
472 436 536 472 περὶ
553 436 670 463 ἑαυτοῦο
689 446 698 463 ι
715 436 784 462 Νυνὶ
798 436 826 462 δὲ
845 444 895 462 πο-

116 484 221 520 ρεύομαι
242 483 281 514 εἰς
298 481 474 517 Ἰερουσαλὴμ
490 480 619 515 διακονῶν
633 482 689 512 τοῖς
700 481 804 516 ἁγίοις*
828 480 896 507 ἀλλὰ

117 528 325 563 συναγωνίσασθέ
345 536 389 563 μοι
410 528 438 554 ἐν
460 528 520 559 ταῖς
540 528 713 562 προσευχαῖς,
736 527 781 554 ἵνα
801 527 818 561 ἠ
840 525 897 552 δια-

116 575 184 602 κονία
203 582 254 608 μου
276 573 474 608 εὐπρόσδεκτος
488 573 600 607 γένηται
619 573 674 603 τοῖς
688 572 786 606 ἁγίοις.
812 581 822 598 ›
839 572 897 598 Κα-

116 619 285 654 τανοήσωμεν
310 617 368 649 οὖν,
389 618 509 652 ἀδελφοὶ,
530 618 607 644 αὐτοὶ
627 618 653 644 οἱ
679 617 822 644 ἀπόστολοι
847 617 896 649 τῆς

122 664 286 698 Ἐκκλησίας,
303 662 373 698 μετὰ
385 663 463 690 ποίου
479 663 584 697 ἀγῶνος
596 663 643 689 καὶ
657 663 740 689 πόθου
755 662 896 698 διηκόνουν

117 710 164 740 τοῖς
179 709 208 735 ὲν
227 708 424 744 Ἰεροσολύμοις
439 709 569 743 πτωχοῖς.
587 709 670 744 Φησὶν
688 708 716 734 δὲ
733 708 779 734 καὶ
793 707 895 739 ἄλλοις,

119 763 127 779 ι
151 754 185 792 Ού
215 754 269 789 γὰρ
294 753 385 784 ἄδικος
410 754 427 780 ό
450 753 515 784 Θεὸς
543 753 718 780 ἐπιλαθέσθαι
744 753 792 779 τοῦ
814 752 896 788 ἔργον

116 800 196 835 ὑμῶν,
218 800 264 826 καὶ
281 801 329 834 τῆς
346 800 456 834 ἀγάπης
477 797 511 836 ἧς
530 795 697 831 ἐνεδείξασθε
715 801 755 832 εἰς
768 799 797 826 τὸ
811 800 897 834 ὄνομα

116 846 204 878 αὺτοῦ,
216 846 425 881 διακονήσαντες
438 847 494 877 τοῖς
504 846 602 880 ἁγίοις,
615 846 661 872 καὶ
671 845 870 877 διακονοῦντες.
885 855 894 872 ι

115 892 189 925 Λέγει
210 892 238 918 δὲ
261 892 309 918 καὶ
331 893 346 918 ὁ
368 892 480 926 ῐΙὲτρος’
495 901 503 916 ι
522 891 657 923 Ἕκαστος
682 890 773 923 καθὼς
802 890 896 917 ἔλασεν

115 938 242 973 χάρισμα,
257 938 298 968 εἰς
313 930 427 968 ἑαυτοῦξ
456 937 522 963 αὐτὸ
536 936 732 968 διακονοῦντες.
752 945 762 963 ι
779 937 834 963 Καὶ
849 937 897 962 ἐπ-

115 983 170 1017 άγει
183 991 189 996 -
205 992 214 1008 ι
231 983 265 1009 Εἴ
275 992 316 1014 τις
328 982 415 1014 λαλεῖ,
429 982 466 1013 ὡς
485 982 562 1017 λόγια
579 981 657 1015 Θεοῦ,
675 981 703 1008 εἴ
715 991 756 1014 τις
768 982 896 1012 διακονεῖ,
915 996 935 1024 Β

114 1027 148 1059 ὡς
160 1027 189 1060 ἐξ
205 1027 307 1062 ἰσχύος,
326 1024 359 1062 ἧς
374 1028 486 1062 χορηγεῖ
499 1027 513 1053 ὀ
527 1027 604 1058 Θεὸς,
619 1027 663 1053 ἵνα
682 1027 710 1053 ὲν
727 1027 809 1053 πᾶσιν
822 1025 898 1058 δοΞά-

115 1072 190 1107 ζηται
204 1073 218 1099 ὁ
229 1065 306 1104 Θεὸς,
319 1072 362 1098 διὰ
375 1072 421 1099 τοῦ
436 1072 536 1107 Κυρίου
548 1072 626 1107 ἡμῶν
644 1063 730 1107 Ἰήσοῦ
743 1071 870 1107 Χριστοῦ.
883 1080 894 1097 ι

122 1118 148 1145 '0
164 1118 190 1145 δὲ
209 1118 325 1153 Κύριος·
346 1118 428 1145 ιἘἀν
454 1127 496 1150 τις
516 1119 577 1153 ἐμοὶ
595 1117 719 1153 διακονῇ.
750 1117 811 1152 ἐμοὶ
833 1117 898 1143 ἀκο-

113 1163 253 1194 λουθείτω,
274 1165 320 1190 καὶ
340 1164 407 1191 ὅπου
428 1163 486 1197 εἰμὶ
515 1163 581 1198 ἐγὼ,
601 1165 659 1190 ἐκεῖ
675 1163 722 1189 καὶ
743 1164 757 1189 ὸ
775 1158 898 1193 διάκονος

113 1210 126 1235 ὁ
141 1210 203 1244 ἐμὸς
218 1209 293 1235 ἔσται
303 1217 310 1224 ·
327 1209 373 1236 ἐὰν
388 1209 450 1244 ὲμοί
461 1218 502 1241 τις
521 1209 650 1243 διακονῇ,
665 1209 775 1244 τιμήσει
789 1208 870 1235 αὐτὸν
883 1208 898 1233 ὁ

114 1255 205 1289 Πατήρ
221 1263 281 1290 μου.
297 1265 306 1280 ι
315 1252 475 1282 Καϊπάλω·
498 1254 570 1288 Ἐγὼ
582 1254 616 1281 δέ
624 1255 682 1289 ειμι
693 1253 820 1289 ἐνμέσῳ
829 1254 869 1286 ὡς
882 1254 898 1280 d

114 1300 269 1328 διακονῶν,
284 1310 293 1327 ι
307 1316 342 1321 -
355 1310 363 1326 ι
379 1300 435 1327 Καὶ
449 1301 503 1335 γὰρ
516 1301 530 1326 ὸ
545 1299 608 1331 Υἰὺς
620 1299 668 1326 τοῦ
684 1298 829 1334 ἀνθρώπου
848 1299 899 1325 οὐκ

112 1344 192 1381 ἦλθεν
206 1346 409 1382 διακονηθῆναι,
426 1345 495 1373 ἀλλὰ
508 1345 668 1380 διακονῆσαι
685 1344 734 1371 καὶ
746 1344 839 1371 δοῦναι
851 1343 900 1380 τὴν

112 1390 198 1428 ψὺχὴν
213 1391 295 1418 αὑτοῦ
311 1391 408 1426 λύτρον
433 1390 496 1418 ἀντὶ
520 1390 637 1417 πολλῶν.
669 1398 677 1415 ι
699 1388 778 1417 Αὑτῶ
795 1389 814 1425 ἡ
835 1388 901 1422 δόξα

112 1437 150 1470 εἰς
167 1437 230 1468 τοὺς
244 1437 357 1469 αἰῶνας.
381 1437 491 1472 Ἀμήνῤ-
518 1435 522 1436 ν

950 346 985 373 tis
997 346 1030 373 ".
1058 355 1067 372 ι
1100 345 1208 381 1169
1230 345 1333 373 lterum
1352 355 1359 374 :
1392 345 1495 373 «Sicut
1523 344 1595 372 servi
1615 344 1737 377 Christi,

948 390 1082 419 facientes
1099 391 1269 419 voluntatem
1290 391 1378 427 ipsius
1396 399 1430 418 ex
1446 390 1546 422 animo,
1563 398 1627 418 cum
1652 390 1737 418 bene-

949 437 1071 465 volentia
1079 437 1246 469 servientes,
1263 437 1342 472 quasi
1358 437 1475 464 Domino
1491 440 1519 463 et
1545 443 1600 464 non
1617 436 1740 464 homini-

949 482 1042 510 bus".
1055 492 1064 508 ι
1078 483 1179 510 lterum
1191 491 1198 509 :
1214 492 1222 507 ε
1239 483 1361 515 Fratres,
1373 482 1487 510 stabiles
1502 485 1590 510 estote
1604 485 1632 510 et
1645 482 1741 510 immo-

949 527 1031 559 biles,
1044 528 1218 555 abundantes
1228 528 1255 555 in
1267 536 1352 563 opere
1364 528 1475 556 Domini
1486 535 1607 562 semper,
1620 528 1741 555 scientes

950 572 1024 607 quod
1046 573 1124 600 labor
1142 578 1233 600 vester
1256 581 1311 600 non
1327 576 1369 599 est
1387 573 1478 601 inanis
1502 573 1529 600 in
1548 573 1666 600 Domino
1676 573 1708 600 '°.
1729 582 1737 598 I
1779 604 1783 608 _

949 618 984 646 Et
995 618 1030 645 ad
1049 618 1243 645 Timotheum:
1266 628 1275 644 ι
1296 618 1394 653 Vigila,
1425 618 1454 645 in
1477 618 1607 646 omnibus
1633 619 1739 651 labora,
1774 618 1780 636 ἶ

950 671 1020 698 opus
1036 663 1079 690 fac
1091 664 1278 698 evangelistm,
1295 663 1480 696 ministerium
1494 668 1572 690 tuum
1585 663 1667 701 imple
1677 664 1711 690 ".
1728 673 1737 689 ι

949 708 988 735 De
999 708 1091 743 seipso
1106 716 1217 743 quoque
1235 707 1320 735 dicit:
1339 717 1347 733 ι
1367 707 1446 735 Nunc
1462 712 1554 735 autem
1579 708 1742 743 proﬁciscor

950 754 978 781 in
990 755 1143 783 Jerusalem
1157 755 1317 782 ministrare
1328 755 1442 786 sanctis,
1459 754 1507 781 sed
1517 754 1645 790 adjuvate
1657 763 1700 782 me
1714 755 1743 782 in

950 800 1135 832 orationibus,
1156 805 1187 827 ut
1212 800 1380 835 obsequium
1413 807 1505 827 meum
1533 804 1676 834 acceptum
1706 800 1742 827 sit

950 844 1104 871 sanctis“.
1135 853 1144 869 ›
1177 843 1328 871 Nobiscum
1359 847 1530 878 reputemus,
1556 839 1665 875 fratres,
1690 844 1741 878 ipsi

951 890 1067 924 apostoli
1081 890 1128 924 qui
1145 893 1174 916 et
1184 889 1319 917 columnae
1332 888 1473 921 Ecclesiae,
1490 893 1594 924 quanto
1609 897 1695 925 agone
1709 897 1742 916 ac

950 935 1090 966 desiderio
1104 934 1297 962 ministrabant
1315 934 1537 969 Hicrosolymitis
1561 935 1740 969 pauperibus.

951 981 1020 1008 Aliis
1038 981 1152 1015 insuper
1166 980 1246 1012 dicit,
1266 989 1276 1005 ι
1292 980 1351 1007 Non
1364 979 1439 1006 enim
1456 979 1575 1016 injustus
1597 983 1639 1007 est
1657 980 1742 1013 Deus,

949 1031 979 1055 ut
994 1027 1178 1054 obliviscatur
1200 1026 1293 1062 operis
1319 1025 1404 1053 vestri
1420 1030 1448 1053 et
1472 1025 1631 1053 dilectionis
1657 1033 1741 1061 quam

948 1073 1160 1101 demonstrastis
1171 1073 1199 1100 in
1208 1073 1321 1100 nomine
1333 1072 1430 1107 ipsius,
1447 1071 1513 1099 dum
1524 1072 1742 1099 administrastis

947 1119 1053 1147 sanctis
1063 1123 1092 1146 et
1100 1117 1305 1146 administratis
1315 1118 1347 1145 ³³.
1370 1127 1379 1144 ›
1400 1118 1500 1145 Petrus
1518 1117 1583 1145 item
1598 1127 1604 1144 :
1625 1127 1634 1144 ι
1648 1118 1741 1146 Unus-

949 1164 1068 1199 quisque
1083 1165 1155 1192 sicut
1171 1163 1279 1199 accepit
1295 1163 1422 1199 gratiam,
1433 1164 1461 1191 in
1472 1163 1639 1191 alterutrum
1665 1163 1741 1191 illam

951 1209 1179 1237 administrantes
1188 1210 1228 1236 ’δε
1261 1219 1269 1235 ι
1288 1209 1416 1236 inducit:
1435 1219 1444 1236 ι
1465 1209 1494 1237 Si
1509 1209 1572 1244 quis
1589 1209 1741 1243 ministrat,

952 1259 1082 1290 tanquam
1097 1263 1132 1283 ex
1149 1256 1251 1283 virtute
1267 1263 1348 1291 quam
1364 1255 1540 1283 administrat
1552 1255 1637 1288 Deus,
1663 1260 1695 1283 ut
1711 1255 1741 1283 in

949 1301 1080 1329 omnibus
1088 1301 1290 1329 honoriﬁcelur
1304 1300 1376 1329 Deus
1392 1309 1441 1337 per
1452 1302 1599 1329 Dominum
1614 1306 1740 1329 nostrum

948 1347 1043 1376 Iesum
1054 1347 1197 1376 Christum
1205 1347 1240 1374 ".
1259 1356 1268 1374 ι
1290 1346 1337 1374 llis
1354 1347 1477 1375 concinit
1489 1348 1637 1375 Dominus:
1664 1358 1673 1373 ι
1688 1348 1741 1382 Qui

949 1391 1018 1419 mihi
1028 1391 1178 1424 ministrat,
1195 1399 1239 1419 me
1251 1396 1396 1427 sequatur,
1413 1397 1441 1420 et
1453 1392 1501 1420 ubi
1516 1401 1577 1420 sum
1591 1401 1653 1428 ego,
1683 1393 1743 1421 illic

949 1441 980 1475 et
990 1437 1117 1465 minister
1125 1445 1205 1465 meus
1221 1437 1285 1465 erit.
1305 1438 1333 1466 Si
1351 1438 1414 1473 quis
1426 1439 1636 1472 ministraverit,
1654 1439 1745 1467 hono-

112 1483 229 1512 riﬁcahit
243 1492 306 1512 eum
329 1485 410 1512 Pater
433 1492 512 1512 meus
539 1484 572 1511 ³⁸.
585 1493 594 1509 ι
611 1484 714 1511 lterum
743 1492 751 1510 τ
770 1493 779 1510 ι
796 1484 855 1520 Ego
866 1488 960 1513 autem
978 1485 1006 1512 in
1021 1484 1115 1513 medio
1131 1490 1255 1513 vestrum
1265 1493 1338 1519 sum,
1352 1487 1425 1514 sicut
1441 1487 1488 1522 qui
1509 1488 1648 1515 ministrat
1671 1488 1710 1515 "’:
1729 1497 1741 1516 ι

111 1546 147 1552 —-
163 1541 172 1558 ι
195 1532 302 1559 Etenim
317 1532 404 1565 Filius
421 1532 543 1560 hominis
554 1540 609 1560 non
625 1532 702 1559 venit
713 1532 877 1564 ministrari,
895 1531 942 1560 sed
963 1531 1133 1565 ministrare,
1148 1537 1177 1560 et
1191 1533 1257 1562 dare
1279 1533 1400 1560 animam
1418 1541 1496 1560 suam
1523 1534 1742 1570 redemptionem

111 1585 162 1613 pro
186 1579 320 1606 multis“.
343 1579 426 1614 »1ρεί
451 1580 538 1615 gloria
572 1579 600 1607 in
626 1580 725 1607 saecula
753 1580 928 1607 saeculorum.
947 1579 1045 1608 Amen.

410 1636 520 1663 ΛΟΓΟΣ
539 1636 602 1663 ﬂ8’.

346 1693 416 1727 Περὶ
439 1694 664 1728 ὰκτημοσύνης.

155 1749 187 1775 Ἦ
206 1749 383 1788 ἀκτη-μοσὺνη
398 1750 532 1786 εἰλικρινῆ
553 1749 765 1786 τὴνπολιτείαν
784 1750 832 1778 τοῦ
849 1759 894 1786 μοι

109 1795 192 1831 ναχοῦ
208 1795 409 1823 ἀποδείκνυσιν.
434 1796 582 1832 Ἀκτήμων
595 1795 709 1832 μοναχὸς
720 1795 799 1828 ἀετὸς
812 1795 900 1833 ὑπάρ-

108 1850 152 1877 χει
178 1833 487 1877 ὑψιπέτηςλΔκτήμων
521 1841 639 1878 μοναχδς
670 1841 815 1878 ἐλεύθερος
842 1841 898 1869 τῶν

107 1887 207 1922 ὀλίγων
222 1888 307 1920 ἐστὶν,
323 1888 367 1914 ἴνα
393 1889 422 1914 ὲν
444 1888 596 1916 ἀπολαύσει
612 1889 666 1916 τῶν
684 1889 790 1916 πολλῶν
817 1889 898 1925 γένη-

106 1942 165 1960 ται.
199 1934 344 1969 ’Λκτήμων
369 1933 510 1970 [μοναχδς]
533 1934 676 1962 ἐπίσταται
699 1936 741 1962 ὅτι
766 1936 899 1970 πάροικός

106 1980 188 2005 ἐστιν
212 1979 256 2005 ἐπὶ
282 1980 332 2014 τῆς
355 1979 417 2013 γῆς.
441 1979 531 2013 Μηδὲν
555 1980 609 2015 γὰρ
630 1981 827 2016 ἐπιφερόμενος
850 1979 897 2006 τοῦ

105 2024 278 2060 προσκαῑρου
295 2024 403 2056 αἰῶνος,
419 2024 498 2058 δῆλός
517 2025 591 2051 ἐστιν
605 2025 646 2055 ὅτι
662 2025 717 2052 τῶν
732 2025 824 2052 ἀϊδίων
837 2025 899 2061 ὀρέ-

104 2079 186 2105 γεται
215 2070 336 2104 ἀγαθῶν.
363 2070 393 2096 '0
421 2070 564 2105 ἀκτήμων,
583 2071 705 2106 μιμητὴς
734 2071 825 2099 Ἥλιον
851 2070 898 2098 καὶ

111 2108 239 2142 auiam
267 2116 434 2151 εὑρίσκεται,
463 2116 511 2143 καὶ
535 2117 588 2143 τῶν
613 2117 767 2150 λεγόντων·
788 2127 798 2144 ι
831 2117 897 2144 Ἰδοὺ

102 2161 188 2195 ἡμεῖς
208 2161 357 2195 ἀφήκαμεν
372 2160 471 2191 πάντα,
491 2162 538 2187 καὶ
555 2161 782 2196 ᾐκολουθὴσαμέν
797 2170 855 2188 σοι·
871 2162 897 2188 τι

101 2207 162 2241 ἄρα
182 2205 258 2232 ἔσται
275 2204 361 2241 ἧμῖν;
382 2215 391 2231 ι
411 2205 465 2232 Καὶ
480 2205 627 2232 ἀκούσουσι
652 2205 727 2241 παρά
741 2205 788 2232 τοῦ
803 2205 897 2241 Σωτῆ-

101 2261 153 2288 ρος
166 2260 174 2268 ⁸
193 2261 202 2277 ι
223 2252 284 2279 ’Ὁτι
302 2252 381 2287 ὑμεῖς
400 2251 424 2278 οἱ
437 2252 550 2287 ἀφέντες
567 2251 665 2284 πάντα,
683 2250 732 2279 καὶ
748 2251 897 2287 ἀκολουθή-

102 2298 210 2329 σαντέςη
223 2306 278 2333 μοι,
305 2307 315 2323 ι
337 2296 556 2325 πολλαπλασίονα
575 2296 693 2333 λήψεσθε
715 2296 745 2324 ἐν
761 2296 800 2333 τῷ
816 2297 895 2324 αἰῶνι

99 2343 204 2379 τούτῳ,
221 2343 268 2370 aut
282 2344 311 2369 ἐν
326 2342 365 2378 τῷ
383 2343 507 2377 μέλλοντι
524 2342 597 2375 ζωὴν
616 2341 736 2370 αἰώνιον.
760 2343 788 2370 '0
806 2343 893 2378 ἀκτήέ

99 2399 176 2425 μων,
195 2389 241 2417 ἐπὶ
258 2389 309 2424 γῆς
332 2389 381 2424 μὲν
399 2387 584 2420 πολιτεύεται,
597 2387 646 2423 τὴν
660 2387 687 2414 δὲ
703 2387 844 2424 διατριὸὴν
865 2388 893 2414 ὲν

97 2435 231 2469 οὐρανοῖς
255 2434 399 2469 κέκτηται.
417 2433 466 2460 Διὰ
486 2431 542 2467 γὰρ
558 2433 607 2467 τῆς
631 2431 824 2468 ἀκτημοσύνης
837 2433 894 2464 τοῖς

95 2480 232 2513 ἀγγέλοις
244 2479 452 2514 συναμιλλᾶται,
466 2478 512 2505 καὶ
525 2475 580 2509 soi;
593 2478 708 2510 δικαίοις
722 2477 890 2513 συγχορεύει.

103 2526 366 2561 ’Λποστρεφόμενος
391 2526 447 2561 γὰρ
480 2524 511 2552 τὰ
536 2525 655 2558 ἐπίγεια.
682 2523 716 2550 τὰ
741 2524 892 2559 ἐπουράνιά

96 2571 284 2606 quva-itaut.
308 2572 364 2607 Οὐχ
379 2573 446 2607 ὁρᾷς
462 2571 532 2606 πόση
547 2570 663 2606 διαφορὰ
684 2570 730 2597 τοῦ
746 2571 890 2597 ἀπολιπεῖν

95 2618 135 2643 τὰ
164 2617 345 2652 ὀλιγοχρόνια.
365 2618 412 2644 καὶ
440 2617 516 2649 ἐντος
540 2616 748 2651 γενέσθαι¹τῶν
772 2616 891 2643 αἰωνίων

94 2663 216 2697 ἀγαθῶν
227 2671 233 2678 ·
259 2663 419 2690 καταλιπεῖν
441 2663 476 2690 τὰ
491 2663 610 2698 φθαρτὰ,
627 2662 675 2690 καὶ
688 2663 893 2699 κληρονομῆσαι

92 2711 134 2737 τὰ
163 2710 308 2745 ἄφθαρτα·
335 2710 496 2737 καταλιπεῖν
514 2711 548 2737 τὰ
574 2710 612 2746 μὴ
631 2711 764 2746 ἡμέτερα,
788 2709 836 2736 καὶ
863 2711 893 2736 ἐν

91 2757 253 2784 ἀπολαύσει
276 2757 403 2791 γενέσθαι
428 2756 483 2783 τῶν
508 2757 719 2792 ἡτοιμασμένων
743 2757 799 2788 τοῖς
825 2757 893 2791 ἀγαν-

91 2802 178 2829 πῶσι
192 2803 236 2829 τὸν
254 2803 320 2829 θεόν
330 2811 336 2818 ·
353 2802 525 2838 [καταλιπεῖν
541 2803 572 2829 τὸ
584 2803 679 2838 ὁρατὰ,
693 2802 844 2838 λαμϐάνειν
857 2802 892 2829 τὰ

912 1631 934 1660 C

1192 1637 1335 1665 HOMILIA
1354 1614 1498 1664 LXXXIX.

1267 1693 1306 1721 De
1325 1693 1427 1729 inopia.

984 1740 1157 1781 Facultatum
1175 1750 1299 1779 omnium
1311 1749 1451 1785 possessio
1476 1750 1601 1786 ablegata
1618 1751 1702 1779 semel
1727 1758 1743 1780 ι

949 1798 1080 1835 quopiam
1098 1803 1127 1826 et
1142 1805 1258 1827 excussa
1273 1797 1342 1825 nihil
1357 1797 1475 1825 obscure
1496 1797 1619 1825 declarat
1644 1805 1742 1833 synce-

949 1853 1009 1873 ram
1033 1852 1095 1873 esse
1122 1842 1251 1873 monachi
1275 1843 1526 1871 conversationem.
1557 1843 1609 1877 Qui
1636 1844 1742 1872 nullum

949 1890 1075 1926 possidet
1102 1890 1243 1925 peculium
1265 1889 1429 1921 monachus,
1442 1890 1533 1924 aquila
1552 1894 1595 1918 est
1618 1891 1740 1919 altivola.

948 1937 1032 1970 Inops
1043 1935 1208 1965 monachus.
1221 1934 1292 1961 liber
1304 1935 1334 1961 tit.
1351 1941 1502 1969 paucorum
1517 1943 1581 1968 usu,
1598 1940 1628 1963 ut
1641 1944 1740 1971 quam-

948 1980 1076 2015 plurimis
1093 1980 1263 2015 perfruatur.
1283 1979 1335 2012 Qui
1356 1979 1464 2015 peculio
1477 1981 1553 2008 exuit
1578 1989 1617 2014 se,
1645 1982 1741 2018 utique

948 2025 1028 2053 novit
1043 2025 1108 2060 quia
1124 2023 1278 2059 inquilinus
1295 2028 1336 2051 est
1351 2030 1379 2052 et
1391 2024 1496 2052 advena
1509 2033 1594 2060 super
1616 2031 1739 2055 terram:

948 2080 982 2100 ex
1001 2079 1035 2099 eo
1052 2070 1127 2098 enim
1140 2069 1213 2106 quod
1231 2069 1300 2097 nihil
1316 2070 1478 2099 circumfert
1492 2079 1587 2099 secum
1608 2073 1650 2100 rei
1669 2077 1739 2101 tem-

948 2118 1066 2154 porariae
1076 2126 1109 2145 ac
1124 2118 1276 2149 stecularis,
1291 2125 1341 2154 per
1356 2117 1411 2145 hoc
1419 2118 1513 2153 prodit
1526 2125 1556 2145 se
1570 2119 1738 2154 sempiterna

948 2164 995 2191 illa
1009 2168 1151 2200 expetere.
1170 2163 1220 2197 Qui
1237 2171 1267 2191 se
1280 2163 1358 2191 exuit
1372 2165 1547 2198 possessione
1560 2164 1736 2198 facultatum,

947 2208 1033 2236 Heliae
1051 2209 1221 2244 comperitur
1245 2217 1306 2238 esse
1333 2209 1466 2242 imitator,
1490 2209 1604 2238 Joannis
1619 2210 1686 2239 item
1709 2215 1738 2239 et

947 2262 1043 2283 eorum
1060 2254 1107 2290 qui
1132 2255 1229 2282 dicunt
1243 2263 1250 2281 :
1265 2264 1273 2280 ι
1289 2254 1360 2282 Ecce
1376 2262 1427 2281 nos
1451 2254 1614 2289 reliquimus
1643 2255 1737 2284 omnia

911 2310 934 2339 ι)
946 2306 974 2329 et
990 2300 1077 2329 secuti
1094 2307 1190 2328 sumus
1206 2304 1231 2328 te
1246 2309 1251 2327 :
1265 2300 1332 2335 quid
1354 2307 1421 2335 ergo
1437 2300 1491 2328 erit
1506 2300 1587 2328 nobis
1596 2300 1638 2327 "?
1656 2310 1665 2326 ι
1683 2301 1735 2334 Qui

947 2348 1027 2380 tales,
1054 2348 1089 2376 ab
1123 2347 1183 2383 ipso
1210 2346 1307 2374 salutis
1333 2350 1435 2374 nostra:
1461 2345 1575 2374 Vindice
1597 2346 1734 2374 audiunt:

950 2393 1043 2426 «Quia
1054 2401 1104 2421 vos
1122 2393 1169 2429 qui
1189 2392 1342 2427 reliquistis
1368 2392 1461 2419 omnia
1493 2396 1521 2420 et
1552 2392 1641 2420 secuti
1668 2393 1736 2421 estis

946 2447 991 2467 me
1001 2439 1036 2472 ⁸⁸,
1059 2449 1068 2466 ι
1087 2433 1252 2475 multiplicia
1267 2439 1409 2475 accipietis
1424 2439 1452 2466 in
1468 2439 1569 2467 sreculo
1586 2439 1650 2472 isto,
1665 2443 1695 2467 et
1707 2439 1735 2466 in

943 2485 1039 2513 futuro
1052 2485 1136 2513 vitam
1148 2490 1291 2514 aeternam.
1307 2485 1359 2519 Qui
1374 2485 1455 2520 inops
1467 2489 1520 2518 est,
1535 2492 1620 2520 super
1632 2490 1735 2513 terram

944 2531 1058 2567 quidem
1087 2536 1231 2563 versatur.
1266 2527 1508 2559 conversatibnem
1533 2538 1600 2558 vero
1618 2531 1675 2566 jam
1706 2532 1734 2559 in

944 2577 1023 2604 caelis
1041 2576 1094 2604 sibi
1110 2577 1301 2612 comparavit:
1321 2576 1421 2611 inopiae
1436 2576 1511 2604 enim
1529 2576 1639 2609 merito,
1670 2585 1734 2606 cum

944 2622 1049 2657 angelis
1066 2622 1246 2657 congreditur
1267 2621 1451 2654 familiariter,
1468 2622 1554 2650 choro
1570 2627 1735 2650 accensetur

940 2669 1091 2704 iustorum.
1122 2667 1230 2702 1170
1253 2667 1321 2695 Dum
1349 2667 1423 2694 enim
1445 2667 1504 2696 hac
1535 2673 1679 2695 aversatur
1706 2673 1735 2695 et

943 2710 1071 2746 repudiat
1084 2714 1206 2744 terrena,
1226 2711 1269 2739 vel
1285 2711 1342 2747 ipsa
1356 2711 1553 2747 imaginatione
1565 2712 1733 2747 colligitjam

943 2761 971 2785 et
988 2757 1193 2792 contemplatur
1204 2757 1338 2785 caelestia.
1355 2757 1415 2786 Non
1431 2758 1511 2785 vides
1532 2761 1638 2793 quanto
1660 2757 1734 2784 inter

943 2811 972 2830 se
986 2803 1139 2831 dissideant
1150 2803 1323 2836 discrimine,
1335 2804 1394 2831 luec
1413 2803 1571 2832 corruutiva
1583 2802 1732 2833 dimisisse.

135 2881 160 2896 "
172 2879 194 2906 ll
208 2878 272 2906 Cor.
290 2887 326 2910 γι,
341 2880 398 2907 2-7.
437 2879 460 2895 ¹⁹
471 2879 650 2914 Ephes.v1,6,
663 2879 740 2909 7.“!
751 2881 815 2909 (Lor.
831 2888 875 2911 xv.
888 2880 932 2908 58.
971 2880 991 2896 "
1008 2880 1029 2907 ll
1041 2880 1111 2907 Tim.
1131 2889 1167 2911 iv.
1182 2880 1209 2907 5.
1248 2879 1269 2896 ⁸¹
1281 2880 1361 2907 Rom.
1373 2887 1416 2912 xv,
1429 2879 1473 2907 5t.
1511 2879 1535 2914 ν
1547 2877 1631 2906 Hebr.
1642 2885 1679 2911 v1,
1689 2877 1732 2914 l0.

89 2914 142 2944 "l
165 2915 240 2943 Petr.
253 2921 290 2946 iv,
305 2914 345 2949 to:
384 2915 406 2930 ⁸³
425 2914 494 2942 ibid.
514 2915 555 2942 il.
595 2915 616 2931 "
628 2915 765 2948 Joan.xu,
783 2915 827 2943 26.
866 2915 887 2932 ³⁷
900 2916 968 2943 Luc.
980 2923 1045 2949 xxii,
1063 2916 1108 2942 ‘37.

88 2948 119 2966 “'
139 2949 212 2977 Luc.
229 2956 302 2980 xvul,
313 2947 358 2976 28.

265 2993 399 3026 Ριτιιοι.
421 2996 479 3027 Gn.
504 2996 671 3032 LXXXIX,

1165 2916 1187 2932 ³⁸
1203 2915 1301 2943 Matth.
1314 2923 1359 2950 xx,
1371 2914 1415 2942 28.
1469 2913 1589 2942 “Matth.
1605 2921 1649 2941 xxx
1660 2933 1668 2945 ,
1685 2912 1731 2942 37.

1574 2996 1612 3026 tib
