1982 3262
115 247 181 280 Π13

390 248 556 279 HOMILIA
573 249 665 279 XCII.
680 262 714 267 --
731 250 911 280 (ΖΑΙι-ΑΜῙΤέ

984 251 1134 282 ΑιιΕΝΕ
1151 250 1464 282 COMPATIENDUM.

1678 245 1746 279 ιιιι

112 307 231 342 κρίσεως
250 315 259 332 ι
277 306 407 340 γινώσκει
431 307 532 341 καρδία
558 307 653 342 σοφοῦ,
670 309 717 334 κα¹ι
742 308 822 335 τοῦτο
844 309 907 336 ὃταν

965 311 1063 339 ,ionum
1078 314 1202 338 armatus
1219 309 1289 337 telis.
1316 318 1326 335 ι
1345 309 1466 344 Tempus
1478 306 1661 344 pacisV'pubi
1687 306 1746 332 dis-

113 351 303 386 ὲλευθεροῦται
317 352 374 387 τῆς
392 352 495 387 πλάνης
511 353 558 379 καὶ
573 354 628 379 τῶν
646 353 740 380 παοῶν
751 362 758 369 ·
773 354 906 390 χαίρουσα

114 399 130 432 ἡ
146 398 218 432 ψυχὴ
234 397 310 431 λέγει
324 405 330 412 '
350 407 359 423 ι
378 398 506 432 Ἔκρινέν
523 406 568 432 μοι
581 399 594 425 6
608 399 685 431 Θεὸς,
700 399 754 426 ἀπὸ
770 400 817 426 τοῦ
832 401 908 427 ἀντι-

114 444 189 470 δίκου
215 451 277 477 μου,
294 444 336 470 ὅτι
363 445 444 470 παντὶ
469 444 615 479 πράγματι
643 445 717 471 ἔστιν
743 445 838 480 καιρὸς
860 446 908 472 καὶ

114 488 215 522 κρίσις,
239 489 286 514 καὶ
300 489 452 523 ἀπάντημα
477 489 507 515 ἓν
531 490 728 525 συναντήσεται
751 493 808 522 τοῖς
826 492 907 518 πᾶσιν

115 534 218 560 αὐτοῖς.
238 544 243 559 ι
264 535 318 560 Καὶ
338 534 417 560 τοῦτο
439 536 504 570 περὶ
521 536 570 570 τῆς
585 536 718 571 τελευτῆς
735 537 782 563 τοῦ
800 537 906 573 ἀνθρώ-

116 587 167 604 που
189 579 275 612 λέγει,
296 578 339 604 διὰ
361 579 392 604 τὸ
415 579 515 614 ἄδηλον
537 579 584 605 τοῦ
609 580 678 614 βίου.
706 581 820 614 Ἐπὰγει
842 582 906 616 γὰρ,

119 633 128 649 ι
147 624 209 650 Ὂτι
225 624 275 649 οὐκ
291 623 363 657 ἔγνω
378 623 524 659 ἄνθρωπος
538 626 583 651 τὸν
606 626 703 660 καιρὸν
719 626 812 657 αὐτοῦ,
828 626 865 657 ὡς
883 627 908 653 οι

118 669 209 705 ῑχούες
224 671 248 696 οἱ
264 670 444 705 θηρευόμενοι
458 671 487 697 ὲν
497 671 723 706 ἀμφιὸλήστρῳ.»
737 672 791 698 Καὶ
808 671 887 704 αὖθις
899 682 905 688 ⁸

120 726 129 742 ι
156 715 231 742 Εἶδον
247 717 335 743 πάντα
353 716 400 743 τὸν
427 718 619 752 περισσασμὸν
636 718 664 744 ὅν
682 718 783 745 ἔδωκεν
806 719 820 745 6
842 719 909 751 Θεὸς

115 763 171 793 τοῖς
189 763 256 793 υἱοῖς
272 763 325 788 τῶν
341 762 545 798 ἀνθρώπων,τὸ
557 764 740 798 nepte-6550a:
755 765 784 790 ὲν
795 765 879 800 αὐτῷ.
897 776 905 791 ›

116 808 154 834 T6
168 808 197 834 δὲ
212 808 335 839 ἔδωκεν,
356 809 416 834 ἀντὶ
431 809 489 839 τοῦ,
507 809 731 844 συνεχώρησεν,
748 811 907 846 ἐκληπτέον.

117 852 208 879 Καλὸν
223 851 279 884 οὖν,
296 853 342 879 καὶ
356 854 538 880 εὐαπὸδεκτόν
560 855 635 881 ἐστιν
649 857 735 882 ποιεῖν
748 855 779 882 τὸ
793 857 907 892 εἰρημέ-

116 906 172 926 νον.
190 895 333 936 Ἔστωσαν
348 899 412 934 γὰρ,
428 899 507 933 φησὶ,
521 900 549 926 ὲν
565 901 647 927 παντὶ
662 902 750 937 καιρῷ
765 902 798 929 τὰ
815 902 909 936 ἱμάτιά

118 952 164 970 σου
181 944 275 975 λευκὰ,
291 945 337 971 καὶ
352 945 442 972 ἔλαιον
454 945 501 972 ἐπὶ
515 947 565 981 τῆς
581 947 702 981 κεφαλῆς
716 956 763 974 σου
779 947 817 983 μὴ
832 948 910 974 ὑστε-

957 365 1036 384 eussa
1052 356 1237 384 mutationum
1257 355 1341 388 nube,
1359 354 1495 382 serenitas
1520 360 1627 380 ammna
1647 351 1747 378 divina:

957 402 1051 437 gratia:
1066 401 1179 437 aﬂ‘ulget
1188 405 1216 428 et
1244 400 1413 432 inclarescit,
1430 398 1593 427 incredibile
1616 397 1747 432 gaudium

958 448 1083 475 inserens
1114 447 1222 474 animaa.
1255 456 1264 472 ι
1293 447 1415 480 Tempus
1435 444 1537 480 ejudicii
1560 453 1568 469 ι
1598 443 1677 470 novit
1699 448 1749 468 cor

958 494 1101 528 sapientis,
1116 493 1200 528 idque
1216 500 1278 520 cum
1296 500 1311 519 a
1323 492 1396 519 lucta
1409 499 1441 518 ac
1458 489 1601 524 multiiuga
1628 488 1747 522 impres-

959 537 1037 564 sione
1052 537 1205 571 passionem
1218 536 1410 570 emancipatur
1424 535 1515 561 anima
1526 537 1554 560 et
1567 533 1701 560 asset-itur
1719 532 1746 558 in

959 581 1130 608 libertatem:
1148 581 1248 616 gaudio
1259 581 1333 608 enim
1353 580 1466 615 perfusa
1478 579 1565 606 dicit:
1582 588 1591 604 ι
1608 577 1748 607 Judicavit

960 627 987 653 in
1003 635 1047 654 me
1062 627 1135 654 Deus
1148 627 1182 654 de
1203 626 1363 653 adversario
1385 633 1457 652 meo.
1483 624 1589 659 Cuique
1604 623 1677 650 enim
1707 621 1749 648 rel

959 673 1112 706 praestituta
1129 676 1194 699 sunt
1209 677 1236 699 et
1258 676 1367 706 tempus
1377 674 1405 698 et
1417 666 1610 706 judicium"l;
1623 671 1651 696 et
1677 674 1750 694 unus

959 717 1087 752 idemque
1103 725 1235 745 occursus
1252 721 1382 744 occurret
1397 716 1530 744 omnibus
1543 715 1588 741 his
1635 723 1641 740 :
1661 723 1670 739 ›
1697 713 1750 740 hoc

960 762 1070 790 dicitde
1090 763 1212 790 hominis
1235 766 1335 794 morte,
1361 766 1474 796 propter
1494 761 1557 787 vita:
1578 757 1751 786 incertitudi-

959 816 1034 836 nem.
1053 808 1176 835 -lnducit
1202 808 1295 835 enim:
1324 817 1333 833 ι
1359 808 1432 841 Quia
1458 807 1548 834 nescit
1569 806 1653 833 homo
1684 809 1752 831 Lcm-

960 855 1041 889 pus"
1056 863 1064 879 ›
1081 862 1172 885 suum,
1188 854 1260 881 sicut
1271 854 1362 888 pisces
1375 854 1446 888 capti
1458 853 1607 880 verriculo.
1626 852 1750 878 Rursus:

965 908 972 924 ι
992 899 1067 926 Vidit
1092 906 1203 926 omnem
1236 898 1449 933 occupationem
1470 905 1552 932 quam
1579 897 1657 923 dedit
1681 896 1754 922 Deus

961 944 1025 972 ﬁliis
1047 945 1201 976 hominum,
1216 948 1246 971 ut
1262 947 1467 978 occuparentur
1493 943 1521 969 in
1544 942 1620 969 ea".
1635 951 1643 967 ι
1670 939 1752 970 Illud.

119 990 239 1025 ρησάτω.
251 1000 260 1016 ι
276 991 433 1023 Τουτέστιν,
446 993 477 1018 Al
492 992 543 1027 μὲν
558 993 672 1028 πράξεις
686 994 734 1028 τῆς
745 993 836 1029 ψυχῆς
849 1002 907 1026 σου,

965 990 1069 1022 ἔδωκεν,
1088 990 1186 1021 dedit,
1217 990 1295 1017 venit
1323 988 1517 1024 exponendum
1553 995 1604 1022 pro
1634 985 1754 1020 συνεκώ-

117 1036 165 1061 καὶ
182 1036 229 1062 τοῦ
246 1036 373 1070 σώματος
395 1037 438 1064 διὰ
463 1037 564 1070 παντὸς
580 1038 702 1066 ἔστωσαν
725 1039 843 1074 καῦαραὶ
862 1040 909 1066 καὶ

117 1080 239 1115 ἄμωμοι.
253 1081 328 1116 Πάσῃ
348 1082 375 1108 δὲ
385 1083 418 1117 τῇ
430 1083 544 1118 δυνάμει
558 1092 615 1115 σου,
627 1083 657 1109 τὸ
670 1084 758 1110 ἔλαιον
775 1084 824 1118 τῆς
834 1085 910 1119 ἐλεη-

119 1126 241 1161 μοσύνης
253 1126 296 1153 διὰ
313 1126 367 1153 τῶν
393 1129 516 1163 πενήτων
533 1128 628 1164 ἐτείχεε
651 1129 698 1155 ἐπὶ
715 1129 763 1164 τὴν
789 1130 909 1165 κεφαλήν

119 1180 167 1198 σου
173 1173 299 1208 Χριστόν.
308 1173 392 1201 Αὐτὸς
403 1174 457 1209 γὰρ
466 1174 544 1210 ἡμῶν
552 1176 568 1210 ἡ
577 1175 693 1209 κεφαλὴ,
704 1175 816 1209 λέγων-ι
834 1176 911 1210 Ἐμοὶ

118 1218 263 1252 ἐποιήσατε
269 1218 319 1245 ὅσα
327 1220 383 1250 τοῖς
390 1220 543 1254 ἐλαχίστοις
551 1221 608 1251 τοῖς
619 1220 743 1254 ἀδελφοῖς
756 1229 806 1255 μου
819 1221 912 1256 ἐποιή-

120 1270 196 1288 σατε.
209 1273 217 1288 ι
230 1264 283 1290 Καὶ
299 1264 342 1291 διὰ
359 1265 535 1297 τοῦῚισαῖου,
548 1275 557 1290 ι
568 1266 664 1300 Καιρῷ
676 1266 762 1301 δεκτῷ
772 1267 913 1301 ἐπήκουσὰ

122 1315 187 1339 σου,
208 1309 254 1334 καὶ
277 1309 407 1345 ὲνὴμέρᾳ
427 1310 564 1345 σωτηρίας
584 1310 721 1345 ἐϐοήθησά
745 1319 796 1337 σοι.
819 1319 828 1337 ι
846 1311 911 1338 Ὂτε

120 1350 167 1379 οὖν
180 1351 260 1388 ἦλθεν
283 1356 296 1380 6
309 1355 402 1387 δεκτὸς
424 1356 529 1390 καιρὸς,
544 1356 593 1382 καὶ
607 1357 624 1392 ἡ
647 1357 739 1394 ἡμέρα
754 1356 805 1392 τῆς
826 1366 913 1393 σωτη-

122 1398 182 1433 ρίας
204 1399 282 1434 ἡμῶν
305 1401 321 1434 ἡ
347 1400 438 1435 χάρις,
462 1401 556 1428 τοῦτον
578 1402 593 1428 6
620 1402 782 1434 ’Δπόστολος
798 1411 913 1438 φανερο-

122 1446 208 1470 ποιὼν
224 1445 269 1471 τὸν
285 1447 390 1480 καιρὸν,
406 1446 497 1481 λέγει’
514 1456 523 1473 ι
548 1447 613 1474 Ἰδοὺ
629 1447 676 1474 νῦν
687 1449 783 1486 καιρὸς
795 1449 912 1484 5611:965-

121 1489 226 1522 δεκτος,
243 1491 297 1518 ἰδοὺ
311 1492 359 1518 νῦν
376 1493 466 1528 ἡμέρα
483 1493 630 1528 σωτηρίας,
658 1495 793 1529 μηδεμίαν
816 1496 845 1521 ἐν
862 1504 913 1530 μη-

120 1535 177 1562 δενὶ
190 1536 307 1568 διδόντες
322 1539 475 1574 προκοπὴν,
493 1539 536 1566 ἵνα.
550 1540 587 1574 μὴ
603 1540 722 1576 μωμηθῇ
742 1542 758 1576 ἡ
772 1541 893 1568 διακονία
903 1550 911 1558 ⁸

121 1580 190 1606 ἀλλὰ
206 1581 294 1608 πάντα
309 1583 483 1618 εὐσχημόνως
504 1584 551 1611 καὶ
574 1585 644 1612 κατὰ
661 1585 738 1618 τάξιν
753 1586 878 1620 γινέσθω.
900 1596 909 1612 ι

122 1626 205 1652 ’Ὅθεν
223 1627 270 1654 καὶ
295 1629 308 1654 6
330 1628 430 1663 Κύριος
445 1629 540 1656 τοῦτον
554 1630 695 1670 δεικνύων,
714 1631 912 1666 ἐγκαλούμενος

964 1045 1041 1071 pnas.
1057 1036 1194 1070 permisit.
1219 1035 1360 1063 Profuerit
1380 1035 1463 1070 igitur
1479 1034 1538 1069 (sed
1561 1038 1589 1061 et
1614 1041 1658 1060 res
1679 1040 1754 1060 com-

963 1082 1140 1109 mendatione
1158 1089 1221 1109 cum
1235 1081 1334 1116 primis
1346 1081 1440 1116 digna)
1457 1084 1486 1107 ut
1498 1080 1570 1115 quod
1580 1079 1685 1107 dictum
1699 1083 1753 1111 est,

963 1127 1132 1162 implendum
1145 1135 1293 1159 curemus;
1310 1134 1410 1161 nempe
1424 1126 1491 1153 illud
1509 1135 1515 1152 :
1533 1135 1541 1150 ι
1560 1125 1623 1152 Sint
1639 1125 1666 1151 in
1678 1124 1754 1152 omni

965 1178 1088 1208 tempore
1123 1172 1287 1201 vestimenta
1319 1177 1366 1200 tua
1393 1172 1529 1204 candida,
1556 1176 1583 1198 et
1605 1171 1696 1198 oleum
1726 1171 1754 1198 in

965 1220 1054 1255 capite
1072 1223 1119 1246 tuo
1135 1227 1170 1246 ne
1184 1219 1295 1246 deficiat
1305 1219 1350 1246 η’.
1376 1228 1384 1244 ι
1406 1218 1464 1246 lloc
1477 1223 1532 1249 est,
1550 1217 1675 1245 actiones
1691 1217 1755 1252 qui-

965 1265 1026 1293 dem
1042 1265 1140 1293 animae
1155 1269 1184 1292 et
1198 1265 1326 1299 corporis
1350 1265 1389 1292 tui
1405 1272 1481 1299 pura:
1506 1264 1628 1291 sordium
1646 1271 1756 1298 semper

965 1310 1021 1337 sint
1044 1314 1071 1337 et
1101 1310 1260 1345 inculpatte.
1290 1309 1371 1337 Omni
1397 1308 1514 1345 proinde
1540 1308 1633 1336 studio
1662 1308 1755 1336 oleum

964 1355 1150 1390 elcemosynaa
1181 1360 1234 1383 tua:
1259 1363 1309 1390 per
1338 1363 1490 1390 pauperum
1519 1362 1616 1382 manus
1644 1354 1756 1382 effunde

965 1409 1049 1435 super
1071 1405 1156 1436 caput
1177 1405 1267 1433 tuum,
1285 1401 1427 1429 Christum
1443 1401 1585 1428 videlicet.
1607 1401 1666 1436 lpse
1681 1401 1756 1428 enim

966 1452 1047 1481 caput
1067 1451 1193 1473 nostrum
1213 1451 1259 1474 est
1277 1447 1325 1481 qui
1342 1447 1427 1474 dicit:
1449 1456 1458 1473 ι
1475 1447 1540 1474 Mihi
1557 1447 1661 1474 fecistis
1681 1455 1757 1482 qua:-

966 1500 1075 1527 cunque
1086 1492 1219 1519 fratribus
1238 1492 1307 1520 meis
1324 1493 1446 1519 minimis
1464 1492 1609 1519 fecistis".
1631 1502 1640 1518 ι
1660 1493 1693 1519 Ει
1707 1500 1757 1527 per

965 1537 1076 1564 Isaiam:
1095 1547 1103 1562 ι
1112 1537 1249 1572 Tempore
1261 1541 1375 1572 accepto
1388 1537 1516 1564 cxaudivi
1530 1542 1566 1569 te,
1578 1542 1606 1564 et
1616 1538 1644 1564 in
1657 1537 1701 1564 die
1714 1544 1757 1564 sa-

966 1582 1032 1609 lutis
1042 1582 1137 1609 audivi
1148 1587 1174 1610 te
1186 1583 1220 1610 “.
1238 1592 1246 1608 ι
1263 1582 1335 1610 Sane
1349 1587 1459 1618 tempus
1471 1583 1540 1610 illud
1555 1583 1594 1610 sic
1607 1586 1755 1617 acceptum

966 1627 1014 1654 ubi
1026 1627 1138 1655 advenit
1153 1632 1182 1655 et
1203 1628 1264 1655 dies
1280 1628 1378 1656 salutis
1405 1633 1515 1660 nostrae,
1534 1636 1633 1663 nempe
1649 1628 1755 1664 gratia:

121 1671 174 1698 ὑπὸ
197 1672 253 1698 τῶν
273 1673 474 1708 Γραμμστέων,
499 1676 547 1702 καὶ
570 1676 736 1711 Φαρισαίων,
754 1677 798 1704 διὰ
821 1677 847 1704 τι
874 1677 911 1714 μὴ

965 1677 1030 1701 tunc
1041 1673 1222 1708 etApost-olus
1233 1674 1301 1702 illud
1308 1675 1385 1702 velut
1397 1675 1488 1702 indice
1500 1675 1675 1702 manifestius
1691 1682 1758 1710 pro.

121 1717 298 1752 νηστεύουσιν
312 1720 338 1745 οἱ
357 1719 477 1756 μαθηταὶ
494 1721 588 1753 αὐτοῦ,
605 1722 786 1758 ἐπεστόμισεν
801 1723 910 1757 αὐτοὺς,

121 1762 224 1796 λέγων·
244 1773 253 1789 ι
281 1764 325 1799 Μὴ
347 1764 473 1792 δύνανται
497 1767 522 1793 οι
547 1767 599 1793 υἱοὶ
624 1767 670 1793 τοῦ
694 1768 850 1802 νυμφῶνος,
869 1768 912 1803 ἐφ’

121 1808 183 1834 ὅσον
198 1809 293 1843 χρᾶνον
310 1810 369 1843 μετ’
385 1811 474 1837 αὐτῶν
489 1812 502 1838 6
515 1812 632 1846 νυμφῖος
647 1813 735 1843 ἐστὶν,
752 1813 894 1849 νηστεύειν
904 1822 911 1830 ·

121 1854 278 1881 ἐλεύσονται
301 1856 328 1882 δὲ
356 1857 467 1891 ἡμέραι,
498 1858 562 1885 ὅταν
585 1858 695 1894 ἀπαρθῇ
722 1860 769 1886 ἀπ’
786 1859 876 1886 αὐτῶν
899 1860 913 1886 6

121 1902 252 1934 νυμφίος.
278 1902 326 1928 καὶ
349 1903 410 1928 τότε
439 1904 633 1938 νηστεύσουσιν
657 1907 685 1931 ἑν
710 1906 830 1937 ἐκείναις
855 1907 915 1937 ταῖς

121 1946 250 1980 ἡμέραις.
277 1956 286 1972 ι
308 1947 387 1981 Αὐτῷ
409 1948 426 1981 ἡ
441 1948 504 1980 δόξει
518 1949 557 1982 τῷ
572 1949 699 1985 ἀθανάτῳ
713 1951 822 1984 νυμφίῳ
844 1951 914 1985 Χρι-

123 1989 179 2023 στῷ
195 1989 234 2024 τῷ
259 1989 318 2024 Θεῴ
343 1991 423 2025 ἡμῶν
442 1993 481 2023 εἰς
505 1993 567 2024 τοὺς
593 1993 695 2025 αἰῶνας
718 1994 773 2020 τῶν
795 1993 911 2021 αἰώνων.

131 2032 230 2069 ’Λμήλ

964 1719 1043 1751 dens,
1057 1720 1096 1747 ait
1106 1720 1206 1748 :«Ecce
1217 1728 1293 1748 nunc
1305 1724 1415 1755 tempus
1424 1721 1604 1756 acceptabile,
1615 1721 1676 1749 dies
1685 1721 1759 1749 salu-

965 1765 1002 1793 tis
1011 1786 1018 1799 ,
1035 1766 1141 1794 nemini
1153 1766 1253 1795 dantes
1265 1767 1350 1795 ullam
1364 1768 1560 1800 oll‘cnsionem,
1569 1772 1600 1796 ut
1614 1775 1671 1795 non
1683 1768 1758 1795 vitu-

966 1815 1080 1845 peretur
1093 1811 1277 1839 ministerium
1290 1816 1428 1845 nostrum,
1440 1812 1486 1839 sed
1497 1812 1613 1840 honeste
1622 1817 1758 1840 etsecun-

968 1857 1033 1884 dum
1056 1857 1184 1885 ordinem
1211 1858 1305 1885 omnia
1327 1858 1394 1884 fiant
1403 1858 1443 1884 ":
1460 1867 1469 1883 ι
1489 1857 1566 1885 Unde
1579 1862 1607 1884 et
1624 1858 1758 1885 Dominus

968 1903 1022 1930 hoc
1046 1903 1136 1937 ipsum
1163 1907 1274 1936 tempus
1302 1902 1447 1933 indicans,
1482 1910 1545 1929 cum
1579 1907 1759 1930 accusaretur

967 1955 982 1974 a
999 1947 1104 1974 Scribis
1121 1951 1149 1973 et
1162 1947 1310 1974 Phariszeis
1330 1952 1477 1981 propterea
1494 1947 1569 1982 quod
1584 1948 1658 1974 illius
1676 1948 1759 1975 disci-

967 1992 1024 2027 puli
1055 1991 1217 2026 neutiquam
1243 1993 1401 2027 jejunarent
1423 2000 1431 2019 :
1453 2000 1503 2020 ora
1524 1993 1633 2020 illorum
1653 1997 1758 2021 temere

965 2043 994 2065 et
1006 2036 1181 2072 impudenter
1191 2037 1356 2065 oblatrantia
1366 2038 1664 2072 compescuit,dicens:
1677 2048 1686 2064 ι
1699 2039 1758 2066 Non

124 2082 240 2113 possunt
252 2080 298 2107 filii
316 2081 421 2116 sponsi,
438 2087 542 2117 quanto
554 2088 677 2118 tempore
691 2086 809 2120 sponsus
824 2089 866 2113 est
881 2092 943 2112 cum
956 2083 1155 2118 eis.jejunare:
1167 2083 1282 2110 venient
1294 2087 1386 2110 autem
1398 2083 1467 2116 dies,
1479 2091 1542 2111 eum
1555 2084 1759 2112 ablatusfuerit

124 2125 159 2152 ab
183 2126 224 2153 cis
246 2134 363 2161 sponsus
375 2147 382 2160 ,
409 2132 475 2156 tunc
499 2130 663 2165 jejunabunt
683 2131 710 2159 in
726 2132 781 2160 illis
796 2131 936 2160 diebus”.
958 2139 966 2156 ι
993 2129 1046 2164 Ipsi
1062 2137 1163 2164 sponso
1181 2129 1331 2157 immortali
1355 2129 1466 2158 Christo
1480 2130 1538 2158 Deo
1554 2135 1648 2159 nostro
1666 2131 1754 2167 gloria,

126 2170 153 2201 in
172 2172 271 2198 saecula
284 2174 461 2201 saeculorum.
483 2175 583 2214 Amen.

433 2231 541 2258 ΛΟΓΟΣ
557 2233 614 2265 tu.

339 2285 407 2318 Περὶ
424 2286 477 2312 τοῦ
493 2287 699 2322 συμπάσχειν.

160 2328 197 2354 Τὸ
213 2330 387 2364 συμπάσχειν
402 2331 542 2366 ἀλλήλοις,
557 2333 605 2358 καὶ
621 2334 774 2368 συναλγεῖν,
800 2336 914 2371 συντρέ-

125 2382 183 2408 χειν
207 2383 248 2406 τε,
262 2375 310 2402 καὶ
336 2378 501 2412 συγκοπιᾷν.
530 2378 677 2413 εὐάρεστόν
691 2381 765 2408 ἐστιν
789 2381 828 2416 τῷ
843 2382 912 2418 Θεῷ.

125 2419 181 2444 Καὶ
195 2419 250 2454 γὰρ
275 2422 468 2457 χρεωστοῦμεν
493 2422 573 2450 τοῦτο
597 2425 729 2459 πράττειν
753 2425 792 2458 ὠς
814 2426 913 2460 δοῦλοι,

125 2464 174 2489 καὶ
202 2465 344 2500 πάρεδροι,
363 2467 410 2493 κσὶ
432 2468 567 2503 ὑπηρέται
585 2469 632 2496 τοῦ
657 2469 725 2496 Θεοῦ
740 2471 838 2505 Λόγου.
854 2473 915 2499 Ἵνα

125 2509 314 2544 εὐαρέσωμεν,
326 2508 348 2544 ᾧ
360 2512 593 2548 ὲστρατεύθημεν.
615 2515 673 2548 Ἀφ’
691 2513 721 2543 οὗ
735 2518 781 2544 καὶ
795 2518 830 2544 τὰ
843 2518 915 2553 ὀψώ-

125 2563 169 2581 νια
186 2555 368 2589 κομισώμεθα.
378 2557 475 2593 Ψυχὴν
494 2559 772 2597 ἐλεήμοναξκέκτηται
782 2563 796 2589 6
805 2570 916 2597 συμπα-

126 2598 184 2632 θὴς.
210 2599 238 2624 Ὀ
253 2599 306 2634 γὰρ
318 2600 367 2635 ¹τὴν
383 2601 473 2636 ψυχὴν
494 2603 621 2638 τοιαύτην
638 2604 719 2638 ἔχων,
738 2605 827 2631 πάντα
847 2606 913 2632 ἀνα-

126 2642 221 2668 ϐλύσει
239 2643 272 2669 τὰ
289 2645 368 2672 καλά.
383 2647 441 2673 Κᾶν
451 2647 506 2682 γὰρ
519 2649 647 2683 χρήματα
663 2649 729 2684 ἔχει,
746 2650 914 2686 προήσεται·

127 2688 178 2714 κᾶν
210 2689 239 2715 ὲν
258 2693 410 2726 συμφοραῖς
438 2693 480 2728 ῐδῃ
497 2693 567 2723 τινὰ.
602 2694 759 2727 κλαύσεται,
779 2696 832 2721 κᾶν
845 2696 916 2730 ἐπη-

127 2733 285 2769 ρεαζομένῳ
296 2736 444 2772 περιτύχῃ.
461 2739 537 2772 χεῖρα
548 2739 645 2773 ὀρέξει,
661 2741 707 2766 καὶ
723 2741 811 2766 οὐδενὶ
828 2749 918 2776 παρα-

127 2778 215 2813 λείψει
231 2781 285 2806 τῶν
303 2782 344 2813 εἰς
364 2782 445 2808 αὺτῦν
459 2783 624 2816 φθανόντων.
635 2785 845 2821 ’Δγωνισὼμεοα
858 2784 916 2820 οὖν,

126 2823 173 2851 ἵνα
186 2825 202 2860 ἡ
217 2825 307 2857 πίστις
324 2827 412 2861 ἡμῶν,
429 2828 477 2853 καὶ
491 2830 506 2862 ἡ
520 2829 625 2864 ἀγάπη,
636 2830 684 2856 καὶ
698 2831 714 2865 ἡ
730 2831 863 2866 ὑπομονὴ,
880 2831 918 2862 ὡς

163 2920 184 2937 τ’
200 2919 289 2955 Flet-le.
307 2929 344 2950 ιιι.
367 2921 376 2947 Ι
397 2928 475 2955 ςιηι.
518 2922 537 2937 "
556 2921 622 2949 Luc.
653 2931 730 2950 mn.

126 2953 149 2971 ⁸⁸
167 2954 258 2981 Matth.
274 2963 334 2989 xxv,
349 2956 394 2982 lt).
433 2953 455 2971 ίί
473 2955 524 2984 lsa.
543 2965 614 2988 χιιι,
632 2958 658 2985 8.
696 2959 718 2975 ⁸·
733 2959 752 2986 ll
767 2953 840 2987 Con"
853 2969 888 2993 vi,
907 2961 934 2993 ‘2,

764 2925 789 2954 5.
815 2926 840 2957 7,
867 2925 895 2952 8.
935 2925 957 2940 "'
974 2925 1064 2953 Ecl-Ie.
1086 2933 1124 2955 ιι,
1144 2925 1185 2950 12.
1225 2925 1248 2939 "
1277 2924 1367 2951 Errlc.
1399 2931 1418 2955 ι,
1440 2923 1482 2950 l5.

954 2960 980 2987 5.
1020 2961 1042 2977 ⁸³
1058 2960 1153 2987 Matth.
1170 2968 1205 2992 ix,
1230 2959 1271 2986 l5.

1189 2229 1298 2265 1174
1309 2228 1451 2257 HOMILIA
1467 2229 1548 2257 XC".

964 2285 1065 2313 Alienw
1073 2285 1224 2313 calamitati
1231 2286 1446 2314 indolescendum
1455 2288 1645 2323 contpassiouis
1655 2289 1757 2324 affectu.

1002 2331 1043 2358 0b
1057 2331 1174 2358 alienam
1188 2331 1372 2359 calamitatem
1396 2333 1458 2368 angi
1479 2333 1582 2366 animo,
1606 2334 1759 2362 incommo-

967 2376 1064 2411 disque
1076 2376 1265 2411 proximorum
1284 2377 1418 2406 mutuiter
1432 2379 1641 2412 condolescere.
1656 2380 1760 2408 summ

967 2422 1024 2457 gari
1039 2422 1105 2449 item
1133 2428 1160 2449 et
1178 2422 1358 2456 collaborare,
1376 2431 1458 2459 quam
1480 2424 1516 2452 sit
1534 2425 1591 2453 Deo
1607 2427 1759 2461 gratiosum

967 2471 995 2494 et
1013 2471 1167 2502 acceptum,
1181 2468 1244 2502 quis
1262 2469 1400 2503 explicet?
1423 2469 1480 2498 Hoc
1493 2471 1595 2498 etenim
1626 2471 1717 2507 reipsa
1729 2476 1760 2499 ut

969 2516 1140 2546 pneslemus,
1151 2513 1192 2541 vel
1206 2514 1299 2541 debito
1325 2514 1535 2551 obstringimur,
1558 2521 1588 2544 ut
1616 2517 1663 2552 qui
1685 2517 1758 2544 seni

968 2565 1079 2589 sumus,
1101 2566 1256 2586 asscssorcs
1269 2563 1297 2587 et
1312 2560 1484 2590 subministri
1502 2562 1550 2589 Dei
1565 2563 1657 2593 Verbi.
1675 2569 1704 2590 ut
1719 2563 1759 2592 illi

968 2610 1019 2629 nos
1031 2603 1180 2637 probemus
1200 2604 1226 2631 in
1242 2604 1321 2639 cujus
1332 2606 1512 2633 accenturiati
1524 2615 1620 2634 sumus
1632 2613 1660 2635 et
1671 2608 1758 2635 ascri-

970 2648 1158 2682 ptimilitiam,
1174 2657 1188 2675 a
1201 2657 1256 2683 quo
1275 2649 1414 2677 relaturos.
1432 2658 1482 2678 nos
1501 2652 1637 2688 stipendia
1654 2657 1762 2682 navata:

969 2693 1113 2727 insigniter
1127 2701 1217 2729 operae
1233 2698 1309 2721 certo
1323 2695 1435 2723 scimus.
1459 2697 1584 2724 Animam
1611 2698 1704 2731 utique
1723 2697 1757 2724 ad

969 2737 1057 2765 oﬂicia
1073 2740 1234 2767 exercendae
1253 2741 1364 2774 pietatis
1379 2749 1444 2776 erga
1458 2742 1598 2776 proximos
1616 2742 1684 2769 mire
1707 2742 1756 2768 ha-

968 2783 1016 2811 bet
1033 2785 1336 2820 proclivem,'quisqnis
1350 2787 1390 2814 sic
1407 2787 1579 2814 condolescit
1592 2787 1688 2814 alienre
1713 2787 1757 2814 in-

969 2831 1175 2864 felicitati.'Qui
1199 2832 1280 2859 talem
1311 2833 1432 2868 possidet
1454 2832 1584 2865 animam,
1614 2833 1682 2859 nihil
1704 2841 1758 2860 non

1521 2923 1553 2938 ”'
1569 2923 1658 2951 Fcrlc.
1673 2931 1709 2957 ιι,
1730 2924 1761 2956 ει
