1982 3240
219 214 286 247 1719

809 190 811 192 ’
839 215 1024 246 ANTIOCHI
1048 216 1220 246 MUNACHI
1241 246 1243 248 ,

1786 213 1861 246 17ζο

217 275 301 303 mucli
321 275 356 304 de
375 276 439 303 filiis
455 276 532 305 Iesse
546 276 585 304 ait
599 284 605 302 :
627 285 635 301 ι
649 274 688 302 Ne
705 275 838 309 respicias
854 275 882 301 in
899 274 1006 301 vultum

1067 283 1112 301 ιου
1129 274 1175 302 τοῦ
1189 276 1217 302 ὲν
1231 276 1365 310 οὐρανοῖς,
1378 271 1456 305 οὗτός
1473 283 1523 309 μου
1535 273 1661 309 ἁδελφὸς,
1675 273 1722 300 καὶ
1736 272 1858 308 ὀδελφὴ,

216 327 245 350 et
258 322 291 350 ad
301 322 518 358 magnitudinem
526 323 597 357 ejus,
618 321 684 357 quia
699 321 782 349 homo
805 321 832 348 in
852 321 951 350 faciem
965 321 1008 348 vi-

216 367 304 400 debit,
327 368 399 396 Deus
413 374 505 397 autem
519 369 643 401 intuetur
658 375 707 396 cor
721 367 742 395 '.
762 377 772 393 ι
784 367 843 402 lpsc
855 373 937 400 rorro
951 366 1008 393 Do-

216 415 383 442 minuscum
397 415 541 450 aquodam
557 414 728 443 audivisset:
748 423 757 439 ι
778 413 848 441 Ecce
861 417 950 440 mater
961 416 1007 440 tua
1025 416 1053 440 et
1080 412 1180 440 fratres
1193 413 1232 440 tui
1249 413 1318 440 foris
1334 412 1410 441 stant
1435 415 1590 448 qumrentes
1604 416 1630 439 te
1668 431 1676 444 ,

217 460 258 487 dit
271 461 309 488 illi

217 505 380 541 discipulos,
395 507 480 536 dicit:

1063 322 1111 348 καὶ
1127 322 1219 357 μήτηρ
1238 322 1289 357 μού
1300 322 1383 348 ἐστιν.
1396 329 1404 346 ι
1416 321 1518 356 tum
1535 320 1598 354 δόξα
1608 321 1649 352 είς
1663 321 1728 352 τοὺς
1741 320 1854 352 αίῶνας

1061 366 1115 393 τῶν
1130 367 1244 394 αἱώιων.
1270 368 1366 402 Ἀμήν.

1735 417 1863 444 respon-

356 470 362 488 :
405 461 473 494 Quae
488 466 530 489 est
546 466 633 491 mater
649 469 720 491 mea,
733 465 762 488 et
788 460 834 495 qui
855 465 920 487 sunt
942 460 1042 489 fratres
1057 460 1112 488 mei
1131 461 1172 487 "?
1190 470 1199 487 ι
1220 460 1347 496 Cumque
1374 461 1545 489 extendisset
1573 468 1685 489 manum
1712 468 1795 488 suam
1827 459 1861 486 in

521 507 592 535 Ecce
606 511 694 534 mater
706 515 766 534 mea
777 511 804 533 et
816 506 915 533 fratres
943 506 995 533 mei
1013 515 1020 533 :
1041 507 1201 542 quicunque
1229 507 1302 534 enim
1319 507 1417 535 fecerit
1434 507 1604 534 voluntatem
1617 506 1705 535 Patris
1725 506 1783 534 mei
1806 505 1862 542 qui

217 552 299 580 estin
313 553 402 586 caelis,
419 553 465 580 hic
481 561 560 581 mens
573 553 659 581 frater
676 557 704 580 et
723 558 812 581 mater
825 549 891 581 est"
905 549 1012 588 “dipsi
1029 553 1114 588 gloria
1131 553 1160 581 in
1177 554 1277 582 saecula
1302 554 1475 583 sreculorum.
1489 553 1588 582 Amen.

483 621 626 650 llOMlldA
638 622 728 650 XCIV.

313 679 524 706 Celtabitandum
538 679 629 714 paucis
641 679 757 714 quidem,
774 679 820 705 sed
827 679 911 706 bonis.

254 735 402 767 Profuerit,
417 734 587 766 oharissimi,
601 741 663 761 cum
679 734 774 768 paucis
791 733 904 768 quidem
921 733 1009 762 .habi-

217 785 286 812 tare,
299 780 348 807 scd
364 780 445 807 benis
459 789 465 806 :
481 780 507 807 id
527 779 602 814 quod
620 779 676 806 Deo
692 779 772 814 longe
792 779 907 814 gratius,
926 786 1009 814 quam

218 831 249 853 ut
263 826 358 853 multis
372 825 515 853 coltabites
528 825 575 860 qui
595 825 651 852 sint
665 829 872 860 contemptores
897 824 1010 852 manda-

219 877 309 899 torum
324 871 507 899 Domini.Ubi
520 871 594 898 enim
614 871 698 898 timor
717 871 838 904 Domini,
863 871 919 898 illic
941 870 1008 898 cha-

1366 621 1473 647 ΛΟΓΟΣ
1487 623 1543 654 μιν.

1164 677 1234 712 Περὶ
1248 677 1301 704 τοῦ
1313 676 1408 703 οἰκεῖν
1420 677 1495 711 μετὰ
1509 677 1620 711 ὀλίγων
1633 675 1748 703 καλῶν.

1096 733 1188 760 Καλόν
1202 734 1287 764 ἐστιν,
1303 732 1452 769 ἀγαπητοὶ,
1474 733 1560 759 οἰκεῖν
1586 731 1657 767 μετὰ
1685 732 1793 766 ὀλίγων
1809 732 1861 758 εὒ-

1060 778 1249 814 αρεστούντων
1274 778 1313 814 τῷ
1329 778 1399 814 Θεῷ,
1416 779 1492 814 ἢπερ
1505 778 1574 813 μετᾶ
1592 778 1697 805 πολλῶν
1708 786 1862 813 καταφρο-

1059 825 1148 860 νητῶν
1161 825 1216 852 τῶν
1232 825 1348 852 ἐντολῶν
1377 825 1494 861 Κυρίου.
1512 825 1600 851 Ὅπου
1618 825 1673 860 γὰρ
1695 824 1781 859 φᾶϐος
1798 825 1861 851 Κυ-

1063 871 1131 907 ρίου,
1147 872 1206 898 ἐκεῖ
1220 872 1266 898 καὶ
1280 871 1386 906 ἀγάπη.
1405 872 1453 898 καὶ
1467 871 1581 906 ὁμόνοια
1590 871 1729 905 ἁδελφῶνο
1746 871 1816 898 ὅπου
1831 870 1862 897 δὲ

218 917 286 944 ritas
303 921 331 943 et
344 917 458 944 fratrum
471 916 620 944 concordia
636 926 642 943 :
662 916 709 944 ubi
726 916 820 943 nullus
842 916 1009 951 relinquitur

1067 917 1171 951 ὶφοσία.
1189 917 1249 943 ἐκεῖ
1263 916 1321 952 ἔρις
1336 916 1384 944 καὶ
1406 917 1504 950 ζῆλος·
1519 918 1587 944 ὅπου
1614 916 1746 943 εὐλάϐεια
1771 915 1860 948 Θεοῦ,

219 964 313 991 timori
329 963 377 991 Dei
396 964 484 996 locus,
502 964 540 991 ibi
559 963 701 992 contentio
727 971 760 991 ac
783 963 859 991 zelus
877 973 883 990 :
900 963 948 990 ubi
967 971 1011 990 re-

217 1011 344 1038 verentia
361 1018 393 1038 ae
419 1011 509 1045 pietas
535 1017 599 1045 erga
625 1010 723 1041 Deum,
741 1014 769 1037 et
793 1009 922 1036 amabilis
945 1017 1010 1044 erga

218 1057 373 1092 proximum
389 1056 516 1089 affectus,
539 1056 596 1084 illio
616 1056 801 1084 intermedius
813 1055 912 1083 borum
928 1055 1009 1082 habi-

219 1107 254 1130 tat
269 1103 342 1130 Deus
354 1111 361 1129 :
374 1102 422 1129 ubi
442 1106 535 1130 autem
559 1102 664 1130 invidia
693 1109 725 1129 ac
745 1102 816 1129 male
831 1102 967 1136 morigera
982 1105 1010 1128 et

219 1149 408 1184 inobsequens
421 1148 567 1184 subjectio,
581 1148 638 1176 illic
653 1156 668 1176 e
693 1149 805 1183 regione
822 1147 940 1175 ambitio
964 1154 1010 1174 re-

218 1198 283 1227 gnat
305 1193 398 1228 gloria;
410 1193 510 1220 inanis.
527 1192 708 1220 Commodum
719 1193 804 1220 fuerit
817 1201 848 1221 ac
862 1192 934 1227 frugi
960 1199 1011 1220 nos

219 1239 361 1267 mordicus
375 1239 446 1266 tueri
466 1246 498 1266 ac
511 1239 631 1266 retinere
656 1238 864 1274 simplicitatem
884 1243 912 1265 et
927 1237 1010 1264 inno-

219 1285 349 1317 centiam,
362 1289 444 1320 atque
456 1285 490 1312 ad
509 1284 642 1312 infantilis
670 1284 733 1312 vita:
752 1284 904 1312 fermulam'
917 1291 1011 1312 mores

219 1331 378 1361 instituere.
391 1331 494 1366 quibus
506 1331 677 1365 incomperta
693 1335 736 1358 est
747 1337 860 1365 prorsus
884 1330 1011 1366 improba

220 1376 386 1412 malignitas,
410 1377 538 1405 humanae
555 1376 619 1404 vitae
639 1377 779 1412 expultrix
795 1385 802 1404 :
818 1384 909 1412 neque
924 1377 1012 1405 simus

220 1423 367 1450 adversum
398 1431 450 1450 nos
479 1422 595 1450 invectae
621 1423 706 1450 ullius
732 1423 839 1458 injuria:
863 1431 1017 1456 memoresr

220 1476 275 1496 neu
306 1476 356 1503 per
383 1468 517 1496 malitiam
546 1469 620 1504 leges
639 1469 854 1504 prtevarieemur
883 1477 890 1496 :
925 1470 1012 1504 magis

219 1518 312 1541 autem
324 1521 434 1541 omnem
448 1514 622 1549 deponamus
637 1514 785 1547 malitiam,
813 1522 922 1542 omnem
938 1522 1012 1542 ama-

220 1560 373 1588 ritudinem
404 1560 505 1588 divina:
532 1560 600 1596 legis
627 1560 893 1594 praevarieatricem.
927 1561 1011 1596 inque

1062 963 1110 990 καὶ
1125 964 1226 998 στοργὴ
1237 963 1283 990 τοῦ
1310 963 1434 998 πλησίον,
1452 964 1511 990 ἐκεῖ
1524 964 1538 990 ὁ
1563 963 1629 994 Θεδς
1639 962 1710 989 οίκεῖ
1719 962 1749 988 ἐν
1778 961 1862 997 μέσῳ

1063 1009 1171 1036 αὖτῶνο
1196 1010 1264 1036 ὅπου
1279 1009 1308 1036 δὲ
1335 1009 1433 1044 φθόνος
1451 1009 1498 1036 καὶ
1517 1008 1698 1041 ἁνυποταξία,
1714 1009 1776 1034 ἐκεῖ
1796 1009 1811 1034 ό
1828 1007 1862 1040 ἒξ

1062 1055 1186 1087 ἐναντίας
1196 1055 1384 1090 ἐναϐρύνεται.
1395 1055 1485 1082 Καλόν
1496 1057 1569 1082 ἐστιν
1581 1055 1691 1090 κρατεῖν
1709 1054 1758 1090 τὴν
1769 1054 1862 1081 ἁπλό-

1061 1108 1131 1136 τητα
1143 1101 1192 1128 καὶ
1205 1101 1254 1136 τὴν
1268 1101 1396 1133 ἀκακίαν,
1413 1102 1460 1128 καὶ
1475 1099 1544 1128 εἶναι
1557 1101 1594 1132 ὡς
1608 1101 1642 1127 τὰ
1659 1101 1745 1135 νήπια
1764 1100 1800 1126 τὰ
1819 1099 1861 1136 μὴ

1062 1148 1232 1182 γινώσκοντα
1244 1149 1293 1183 τὴν
1301 1149 1446 1183 πονηρίαν,
1459 1149 1510 1183 τὴν
1521 1147 1712 1175 ἀπολλύουσαν
1720 1148 1770 1183 τὴν
1781 1147 1860 1182 ζωὴν

1060 1195 1116 1222 τῶν
1144 1195 1311 1230 ἀνθρώπων·
1333 1196 1380 1222 καὶ
1404 1195 1441 1231 μὴ
1463 1194 1532 1222 εἶναι
1555 1195 1755 1230 μνησικάκους,
1784 1195 1861 1228 μήτε

1062 1241 1238 1278 παρανόμους
1260 1243 1293 1277 τῇ
1318 1242 1411 1278 κακίᾳ,
1436 1241 1493 1268 ἀλλ’
1506 1240 1655 1268 ἀποθέσθαι
1676 1240 1727 1271 τὰς
1742 1239 1860 1271 κακίας,

1061 1288 1110 1315 καὶ
1127 1288 1178 1320 τὰς
1189 1288 1332 1323 πονηρίας,
1346 1285 1394 1315 καὶ
1405 1288 1454 1316 τὰς
1469 1287 1582 1322 πικρίας
1598 1287 1648 1318 τὰς
1664 1286 1860 1320 παρανόμους,

1062 1334 1108 1361 καὶ
1123 1333 1250 1368 γενέσθαι
1266 1334 1296 1360 ἓν
1310 1333 1430 1369 πνεῦμα,
1446 1334 1494 1360 καὶ
1510 1333 1545 1360 τὰ
1559 1334 1686 1369 σχήματα
1701 1331 1735 1358 τὰ
1748 1330 1861 1365 πονηρᾶ

1062 1380 1222 1416 ἀνατρέψαι,
1237 1381 1311 1411 ὅπως
1328 1381 1341 1407 ὁ
1367 1379 1470 1416 Κύριος
1495 1380 1546 1414 τῆς
1567 1380 1680 1414 εἰρήνης
1700 1377 1861 1413 κατοικὴσῃ

1062 1426 1092 1453 ἐν
1110 1427 1204 1457 πᾶσιν,
1220 1426 1263 1452 ἵνα
1273 1427 1321 1454 καὶ
1337 1426 1368 1453 τὸ
1396 1426 1505 1460 πνεῦμα
1530 1426 1605 1460 ὑγιὲς
1619 1425 1743 1459 γένηται,
1758 1423 1861 1457 ὥσπερ

1063 1472 1129 1499 αὐτὸ
1139 1471 1236 1503 ἐλαϐεν
1253 1472 1267 1498 ὁ
1281 1471 1435 1506 ἄνθρωπος.
1454 1471 1518 1498 Ἐὰν
1539 1471 1593 1506 γάρ
1609 1480 1652 1502 τις
1668 1471 1769 1504 κναφεῖ
1781 1468 1861 1504 δώτῃ

1063 1516 1172 1551 ἱμάτιον
1187 1516 1281 1544 καινὸν
1300 1517 1348 1544 καὶ
1361 1516 1447 1551 ὑγιὲς,
1464 1516 1512 1542 καὶ
1540 1515 1620 1542 τοῦτο
1635 1515 1706 1541 Θέλει
1736 1513 1861 1548 κομίσα-

1063 1562 1126 1590 σθαι
1147 1564 1162 1590 ὁ
1176 1564 1204 1590 δὲ
1215 1563 1335 1597 κναφεὺς
1346 1563 1442 1600 σχίσας
1452 1562 1483 1589 τὸ
1495 1562 1614 1599 ἱμάτιον,
1631 1560 1783 1591 ἀποδώσει,
1800 1557 1862 1594 ἄρα

222 1614 308 1634 unum
331 1606 519 1634 coalescentes
539 1607 680 1641 spiritum.
705 1605 779 1633 omni
800 1613 915 1641 prorsus
930 1613 945 1633 ο
958 1614 1010 1634 ηο-

1067 1608 1182 1643 λήψεται
1196 1609 1261 1636 αὑτό
1272 1617 1280 1642 ς

221 1653 264 1680 bis
301 1652 415 1688 depulsa
440 1652 628 1685 simulatione,
662 1657 800 1688 quatenus
826 1653 854 1679 in
881 1652 962 1680 nobis
998 1653 1128 1689 dignetur
1167 1655 1291 1684 habitare
1323 1655 1459 1683 Dominus
1484 1655 1569 1690 pacis,
1593 1658 1623 1681 nt
1649 1652 1765 1688 spiritus
1797 1651 1862 1686 ipse

222 1697 383 1730 revalescat,
417 1698 543 1732 pristinae
560 1698 670 1725 sanitati
697 1705 779 1732 quam
798 1697 919 1732 gratuito
943 1704 1102 1734 acceperat,
1133 1700 1160 1728 in
1181 1700 1318 1737 integrum
1346 1701 1501 1729 restitutus.
1529 1700 1557 1728 Si
1577 1700 1712 1735 quispiam
1729 1703 1862 1726 nostrum

220 1747 326 1769 vestem
353 1741 462 1768 dederit
481 1741 590 1772 fulloni,
621 1749 719 1768 novam
754 1742 867 1776 quidem
897 1742 971 1769 illaut
1000 1748 1082 1778 atque
1114 1745 1301 1779 incolumem;
1327 1751 1355 1775 et
1383 1747 1454 1775 hanc
1476 1754 1492 1773 a
1509 1745 1613 1774 fullone
1634 1745 1759 1780 recipere
1770 1745 1862 1776 velit.

224 1786 331 1822 1177
366 1785 433 1812 fullo
461 1790 554 1813 autem
581 1786 604 1813 si
629 1785 799 1814 frustillatim
831 1787 970 1815 concisam
997 1794 1025 1817 et
1053 1791 1200 1819 dissectam
1227 1791 1398 1826 reddiderit,
1427 1793 1501 1820 itane
1521 1791 1635 1828 (quaeso)
1663 1791 1782 1826 accipiet
1796 1798 1862 1818 eam

224 1833 355 1860 dominus
380 1831 482 1859 vestis?

263 1877 395 1913 Nunquid
411 1885 466 1905 non
484 1885 546 1905 cum
568 1877 615 1905 illo
634 1877 797 1906 velitaribus
812 1878 906 1907 verbis
922 1879 1014 1907 deliti-

222 1924 315 1959 gabit,
333 1923 457 1959 vitioque
484 1923 523 1951 illi
551 1928 640 1951 vertet
654 1945 660 1957 ,
680 1923 797 1952 dicens:
812 1925 1014 1953 Vestimentum

224 1971 288 1999 dedi
311 1970 340 1998 in
361 1978 458 1998 manus
474 1975 534 1998 tuas
555 1979 652 1998 sanum
677 1976 707 1999 et
726 1971 876 2004 incolume,
895 1973 960 2007 quid
977 1973 1014 2000 ita

223 2017 314 2045 lacere
330 2016 490 2047 concidisti,
511 2021 542 2044 ut
562 2017 630 2044 nulli
645 2017 701 2052 jam
722 2017 784 2045 usui
805 2018 1014 2045 accommodum
1034 2025 1039 2029 ’

225 2063 377 2092 redderes?
399 2063 476 2096 Quod
501 2063 524 2090 si
546 2071 618 2090 unus
635 2063 738 2098 aliquis
753 2071 804 2099 pro
826 2064 1015 2099 qualicunque

223 2109 402 2140 vestimento,
427 2108 459 2135 ad
481 2116 544 2135 eum
570 2109 682 2135 modum
712 2116 833 2137 mturare
852 2109 1012 2142 conficitur,

223 2163 370 2191 pugnaque
391 2155 499 2182 velitari
522 2154 678 2185 contendit.
704 2155 770 2188 quia
789 2163 845 2182 non
875 2154 1013 2191 integrum

226 2202 347 2237 recipit:
364 2205 498 2236 quantum
525 2206 576 2228 nes
598 2201 724 2228 adituros
746 2201 875 2236 supplicii
902 2209 952 2236 par
971 2206 1013 2228 est

225 2247 351 2280 credere,
369 2247 460 2274 ultore
477 2246 606 2278 Domino,
622 2245 670 2281 qui
695 2253 758 2273 cum
778 2246 908 2282 spiritum
935 2253 1015 2273 acce-

225 2294 348 2328 perimus
357 2293 430 2322 nulla
444 2297 559 2328 contage
567 2292 724 2320 deeoloretn
740 2292 787 2319 sed
805 2299 913 2324 sanum,
926 2291 1016 2327 ipsum

227 2347 346 2367 maerere
371 2339 499 2370 fecimus.
523 2338 654 2373 quodque
679 2338 764 2365 vitam
795 2338 865 2365 lianc
893 2341 1016 2364 nostram

227 2388 319 2414 minus
343 2387 554 2422 composuimus
578 2387 718 2422 religiose,
739 2387 913 2417 reddidimus
932 2386 1017 2414 inuti—

227 2434 280 2461 lem
292 2433 362 2460 adeo
374 2437 403 2460 ut
412 2434 481 2461 nulli
495 2433 551 2469 jam
570 2434 632 2460 usui
642 2441 703 2461 csse
724 2433 810 2472 possit
821 2433 934 2460 domino
950 2432 1018 2460 suo?

229 2479 300 2507 llsus
325 2479 399 2506 enim
426 2479 485 2514 ipse
515 2479 630 2514 spiritus
657 2479 756 2510 nostri.
780 2483 876 2506 nostra
893 2486 1018 2513 ipsorum

228 2526 308 2561 culpa
331 2525 460 2560 deperiit.
490 2526 557 2553 Dum
575 2525 705 2553 enimsic
727 2533 776 2560 per
799 2525 1019 2555 contentionem.

229 2572 332 2603 zelum,
355 2576 383 2598 et
401 2571 577 2599 omnifariam
598 2571 774 2606 iniquitatem
796 2571 880 2598 vitam
899 2570 1021 2598 traduci-

230 2625 302 2647 mus.
316 2617 412 2652 utique
423 2617 491 2644 nulli
504 2617 653 2644 obscurum
668 2621 722 2650 est,
738 2617 805 2652 quin
818 2616 869 2652 ipsi
882 2616 1021 2644 nobismet

230 2661 303 2698 apud
319 2662 467 2690 Dominum
479 2662 661 2690 conciliemus
677 2663 757 2694 iram,
769 2663 890 2697 denique
906 2667 934 2689 et
947 2670 1022 2689 mor-

232 2715 297 2737 tem.
315 2709 400 2737 Multo
415 2709 500 2746 igitur
513 2709 548 2736 sit
566 2709 751 2744 prastubilius
764 2708 863 2744 degere
876 2715 938 2734 cum
952 2715 1021 2741 pau-

231 2756 273 2784 cis
287 2756 335 2792 qui
360 2756 425 2784 boni
447 2756 513 2788 sint,
533 2763 616 2790 quam
638 2762 700 2781 cum
717 2754 815 2782 crebra
842 2752 1021 2780 multitudine

232 2803 384 2837 inutilium,
401 2807 430 2830 ut
443 2807 471 2830 rt
487 2802 587 2830 divinae
601 2800 776 2828 tradiderunt
801 2799 960 2834 Scriptum.
976 2798 1022 2825 Ait

232 2850 306 2877 enim
323 2848 518 2877 Parosmiastes
534 2857 539 2874 :
557 2846 615 2875 «Nc
634 2845 778 2874 desideres
793 2852 854 2872 esse
871 2851 934 2870 cum
951 2843 1020 2870 nmi-

1103 1879 1170 1915 Οὐχὶ
1187 1881 1351 1916 μαχήσεται,
1368 1881 1415 1908 καὶ
1433 1881 1657 1918 ὑϐρίσειΑλέγων
1673 1881 1759 1917 αὐτῷ’
1779 1882 1863 1917 Ἱμά.

1065 1925 1122 1952 τιόν
1138 1934 1179 1952 σοι
1198 1926 1274 1960 ὑγιὲς
1293 1926 1392 1959 ἔδωκα,
1411 1926 1456 1953 διὰ
1475 1927 1500 1953 τί
1523 1927 1589 1954 αὐτὸ
1610 1927 1731 1960 ἑσχισας,
1748 1927 1798 1956 καὶ
1812 1936 1862 1954 πε-

1066 1971 1183 2007 ποίηκας
1199 1972 1356 2008 ἄχρηστονς
1371 1973 1401 1999 El
1420 1971 1467 2000 οὖν
1484 1973 1571 2004 οὕτως
1594 1973 1660 2008 περὶ
1684 1973 1794 2006 ἱματίου
1813 1973 1862 2000 λυ-

1067 2018 1158 2045 πεῖταί
1171 2027 1211 2050 τις
1229 2019 1276 2045 καὶ
1296 2019 1424 2054 μάχεται,
1437 2019 1478 2045 ὅτι
1496 2019 1547 2045 οὐκ
1569 2019 1720 2053 ἀπείληφεν
1735 2019 1814 2053 ὑγιὲς
1833 2020 1865 2046 rb

1068 2065 1186 2098 ἱμάτιον,
1203 2063 1231 2095 τί
1245 2064 1378 2100 δοκοῦμεν
1394 2065 1475 2099 ἡμεῖς
1491 2065 1588 2092 παθεῖν
1608 2065 1661 2091 ὑπὸ
1675 2065 1722 2092 τοῦ
1739 2066 1864 2101 Κυρίου,

1067 2111 1097 2137 τδ
1114 2110 1224 2139 πνεῦμα
1239 2110 1367 2142 λαϐόντες
1390 2111 1476 2144 ὑγιὲς,
1507 2112 1556 2138 καὶ
1577 2111 1656 2138 τοῦτο
1672 2110 1865 2145 λυπῆσαντες,

1066 2156 1114 2183 καλ⁵
1138 2155 1350 2191 ἀχρειώσαντες,
1370 2156 1408 2192 μὴ
1435 2158 1464 2183 ὲν
1489 2156 1635 2191 σεμνότητι
1659 2156 1863 2191 πολιτευσάμε-

1065 2211 1121 2235 vet;
1139 2202 1185 2228 καὶ
1201 2203 1238 2233 είς
1249 2202 1378 2236 οὐδεμίαν
1394 2202 1492 2237 χρῆσιν
1507 2202 1620 2228 δύναται
1634 2199 1704 2228 εἷναι
1714 2201 1752 2237 τῷ
1763 2202 1865 2238 Κυρίῳ

1069 2247 1184 2280 heroi;
1205 2248 1238 2274 Ἡ
1261 2248 1316 2284 γὰρ
1342 2249 1440 2283 χρῆσις
1464 2247 1510 2277 τοῦ
1535 2248 1690 2283 πνεύματος
1715 2248 1760 2282 ὑφ’
1779 2248 1865 2283 ἡμῶν

1070 2293 1241 2329 κατεφθάρη.
1259 2293 1305 2330 Τῷ
1322 2293 1377 2329 γὰρ
1398 2294 1427 2320 ἑν
1449 2293 1529 2328 ἔριδι,
1544 2293 1592 2320 καὶ
1612 2293 1695 2328 ζήλῳ.
1717 2293 1763 2320 καὶ
1784 2285 1865 2329 nisi}

1035 2357 1057 2385 ο
1072 2340 1172 2376 ἀνομίᾳ
1195 2340 1310 2374 διάγειν,
1341 2339 1458 2375 φανερὸν
1481 2341 1522 2368 ὅτι
1549 2340 1634 2376 ὀργὴν
1665 2340 1713 2367 καὶ
1743 2340 1864 2367 θάνατον

1071 2386 1147 2422 παρὰ
1162 2386 1265 2421 Κυρίου
1280 2387 1387 2417 ἑαυτοῖς
1399 2386 1576 2421 ἐπιφέρομεν.
1595 2395 1605 2411 ‹
1615 2385 1803 2421 Δίρετὼτερον
1814 2384 1866 2412 οὖν

1067 2432 1125 2458 ἐστι
1151 2431 1222 2467 μετὰ
1244 2431 1344 2465 ὀλίγων
1365 2430 1459 2458 καλῶν
1481 2431 1594 2464 διάγειν.
1612 2430 1628 2466 ἢ
1647 2430 1718 2466 μετὰ
1741 2431 1867 2466 πλήθους

1069 2477 1225 2512 ἀχρήστων,
1246 2477 1270 2504 εί
1299 2477 1337 2512 μή
1365 2477 1424 2503 ἐστι
1444 2476 1526 2511 φόϐος
1546 2476 1651 2511 Κυρίου
1678 2477 1740 2511 μετ’
1757 2476 1866 2503 αὐτῶν.

1069 2523 1214 2558 Κρείσσων
1234 2523 1288 2557 γὰρ
1304 2520 1344 2554 εἷς
1361 2523 1476 2554 δίκαιος,
1495 2521 1511 2556 ἢ
1525 2521 1606 2556 χίλιοι
1621 2521 1795 2557 ἁμαρτωλοί.
1817 2521 1867 2548 Ἔν

1071 2569 1220 2604 Συναγωγῇ
1237 2569 1291 2603 γὰρ
1306 2568 1477 2603 ἁμαρτωλῶν
1489 2567 1693 2603 ἐκκαυθήσεται
1707 2566 1774 2602 πῦρ.
1793 2567 1867 2600 Καὶ,

1074 2615 1098 2640 εἰ
1143 2613 1392 2650 σκληροτράχηλος,
1410 2613 1567 2648 θαυμαςτδν
1583 2612 1672 2643 τοῦτο,
1688 2613 1713 2638 εί
1728 2612 1867 2647 demoti;-

1074 2668 1167 2686 σεται·
1183 2659 1257 2691 ἔλεος
1269 2659 1323 2694 γὰρ
1340 2659 1389 2685 καὶ
1402 2658 1471 2694 ὀργὴ
1492 2658 1568 2694 παρὰ
1583 2657 1696 2694 Κυρίου.
1712 2667 1721 2682 ι
1741 2657 1798 2684 Καὶ
1815 2658 1868 2685 ἅλ-

1073 2704 1127 2736 10,"
1146 2714 1155 2730 ‹
1171 2705 1216 2739 Μὴ
1231 2703 1359 2739 ὲπιθύμει
1374 2704 1474 2739 πλῆθος
1494 2704 1639 2738 ἀχρήστων
1650 2711 1657 2718 ·
1677 2703 1724 2729 ἐὰν
1741 2702 1868 2738 πληθυν-

1074 2751 1168 2782 Odm-cl,
1193 2750 1230 2784 μὴ
1250 2750 1397 2784 εὺξραί-ιον
1416 2750 1459 2775 ἐπ’
1483 2749 1586 2780 αὐτοῖς,
1603 2749 1625 2774 εἰ
1643 2749 1679 2782 μή
1705 2748 1764 2774 ἐστι
1780 2748 1869 2782 ςόΰος

1074 2797 1176 2831 Κυρῖοπι
1193 2796 1252 2831 μετ’
1270 2795 1370 2822 αὐτῶν.
1385 2795 1430 2828 Μὴ
1447 2794 1632 2830 ἑμπιστεὺσῃς
1640 2794 1672 2829 τῇ
1689 2793 1746 2828 ζωῇ
1758 2793 1868 2821 αὐτῶν·

1075 2842 1213 2875 «metu;
1230 2842 1284 2876 γὰρ
1300 2841 1394 2868 πένθει
1409 2841 1502 2876 ἀώρῳ.
1525 2840 1668 2877 Κρείσσων
1690 2838 1745 2874 γὰρ
1765 2835 1808 2870 εἷς
1826 2839 1867 2870 ις-

273 2938 304 2970 ¹ί
320 2939 388 2975 lira.
407 2947 462 2975 xw,
478 2941 503 2968 7.
548 2940 606 2960 ἰ’-η
621 2937 713 2966 Matth.
730 2945 776 2971 xu,
794 2937 893 2971 i349;
920 2936 1004 2964 Marc.

1077 2933 1157 2963 52~5l
1173 2941 1180 2966 ;
1208 2933 1274 2960 Luc.
1289 2939 1347 2965 rm,
1369 2929 1461 2959 ρο-ςι.
