1982 3250
293 196 365 229 174³

928 192 1112 225 ANTIOCHI
1133 191 1303 223 MONACHI

1867 187 1937 222 17H

292 254 386 284 nibus.
401 252 484 285 inque
503 249 600 276 cellula
610 249 739 284 quapiam
751 248 837 276 dedas
852 251 878 275 te
893 247 1037 280 custodia,
1053 255 1086 274 ac

1140 246 1206 274 ἀλλὰ
1229 246 1291 273 τότε
1319 245 1406 278 λαλεῖ,
1424 245 1489 272 ὅταν
1506 244 1575 282 θέλῃ
1593 245 1674 272 αὑτὸν
1688 246 1702 271 ό
1715 244 1784 276 Θεὸς
1799 242 1937 280 λαλῆσαι.

292 297 407 326 salveris
434 303 485 324 ceu
511 302 611 330 caprea
635 294 730 322 vitatis
758 294 866 329 laqueis
905 293 1026 326 assolet,
1056 297 1085 320 et

291 343 369 379 quasi
385 343 444 370 avis
459 349 475 368 e
495 341 612 368 reticulo
628 339 753 374 aucupis.
771 339 874 374 Laquei
889 339 962 367 enim
985 344 1015 367 et
1038 347 1085 375 pe-

291 391 359 418 dica:
369 393 434 419 sunt
444 387 634 423 aspirantibus
641 386 676 414 ad
687 386 816 418 salutem,
830 386 1004 414 saecularium
1021 394 1086 413 conc

292 442 413 470 grcSSus,
428 441 461 461 ac
478 433 592 468 prolixae
625 439 722 459 eorum
746 431 988 459 confabulationes
1006 439 1085 458 mcu-

285 484 348 508 'tem
363 487 478 515 prorsus
493 483 609 506 avocant
630 485 646 505 a
665 477 713 505 Dei
734 477 934 512 gloriﬁcatione
958 482 986 504 et
1002 476 1083 513 spiri-

293 526 358 553 tuali
374 525 478 553 hetitia.
496 525 536 552 Eo
547 525 699 552 etiamnum
722 524 808 559 ipsam
827 524 942 560 adigunt
962 523 1085 551 necessi-

292 572 368 603 tatis.
385 575 415 598 ut
443 571 519 598 aliud
552 570 621 598 nihil
649 570 853 604 contempletur
870 577 952 604 quam
974 561 1085 596 illorum

293 617 464 652 vaniloquia,
490 617 568 651 juxta
590 616 811 661 Parmmiasten:
831 624 840 640 ι
860 614 975 649 Decepit
993 619 1085 641 autem

292 668 355 692 eum
377 663 465 691 multo
483 669 621 692 sermone,
643 660 736 689 verbis
760 665 851 688 autem
879 660 1015 688 Iabiorum
1034 661 1086 687 im-

293 711 367 746 pegit
383 717 446 738 eum
461 709 493 736 ".
517 719 525 734 ι
546 708 625 742 Quod
649 707 671 735 si
702 705 815 742 propius
840 714 890 734 nos
912 707 1026 738 adeunt.
1052 707 1086 735 de

293 757 391 784 animae
408 755 522 783 salutari
539 755 658 781 utilitate
674 753 842 785 consulturi,
855 761 917 780 cum
933 752 993 780 istis
1006 753 1088 782 liceat

291 807 387 829 texere
404 807 561 828 sermonem
581 807 643 826 cum
659 799 807 826 verborum
825 798 991 833 compendio
1002 819 1009 831 ,
1026 807 1087 833 qua:

293 847 397 882 alioqui
413 846 509 873 divino
522 844 635 872 condita
651 844 706 872 sint
724 844 791 876 sale,
812 849 840 871 et
852 840 928 871 illinc
946 852 998 872 nos
1010 848 1088 872 actu-

294 896 352 919 tum
379 890 576 926 proripiamus.
596 889 661 916 Plus
688 889 763 916 enim
786 888 838 916 hac
853 892 947 916 nostra
965 888 1086 915 brevilo-

1138 294 1221 320 Ὅταν
1235 290 1282 319 οὖν
1298 300 1371 324 τινες
1383 291 1596 326 παραϐάλλωσιν
1628 291 1764 326 ὠφελείας
1778 291 1877 326 χάριν,
1890 294 1940 318 καὶ

1137 338 1245 372 ἔχουσιν
1263 337 1356 363 πίστιν
1378 336 1450 362 θείου
1468 336 1643 371 Πνεῦματος,
1662 337 1692 363 ὲν
1709 336 1834 372 πρώτοις
1853 336 1940 371 γένη-

1136 392 1181 409 ται
1195 381 1313 414 ἔντευξις
1325 382 1394 419 πρὸς
1406 382 1452 408 τὸν
1466 382 1534 408 Θεὸν
1545 382 1610 416 περὶ
1622 380 1742 408 trinum.
1755 382 1813 408 Καὶ
1830 382 1895 408 τότε
1910 383 1940 408 τὸ

1137 427 1208 453 θεῖον
1233 426 1347 461 Πνεῦμα
1361 427 1462 462 πληροῖ
1476 427 1523 452 τὸν
1535 425 1692 461 ἄνθρωπον,
1709 427 1757 453 καὶ
1770 425 1939 462 πληρωθεὶς

1136 473 1222 505 λαλεῖ,
1235 473 1325 505 καθὼς
1348 473 1363 499 ό
1384 472 1487 507 Κύριος
1513 472 1660 506 βούλεται·
1683 473 1810 508 βούλεται
1833 474 1865 500 δὲ
1890 474 1938 499 τοῦ

1138 519 1257 553 σωθῆναι
1271 518 1359 545 πάντα
1373 517 1528 553 ἄνθρωπον.
1544 519 1633 545 Καλὸν
1658 519 1707 553 μὲν
1721 519 1752 545 τὸ
1774 519 1822 545 διὰ
1848 519 1939 553 λόγων

1137 564 1252 598 ὠφελεῖν
1277 565 1342 596 τοὺς
1373 564 1614 600 πυνθανημένους·
1634 567 1761 599 κρεῖσσον
1785 564 1816 591 δὲ
1846 565 1880 591 τὸ
1905 565 1938 591 δι’

1139 611 1239 646 ἀρετῆς
1258 611 1305 637 καὶ
1332 611 1490 646 προσευχῆς
1519 612 1660 646 συνεργεῖν
1680 612 1784 642 αὐτοῖς.
1802 611 1869 646 Χρὴ
1892 609 1938 638 οὖν

1137 657 1201 688 τοὺς
1225 657 1353 689 θέλοντας
1373 656 1528 691 κτήσασθαι
1555 657 1586 683 τὸ
1619 657 1720 691 πλῆθος
1741 658 1798 684 τῶν
1811 659 1939 692 ἀρετῶν,

1140 704 1209 738 μήτε
1234 702 1314 738 δόξης
1341 703 1479 737 ἐφίεσθαι,
1499 704 1570 738 μήτε
1593 703 1700 735 πολλοῖς
1722 705 1938 739 συντυγχάνειν,

1138 749 1230 781 καθὼς
1247 750 1356 784 εἴρηται
1373 757 1380 765 '
1398 750 1468 784 μήτε
1484 749 1609 784 προόδοις
1623 750 1748 784 συνεχέσι
1766 750 1937 785 κεχρῆσθαι,

1137 796 1161 841 η
1173 796 1303 830 λοιδορεῖν
1317 804 1406 827 τινας.
1419 796 1443 821 εἰ
1459 795 1507 822 καὶ
1525 796 1549 822 οι
1567 796 1769 831 λοιδρρούμενοι
1784 797 1837 832 τῆς
1852 797 1939 823 λοιδο-

1140 842 1200 878 ρίας
1227 843 1297 869 εἰσιν
1319 843 1402 876 ἄξιον
1425 844 1495 879 μήτε
1523 843 1610 870 πολλὰ
1631 844 1748 878 ὁμιλεῖν,
1763 844 1817 870 κᾶν
1848 845 1939 872 πάντα

1138 889 1210 917 καλὰ
1224 889 1315 923 λέγειν
1335 889 1474 917 δύναιντο.
1496 889 1529 917 Ἦ
1543 890 1598 924 γὰρ
1615 890 1763 924 πολυλογία
1774 892 1790 925 ἡ
1801 887 1937 926 ἆμῖετρσις,

293 937 408 972 quentia
437 936 659 967 sedilicabuntur,
674 942 756 969 quam
781 935 805 961 si
823 931 1012 970 longissimam
1024 941 1088 961 cra-

1140 934 1333 969 διαφθειρουσα
1342 935 1388 961 τὸν
1401 935 1516 967 νοῦν,οὖ
1534 936 1614 970 μόνον
1633 937 1698 971 περὶ
1714 944 1765 971 την
1779 945 1938 970 πνευματι-

295 984 400 1011 tionem
430 989 612 1017 prorogemus
641 981 676 1009 de
705 981 789 1009 rebus
818 981 925 1008 mu‘ndi.
955 980 1034 1014 Quod
1066 980 1088 1007 si

293 1029 432 1065 quispiam
458 1029 582 1063 obiiciat,
596 1028 663 1064 quid
692 1028 788 1063 utique
813 1026 914 1055 Paulus
934 1028 967 1054 ad
980 1033 1088 1054 noctem

245 1070 263 1074 ”
295 1083 383 1110 usque
398 1075 592 1110 intempestam
608 1074 709 1108 legitur
723 1074 896 1109 protendisse
909 1081 1065 1100 sermonem
1080 1081 1089 1105 ;

295 1122 414 1156 primum
433 1121 499 1149 huic
521 1121 728 1156 responderim,
744 1120 818 1155 quod
834 1120 868 1147 ab
880 1120 921 1147 eis
934 1124 1009 1147 esset
1026 1127 1088 1146 mox

295 1167 451 1198 soluturus,
472 1166 573 1194 deinde
599 1166 664 1201 quia
685 1173 783 1193 recens
798 1169 878 1193 erant
892 1164 983 1193 edocti
999 1165 1088 1199 prima

297 1212 362 1241 ﬁdei
378 1213 548 1240 rudimenta.
564 1212 642 1239 Tunc
657 1211 731 1239 enim
745 1211 864 1246 primum
877 1211 932 1246 jaei
949 1215 1090 1246 coeperant

296 1259 475 1286 fundamenta
494 1259 557 1286 tidei
579 1266 629 1293 per
656 1257 880 1292 praedicationem
904 1256 1035 1283 ferendae.
1050 1255 1089 1283 Ad

297 1306 366 1337 haec,
379 1305 480 1333 Paulus
497 1305 602 1339 Spiritu
617 1308 714 1331 stmcto
730 1307 790 1330 erat
802 1303 911 1338 plenus,
925 1309 987 1328 natn
999 1306 1026 1328 ct
1042 1309 1091 1336 per

296 1359 360 1378 eum
374 1351 432 1385 ipse
445 1350 566 1385 Spiritus
578 1349 753 1385 loquebatur.
766 1349 966 1384 Argumentum
976 1347 1091 1375 evidens

298 1396 372 1432 quod
387 1397 449 1431 quis
466 1396 599 1430 Spiritum
614 1400 739 1423 sanctum
756 1395 867 1427 habeat,
884 1395 1002 1429 primum
1030 1394 1092 1429 qui-

297 1443 359 1470 dem
375 1443 398 1469 si
415 1447 577 1469 mansuetus
590 1447 643 1474 est,
658 1442 680 1469 si
694 1441 849 1476 requietus,
868 1445 897 1468 et
912 1441 946 1468 de
961 1448 990 1468 se
1007 1447 1090 1475 quam

298 1489 504 1516 modestissime
524 1487 687 1520 sentiat;si
717 1487 770 1514 sibi
799 1491 935 1522 temperat
957 1486 991 1514 ab
1015 1485 1090 1512 omni

299 1541 368 1561 vana
386 1533 539 1568 cupiditate
552 1533 645 1560 szeculi
665 1532 758 1567 hujus,
776 1540 861 1567 seque
876 1532 965 1566 ipsum
985 1530 1092 1558 caeteris

299 1580 460 1606 hominibus
477 1580 564 1606 multo
577 1579 695 1606 aestimet
707 1578 878 1606 inferiorem.
894 1578 946 1605 Sed
960 1585 1049 1612 neque
1069 1577 1092 1604 is

298 1625 345 1660 qui
365 1622 473 1651 amatus
484 1629 526 1652 est
541 1623 646 1659 Spiritu
667 1628 773 1656 sancto,
792 1623 902 1658 quando
924 1623 983 1650 vult
1005 1623 1092 1658 loqui,

299 1671 423 1706 loquitur
448 1670 582 1705 Spiritus,
608 1670 657 1698 sed
685 1675 752 1697 tunc
773 1669 915 1704 loquitur,
932 1669 955 1696 si
981 1669 1092 1703 quando

301 1715 400 1742 siverit
426 1715 503 1742 illum
524 1715 601 1750 loqui
616 1716 698 1743 Deus.
714 1715 783 1743 Cum
800 1715 884 1750 igitur
902 1715 1027 1742 nonnulli
1041 1722 1093 1742 nos

300 1760 421 1787 adierint
447 1759 576 1788 utilitatis
604 1760 748 1795 captanda:
775 1761 875 1796 gratia,
891 1760 914 1788 si
939 1760 984 1788 isti
1008 1759 1091 1788 tidem

300 1807 421 1834 habeant
437 1806 526 1833 divini
548 1807 634 1842 hujus
649 1806 780 1842 Spiritus,
798 1807 825 1834 in
839 1807 937 1842 primis
951 1807 986 1834 ad
1003 1807 1090 1834 Deum

299 1861 349 1887 pro
380 1853 540 1880 hominibus
577 1852 709 1880 fundatur
743 1853 947 1888 interpellatrix
979 1852 1093 1880 oratio:

299 1905 362 1925 nam
393 1903 458 1925 tunc
473 1897 595 1934 Spiritus
616 1898 662 1925 ille
672 1898 784 1925 divinus
799 1897 932 1932 adimplet
942 1897 1093 1931 hominem,

298 1945 345 1978 qui
360 1945 449 1979 gratia
467 1944 602 1980 impletus
614 1945 740 1980 loquitur
756 1945 814 1980 jam
827 1945 905 1980 juxta
922 1945 1031 1972 Domini
1048 1952 1096 1972 vo-

298 1990 434 2017 luntatem
448 1999 455 2017 :
471 1991 532 2018 vult
549 1995 642 2018 autem
658 1991 735 2026 ipse,
750 1999 862 2018 omnem
883 1991 1024 2018 hominem
1039 1991 1095 2018 sal-

298 2043 362 2062 vum
392 2036 452 2063 ticri
464 2036 496 2063 ⁸⁸.
513 2036 585 2064 Sane
600 2041 631 2064 ut
643 2036 748 2064 bonum
759 2036 796 2064 sit
809 2037 911 2064 auxilio
924 2044 986 2065 esse
1001 2036 1094 2064 verbis

1141 979 1190 1015 κὴν
1204 980 1335 1015 ἐργασίαν
1349 981 1434 1015 ἀργὸν
1448 981 1530 1009 nam
1537 980 1735 1015 απεργὰζεται,
1749 982 1820 1008 ἀλλὰ
1837 984 1887 1008 καὶ
1903 983 1940 1017 τῷ

1140 1027 1188 1061 τῆς
1208 1026 1324 1061 ἀκηδίας
1344 1027 1428 1053 αὐτὸν
1446 1027 1614 1062 παραδίδωσι
1629 1027 1746 1063 δαίμονι.
1766 1029 1881 1063 ’Παπερ
1893 1027 1939 1055 οὖν

1141 1071 1169 1098 αἱ
1185 1071 1266 1106 θύραι
1280 1071 1326 1098 τοῦ
1348 1072 1491 1107 βαλανείου
1521 1072 1644 1107 συνεχῶς
1671 1074 1871 1108 ἀνοιγόμεναι.
1891 1076 1939 1108 τὴν

1140 1116 1361 1152 ἔνδοθινθέρμην
1377 1117 1473 1144 θᾶττον
1483 1117 1618 1144 ὠθοῦνται
1634 1118 1702 1153 πρὸς
1715 1119 1748 1145 τὰ
1759 1119 1813 1151 ἔξω
1826 1128 1834 1134 ‘
1851 1120 1940 1154 οὕτως

1141 1162 1190 1188 καὶ
1205 1163 1222 1197 ἡ
1237 1162 1310 1197 ψυχὴ
1326 1163 1391 1189 ὅταν
1406 1163 1490 1189 πολλὰ
1504 1163 1577 1190 Θέλει
1593 1163 1779 1199 διαλέγεσθαι,
1794 1167 1845 1192 καὶ
1871 1168 1940 1193 πάν-

1140 1215 1201 1234 τοτε
1218 1208 1288 1234 καλὰ
1302 1209 1389 1242 λέγει,
1406 1209 1455 1244 τὴν
1467 1210 1567 1244 ἑαυτῆς
1586 1211 1708 1245 μνήμην,
1721 1211 1765 1237 διὰ
1774 1213 1828 1245 τῆς
1848 1221 1940 1248 quam»

1141 1255 1221 1288 τικῆς
1249 1253 1339 1288 πύλης
1362 1253 1561 1290 διαφθείρεται.
1580 1255 1657 1291 Καλὴ
1687 1254 1734 1282 οὖν
1759 1257 1836 1288 ἐστιν
1867 1259 1939 1284 κατὰ

1142 1301 1231 1326 πάντα
1245 1299 1262 1334 ὴ
1277 1300 1365 1336 σιωπή
1379 1308 1384 1314 ·
1396 1300 1530 1336 θησαυροὶ
1546 1301 1601 1336 γὰρ
1616 1301 1752 1336 βασιλικοῖ
1763 1304 1940 1339 πλησθήσον-

1142 1354 1186 1371 ται
1202 1345 1325 1380 χρυσίου,
1338 1346 1385 1372 καὶ
1405 1346 1464 1378 vde;
1491 1347 1545 1374 τῶν
1569 1347 1678 1382 ἀληθῶς
1695 1349 1835 1384 μοναχῶν,
1855 1351 1940 1376 πλου-

1143 1391 1203 1422 σίας
1225 1391 1430 1426 πλησθήσονται
1459 1393 1587 1425 γνώσεως
1600 1395 1642 1419 ·ει
1660 1394 1690 1420 δὲ
1715 1395 1763 1420 καὶ
1784 1395 1940 1429 ἀναγκαῖόν

1143 1439 1216 1464 ἔστιν
1232 1438 1262 1464 τὸ
1283 1438 1431 1470 διδάσκειν,
1458 1440 1527 1474 πρὸς
1555 1441 1741 1475 ἐπανόρθωσιν
1756 1441 1849 1477 ψυχῆς
1864 1444 1941 1475 γινέυ

1143 1484 1209 1511 σθω.
1225 1483 1372 1520 Χρῂζομεν
1398 1483 1446 1513 οὗν
1471 1487 1500 1512 ἐν
1521 1488 1555 1522 τῇ
1567 1486 1726 1523 διδασκαλίᾳ
1742 1488 1940 1525 ἀδ;αφ¹ιορξαν.

1144 1530 1315 1564 σεμνότητα,
1347 1530 1426 1564 λόγον
1460 1532 1543 1567 ὑγιῆ,
1574 1533 1796 1566 ἀκατάγνωστον,
1830 1535 1876 1561 ἵνα
1909 1536 1942 1561 δι’

1143 1577 1222 1612 ἡμῶν
1249 1576 1365 1612 δοξασθῇ
1387 1578 1402 1603 ὁ
1423 1577 1490 1609 Θεὸς
1519 1579 1547 1604 ὲν
1579 1579 1693 1605 stium:
1713 1579 1753 1606 Τὰ
1779 1579 1836 1614 γὰρ
1869 1581 1942 1607 ὅπλα

1143 1621 1234 1656 ἡμῶν,
1250 1623 1282 1648 οὗ
1318 1623 1448 1658 σαρκικὰ,
1469 1633 1479 1648 ι
1499 1614 1568 1650 ἀλλᾶ
1597 1623 1694 1650 δυνατὰ
1719 1623 1757 1659 τῷ
1778 1624 1844 1659 Θεῷ
1874 1627 1942 1660 πρὶς

1143 1667 1304 1703 καθαίρεσιν
1329 1668 1516 1704 ὀχυρωμάτων
1535 1678 1541 1685 ·
1569 1669 1714 1704 λογισμοὺς
1743 1670 1942 1706 καθαίροντες,

1144 1715 1192 1741 καὶ
1207 1715 1261 1742 πᾶν
1277 1714 1378 1750 ὕψωμα
1393 1716 1576 1751 ἐπαιρόμενον
1592 1716 1663 1743 κατὰ
1678 1716 1728 1751 τῆς
1744 1716 1879 1750 γνώσεως
1896 1719 1941 1744 τοῦ

1143 1760 1222 1793 Θεοῦ,
1245 1762 1321 1793 ὅπως
1345 1761 1472 1795 ἀθολὼτῳ
1495 1762 1580 1798 ψυχῇ.
1592 1762 1640 1788 καὶ
1659 1762 1761 1798 πραεῖα
1774 1763 1890 1797 καρῑία,
1906 1764 1942 1793 ὡς

1143 1807 1243 1839 εὑῶδες
1254 1807 1380 1843 θυμίαμα
1394 1809 1410 1843 ἡ
1427 1808 1493 1843 εὐχὴ
1507 1807 1586 1842 ἡμῶν
1599 1808 1681 1842 δεκτὴ
1695 1809 1812 1842 γένηται
1826 1809 1868 1844 τῷ
1880 1810 1942 1835 ἑτά-

1144 1854 1216 1886 ζοντι
1233 1854 1349 1888 καρδίας
1365 1855 1412 1881 καὶ
1425 1854 1541 1888 νεφροὺς
1555 1854 1625 1888 Θεῷ.
1639 1854 1725 1889 Φησὶν
1740 1854 1768 1880 δὲ
1784 1855 1834 1880 καὶ
1851 1856 1866 1881 ὁ
1883 1855 1939 1881 Κύ-

1146 1909 1203 1935 ριος
1223 1902 1280 1932 τοῖς
1297 1900 1397 1927 ἑαυτοῦ
1424 1900 1559 1936 μαθηταῖς
1574 1909 1581 1915 -
1597 1909 1606 1925 ι
1629 1899 1725 1934 Ὑμεῖς
1742 1900 1795 1927 οὔκ
1820 1901 1884 1926 ἔστε
1911 1901 1941 1926 ὲκ

1144 1947 1191 1974 τοῦ
1218 1946 1320 1981 κόσμου
1337 1946 1445 1978 τούτου,
1462 1945 1587 1980 ἀλλ’ὲγὼ
1612 1945 1783 1980 ἐξελεξάμην
1811 1947 1888 1981 ὑμᾶς
1910 1948 1940 1972 ἐκ

1145 1992 1192 2018 τοῦ
1220 1991 1324 2026 κόσμου
1341 2000 1348 2006 ·
1362 1992 1413 2018 οὐκ
1430 1990 1469 2017 ἔτι
1499 1990 1585 2017 πολλὰ
1611 1990 1721 2025 λαλήσω
1744 1991 1804 2026 μεθ’
1822 1991 1914 2025 ὑμῶν.
1930 2001 1938 2017 ι

1145 2037 1224 2073 Αὐτῷ
1239 2037 1256 2072 ὴ
1270 2037 1333 2070 δόξα
1350 2038 1389 2068 εἰς
1399 2038 1462 2070 τοὺς
1477 2038 1590 2069 αἰῶνας.
1607 2039 1703 2073 Ἀμήν.

299 2080 354 2108 tuis
370 2081 395 2108 ei
409 2082 456 2116 qui
471 2086 498 2109 te
511 2082 642 2116 quiddam
661 2086 750 2118 rogat,
763 2082 811 2111 sed
827 2082 988 2118 prmstiterit
1002 2083 1039 2114 ei.
1076 2087 1106 2110 ut
1125 2090 1276 2118 cooperere
1306 2091 1357 2118 per
1384 2084 1516 2110 virtutem
1549 2088 1577 2111 et
1600 2085 1764 2112 orationem.
1783 2084 1839 2117 Qui
1856 2085 1942 2120 igitur

299 2127 559 2156 voletnumcrosam
571 2129 681 2164 assequi
697 2130 833 2156 virtutum
864 2130 984 2165 copiam,
1017 2138 1131 2158 necesse
1148 2130 1185 2158 sit
1212 2130 1338 2166 defugiat
1360 2131 1451 2159 inanis
1477 2130 1572 2166 gloria
1587 2131 1778 2166 cupiditatem.
1795 2139 1854 2158 non
1878 2140 1940 2159 c'tm

298 2173 392 2208 aliquo
411 2175 506 2203 multis
520 2174 707 2207 conﬂictetur,
721 2183 772 2202 ceu
790 2175 895 2202 dictum
915 2176 970 2210 jam
992 2179 1045 2208 est.
1080 2183 1114 2203 ne
1134 2175 1289 2203 continenti
1317 2183 1368 2203 usu
1400 2180 1565 2203 consuescat
1592 2183 1705 2211 pergere
1730 2177 1794 2204 aliis
1819 2176 1940 2205 obvius:

299 2220 382 2248 nullis
395 2220 579 2254 convicietur,
597 2221 751 2256 quamlibet
765 2220 840 2256 digiti
856 2221 912 2248 sint
926 2220 1028 2255 quibus
1053 2219 1209 2253 retalietur,
1229 2221 1277 2255 qui
1310 2220 1453 2247 incessunt
1486 2221 1602 2255 priores.
1619 2221 1677 2248 Non
1709 2221 1744 2248 ita
1758 2229 1824 2248 cum
1848 2223 1943 2250 multis

299 2268 514 2300 sermocinetur,
540 2268 648 2296 etiamsi
676 2268 767 2295 videri
795 2267 904 2303 possint
937 2268 1009 2294 bona
1043 2275 1104 2294 esse
1123 2275 1185 2301 qua:
1209 2267 1301 2294 dicere
1327 2267 1448 2294 instituit
1478 2267 1580 2294 omnia.
1611 2268 1793 2295 immoderata
1815 2269 1895 2296 enim
1916 2275 1943 2295 et

298 2314 412 2341 ell‘renis
426 2314 575 2342 verborum
592 2315 721 2349 prolatio,
738 2322 792 2349 qua
807 2314 981 2349 periclitatur
992 2314 1093 2341 mentis
1112 2314 1308 2348 tranquillitas.
1328 2314 1435 2349 1190
1464 2322 1520 2341 non
1552 2314 1639 2341 solum
1654 2314 1729 2341 circa
1746 2316 1942 2349 operationem

298 2360 470 2394 spiritualem
486 2360 640 2388 lentescere
671 2359 736 2387 facit
770 2367 829 2386 eam
847 2367 879 2386 ac
907 2359 1046 2391 desidere,
1080 2358 1128 2386 scd
1147 2363 1175 2386 et
1188 2359 1382 2386 molestissimo
1399 2358 1517 2386 damoui
1543 2359 1645 2386 acedia:
1658 2359 1797 2394 mancipat
1814 2361 1893 2389 illam
1914 2369 1943 2389 ac

299 2405 386 2432 dedit.
404 2406 478 2434 Sane
492 2405 727 2441 quemadmodum
756 2405 935 2432 cxmstuantis
958 2404 1051 2433 balnei
1086 2404 1161 2431 fores
1186 2406 1363 2432 continenter
1400 2410 1502 2439 aperta:
1533 2405 1556 2431 si
1581 2410 1656 2435 sunt,
1679 2405 1810 2432 intimum
1828 2407 1942 2435 illorum

299 2452 419 2479 calorem
437 2452 515 2479 ocius
530 2452 623 2479 clllant
648 2456 676 2478 et
695 2452 837 2485 expellunt
853 2452 880 2478 in
900 2459 932 2478 ea
948 2459 1009 2486 qua:
1025 2455 1089 2478 sunt
1108 2451 1302 2491 extrinsecus;
1320 2451 1357 2478 ita
1382 2455 1411 2478 et
1443 2451 1534 2477 anima
1547 2451 1570 2478 si
1602 2451 1714 2486 quando
1733 2452 1822 2480 multa
1837 2462 1944 2482 sermo-

298 2499 386 2527 cinari
413 2498 497 2529 volet,
525 2498 630 2525 tametsi
663 2498 732 2524 nihil
753 2505 808 2524 non
826 2497 900 2525 dicat
921 2498 1053 2537 decorum
1086 2502 1114 2524 et
1134 2498 1292 2527 honestum,
1311 2497 1471 2524 memoriam
1503 2502 1595 2524 tamen
1617 2497 1659 2524 sui
1675 2498 1761 2532 ipsius
1778 2501 1877 2533 perdit
1897 2509 1944 2536 per

300 2545 402 2573 vocalis
416 2549 502 2580 porta:
521 2552 666 2580 organum.
686 2544 834 2572 Silentium
871 2545 955 2580 igitur
991 2552 1040 2579 per
1069 2543 1161 2570 omnia
1178 2544 1281 2571 bonum
1300 2551 1331 2570 ac
1366 2543 1438 2578 frugi
1451 2548 1503 2571 est.
1536 2543 1651 2578 [legales
1675 2544 1790 2578 quidem
1818 2546 1942 2573 thesauri

300 2590 490 2626 implebuntur
509 2599 589 2624 auro,
606 2597 744 2619 etsensus
757 2599 854 2619 eorum
868 2592 914 2627 qui
933 2599 990 2619 non
1021 2592 1113 2618 locate
1132 2596 1197 2618 sunt
1217 2590 1357 2623 monachi,
1374 2591 1575 2618 saturabuntur
1600 2591 1723 2618 scientiae
1736 2592 1898 2625 opulentia.
1915 2593 1943 2621 Si

299 2645 352 2672 qua
368 2638 479 2666 interim
493 2639 610 2666 docendi
627 2640 764 2675 ingruerit
779 2640 942 2671 necessitas.
955 2639 1095 2666 adanium
1111 2639 1327 2671 correctionem,
1345 2639 1455 2666 docete.
1486 2639 1515 2665 In
1547 2638 1598 2665 hac
1614 2641 1706 2664 tamen
1718 2637 1842 2667 docendi
1860 2642 1942 2668 ratio-

308 2695 342 2713 ne
354 2686 483 2714 volumus
509 2686 607 2714 adesse
628 2687 761 2714 doctrina:
784 2687 935 2721 legitimam
961 2687 1209 2721 incorruptionem,
1223 2687 1398 2720 gravitatem,
1432 2687 1547 2714 verbum
1578 2694 1674 2712 sanum
1710 2690 1738 2712 et
1764 2688 1932 2722 irreprehen

298 2731 391 2762 Bibl-3,
420 2735 449 2758 ut
477 2739 526 2766 per
543 2738 593 2758 nos
623 2730 794 2766 gloriﬁcetur
825 2731 897 2758 Deus
923 2731 951 2758 in
978 2732 1119 2760 omnibus.
1149 2743 1158 2758 ί
1186 2734 1268 2760 Arma
1299 2742 1308 2758 ι
1327 2733 1402 2760 enim
1430 2742 1438 2758 ι
1468 2738 1562 2760 nostra
1578 2742 1634 2761 non
1654 2740 1721 2760 sunt
1737 2737 1877 2767 carnalia,
1899 2739 1945 2764 scd

304 2778 427 2814 potentia
448 2778 513 2811 Deo,
540 2778 573 2805 ad
590 2778 809 2813 destructionem
827 2778 1015 2806 munitionum
1035 2787 1042 2805 :
1059 2779 1174 2806 consilia
1193 2779 1371 2806 destrucnles
1386 2779 1407 2795 "
1438 2790 1446 2806 ι
1467 2787 1494 2808 ιιι
1511 2781 1601 2807 anima
1623 2781 1708 2807 nullis
1719 2782 1825 2816 agitata
1844 2783 1944 2810 intelli~

302 2824 396 2858 periis,
412 2832 444 2852 ac
459 2825 516 2852 miti
536 2825 629 2856 corde,
653 2829 748 2852 nostra
767 2825 856 2851 oratio
873 2825 946 2851 δίε-ιιι
965 2826 1106 2852 incensum
1123 2833 1207 2853 suave
1223 2826 1358 2860 fragrans,
1376 2823 1554 2860 act-cptalqlis
1575 2826 1600 2854 ei
1625 2827 1669 2854 fiat
1690 2829 1738 2860 qui
1755 2830 1845 2857 cor-la
1868 2840 1946 2858 seru.

337 2908 358 2919 "
375 2904 453 2930 Prav.
473 2912 562 2936 XXVIII,
579 2904 622 2930 9.7;.
664 2904 684 2919 ""
701 2905 708 2931 Ι
726 2904 797 2931 Tim.
818 2913 847 2934 ιι,
870 2906 888 2931 ι.
933 2906 951 2920 ’τ
971 2905 991 2932 ΙΙ
1007 2905 1071 2931 Cor.
1093 2914 1116 2937 χ,
1134 2907 1158 2933 γι.
