1982 3268
47 250 118 298 174$

569 266 735 298 HOMILIA
756 270 837 300 CIII.
858 284 891 288 —
912 272 959 301 DE
981 259 1169 302 SlLEN'lllO.

1620 269 1687 300 17M»

47 329 122 351 tatur
137 327 166 351 et
183 332 274 357 renes,
287 315 386 360 nempe
408 326 473 353 Deo.
488 325 541 353 Sed
565 329 594 352 et
623 326 756 363 Dominus
781 327 840 354 suis
858 327 928 355 dixit
955 327 1101 364 discipulis
1121 337 1127 354 ε
1147 337 1155 353 ι
1175 328 1231 355 Vos
1256 335 1311 354 non
1340 327 1408 354 estis
1433 327 1469 354 de
1501 327 1605 354 mundo
1623 327 1686 364 hac.

46 371 95 398 sed
119 379 170 407 ego
191 372 264 407 elegi
280 380 330 400 vos
348 372 382 400 de
403 373 508 400 mundo
526 383 532 399 :
551 381 606 401 non
621 374 678 410 jam
693 374 780 403 multa
796 375 895 411 loquar
915 375 1060 404 vobiscum
1076 376 1109 403 “.
1130 385 1139 402 ›
1158 375 1216 410 Ipsi
1251 375 1339 411 gloria
1373 375 1402 402 in
1437 375 1539 403 saecula
1571 375 1687 402 melilo-

48 425 121 445 rum.
136 418 235 446 Amen.

349 488 458 514 ΛΟΓΟΣ
486 488 545 515 PP.
857 471 881 499 Α

334 545 402 578 Περὶ
417 545 561 579 ἡσυχίας.

94 598 208 636 Ἡσέχῖα
231 599 341 634 ὠφελεῖ.
357 600 412 627 τῶν
430 601 533 628 κακῶν
544 602 699 638 ἁργήσασα.
721 603 795 630 Ἐὰν·
812 604 842 631 δὲ

50 647 100 673 καὶ
114 646 162 677 τὰς
174 646 311 681 τέσσαρας
329 647 431 681 ἀρετὰς
451 649 479 674 ὲν
495 649 633 684 προσευχῇ
651 649 841 684 προσλάὸηται

52 692 190 727 βοήθημα,
203 692 349 726 τοῦτ’ἕστι,
365 693 414 728 τὴν
426 693 616 729 μακροθυμίαν
627 695 675 721 καὶ
685 695 735 730 τὴν
744 704 841 722 ταπει-

24 763 26 765 ,
52 738 235 774 νοφροσύνην,
245 739 400 774 ἀγρυπνίαν
408 749 437 766 τε
447 741 493 768 καὶ
505 741 763 776 ὲγκράτειαν,οὖδὲν
773 742 845 778 αὐτῇ

54 782 259 819 συντομώτερον
272 785 338 818 πρὸς
353 785 498 812 ἀπάθειαν.
516 786 594 822 Καλὴ
609 784 656 813 οὖν
673 788 689 822 ή
715 786 844 823 εὔκαιρος

54 830 158 864 σιωπὴ,
172 830 250 856 οὐδὲν
274 829 368 866 ἓτερον
391 830 468 862 οὖσα,
484 832 501 867 ἢ
519 833 612 868 μήτηρ
630 833 738 860 ἐννοιῶν
753 842 842 868 σοφω-

53 876 145 901 τάτων
158 884 164 891 ·
181 876 275 911 ἐπειδὴ
292 878 338 903 καὶ
354 877 384 903 τὺ
396 878 498 911 ἀγαθὸν
511 878 622 913 Πνεῦμα
644 879 779 914 ἐκφεύγει,
794 880 844 915 τὴν

54 921 230 955 πολυλογίαν,
244 923 281 954 ὡς
301 924 422 959 ταραχῆς
437 925 527 958 πάσης
541 925 588 950 καὶ
600 925 751 960 φαντασίας
767 925 845 957 ἐκτὸς

53 967 96 993 ὃν.
117 966 148 992 ’11
166 965 212 993 οὖν
228 967 327 1002 ήσυχία
342 968 379 999 ὡς
394 968 464 1002 καλὴ
479 967 545 995 οὖσα
573 970 664 1005 μήτηρ
683 969 777 996 πασῶν
791 970 845 996 τῶν

53 1010 161 1046 ἀρετῶν
174 1012 314 1046 τυγχάνει.
337 1013 486 1048 ’Λπο-ίεννᾷ
497 1014 552 1048 γὰρ
563 1014 646 1046 αὑτὰς
660 1015 703 1041 διὰ
716 1015 766 1049 τῆς
775 1015 846 1049 πρὸς

55 1057 124 1083 Gelu:
139 1057 313 1084 ἀδιαλείπτου
329 1059 376 1085 καὶ
388 1060 594 1094 ἀπερισπάστου
612 1061 735 1095 ἡσυχίας.
744 1061 774 1087 '0
787 1061 847 1093 φιλ-

55 1104 159 1137 ήσυχος
192 1104 309 1139 μοναχὸς
335 1105 477 1138 ἀγαπᾶται
497 1106 549 1131 ὑπὸ
571 1106 621 1132 τοῦ
643 1106 721 1138 Θεοῦ,
752 1107 846 1142 ἐπειδὴ

55 1150 105 1176 καὶ
129 1149 210 1181 αὐτὸς
228 1150 344 1183 ἀγαπῶν
359 1151 404 1176 τὸν
417 1151 483 1177 Θεὸν
499 1151 573 1187 αὐτῷ
592 1153 665 1187 μόνῳ
679 1152 749 1178 θέλει
763 1161 847 1187 προση
865 1148 887 1176 Β

54 1195 163 1230 ομιλεῖν
187 1196 231 1222 διὰ
254 1194 303 1230 τῆς,
325 1196 449 1232 καθαρᾶς
476 1198 641 1232 προσευχῆς,
657 1198 705 1224 καὶ
727 1198 775 1224 ἐπὶ
797 1198 849 1232 γῆς

55 1240 159 1273 ᾰάγων
185 1240 219 1266 τὰ
248 1241 365 1276 οὐράνια.
386 1241 564 1275 φαντάζεται.
586 1241 667 1273 Ὂλος
683 1242 737 1276 γὰρ
755 1243 769 1269 ὁ
788 1242 850 1274 νοῦς

57 1284 141 1312 αὑτοῦ
168 1286 289 1320 μεριμνᾷ
303 1286 333 1312 τδ
357 1285 416 1318 πῶς
431 1286 523 1321 ἁρέσει
544 1286 584 1322 τῴ
598 1286 668 1322 Θεῷ,
701 1287 748 1313 καὶ
774 1287 850 1321 γενέο

60 1331 122 1357 σθαι
145 1331 207 1362 ναὸς
229 1331 276 1357 τοῦ
298 1331 376 1365 ἁγίου
394 1331 475 1358 αὑτοῦ
491 1331 660 1367 [Ινεύματος.
678 1332 707 1359 ’0
730 1332 850 1364 τοιοῦτος

59 1377 103 1403 ἀεὶ
122 1377 264 1406 ὑποκλίνει
278 1377 323 1403 τὸν
335 1378 435 1412 αρχένα
452 1377 534 1404 αὑτοῦ
547 1378 585 1413 τῷ
601 1378 712 1414 ἐλαφρῷ
726 1368 773 1405 διαὶ
786 1388 851 1415 χρηο

61 1422 116 1458 στῷ
130 1423 203 1458 ζυγῷ
216 1423 262 1450 τοῦ
271 1424 389 1458 Χριστοῦ
402 1433 408 1439 ·
421 1425 468 1452 καὶ
482 1425 571 1451 πάντα
591 1425 624 1451 τὰ
640 1424 766 1460 ὁρώμενα
778 1434 850 1460 παρ-

59 1468 214 1503 ορῶν.,τῶν
237 1470 360 1504 ἀοράτων
391 1470 506 1504 ἐφίεται.
522 1470 630 1498 Μᾶλλον
647 1469 675 1504 δὲ
701 1471 782 1497 αὑτὸν
806 1470 851 1497 τὸν

61 1515 177 1550 ἀόρατον
186 1516 224 1547 ὡς
242 1516 314 1548 ὁρῶν
322 1517 467 1551 καρτερεῖ.
483 1517 515 1542 Οἱ
529 1516 645 1543 τοιοῦτοι
657 1518 713 1548 τοῖς
724 1516 851 1550 ἀγγέλοις

62 1561 100 1596 τῷ
126 1561 175 1596 βίῳ
196 1562 414 1597 συναμιλλῶνται
431 1570 436 1575 ·
456 1562 573 1589 πάντοτε
585 1561 635 1593 τὰς
651 1563 773 1597 ἐρήμους
787 1562 851 1588 διώ-

61 1614 167 1638 κοντες,
181 1605 224 1632 ἵνα
241 1608 269 1632 ὲν
284 1607 376 1642 πολλῇ·
387 1607 487 1641 ήσυχίᾳ
505 1607 552 1633 καὶ
570 1607 724 1642 ἀμεριμνίᾳ
738 1607 777 1642 τῴ
791 1606 851 1642 Θεῷ

63 1652 295 1687 προσομιλοῦντες
309 1653 354 1679 τὸν
368 1653 472 1679 ἑαυτῶν
487 1652 549 1679 νοῦν
570 1652 703 1686 ἔσοπτρον
717 1653 852 1687 ἀκηλίδω-

61 1707 107 1725 τον
133 1699 445 1733 ἀπεργάσωνται,.κιτὰ
460 1699 506 1725 τὴν
521 1699 608 1733 μέγαν
627 1698 732 1730 Ἠλίαν,
745 1700 793 1725 καὶ
807 1699 852 1725 τὸν

62 1745 217 1779 πρόδρομον
247 1745 295 1771 καὶ
321 1744 473 1779 βαπτιστήν
501 1744 548 1771 τοῦ
574 1745 676 1780 Κυρίου
713 1744 851 1779 Ἰωάννην.

61 1791 201 1826 Μακάριοι
215 1791 240 1817 οἱ
264 1789 380 1817 τοιοῦτοι
394 1791 440 1816 καὶ
460 1791 506 1817 ἐπὶ
530 1791 581 1825 γῆς
598 1791 645 1817 καὶ
659 1792 688 1816 ἐν
702 1791 829 1826 οὐρανοῖς
845 1797 852 1805 ³

62 1835 177 1874 οἵτινες⁴
195 1835 228 1862 τὰ
253 1836 342 1863 πάντα
368 1835 499 1870 ἡγοῦνται
513 1835 648 1868 σκύϐαλα,
671 1835 714 1862 ἴνα
737 1835 855 1870 Χριστὸν

64 1881 230 1917 κερδήσωσι,
245 1882 292 1908 καὶ
308 1881 459 1916 εὑρεθῶσιν
474 1883 504 1908 ὲν
521 1881 560 1918 τῷ
573 1882 666 1917 πραέῳ
684 1882 731 1908 καὶ
751 1882 856 1917 ἡσυχίῳ

64 1928 202 1961 πνεύματι
224 1927 389 1961 βαδίζοντες,
408 1928 456 1953 καὶ
478 1928 596 1962 μάλιστα
612 1929 652 1958 είς
667 1927 715 1957 οὓς
737 1928 857 1961 ἐφθάσα-

65 1981 120 2009 μεν,
131 1973 256 2007 καιρούςι
279 1972 370 2003 καθὼς
382 1974 396 1998 ὁ
414 1975 556 2007 προφήτης
577 1973 667 2006 ’Λμὼς
679 1974 714 1999 τὰ
728 1973 794 2007 περὶ
809 1972 856 1998 τοῦ

64 2019 213 2050 ἐνεστῶτος
239 2018 334 2053 καιροῦ
359 2019 434 2052 ἡμᾶς
453 2018 588 2044 παιδεύων
612 2018 706 2053 φησὶν,
725 2027 734 2044 ε
758 2019 802 2044 Ἐν
820 2018 858 2052 τῷ

65 2063 156 2099 καιρῷ
171 2063 268 2098 ἐκείνῳ
281 2064 295 2089 ὁ
308 2062 406 2089 συνιὼν
420 2064 600 2099 σιωπήσεται,
611 2064 652 2090 ὅτι
667 2063 763 2099 καιρὸς
776 2072 858 2098 πονη-

67 2111 114 2147 ρός
130 2112 201 2137 ἐστι.
218 2120 227 2136 ι
250 2110 304 2137 Καὶ
319 2111 333 2136 6
356 2109 480 2141 Ἡσαΐας,
500 2120 509 2136 ‹
529 2111 624 2137 Μισῶν
651 2110 795 2146 πονηρίαν,
811 2110 858 2136 καὶ

65 2156 117 2188 τὰς
154 2156 249 2190 χεῖρας
283 2155 478 2190 ἀποσειόμενος
506 2155 560 2182 ἀπὸ
586 2155 690 2191 δώρων,
720 2156 858 2190 καμμύων

66 2201 234 2236 ὀφθαλμοὺς,
246 2201 289 2228 ἵνα
304 2201 341 2236 μὴ
352 2202 394 2237 ἴδῃ
409 2201 525 2234 ἀδικίαν,
536 2199 613 2233 οὗτος
625 2203 731 2236 οἰκήσει
747 2204 776 2228 ἐν
788 2211 861 2238 σπη-

67 2248 146 2283 λαίῳ,
161 2249 241 2283 ἄρτος
269 2247 344 2283 αὐτῷ
369 2248 525 2282 δοθήσεται,
547 2248 594 2275 καὶ
615 2248 645 2275 τὸ
675 2247 747 2283 ὕδωρ
777 2248 859 2275 αὑτοῦ

67 2294 174 2322 πιστόν.
195 2304 204 2320 ι
219 2294 275 2321 Καὶ
302 2295 334 2321 ὲκ
361 2293 507 2329 προσώπου
531 2294 635 2329 Κυρίου
656 2293 749 2329 φησὶν,
769 2303 777 2319 l
800 2294 861 2321 Ἐπὶ

67 2341 131 2368 τινα
147 2341 298 2376 ὲπιδλέψω,
316 2341 374 2367 ἀλλ’
390 2341 406 2376 ἢ
423 2341 469 2367 ἐπὶ
481 2341 527 2367 τὸν
541 2340 668 2366 ταπεινὸν
677 2341 724 2367 καὶ
739 2341 840 2376 ἥσυχον
852 2361 860 2374 ,

68 2388 118 2415 καὶ
141 2387 279 2422 τρέμοντα
300 2396 350 2423 μου
370 2389 433 2419 τοὺς
445 2387 540 2421 λόγους
556 2395 563 2419 ;
584 2396 593 2412 ι
610 2387 667 2413 Καὶ
681 2389 695 2413 ὁ
712 2387 859 2422 Ἱερεμίας,

72 2443 82 2460 ‹
99 2433 148 2463 Τίς
162 2434 243 2460 δνὺσει
257 2442 311 2468 μοι,
324 2433 423 2466 λέγων,
436 2434 465 2459 ἐν
479 2434 512 2468 τῇ
528 2434 633 2468 ἐρήμῳ,
649 2433 769 2468 σταθμὸν
781 2433 862 2468 ἔσχα-

68 2487 135 2512 τον;
153 2479 199 2505 καὶ
214 2478 370 2513 καταλείψω
386 2478 432 2506 τὸν
445 2478 508 2506 λαὸν
523 2478 618 2505 τοῦτον
631 2487 638 2511 ;
660 2487 670 2504 ι
687 2479 742 2506 Καὶ
757 2479 838 2505 πάλιν
852 2498 858 2510 ,
877 2487 899 2514 ι)

72 2535 82 2551 ‹
99 2526 158 2552 Οὸκ
184 2525 301 2551 ἐκάθισα
339 2525 408 2560 μετὰ
446 2524 658 2560 συμπαιζόντων
683 2525 859 2557 αὑτῶν,ἀλλ“

70 2570 244 2606 εὖλαῦούμην
262 2571 315 2597 ἀπὸ
330 2571 477 2606 προσώπου
497 2571 588 2606 χειρός
605 2579 663 2597 σου.
683 2571 760 2597 Κατὰ
776 2571 861 2605 μόνας

71 2616 225 2651 ἐκαθήμην,
239 2617 281 2643 ὃτι
303 2616 416 2650 πικρίας
441 2615 621 2650 ἐνεπλήσθην.
640 2624 650 2648 9
666 2615 721 2641 Καὶ
740 2617 754 2642 ὁ
767 2615 861 2647 Δαυτδ,

75 2673 84 2688 ι
101 2662 260 2697 Ἐμάκρυνα
270 2661 442 2696 φυγαδεύων,
453 2663 500 2688 καὶ
510 2661 645 2697 ηὐλίσθην
655 2662 685 2688 ἑν
693 2663 725 2696 τῇ
737 2662 860 2697 ἐρήμῳ.»

73 2709 139 2740 Καὶ,
155 2707 291 2744 [Ὲθέμην
303 2708 333 2735 τὸ
349 2708 452 2743 ἔνδυμά
466 2717 528 2743 μου,
543 2707 668 2744 animum]
682 2717 692 2733 ε
711 2708 814 2742 ἐθέμην
825 2707 864 2742 τῷ

73 2754 190 2789 στόματί
207 2762 258 2788 μου
284 2753 408 2788 φυλακὴν
430 2755 458 2780 ὲν
471 2753 510 2788 τῷ
524 2756 654 2790 συστῆναι
669 2755 714 2780 τὸν
733 2754 865 2789 ἁμαρτω-

73 2799 121 2826 λδν
143 2799 264 2826 ἐναντίον
280 2807 331 2833 μου
347 2798 509 2835 [ἑκωφιώθην
537 2799 584 2826 καὶ
607 2799 793 2832 ἐταπεινώθην
818 2799 866 2826 καὶ

75 2846 194 2880 ὶσίγησα
208 2844 237 2878 ἐξ
254 2844 375 2878 ἀγαθῶν.
388 2844 443 2872 Καὶ
461 2844 563 2882 statim]
583 2845 734 2880 ὲκωφὼθην
752 2845 799 2871 καὶ
816 2845 867 2870 οὐκ

75 2891 173 2927 ἦνοιξα
186 2891 216 2917 τὺ
229 2890 317 2926 στόμα
333 2898 396 2926 μου,
412 2891 454 2917 ὃτι
469 2891 501 2918 σὺ
513 2891 653 2924 ἐποίησας.
671 2900 679 2916 ι
697 2891 761 2922 Καὶ,
781 2900 789 2915 ι
811 2889 867 2916 Κύ-

115 2969 137 2989 ⁶⁶
153 2969 232 2997 .loan.
247 2976 291 3001 xv,
309 2967 356 2999 l9;
372 2972 425 2998 xxv,
438 2963 481 2992 30.
497 2964 518 2979 ⁸⁷
533 2965 615 2992 Aluos
630 2971 654 2996 γ,
671 2963 711 2991 13.

1182 489 1324 519 HOMILIA
1340 490 1406 518 CIII.

1210 546 1250 574 De
1263 547 1378 574 silentio.

930 605 980 633 Vel
995 600 1174 632 boc‘nomine
1190 605 1271 632 nobis
1283 605 1473 632 emolumento
1489 609 1531 631 est
1546 604 1688 631 silentium

895 655 924 679 et
938 651 1059 686 adjuvat,
1072 651 1145 686 quod
1160 651 1258 678 doceat
1269 659 1284 678 a
1298 651 1378 678 malis
1391 650 1484 678 l'eriari
1496 650 1688 684 etinterquie-

896 697 1070 731 εδει-ε.ουοᾶ
1082 698 1105 725 si
1117 697 1235 724 virtutes
1248 701 1368 732 quatuor
1381 698 1409 724 in
1424 697 1550 724 oratione
1559 696 1690 724 concilia-

896 744 934 772 rit
944 743 998 771 sibi
1009 748 1038 771 et
1047 744 1187 776 asciverit,
1200 743 1303 779 quibus
1316 744 1432 775 nitatur,
1445 743 1578 770 nimirum
1590 743 1689 778 longa-

896 791 1000 818 nimem
1034 790 1228 821 tolerantiam,
1247 789 1331 816 animi
1347 789 1524 820 modestiam,
1555 788 1690 823 vigiliam,

898 834 1109 869 temperantiam
1123 842 1129 867 ;
1145 833 1215 860 nihil
1232 834 1339 868 uspiam
1358 833 1482 860 inveniet
1495 832 1569 867 quod
1582 831 1693 859 brevio-

899 887 929 907 re
954 878 1120 914 compendio
1144 877 1265 906 animam
1295 877 1392 904 reddat
1422 877 1495 904 circa
1518 876 1693 904 turbulentas

898 926 1042 962 passiones
1065 925 1106 952 sic
1127 924 1267 956 stabilem,
1286 927 1316 951 ut
1335 923 1487 950 silentium.
1501 921 1588 955 Quam
1608 922 1693 957 igitur

900 970 1025 1006 speciosa
1047 977 1186 1005 quamque
1204 973 1375 1004 opportuna,
1395 971 1423 995 et
1446 966 1625 995 accommoda
1650 971 1694 995 est

899 1017 981 1044 nobis
1006 1016 1097 1043 virtus
1125 1015 1249 1042 silentii?
1266 1013 1348 1041 Aliud
1374 1021 1491 1048 prorsus
1516 1012 1588 1040 nihil
1609 1019 1692 1047 quam

900 1062 1170 1098 sapientissimarum
1200 1060 1400 1095 cogitationum
1428 1064 1527 1086 mater.
1552 1059 1693 1094 Benignul

901 1109 1004 1136 etenim
1038 1108 1085 1136 ille
1121 1107 1243 1142 Spiritus
1272 1107 1318 1133 vix
1351 1105 1426 1133 aliud
1459 1110 1514 1133 tam
1549 1103 1694 1132 aversatur

901 1160 929 1182 ct
951 1154 1031 1189 fugit,
1053 1158 1084 1181 ut
1100 1153 1270 1188 multiioquii
1288 1153 1450 1184 vanitatem,
1465 1151 1693 1187 quandoquidem

901 1201 925 1228 is
954 1200 989 1227 ab
1020 1200 1096 1227 omni
1130 1199 1290 1227 turbulenta
1319 1206 1348 1226 se
1380 1199 1527 1226 submovet
1558 1198 1696 1232 intempe-

901 1246 941 1273 rie
956 1250 1040 1281 atque
1056 1245 1240 1273 ludificatoria
1261 1245 1469 1280 imaginatione.
1483 1243 1630 1272 Silentium
1646 1241 1696 1278 igi—
1717 1263 1721 1267 .

900 1297 946 1320 tur
960 1297 1038 1320 tanto
1054 1300 1117 1320 cum
1133 1291 1277 1326 splendeat
1293 1291 1405 1322 decore,
1430 1294 1523 1317 mater
1543 1290 1607 1325 jure
1627 1296 1694 1317 cen—

901 1341 978 1365 setur
993 1338 1129 1365 virtutum
1147 1337 1276 1364 monachi
1293 1346 1299 1363 :
1315 1344 1363 1364 eas
1374 1336 1449 1363 enim
1461 1338 1632 1369 progenerat
1647 1341 1696 1369 per

899 1384 994 1419 iugem
1018 1383 1234 1411 et‘indivulsam
1258 1382 1292 1410 ad
1317 1382 1404 1410 Deum
1431 1379 1696 1415 interpellationem.

902 1429 1054 1457 Monachus
1071 1429 1174 1456 silentii
1189 1433 1218 1456 et
1229 1428 1332 1463 quietis
1344 1431 1451 1454 amator
1465 1435 1522 1454 non
1534 1430 1627 1461 potest
1641 1432 1696 1452 nou

902 1482 917 1502 a
935 1475 992 1502 Deo
1025 1473 1113 1508 diligi.
1130 1473 1199 1501 Cum
1227 1473 1302 1500 enim
1329 1473 1379 1500 Dei
1403 1478 1499 1498 amore
1529 1470 1696 1500 inardescat.

902 1520 954 1548 soli
971 1520 1048 1554 cupit
1060 1520 1115 1547 Deo
1129 1519 1252 1554 colloqui
1268 1527 1319 1554 per
1330 1518 1468 1546 sinceram
1483 1517 1648 1544 orationem.
1662 1516 1696 1545 Is.

902 1566 954 1593 etsi
966 1566 1072 1601 interra
1085 1564 1352 1597 moretur,ca:lestia
1366 1569 1458 1591 tamen
1467 1561 1646 1590 transcendit
1654 1561 1698 1596 pia

903 1611 1099 1646 imaginatione
1113 1620 1120 1638 τ
1134 1615 1192 1638 tota
1213 1611 1287 1638 enim
1302 1610 1386 1637 istius
1396 1617 1474 1636 mens
1490 1609 1518 1635 in
1538 1608 1590 1634 hac
1607 1615 1661 1634 una
1672 1612 1699 1634 et

903 1658 983 1685 anxia
995 1657 1162 1693 cogitatione
1171 1662 1308 1688 versatur,
1317 1660 1347 1683 ut
1355 1656 1411 1683 Deo
1419 1663 1448 1682 se
1459 1654 1596 1689 probetac
1604 1651 1702 1679 reddat

903 1704 1060 1736 amabilem,
1076 1703 1221 1738 sanctique
1233 1702 1354 1738 Spiritus
1367 1701 1500 1735 templum
1510 1701 1703 1734 promereatur

903 1749 1095 1785 ellici.1191
1109 1749 1159 1776 Hic
1169 1749 1305 1776 cervicem
1318 1755 1395 1775 suam
1407 1753 1540 1782 perquam
1555 1745 1610 1772 leui
1623 1744 1703 1772 Chri-

905 1796 940 1824 sti
953 1797 1019 1832 jugo
1040 1801 1070 1824 et
1093 1795 1171 1823 suavi
1189 1794 1343 1823 substernit
1364 1793 1479 1821 acclinis
1495 1799 1614 1827 semper.
1629 1791 1703 1820 Visi-

906 1841 974 1870 bilia
991 1847 1089 1869 cuncta
1108 1841 1312 1871 transmittens.
1331 1839 1364 1866 ad
1385 1837 1568 1866 invisibilium
1596 1836 1704 1870 rapitur

907 1894 1041 1918 amorem,
1052 1886 1139 1921 magis
1149 1893 1215 1912 vero
1227 1884 1409 1912 invisibilium
1430 1886 1579 1917 (quatenus
1592 1888 1624 1908 ea
1638 1888 1704 1908 con-

907 1932 1070 1966 templatur)
1087 1920 1273 1965 aliquousquc
1293 1920 1408 1963 compos
1419 1928 1476 1962 jam
1492 1930 1544 1954 est.
1570 1925 1623 1959 Qui
1636 1925 1704 1952 tales

908 1979 983 2005 sunt,
1006 1974 1129 2008 puritate
1154 1973 1217 2000 vita:
1245 1980 1308 2000 cum
1338 1971 1444 2006 angelis
1472 1969 1702 2004 congrediuntur.

908 2021 955 2048 Isti
979 2020 1056 2050 nullo
1073 2027 1129 2047 non
1147 2022 1273 2053 tempore
1299 2021 1434 2052 expetunt
1460 2015 1617 2049 adeuntque
1639 2013 1705 2041 soli-

909 2065 1032 2098 tudines,
1057 2069 1087 2092 ut
1118 2064 1251 2092 taciturni
1283 2071 1315 2090 ac
1336 2061 1480 2097 tranquilli
1505 2060 1584 2096 prius
1610 2059 1703 2088 divina

909 2111 1089 2148 perfruantur
1099 2110 1279 2142 allocutione,
1301 2116 1432 2143 suamque
1447 2107 1568 2142 ipsorum
1584 2110 1703 2133 mentem

910 2157 1054 2193 speculum
1085 2156 1206 2185 alliciant
1235 2155 1310 2183 nulla
1336 2154 1397 2182 labe
1423 2154 1630 2188 interpunctum
1657 2155 1705 2179 aut

909 2210 1064 2238 aspersum,
1090 2210 1218 2238 magnum
1236 2202 1312 2229 illum
1340 2200 1440 2228 imitati
1463 2200 1551 2227 Etiam
1580 2207 1614 2226 ac
1633 2206 1703 2233 prte-

910 2256 1053 2279 cursorem
1064 2254 1092 2278 et
1103 2249 1250 2284 haptistam
1260 2247 1369 2275 Domini
1379 2246 1524 2273 Joannem.
1537 2243 1614 2271 Beati
1625 2243 1704 2279 plane

912 2297 990 2328 tales,
1004 2303 1068 2323 cum
1087 2302 1171 2329 super
1186 2298 1300 2325 terram,
1320 2297 1378 2320 tum
1390 2296 1419 2319 et
1432 2292 1460 2319 in
1476 2290 1564 2322 ctelis,
1581 2289 1629 2324 qui
1643 2289 1705 2324 qui-

911 2342 973 2370 dem
985 2342 1077 2369 omnia
1094 2341 1201 2368 ducunt
1218 2340 1301 2375 quasi
1313 2344 1446 2370 stercora,
1460 2337 1602 2365 Christum
1618 2340 1649 2362 ut
1662 2335 1705 2362 lu-

912 2387 1054 2415 crifaciaut
1074 2386 1306 2420 invenianturque
1336 2385 1363 2412 in
1386 2384 1446 2411 miti
1469 2391 1501 2411 ac
1521 2382 1647 2417 requiete
1663 2381 1706 2408 ἰη-

913 2434 1011 2462 cedere
1029 2433 1141 2468 spiritu.
1159 2432 1245 2466 quue
1261 2438 1314 2458 nos
1339 2430 1463 2457 omnium
1483 2428 1600 2456 maxime
1616 2427 1705 2455 facere

914 2478 1040 2510 addecet,
1062 2478 1110 2513 qui
1128 2478 1156 2504 in
1177 2477 1236 2504 hac
1261 2475 1442 2512 pervenimus
1455 2479 1591 2510 tempora.
1615 2473 1662 2500 Sic
1677 2477 1706 2500 et

910 2524 1045 2560 propheta
1069 2523 1168 2556 Amos,
1200 2530 1263 2557 qua:
1295 2521 1411 2549 instanti
1434 2525 1561 2555 tempore
1580 2518 1705 2553 contige—

913 2574 988 2602 runt,
1010 2577 1061 2596 suo
1072 2577 1124 2596 nos
1139 2568 1331 2603 pra-erudiens
1346 2567 1470 2598 oraculo,
1486 2565 1525 2592 ait
1542 2574 1549 2592 :
1569 2574 1576 2590 ι
1595 2564 1624 2591 In
1640 2567 1706 2591 tem-

913 2623 980 2651 pore
1004 2615 1051 2642 illo
1076 2614 1235 2649 intelligens
1257 2612 1360 2643 silebit,
1383 2612 1448 2647 quia
1466 2615 1575 2646 tempus
1604 2609 1706 2636 malum

913 2665 955 2688 est
980 2660 1013 2687 ⁵⁷.
1029 2669 1038 2685 ι
1056 2660 1139 2687 Isaias
1162 2666 1274 2694 quoque
1292 2667 1299 2685 :
1320 2668 1328 2683 ι
1343 2657 1394 2692 Qui
1415 2656 1475 2684 odit
1491 2655 1664 2691 iniquitatem
1679 2658 1706 2681 et

917 2713 1017 2733 manus
1037 2705 1145 2733 excutit
1163 2713 1178 2732 a
1195 2704 1382 2736 muneribus;
1411 2703 1458 2737 qui
1479 2702 1584 2729 claudit
1611 2700 1707 2728 oculos

915 2759 949 2779 ne
972 2751 1066 2779 videat
1083 2751 1270 2786 iniquitatem,
1296 2750 1343 2777 hic
1363 2748 1501 2778 habitabit
1525 2747 1552 2774 in
1575 2745 1706 2780 spelunca

915 2797 1041 2829 excelsa;
1067 2797 1148 2832 panis
1172 2796 1199 2823 ei
1223 2795 1346 2824 dabitur.
1371 2799 1398 2822 et
1415 2801 1484 2828 aqua
1508 2793 1568 2827 ejus
1592 2789 1704 2817 ﬁdelis:

915 2843 1017 2878 Regem
1045 2850 1108 2870 cum
1139 2841 1225 2878 gloria
1250 2841 1370 2872 videbit,
1398 2843 1426 2867 et
1453 2838 1525 2865 oculi
1553 2835 1637 2863 vestri
1666 2835 1706 2861 vi-

917 2888 1022 2916 debunt
1037 2893 1140 2916 terram
1155 2887 1189 2914 de
1206 2887 1296 2921 longe,
1313 2886 1403 2914 anima
1418 2887 1507 2912 vestra
1528 2879 1707 2910 meditabitur
