1982 3272
106 249 160 282 1769

409 246 573 277 HOMILIA
593 245 756 275 CIL—DE
776 242 1089 274 LONGANIMITATE
1109 242 1155 271 ET
1175 239 1398 270 IRACUNDIA.

1653 237 1720 268 1770

103 306 236 342 πρόσωπον
251 302 448 339 πρεσῦυτέρου.
472 312 480 326 ι
503 302 543 327 Ὀ-
551 299 653 327 δὲΊώσ
667 308 698 326 ’νε
727 300 773 329 'Ey
787 299 876 334 πολλῷ

934 299 1029 330 Fecisti,
1045 298 1092 325 ﬁet
1108 298 1157 325 tibi
1167 297 1200 323 7'.
1217 306 1226 322 ›
1244 296 1354 323 Primus
1369 295 1458 322 Moses
1475 294 1586 321 mandat
1600 293 1696 321 dicens
1711 303 1718 320 :

103 351 187 386 χρόνῳ,
206 348 304 382 σοφία·
325 348 355 373 ὲν
381 347 409 372 δὲ
430 345 522 381 πολλῷ
536 345 597 379 βίῳ,
617 345 769 379 ἐπιστήμη.
790 354 800 369 ι
823 345 878 370 Καὶ

102 396 183 426 ἄλλος·
201 404 210 420 ι
241 393 379 426 Στέφανος
402 392 539 427 γερόντων
569 390 744 424 πολυπειρία,
775 391 822 417 καὶ
848 390 879 416 τὸ

101 441 220 476 καύχημα
247 438 347 470 αὐτῶν,
362 437 445 471 φόϐος
462 435 575 470 Κυρίου.
594 445 603 461 ι
623 435 679 462 Καὶ
696 435 710 460 ὸ
748 435 877 460 Ἀπὸστο-

101 486 139 517 λος
151 485 296 520 Τιμοθέῳ·
319 493 328 509 ι
355 481 536 517 Πρεσὸυτέρῳ
565 480 602 516 μὴ
627 479 793 516 ἐπιπλήξῃς,
812 480 880 506 ἀλλὰ

101 531 243 566 παρακάλει
261 530 299 561 ὡς
322 529 440 562 πατέρα.
461 537 470 553 ι
496 527 576 553 Ἀλλὰ
598 527 707 557 πάντως
728 526 801 561 ἐρεῖς
824 535 878 560 μοι,

103 576 178 611 «Χρὴ
201 576 263 606 τοὺς
292 574 449 608 πρεσϐύτας
473 573 627 608 νηφαλέους
641 569 722 603 εἶναι,
751 573 878 606 σεμνοὺς,

101 622 259 655 ὑγιαίνοντας
274 622 305 655 τῇ
328 620 429 651 πίστει,
443 620 476 654 τῇ
486 619 594 653 ἀγάπῃ,
613 627 622 643 ι
639 617 710 644 κατὰ
733 617 780 643 τὸν
801 617 879 643 ’Λπό-

100 666 193 694 στολον.
211 676 220 692 ‹
236 666 326 701 Γῆρας
338 665 392 699 γὰρ
403 664 497 698 τίμιόν
515 665 601 693 ἐστιν.
611 663 641 689 οὐ
651 663 682 689 τὸ
691 662 877 698 πολυχρόνιον.

99 712 157 738 Οὐδὲ
174 712 288 747 ἀριθμὸς
306 711 374 737 ὲτῶν
393 711 551 745 μετρεῖται·
566 709 659 735 πολιαὶ
684 708 713 735 δέ
730 708 800 734 εἰσιν
814 708 880 743 φρό-

98 764 168 791 νησις
182 755 348 791 ἀνθρώποις,
365 755 414 781 καὶ
424 753 519 789 ἡλικία
535 753 648 789 γὴρους,
664 751 721 787 βίος
744 751 880 787 ἀκηλίδω-

97 809 146 833 τος,
165 811 174 826 ι
187 802 257 828 κατὰ
268 801 315 840 τῂν
331 801 454 836 Γραφήν.
470 799 556 826 Τοῦτο
570 799 620 833 οὐχ
634 794 714 833 ἡμῶν
726 798 801 824 ἐστιν
820 798 880 833 κρῖ-

97 856 145 878 ναι,
164 847 230 873 ἀλλὰ
239 847 287 873 τοῦ
305 845 503 881 δοκιμάζοντος
516 845 565 876 τὰς
577 843 692 879 καρδίας
703 843 784 878 ἡμῶν
798 842 877 869 Θεοῦ.

101 891 188 927 Ἡμῶν
210 892 238 919 δέ
252 893 312 929 ἐστι
326 893 409 919 πᾶσιν
431 891 577 918 ἀποδοῦναι
598 890 648 922 τὰς
662 889 783 924 ὀφειλὰς,
806 899 816 914 ι
835 889 880 923 Τῷ

96 939 136 965 τδν
155 937 247 972 φὸῦον,
256 937 295 971 τῷ
308 936 397 971 φόὸῳ·
417 936 457 972 τῷ
468 935 518 970 τὴν
528 935 622 970 τιμὴν,
640 936 675 969 τῇ
689 934 755 969 τιμῇ
766 941 773 948 ·
789 933 820 960 οὐ
836 933 880 968 μό-

96 991 137 1009 νον
149 984 205 1014 τοῖς
224 982 337 1015 ἀγαθοῖς
348 981 395 1008 καὶ
413 980 576 1012 ἐπιεικέσιν,
595 980 665 1007 ἀλλὰ
679 981 726 1007 καὶ
741 981 798 1011 τοῖς
815 988 878 1006 σκο-

96 1027 166 1060 λιοῖς.
191 1037 200 1053 ι
219 1028 274 1053 Καὶ
298 1027 333 1061 τῇ
345 1025 509 1061 φιλαδελφίᾳ
526 1026 566 1056 εἰς
579 1025 710 1060 ἀλλήλους
739 1025 879 1060 φιλόστορ-

96 1082 147 1107 γοι,
158 1082 167 1098 ι
185 1073 225 1108 Τῇ
236 1074 303 1107 τιμῇ
316 1071 449 1106 ἀλλήλους
463 1070 677 1107 προηγούμενοι.
698 1080 707 1096 ι
720 1070 880 1106 Γέγραπται

96 1120 146 1154 γάρ
159 1127 165 1134 ·
186 1128 195 1144 ι
217 1119 278 1150 Υἱὲ,
301 1119 350 1145 tam
367 1118 449 1152 σοφὸς
467 1118 516 1153 ἔσῃ
527 1117 645 1153 σεαυτῷ,
662 1117 744 1151 σοφὸς
768 1116 818 1152 ἔσῃ
834 1117 880 1144 καὶ

94 1167 146 1197 τοῖς
163 1165 277 1200 πλησίον
295 1173 342 1191 σου
353 1173 359 1178 ·
376 1164 424 1191 ἐὰν
438 1164 466 1190 δὲ
482 1164 566 1195 uno;
587 1163 702 1198 ἀποόῇς.
732 1163 814 1198 μόνος
833 1164 881 1189 ἀν-

94 1213 199 1246 τλήσεις
219 1212 253 1238 τὰ
271 1211 353 1238 κακά.
385 1220 395 1236 ι
417 1209 557 1240 Ὡσαύτως
577 1210 625 1236 καὶ
653 1210 666 1235 6
682 1209 802 1244 Πέτρος·
820 1218 829 1234 ι
848 1209 880 1235 Οί

95 1257 216 1292 νεώτεροι
230 1256 386 1291 ὑποτάγητε
401 1255 600 1291 πρεσϐυτέροις
610 1263 617 1269 ·
636 1255 737 1286 πάντες
748 1255 777 1282 δὲ
790 1256 820 1281 ὲν
833 1254 881 1283 ἀλ-

94 1303 182 1338 λήλοις
208 1302 256 1337 τὴν
277 1301 529 1336 ταπεινοφροσύνην
558 1300 770 1335 ὲγκολπὶσασῦε,
802 1300 843 1326 ὅτι
868 1301 881 1326 ὁ

93 1349 157 1379 Θεὸς
169 1348 356 1383 ὑπερηφάνοις
372 1347 582 1379 ἀντιτάσσεται,
598 1347 740 1378 ταπεινοῖς
756 1346 881 1373 δὲδίδωσι

94 1394 181 1430 χάριν.
195 1393 388 1429 Ταπεινώοητε
400 1392 447 1420 οὖν
460 1393 513 1420 ὑπὸ
525 1393 574 1428 τὴν
586 1393 722 1428 κραταιὰν
737 1393 816 1427 χεῖρα
833 1391 880 1418 τοῦ

94 1439 171 1471 Θεοῦ,
191 1439 233 1466 ἴνα
248 1440 320 1474 ὑμᾶς
339 1438 435 1474 ὑψώσῃ
449 1439 478 1464 ἓν
495 1438 593 1473 καιρῷ.
613 1447 622 1462 ι
638 1438 742 1472 Πρέπει
759 1437 806 1471 οὖν
825 1439 882 1468 τοῖς

94 1485 265 1520 Χριστιανοῖς
293 1485 387 1517 πᾶσιν,
415 1483 563 1510 ἀποδοῦναι
578 1483 628 1514 τὰς
646 1483 769 1517 ὀφειλάς.
797 1483 884 1509 Τοῦτο

93 1531 148 1566 γὰρ
171 1530 201 1562 ἐξ
230 1529 313 1556 αὑτοῦ
341 1530 507 1564 τοῦΚυρίου
524 1529 572 1556 καὶ
595 1529 663 1556 Θεοῦ
691 1530 739 1555 καὶ
755 1528 883 1564 Σωτῆρος

94 1574 173 1611 ἡμῶν
187 1575 274 1610 Ἰησοῦ
303 1574 424 1607 Χριστοῦ
454 1573 651 1609 παιδευόμεθα.
680 1574 730 1600 Διὰ
755 1573 809 1608 γὰρ
834 1573 883 1608 τὴν

934 353 942 370 l
959 346 981 372 A
997 345 1064 373 facie
1080 345 1141 371 rani
1157 344 1256 378 capitis
1271 350 1433 377 consurges.
1449 346 1477 368 et
1493 340 1645 367 honorabis
1659 340 1718 367 vul—

929 393 988 417 tum
1005 390 1165 418 senioris".
1187 399 1195 414 ι
1216 389 1268 417 Job
1286 396 1353 415 vero
1373 397 1379 414 :
1401 397 1410 412 ι
1430 387 1459 414 ln
1478 386 1567 414 multo
1586 390 1718 420 tempore,

929 435 1081 470 sapientia.
1096 440 1123 462 et
1139 436 1165 462 in
1181 435 1238 462 vita
1253 433 1419 468 prolixiore,
1436 432 1552 460 scicntia
1563 432 1597 457 “.
1617 441 1625 457 ι
1644 431 1720 461 Alius

931 482 995 508 item
1011 489 1018 507 :
1037 491 1045 506 ι
1064 481 1171 509 Corona
1187 483 1300 512 senum,
1317 480 1401 507 multa
1419 479 1535 514 peritia,
1551 483 1579 504 et
1593 477 1722 513 gloriatio

929 534 1026 553 eorum
1043 526 1126 554 timor
1141 526 1248 554 Domini
1261 527 1294 552 ⁸⁸.
1314 535 1322 550 ι
1340 525 1489 560 Apostolus
1503 525 1616 558 insuper
1630 524 1723 550 Timo-

932 571 995 597 theo
1012 579 1019 596 ε
1039 581 1048 596 ε
1068 571 1211 598 Scniorem
1230 579 1265 597 ne
1282 570 1480 605 increpaveris,
1497 570 1545 597 sed
1563 569 1677 597 obsecra
1693 574 1722 596 ut

930 620 1038 650 patrem
1051 615 1084 642 “..
1102 624 1110 640 ι
1125 615 1244 642 Omnino
1256 615 1324 642 illud
1336 615 1428 643 forsan
1439 615 1577 650 objeceris
1590 623 1596 642 :
1614 625 1622 640 ‹
1636 615 1724 649 Opor-

932 666 971 688 tet
991 669 1074 693 sums
1095 661 1204 688 sobrios
1224 669 1297 693 esse,
1316 666 1419 693 castos,
1434 669 1518 690 sanos
1537 660 1591 688 ﬁde
1608 665 1637 688 et
1654 661 1720 687 dilev

930 706 1022 733 ctione
1035 706 1074 739 9,
1103 716 1113 732 ›
1137 707 1215 743 juxta
1243 706 1368 741 ejusdem
1393 707 1516 741 Apostoli
1542 707 1722 734 sententiam.

934 762 943 777 ‹
958 752 1095 780 Senectus
1107 753 1181 780 enim
1197 752 1369 780 honorabilis
1381 757 1424 779 est
1439 761 1493 779 non
1509 753 1658 786 diuturna,
1673 761 1725 779 ne-

930 805 985 832 que
1002 805 1138 826 annorum
1159 806 1278 826 numero
1294 801 1469 833 computata,
1487 798 1550 825 cani
1567 799 1642 825 enim
1660 803 1725 826 sunt

930 850 1030 871 sensus
1052 843 1187 875 hominis,
1207 847 1236 872 et
1254 847 1322 871 tetas
1342 844 1496 871 senectutis
1515 843 1572 870 vita
1593 844 1727 871 immacu-

930 889 995 922 lata,
1013 898 1023 914 ι
1038 889 1117 924 juxta
1133 889 1304 924 Scripturam
1314 890 1346 916 ⁸³.
1364 889 1472 917 Nostra:
1486 898 1541 917 non
1555 894 1597 918 est
1610 890 1727 917 faculta-

931 934 977 967 tis,
991 935 1175 969 pronuntiare
1187 935 1221 962 de
1236 935 1386 970 ejusmodi,
1399 935 1488 970 magis
1499 942 1592 963 autem
1606 937 1665 967 Dei,
1677 943 1729 972 gat,

930 980 1028 1014 probat
1043 980 1126 1007 corda
1142 985 1238 1007 nostra
1253 989 1259 1006 :
1275 985 1376 1008 nostra:
1390 984 1484 1007 autem
1497 979 1651 1008 [unctionis
1667 981 1728 1008 uni-

930 1026 1046 1054 cuilibet
1063 1026 1179 1054 reddere
1195 1034 1244 1054 sua
1260 1027 1353 1054 debita
1369 1036 1375 1054 :
1394 1037 1403 1052 |
1419 1027 1470 1055 Cui
1487 1028 1626 1058 timorem.
1643 1028 1727 1055 timo-

931 1076 989 1099 rem
1005 1081 1012 1098 :
1026 1073 1071 1099 cui
1088 1073 1233 1105 honorem,
1251 1073 1385 1100 honorem
1403 1081 1410 1099 :
1427 1081 1484 1100 non
1498 1073 1587 1101 solum
1605 1073 1686 1101 bonis
1699 1078 1727 1101 et

931 1117 1075 1150 modestis,
1092 1118 1139 1145 sed
1155 1122 1184 1146 et
1197 1118 1318 1153 dyscolis
1328 1117 1362 1144 ⁸⁸.
1374 1129 1390 1144 ω
1410 1118 1463 1146 Sed
1478 1124 1505 1146 ct
1519 1119 1644 1146 fraterna
1661 1120 1726 1147 cha-

931 1163 1014 1190 ritate
1031 1163 1150 1191 invicem
1163 1164 1291 1191 benevoli
1308 1157 1343 1190 ε’(
1362 1164 1471 1192 llonore
1488 1165 1606 1192 invicem
1623 1173 1728 1200 praeve-

931 1209 1042 1236 nientes
1051 1210 1084 1236 ⁸⁷.
1101 1219 1110 1235 ι
1126 1209 1265 1245 Scriptum
1278 1210 1382 1245 quippe
1395 1215 1438 1238 est
1451 1220 1457 1237 :
1475 1220 1484 1236 ι
1500 1211 1562 1242 Fili.
1577 1211 1600 1239 si
1615 1212 1728 1246 sapiens

933 1255 1032 1287 fueris,
1051 1255 1100 1282 tibi
1120 1255 1172 1290 ipsi
1190 1255 1247 1283 eris
1263 1260 1291 1283 et
1309 1256 1434 1290 proximo
1451 1265 1457 1282 :
1473 1257 1495 1283 si
1513 1261 1607 1284 autem
1623 1258 1726 1290 malus,

933 1299 1111 1331 interibis,et
1123 1300 1199 1327 solus
1214 1300 1364 1328 exhauries
1378 1301 1448 1328 mala
1457 1300 1492 1327 "‘.
1507 1311 1515 1326 ι
1529 1301 1586 1328 Nec
1600 1301 1728 1329 diversus

932 1345 991 1372 abit
1002 1345 1101 1373 Petrus
1115 1354 1122 1372 :
1140 1355 1149 1371 (
1162 1345 1303 1378 Iuniores,
1318 1346 1436 1381 subjecti
1448 1351 1536 1374 estote
1549 1347 1708 1374 senioribus
1720 1356 1727 1373 :

935 1398 1032 1418 omnes
1047 1395 1139 1418 autem
1156 1391 1276 1418 invicem
1291 1391 1476 1419 humilitatem
1494 1392 1649 1423 insinuate.
1665 1393 1730 1428 quia

934 1436 1008 1463 Deus
1029 1437 1161 1471 superbis
1181 1437 1298 1469 resistit,
1317 1437 1471 1465 humilibus
1489 1443 1582 1465 autem
1602 1438 1649 1465 dat
1671 1446 1731 1474 gra-

935 1483 1012 1510 tiam.
1033 1482 1141 1518 1205
1158 1483 1349 1510 llumiliamini
1366 1491 1434 1518 ergo
1450 1483 1503 1511 sub
1520 1484 1626 1518 potenti
1647 1491 1729 1511 manu

934 1528 994 1559 Dei,
1009 1533 1039 1556 ut
1054 1529 1157 1556 exaltet
1173 1537 1221 1556 vos
1238 1529 1266 1556 in
1285 1534 1409 1564 tempore
1423 1531 1456 1556 κθ.
1478 1539 1487 1555 ι
1507 1529 1630 1557 Addecet
1647 1530 1730 1565 igitur

935 1581 985 1600 nos
1006 1573 1053 1608 qui
1074 1573 1224 1601 Christiani
1248 1582 1360 1606 sumus,
1382 1575 1501 1609 singulis
1523 1575 1678 1610 quibusque
1700 1580 1732 1603 ut

75 1614 77 1616 V
93 1621 196 1654 ἄφατον
211 1619 295 1646 αὑτοῦ
313 1619 382 1655 πρὶς
396 1619 475 1654 ἡμῶν
511 1619 732 1653 συγκατάὅασιν,
754 1619 804 1646 οὐκ
830 1619 882 1645 om

937 1619 1087 1647 reddamus
1102 1620 1207 1647 debita.
1220 1620 1288 1647 Nam
1303 1625 1333 1647 et
1347 1621 1400 1648 hoc
1415 1621 1450 1648 ab
1468 1621 1528 1655 ipso
1542 1621 1659 1649 Domino
1675 1622 1731 1649 Deo

93 1665 209 1701 ηξίωσεν
225 1665 429 1699 παραγενέσθαι
442 1665 509 1700 πρὸς
528 1664 722 1699 Ἰωάννην,τοῦ
734 1664 883 1699 βαπτισθῆ-

94 1719 139 1737 ναι
151 1711 197 1736 ὑπ’
212 1711 306 1737 αὑτοῦ.
317 1710 345 1737 '0
360 1710 389 1737 δὲ
400 1710 546 1736 διεκώλυεν
562 1710 656 1741 αὑτὸν,
670 1710 771 1744 λέγων’
790 1719 799 1735 1
813 1710 886 1744 Ἐγὼ

93 1756 190 1792 χρείαν
206 1756 260 1791 ἔχω
277 1756 330 1783 ὑπὸ
345 1755 392 1784 σοῦ
407 1756 601 1791 βαπτισθῆναι,
624 1756 670 1783 καὶ
687 1756 719 1782 σὺ
733 1756 800 1791 ἔρχῃ
818 1756 887 1790 πρής

94 1810 148 1836 με;
169 1812 178 1827 ι
194 1803 207 1829 ὁ
224 1802 252 1828 δὲ
266 1801 406 1836 Δεσπότης
422 1801 461 1838 τῷ
476 1800 573 1836 δούλῳ·
593 1810 603 1826 ‹
622 1801 709 1835 ’Ἄφες
725 1800 802 1834 ἄρτι·
815 1800 887 1827 οὕτω

92 1848 149 1883 γὰρ
165 1848 270 1883 πρέπον
290 1848 356 1883 ἡμῖν
376 1848 451 1874 ἐστιν
472 1847 618 1883 πληρῶσαι
635 1847 725 1873 πᾶσαν
749 1846 887 1874 δικαιοσύ-

92 1889 154 1928 νην.
175 1902 184 1919 ι
201 1893 281 1928 Αὐτῷ
292 1893 383 1930 ἡδόξα
397 1894 437 1925 είς
454 1893 517 1925 τοὺς
532 1892 646 1924 αἰῶνας.
667 1892 765 1927 Ἀμήν.

400 2042 510 2071 ΛΟΓΟΣ
524 2041 574 2070 PI'.

218 2101 287 2136 Περὶ
301 2101 511 2136 μακροθυμίας
526 2101 574 2128 καὶ
590 2100 765 2135 ὁξυχολίας.

131 2151 221 2185 Πᾶσαι
236 2158 285 2193 μὲν
297 2158 326 2184 αἱ
346 2157 445 2192 ἀρεταὶ
468 2155 620 2189 ἐπαινεταὶ,
634 2156 683 2182 καὶ
698 2156 885 2183 εὐαπόδεκτοι.

95 2203 128 2229 ’0
137 2203 166 2229 δὲ
181 2203 359 2238 μακρόθυμος
369 2203 417 2228 καὶ
431 2202 571 2237 ἁόργητος
587 2202 638 2237 μὲν
654 2198 731 2233 οὗτος
748 2201 830 2247 σοφὸς
839 2201 886 2229 καὶ

88 2249 216 2280 συνετὸς,
241 2248 398 2284 ἀπέρπερὸς
427 2257 455 2274 τε
485 2248 530 2274 καὶ
550 2248 686 2283 ἐπιεικής.
709 2247 738 2273 ’0
767 2247 887 2278 τοιοῦτος

937 1670 967 1692 ει
984 1666 1128 1694 Salvatore
1147 1671 1243 1693 nostro
1260 1667 1325 1695 Jesu
1341 1665 1454 1694 Christo
1472 1667 1637 1694 instruimur
1656 1676 1663 1694 :
1682 1675 1732 1702 per

938 1711 1106 1740 inetYahilem
1125 1713 1199 1740 enim
1221 1721 1299 1740 suam
1315 1713 1349 1740 ad
1367 1721 1419 1741 nos
1436 1713 1642 1748 dignationem,
1661 1713 1730 1740 nihil

938 1757 1082 1792 indignum
1099 1758 1180 1786 duxit
1194 1758 1328 1786 Joannem
1345 1763 1375 1786 ut
1391 1759 1490 1791 adiret,
1508 1759 1543 1786 ab
1560 1759 1622 1794 ipso
1639 1759 1732 1794 bapti-

938 1803 1052 1831 zandus.
1066 1804 1116 1831 ille
1132 1812 1216 1839 porro
1232 1804 1399 1840 prohibebat
1415 1813 1493 1837 eum,
1511 1805 1606 1834 dicens
1623 1814 1630 1832 :
1647 1814 1658 1831 ‹
1675 1805 1732 1841 Ego

937 1856 1008 1884 opus
1022 1849 1112 1877 habeo
1126 1858 1141 1878 a
1156 1854 1183 1878 te
1196 1850 1341 1886 baptizari.
1355 1857 1384 1878 et
1397 1855 1426 1878 tu
1442 1851 1520 1878 venis
1533 1851 1566 1877 ad
1583 1851 1642 1878 me?
1654 1860 1664 1876 ›
1678 1851 1732 1878 Do-

937 1894 1031 1922 minus
1048 1899 1140 1921 autem
1157 1902 1238 1921 servo
1255 1903 1262 1920 :
1282 1904 1292 1919 σ
1310 1895 1375 1921 Sine
1391 1902 1466 1921 nunc
1482 1902 1489 1920 :
1503 1895 1543 1921 sic
1559 1895 1633 1921 enim
1651 1894 1732 1923 decet

938 1947 989 1966 nos
1001 1939 1115 1973 implere
1130 1946 1240 1966 omnem
1251 1939 1387 1974 justitiam
1396 1940 1429 1967 ὀ.
1447 1949 1457 1966 ι
1473 1941 1526 1975 Ipsi
1540 1941 1628 1976 gloria
1641 1940 1669 1967 in
1683 1948 1733 1969 saa-

936 1983 1010 2011 cula.
1024 1983 1122 2011 Amen.

1225 2041 1367 2069 HOMILIA
1386 2041 1441 2070 CX.

941 2099 978 2126 De
997 2099 1202 2134 longanimitate
1221 2100 1274 2126 sive
1294 2099 1403 2126 [enilate
1422 2099 1516 2132 animi,
1532 2104 1556 2126 et
1576 2100 1729 2128 iracundia.

974 2154 1097 2187 Virtutes
1111 2154 1224 2189 quidem
1240 2162 1337 2183 omnes
1351 2155 1432 2183 laude
1448 2160 1476 2184 et
1491 2157 1731 2187 commendatione

938 2207 1002 2227 cum
1015 2199 1112 2235 primis
1125 2200 1215 2235 dignae
1226 2205 1291 2228 sunt
1307 2209 1314 2228 :
1328 2202 1376 2236 qui
1390 2207 1483 2230 autem
1497 2202 1625 2237 placabili
1638 2203 1730 2230 animo

937 2249 991 2276 est,
1004 2252 1056 2272 nec
1070 2244 1103 2272 ad
1119 2245 1190 2272 iram
1204 2246 1269 2273 ullis
1283 2246 1429 2280 prolicitur
1441 2247 1624 2282 quantislibet
1637 2249 1729 2282 pulsa-

86 2295 229 2322 πάντοθεν
254 2294 437 2329 κεκόσμηται,
456 2293 504 2319 καὶ
524 2293 556 2319 ἐκ
575 2292 627 2328 τῆς
658 2292 727 2323 ιδίας
745 2292 882 2326 μακροθυ-

939 2294 984 2318 tus
1005 2290 1124 2326 injuriis,
1147 2291 1209 2318 talis
1232 2292 1327 2326 utique
1348 2293 1459 2327 sapiens
1479 2293 1657 2328 prudensque
1677 2299 1729 2326 est,

87 2341 162 2378 pla;
172 2340 300 2376 οἰκοδομὴ
316 2341 372 2370 τοῖς
386 2339 503 2374 πλησίον
523 2338 641 2373 γίνεται,
663 2337 712 2364 καὶ
726 2337 885 2372 εὑρίσκεται

84 2387 138 2414 τοῦ
158 2386 338 2422 μακροθύμου
358 2385 425 2411 Θεοῦ
445 2384 550 2416 τέκνον,
567 2383 614 2410 τοῦ
629 2383 761 2418 φέροντος
786 2383 830 2409 ἀεὶ
852 2383 885 2409 τὰ

83 2431 274 2466 ἐλαττώματα
301 2430 391 2465 ἡμῶν.
413 2438 422 2454 ‹
441 2428 551 2455 Γίνεσθε
571 2427 644 2462 γὰρ,
666 2427 759 2469 φησὶν,
777 2427 884 2458 τέλειοι,

81 2477 125 2508 ὡς
143 2477 159 2502 ὁ
179 2476 273 2511 Πατὴρ
285 2476 362 2510 ὑμῶν
377 2476 392 2501 ὁ
404 2475 541 2509 οὐράνιος.
559 2484 568 2499 ι
595 2474 702 2508 Ὠσπερ
724 2473 778 2508 γὰρ
810 2473 886 2508 πηγὴ

83 2514 281 2556 ἡσυχάζουσα,
302 2521 385 2546 πᾶσιν
401 2521 459 2550 τοῖς
475 2518 618 2554 περιοῦσιν
641 2518 778 2553 προσηνὲς
805 2518 886 2544 ποτὸν

82 2566 221 2601 παρέχει,
236 2565 323 2597 οὕτως
336 2566 351 2591 ὁ
367 2565 544 2600 μακρόθυμος
555 2563 624 2600 ἀνὴρ
641 2565 698 2596 τοῖς
714 2564 798 2590 πᾶσιν
811 2563 885 2597 ὠφέ’

80 2613 173 2646 λιμος
188 2611 317 2646 ὑπάρχει.
330 2610 383 2637 Τοῦ
401 2611 525 2646 μακροού
532 2619 581 2646 μου
595 2611 624 2637 τὸ
653 2611 811 2645 πρόσωπον,
837 2609 886 2636 καὶ

79 2657 116 2683 τὸ
130 2654 203 2691 ἦοος
219 2656 262 2682 ἀεὶ
275 2655 506 2690 κατεσταλμένον,
530 2657 576 2683 καὶ
593 2657 617 2682 ot
634 2655 770 2690 ὀφθαλμοὶ
789 2654 885 2687 αὑτοῦ,

81 2701 232 2736 προσηνὲς
244 2700 401 2735 βλέπουσιν.
418 2701 605 2736 Μακρόθυμος
621 2701 675 2736 γὰρ
692 2701 772 2736 ἀνὴρ,
790 2701 884 2735 φησὶν,

80 2747 179 2778 πολὺς
191 2748 219 2772 ἑν
229 2747 358 2782 φρονήσει
370 2755 377 2761 ·
391 2748 405 2772 ὁ
419 2747 446 2773 δὲ
464 2747 636 2782 ὀλιγὸψυχος,
654 2746 763 2782 ἰσχυρὸς
778 2746 884 2781 ἄφρων.

86 2793 122 2821 Ὀ
150 2793 339 2828 μακρόουμος,
365 2792 492 2827 γαληνὸς,
512 2793 660 2828 ὰτάραχος,
691 2792 826 2827 βασταγὸς
842 2791 886 2818 ἀεὶ

139 2872 167 2888 ⁷⁸⁷
188 2871 258 2898 Tob.
272 2879 308 2902 ιν,
328 2871 375 2902 t6;
394 2871 489 2898 Matth.
505 2879 551 2903 vn,
566 2871 616 2903 ης
634 2871 704 2898 Luc.
720 2879 756 2902 γι.
772 2871 818 2898 3|.

76 2908 105 2934 9"
131 2907 141 2934 Ι
159 2906 231 2933 Tim.
246 2915 272 2938 v,
287 2907 312 2933 1.

77 2943 104 2958 “·¹
131 2942 141 2968 Ι
166 2942 239 2968 l’ctr.
252 2949 279 2972 v.
292 2942 319 2973 5,
333 2942 360 2969 6.
398 2942 421 2957 '°
443 2941 539 2968 Matth.
556 2949 593 2968 ιιι.
609 2941 652 2972 Μ,
671 2942 713 2968 15.

256 2988 391 3019 ΡΑτιιοι.
416 2989 474 3020 Gtt.
494 2988 659 3019 LXXXIX.

870 2870 893 2885 ⁸⁰
923 2869 1012 2897 Levit.
1029 2878 1084 2901 τις,
1098 2869 1144 2898 32.

364 2906 387 2921 "'
408 2906 462 2932 Tit.
478 2914 507 2936 ιι,
521 2907 547 2933 2.
586 2907 608 2922 ⁸⁵
629 2906 692 2940 Sap.
708 2914 744 2937 tv,
762 2905 787 2932 8.
827 2905 849 2921 ⁸⁸
870 2905 879 2932 l

398 2942 421 2957 ὀ
443 2941 539 2968 Matth.
556 2949 593 2968 ιιι.
609 2941 652 2972 Μ,
671 2942 713 2968 15.
753 2942 774 2957 ⁹¹
796 2941 879 2968 Matth

935 2909 1014 2967 his",
1031 2905 1074 2932 18.
1113 2905 1136 2921 ’³⁷
1156 2905 1238 2932 Rom.
1253 2913 1299 2937 xu,
1317 2905 1361 2932 10.
1399 2905 1423 2920 ⁵³⁸
1444 2905 1526 2932 Prov.
1540 2913 1619 2937 χχιιι,
1637 2906 1728 2936 15,Ηὶ.

938 2334 1030 2361 minus
1044 2341 1166 2370 przeceps
1180 2334 1227 2362 sed
1243 2335 1414 2364 moderatus.
1429 2337 1503 2364 Talis
1516 2337 1591 2364 omni
1606 2345 1640 2365 ex
1654 2343 1731 2372 parte

933 2379 1088 2414 perpolitus
1102 2385 1145 2408 est
1159 2385 1187 2407 et
1203 2384 1331 2411 ornatus,
1346 2388 1378 2408 ac
1394 2381 1506 2416 propria
1521 2381 1731 2416 longanimitate

936 2434 1103 2462 magnopere
1120 2427 1239 2454 aediﬁcat
1257 2428 1407 2463 proximos.
1425 2429 1541 2464 ejusque
1559 2429 1731 2464 compcrilur

935 2478 995 2498 esse
1013 2470 1103 2503 ﬁlius,
1122 2471 1169 2506 qui
1188 2472 1265 2500 nullo
1282 2480 1337 2500 non
1357 2477 1481 2507 tempore
1499 2478 1610 2500 nostros
1627 2470 1732 2508 perfert

939 2515 1135 2551 longanimiter
1149 2517 1274 2546 defectus
1291 2527 1297 2544 :
1313 2518 1360 2552 qui
1377 2523 1405 2545 et
1421 2518 1460 2545 ait
1477 2527 1482 2544 :
1501 2528 1510 2544 ι
1528 2519 1623 2546 Estote
1639 2519 1731 2554 perfe-

939 2561 987 2592 cti,
1002 2561 1074 2588 sicut
1088 2563 1170 2590 Pater
1184 2568 1275 2590 vester
1289 2564 1451 2591 cmlestis“.
1469 2574 1478 2589 ι
1494 2564 1731 2597 Quemadmodum

938 2607 1012 2634 enim
1030 2607 1092 2634 fons
1109 2608 1258 2637 silentibus
1275 2609 1411 2637 scatebris
1426 2610 1635 2645 prmterﬂuens,
1651 2616 1731 2646 quot:

937 2658 1006 2687 quot
1018 2661 1048 2681 se
1061 2654 1182 2686 adeunt,
1199 2658 1345 2683 ultroneus
1359 2656 1471 2691 prtei‘crt
1483 2665 1595 2684 suavem
1612 2662 1706 2692 potum
1721 2666 1730 2684 :

936 2700 976 2726 ita
992 2703 1019 2727 et
1031 2700 1074 2726 vir
1087 2700 1255 2735 longanimis
1268 2709 1300 2728 ac
1315 2702 1450 2736 placidus.
1465 2702 1525 2737 ipse
1539 2703 1633 2729 vultus
1647 2707 1730 2737 atque

937 2745 1046 2774 indoles
1060 2746 1113 2773 viri
1128 2746 1168 2774 sic
1182 2752 1282 2774 cuncta
1297 2747 1492 2782 longanimiter
1506 2748 1651 2776 tolerantis
1670 2755 1729 2774 mo-

937 2792 1111 2820 derationem
1122 2793 1207 2820 animi
1221 2793 1388 2828 promittunt
1399 2801 1431 2820 ac
1443 2797 1653 2829 rcprrescntant.
1666 2793 1731 2828 Ipsi-

1198 2869 1218 2885 "
1240 2869 1292 2897 Job
1307 2878 1389 2901 nx",
1406 2870 1431 2896 7.
1483 2871 1505 2886 "
1525 2870 1612 2897 Eccli.
1626 2878 1688 2899 xw.
1704 2871 1729 2898 8.

1530 2989 1568 3019 56
