1982 3265
97 236 160 271 1777

529 241 693 271 HOMlLlA
711 239 786 271 CXI.
801 251 834 257 -
846 236 895 269 DE
915 238 981 268 HIS
1000 237 1068 273 QUI
1089 233 1284 267 PIL‘ESUNT.

1654 230 1723 262 17ῗὸ

94 296 188 330 θυμείν
211 295 258 322 καὶ
283 295 443 329 ἀνέχεσθαι,
470 295 513 321 ἵνα
538 295 576 330 μὴ
602 294 707 330 ἀκούσῃ
734 293 808 328 παρὰ
833 293 899 324 τοῦ,

943 297 1009 320 teste
1030 297 1058 320 et
1077 291 1230 320 secundum
1255 289 1392 320 ordinem,
1418 287 1451 315 ad
1469 295 1565 315 eorum
1588 286 1719 314 lnforma-

93 341 190 368 Δαυτδ⁶
210 349 220 366 ι
245 340 274 367 '0
289 340 420 366 πλάσσων
434 339 518 367 κόπον
541 340 588 366 ἐπὶ
602 339 778 374 πρόσταγμα.
800 348 809 365 ι
826 339 883 365 Καὶ

95 386 168 421 παρὰ
183 385 229 412 τοῦ
246 385 429 420 Σολομῶντος,
448 394 456 411 ι
476 385 517 411 Τὰ
532 385 675 420 σπλάγχνα
700 385 754 411 τῶν
777 383 884 410 ἀσεϐῶν

95 431 265 465 ἁνελεήμονα
280 439 286 446 ·
318 441 326 456 ι
349 431 417 458 ἀλλὰ
446 431 546 466 μᾶλλον
574 431 689 467 ἀκούσῃ,
718 440 727 456 ι
756 430 884 461 Γνωστὰς

97 477 232 513 ἐπιγνὼσῃ
245 478 296 509 τὰς
307 477 396 513 ψυχὰς
409 477 454 503 τοῦ
468 477 594 513 ποιμνίου
609 486 667 505 σου.
685 486 693 503 ι
706 477 771 507 Καὶ,
785 486 794 502 ι
813 477 885 502 Ἐπι-

99 524 205 558 στήσεις
222 523 332 558 καρδίαν
349 532 395 550 σου
410 525 469 555 ταῖς
485 524 605 558 ἀγέλαις.
628 534 637 549 ι
652 524 718 555 Καὶ,
750 532 758 548 ι
779 523 884 558 Ποιμα-

98 570 137 595 νΞῖ
153 568 261 600 δικαίας
276 567 366 603 ψυχὰς
384 567 492 603 κτηνῶν
508 567 601 595 αὑτοῦ.
623 578 631 593 ι
647 569 692 594 Δεῖ
704 567 732 594 δὲ
749 567 832 594 πάλιν
849 566 886 602 μὴ

99 614 279 648 παρασιωπᾷν
306 613 340 640 τὰ
366 613 546 648 ἐλαττώματα
573 612 675 640 αὐτῶν,
709 623 717 638 ι
747 612 796 639 Υἱὲ
820 612 885 647 γὰρ,

99 660 191 694 φησιν,
200 659 357 695 ἀνθρώπου,
369 660 469 686 σκοπὸν
478 660 581 686 δέδωκά
591 669 621 686 σε
637 659 675 694 τῷ
683 659 751 694 οῐκῳ
765 659 884 694 Ἰσραήλ.

106 705 167 732 Ἐὰν
184 703 231 732 οὖν
245 704 286 742 ῐδῃ
308 706 322 732 ὁ
335 705 435 737 σκοπὸς
447 705 496 741 τὴν
513 705 649 741 ῥομφαίαν
664 705 826 740 ἐρχομένην,
839 705 887 731 καὶ

100 751 228 786 σαλπίσῃ,
244 751 292 778 καὶ
307 751 322 777 ὁ
333 752 453 782 ἀκούσας
468 752 505 786 μὴ
521 751 684 786 φυλάξηται,
701 750 733 777 τὸ
750 748 821 786 αἷμα
837 751 887 777 αὐ-

99 796 146 823 τοῦ
161 796 209 831 ἐπὶ
221 796 271 832 τῆς
289 796 412 830 κεφαλῆς
436 796 529 823 αὐτοῦ.
548 794 601 822 Κα)⁸
621 796 634 821 ὁ
658 795 758 826 σκοπὸς
781 796 829 823 ἐὰν
844 796 887 831 ἴδῃ

100 842 147 877 τὴν
159 842 306 877 ῥομφαίαν,
318 842 365 868 καὶ
381 842 418 876 μὴ
430 841 549 876 σημάνῃ,
575 842 622 869 καὶ
636 841 705 878 λάϐῃ
715 841 777 867 τινὰ
793 842 808 876 ὴ
822 842 888 876 ῥομ-

102 887 218 922 φαία,τδ
232 884 300 922 αἷμα
314 887 397 913 αὐτοῦ
412 888 445 913 ἐκ
459 887 510 921 τῆς
524 886 617 922 χειρὸς
629 887 677 914 τοῦ
688 886 790 913 σκοποῦ
805 886 888 920 ἐκζη-

100 934 185 968 τήσω.
203 942 214 958 ι
236 932 376 964 Μαθόντες
398 930 443 959 οὖν
461 932 611 968 ἡγούμενον
629 933 674 959 τὸν
698 932 888 968 ἐπηρτημένον

101 980 164 1014 ὑμῖν
181 979 250 1015 ὺπέρ
267 979 321 1006 τῶν
337 979 471 1014 φοιτητῶν
488 979 609 1006 κίνδυνον
625 979 757 1014 ἀγρύπνῳ
771 979 888 1008 διανοίας

101 1026 204 1060 ὅμματι
221 1025 432 1057 ἐπισκοποῦντες
448 1026 498 1061 τὴν
511 1026 629 1061 ποίμνην
643 1026 693 1061 τὴν
705 1025 817 1060 λογικὴν
841 1025 887 1051 τοῦ

100 1070 217 1105 κυρίου,
239 1070 347 1105 γίνεσθε
364 1071 435 1097 κατὰ
454 1071 501 1097 τὸν
526 1070 622 1097 Ἰακὼϐ
642 1071 836 1106 συγκαιόμενοι
849 1068 888 1106 τῷ

101 1116 222 1150 καύματι
237 1117 288 1147 τὰς
302 1117 409 1152 ἡμέρας
422 1116 470 1143 καὶ
482 1116 520 1151 τῷ
532 1117 644 1152 παγετῷ
656 1117 706 1151 τῆς
718 1117 825 1148 νυκτὸς,
841 1117 889 1143 καὶ

101 1161 280 1194 ἀφεστάιθωὸ
287 1160 431 1193 ὕπνοςὰπδ
441 1162 496 1188 τῶν
506 1162 656 1198 ὀφθαλμῶν
666 1162 744 1197 ὑμῶν
757 1162 827 1197 ὑπὲρ
841 1161 888 1188 τοῦ

103 1207 140 1242 μὴ
154 1207 322 1241 Θηριὰλωτον
339 1207 467 1242 γενέσθαι
482 1208 511 1234 ἓν
526 1209 580 1235 τῶν
597 1209 751 1244 προϐάτιον.
769 1209 888 1235 Βλέπετε

103 1251 140 1286 μὴ
162 1251 315 1286 ἀκούσητε·
329 1261 338 1277 ι
367 1252 433 1279 Ἰδοὺ
459 1253 514 1287 ἐγὼ
536 1253 582 1280 ἐπὶ
602 1254 665 1285 τοὺς
683 1253 824 1288 ποιμένας,
843 1254 889 1280 καὶ

101 1297 244 1332 ἐκζητήσω
264 1299 298 1324 τὰ
316 1298 440 1333 πρόσατά
455 1307 507 1333 μου
523 1299 555 1325 ἐκ
569 1299 619 1335 τῆς
632 1299 722 1335 χειρὸς
735 1300 833 1326 αὐτῶν.
851 1301 888 1326 Ub

101 1343 155 1377 γὰρ
170 1342 335 1378 ἐξεζήτησαν
355 1345 379 1370 οἱ
400 1343 527 1378 ποιμένες
545 1344 580 1371 τὰ
601 1344 727 1380 πρόϐατά
746 1353 814 1380 μου’
842 1346 890 1373 καὶ¹

103 1389 255 1422 ἐὸόσκησαν
271 1389 396 1421 ἑαυτοὺς,
413 1390 447 1416 τὰ
459 1389 488 1417 δὲ
504 1390 628 1426 πρόϐατά
642 1400 692 1426 μου
709 1392 760 1418 οὐκ
775 1392 890 1428 ὲϐόσκη-

104 1442 178 1461 σαν.»
197 1435 251 1461 Καὶ
266 1435 463 1470 διὰΊερεμίου·
476 1446 485 1462 ι
498 1437 528 1462 Oi
540 1437 669 1471 ποιμένες
684 1438 708 1463 οι
726 1437 891 1470 ἀπολλύντες

103 1479 150 1505 καὶ
162 1479 400 1514 ὕιασκορπὶζοντες
412 1481 446 1507 τὰ
459 1481 581 1515 πρόϐατα
594 1482 644 1517 τῆς
655 1482 742 1516 νομῆς
761 1491 822 1517 μου,
843 1483 892 1508 Διὰ

102 1524 184 1550 τοῦτο
201 1525 255 1551 ἰδοὺ
271 1525 326 1559 ἐγὼ
338 1525 439 1552 ἐκδικῶ
451 1527 495 1560 ἐφ’
509 1527 581 1561 ὑμᾶς
594 1526 641 1553 ἐπὶ
653 1528 688 1554 τὰ
703 1528 809 1563 πονηρᾶ
832 1529 892 1554 ἐπι-

104 1570 261 1604 τηδεύματα
277 1571 364 1605 ὑμῶν.
385 1581 394 1598 ι
419 1572 526 1606 ’Λνδρὺς
545 1571 592 1599 οὖν
611 1572 725 1604 τελείου,
741 1574 789 1600 καὶ
811 1573 891 1600 εὐλα-

934 340 1038 366 tionem
1060 346 1131 373 quos
1156 337 1241 364 habet
1256 336 1331 363 dicto
1348 334 1503 366 audientes.
1524 333 1656 369 Quisquis
1672 333 1723 369 igi-

935 389 980 411 tur
1005 384 1154 419 prmsidet.
1179 390 1214 410 eo
1239 382 1357 409 sortitur
1384 380 1509 416 praesidis
1534 379 1725 407 nomenclatu—

935 437 1018 461 ram,
1058 429 1130 464 quod
1165 432 1280 456 caeteros
1315 426 1522 462 antegrediatur
1558 425 1726 453 strenuitate

935 475 1037 508 operis.
1061 475 1156 508 Neque
1177 473 1252 500 enim
1276 472 1304 499 id
1328 471 1451 499 nominis
1478 471 1600 506 (nudum
1623 472 1647 498 si
1668 472 1725 502 est)

937 518 1043 546 inducit
1069 518 1095 545 in
1119 526 1234 553 regnum
1260 517 1394 545 caelorum
1407 537 1415 548 ,
1431 516 1479 544 sed
1498 523 1551 544 nec
1571 523 1662 543 sermo
1682 516 1722 543 in—

936 564 1032 592 cﬂicax
1056 564 1139 591 ullam
1172 563 1254 591 aﬂert
1287 563 1411 591 audienti
1442 561 1723 589 utilitatemzrerum

937 610 1062 645 operatio
1082 613 1182 644 potens
1199 609 1221 636 si
1236 612 1279 636 est
1292 627 1299 640 ,
1323 613 1463 644 pastorem
1478 607 1569 642 ipsum
1585 615 1635 635 ceu
1651 612 1726 634 certo

937 656 1092 692 specimine
1118 655 1240 683 declarat
1265 661 1326 682 esse
1359 654 1513 681 veridicum
1558 653 1725 680 doctorem:

940 713 949 728 ι
966 703 1029 737 Qui
1042 703 1116 731 enim
1129 702 1229 730 fecerit
1242 710 1329 729 unum
1345 702 1378 729 de
1393 701 1531 729 mandatis
1542 705 1569 728 et
1589 700 1726 731 docuerit.

939 748 984 776 hic
995 755 1112 783 magnus
1125 747 1272 775 vocabitur
1286 747 1315 774 in
1328 754 1414 782 regno
1429 747 1580 780 malorum;
1594 756 1603 772 ι
1621 746 1728 781 1208

938 793 985 828 qui
1010 797 1103 820 autem
1118 801 1168 827 per
1185 792 1354 820 inefﬁcacem
1371 793 1561 827 operationem
1583 801 1591 817 ι
1613 792 1727 819 solverit

939 846 1024 865 unum
1052 838 1086 865 de
1110 838 1258 870 mandatis,
1274 843 1301 864 et
1317 838 1446 865 docuerit
1468 846 1594 866 sermone
1618 837 1728 873 quidem

940 883 1052 919 inl'rugi.
1062 883 1194 910 minimus
1208 883 1354 910 vocabitur
1366 884 1398 910 ‘°.
1417 893 1426 908 ι
1438 883 1511 916 Quin
1522 883 1614 918 potius
1622 890 1729 910 merce-

938 931 1010 958 narii
1031 931 1108 958 illius
1128 934 1242 965 cogetur
1266 930 1361 957 subire
1387 930 1566 962 sententiam,
1590 930 1638 964 qui
1665 930 1730 965 lupo

939 978 1068 1005 admorsu
1093 977 1217 1003 dentium
1246 983 1356 1012 gregem
1387 976 1439 1003 sibi
1466 976 1604 1003 creditum
1629 976 1732 1004 dilace-

940 1030 1018 1052 rante
1032 1032 1064 1051 ac
1076 1024 1265 1059 dispergente,
1282 1023 1309 1049 in
1325 1022 1416 1057 fugam
1435 1029 1464 1048 se
1477 1022 1626 1057 proripuit.
1643 1022 1731 1057 Opor-

941 1074 979 1097 tet
994 1069 1078 1104 igitur
1100 1068 1134 1095 ad
1153 1068 1314 1096 omnia’usu
1339 1067 1525 1099 discretionis,
1545 1067 1634 1094 solers
1649 1071 1678 1094 ut
1696 1067 1731 1094 sit

939 1122 967 1143 et
992 1106 1147 1143 industrius
1164 1113 1240 1141 :sed
1257 1118 1285 1141 et
1304 1121 1365 1148 qum
1384 1113 1499 1148 jusserit
1523 1120 1573 1148 pro
1596 1117 1731 1147 potestate

939 1162 1076 1194 facientia,
1087 1170 1120 1189 er
1135 1170 1214 1197 aequo
1229 1165 1258 1189 et
1277 1161 1351 1188 bono
1366 1159 1521 1193 coordinet,
1544 1168 1601 1187 nec
1611 1160 1732 1188 necessi-

940 1213 996 1236 tate
1011 1209 1119 1244 adigat,
1133 1208 1181 1236 sed
1206 1212 1375 1243 spontaneos
1391 1206 1442 1234 sibi
1455 1205 1632 1234 auctionetur
1647 1206 1731 1233 disci—

940 1256 1020 1291 pulos
1046 1265 1053 1283 :
1081 1263 1145 1284 eum
1173 1256 1290 1291 proinde
1321 1255 1368 1290 qui
1397 1255 1489 1282 minus
1522 1259 1600 1289 paret
1631 1254 1706 1282 dicto
1723 1274 1731 1286 ,

941 1300 1136 1336 longanimiter
1165 1300 1254 1333 ferat,
1270 1304 1302 1327 ut
1331 1307 1366 1327 ne
1392 1299 1504 1326 interim
1529 1300 1557 1327 in
1583 1307 1612 1327 se
1641 1299 1735 1326 detor-

940 1347 1017 1381 queri
1043 1346 1111 1374 illud
1136 1346 1250 1374 Davidis
1274 1349 1468 1381 promereatur
1491 1345 1588 1374 audire
1608 1355 1614 1372 :
1646 1355 1655 1371 ‹
1681 1345 1733 1378 Qui

942 1392 1021 1428 ﬁngis
1034 1390 1158 1420 laborem
1178 1392 1206 1420 in
1233 1397 1375 1427 praecepto
1387 1392 1417 1417 ".
1437 1401 1446 1417 ι
1465 1391 1535 1419 illud
1553 1392 1618 1419 item
1637 1399 1671 1419 ex
1686 1391 1735 1419 Sa—

941 1439 1051 1466 lomone
1068 1447 1077 1465 .-
1093 1448 1102 1464 ι
1128 1438 1242 1466 Viscera
1269 1438 1419 1472 impiorum
1449 1438 1574 1465 crudelia
1587 1438 1618 1464 ι’.
1638 1447 1647 1464 ›
1663 1437 1733 1470 Quin

942 1484 1035 1519 potius
1067 1484 1210 1512 adnitatur
1231 1487 1261 1512 ut
1277 1483 1373 1511 audiat
1424 1493 1431 1512 :
1452 1494 1461 1510 ι
1487 1476 1674 1520 luteiligehtcs
1690 1491 1735 1518 ag-

942 1538 1042 1558 nosces
1066 1530 1174 1557 animas
1194 1530 1285 1565 gregis
1308 1531 1360 1561 tui,
1383 1535 1411 1557 et
1432 1538 1556 1565 appones
1587 1537 1635 1557 cor
1657 1534 1733 1556 tuum

944 1576 999 1603 tuis
1020 1575 1153 1603 armentis
1167 1576 1199 1603 ".
1217 1585 1226 1601 ι
1244 1574 1299 1603 Et:
1318 1586 1327 1601 ι
1343 1576 1441 1603 Pascet
1459 1576 1552 1610 justus
1565 1575 1670 1603 animas
1689 1575 1734 1610 ju-

104 1614 179 1646 ϐοῦς,
195 1615 240 1641 καὶ
255 1616 408 1648 ἀγωνιστοῦ
423 1618 496 1643 ἐστιν
509 1618 524 1652 ἡ
540 1618 672 1645 διακονία.
690 1618 772 1645 Ὥστε
793 1619 892 1645 ειδέναι

945 1625 1100 1649 mentorum
1114 1628 1230 1648 suorum
1240 1610 1277 1647 1‘.
1296 1631 1304 1646 ι
1324 1621 1441 1648 Necesse
1455 1628 1560 1652 rursus,
1582 1625 1611 1648 ut
1626 1628 1660 1647 ne
1670 1620 1736 1647 sub-

103 1662 166 1687 :Lvi
182 1661 372 1696 ἐπιστημόνως
393 1663 520 1698 ἡγεῖσθαι
541 1663 734 1700 ἀδελφότητος,
757 1665 828 1691 κατὰ
845 1665 893 1700 τὴν

104 1706 238 1739 λέγουσαν
257 1707 380 1742 Γραφήν·
400 1717 410 1733 r
438 1708 604 1743 Ἡγούμενόν
623 1718 653 1736 σε
673 1711 837 1744 κατέστησα,
856 1711 893 1746 μὴ

104 1751 239 1786 ἐπαίρου·
262 1752 405 1787 φρόντισον
421 1754 521 1786 αὐτῶν,
541 1755 589 1781 καὶ
611 1754 683 1781 οὕτω
707 1755 830 1786 κάθισον,
846 1757 894 1782 καὶ

105 1798 198 1824 πᾶσαν
212 1798 262 1832 τὴν
283 1798 379 1833 χρείαν
391 1807 444 1825 ’σου
465 1801 581 1834 ποιήσας
596 1801 726 1828 ἀνάπεσε.
747 1810 756 1826 ι
781 1802 848 1836 Φησὶ
866 1802 894 1828 δέ

105 1843 154 1869 καὶ
167 1844 181 1869 ό
192 1842 295 1870 Γεδεὼν
309 1845 364 1875 τοῖς
374 1845 539 1880 τριακοσίοις
546 1845 791 1881 συμπολεμισταῖς,
805 1857 813 1873 ι
834 1849 893 1874 Ἀπ’

106 1888 172 1923 ἐμοῦ
185 1888 296 1923 ὄψεσθε,
312 1890 358 1916 καὶ
373 1889 444 1917 οὓτω
458 1891 599 1926 ποιήσατε.
619 1901 629 1918 ι
650 1893 767 1928 Ὁμοίως
790 1895 803 1920 ό
824 1894 896 1921 Ἄσι-

108 1935 191 1969 μελέχ
205 1935 296 1961 λαϐὼν
316 1937 426 1971 φορτίον
442 1936 538 1969 ξύλων,
555 1939 602 1964 καὶ
617 1939 723 1971 ἐπιθεὶς
741 1941 796 1970 τοῖς
810 1940 895 1974 ὤμοις

107 1980 204 2011 αὑτοῦ,
228 1979 289 2007 εἷπε
313 1981 351 2016 τῷ
377 1982 436 2016 μετ’
449 1983 532 2009 αὑτοῦ
546 1983 603 2017 λαῷ
616 1991 623 1999 ·
649 1993 658 2010 ι
671 1985 714 2016 Ὠς
733 1985 846 2020 βλέπετέ
863 1995 895 2020 με

80 2058 89 2067 ⁸
107 2023 247 2056 ποιοῦντα,
264 2026 395 2060 ποιήσατε
420 2026 466 2052 καὶ
482 2027 571 2062 ὑμεῖς.
593 2037 603 2054 ι
621 2029 675 2055 Καὶ
693 2029 759 2064 περὶ
773 2029 820 2056 τοῦ
840 2029 896 2056 Ἰω-

108 2069 164 2103 σὴφ
177 2070 191 2095 ὁ
206 2069 369 2105 Ψαλμῳδδς,
397 2080 406 2097 ι
433 2071 609 2108 Κατέστησεν
625 2073 716 2104 αὑτὸν.
733 2076 827 2109 φησιν,
848 2075 895 2101 κύ-

109 2123 167 2149 ριον
187 2115 235 2141 τοῦ
250 2116 326 2142 οἴκου
340 2115 435 2148 αὑτοῦ,
452 2116 497 2142 καὶ
511 2117 629 2152 ἄρχοντα
649 2118 739 2153 πάσης
759 2119 807 2153 τῆς
829 2121 896 2153 κτή-

109 2168 179 2192 σεως
194 2160 288 2193 αὐτοῦ,
302 2161 348 2188 τοῦ
364 2162 509 2189 παιδεῦσαι
526 2164 589 2194 τοὺς
605 2164 738 2199 ἄρχοντας
757 2165 839 2191 αὑτοῦ
860 2165 897 2197 ὡς

107 2207 214 2240 ἑαυτὸν,
239 2208 288 2234 καὶ
315 2208 379 2241 τοὺς
402 2209 607 2245 πρεσσυτέρους
626 2210 708 2237 αὑτοῦ
738 2211 859 2245 σοφίσαι,
885 2221 893 2236 ι

108 2252 163 2279 Καὶ
186 2253 201 2279 6
222 2254 328 2286 Παῦλος
341 2261 349 2269 ·
370 2263 380 2280 ‹
398 2253 598 2287 Νουθετοῦντες
609 2255 699 2282 πάντα
710 2256 853 2292 ἄνθρωπον
869 2257 898 2283 ἐν

107 2299 184 2335 πάσῃ
203 2299 283 2336 σοφίᾳ
296 2300 339 2326 ἵνα
354 2301 575 2336 παραστήσωμεν
591 2301 678 2328 πάντα
693 2301 835 2337 ἄνθρωπον
851 2303 898 2329 τέ-
913 2292 935 2319 θ

108 2345 180 2372 λειον
196 2347 224 2371 ὲν
234 2346 345 2381 Χριστῷ
357 2345 456 2380 Ἰησοῦ,
469 2346 510 2378 είς
522 2347 536 2373 ὃ
545 2348 592 2373 καὶ
607 2347 696 2374 κοπιῶ
710 2349 757 2374 καὶ
769 2348 900 2382 ἀγωνιζό-

110 2399 201 2425 μενος.
217 2401 227 2417 ι
248 2392 302 2418 Καὶ
317 2392 441 2428 Τιμοθέῳ
456 2400 463 2408 ο
483 2402 492 2418 ι
507 2393 627 2428 Πρόσεχε
641 2395 674 2430 τῇ
690 2393 851 2429 ἀναγνώσει,
866 2397 899 2430 τῇ

109 2437 295 2472 παρακλήσει,
311 2439 343 2473 τῇ
360 2438 536 2474 διδασκαλίαι
561 2440 675 2474 ἐπίμενε
700 2441 803 2472 αὐτοῖς.
820 2450 831 2466 ι
846 2441 901 2468 Καὶ

114 2482 248 2515 Ἐφεσίοις
262 2490 269 2498 ·
288 2492 298 2508 ι
311 2482 513 2517 Μνημονεὺετε,
531 2485 622 2519 φησὶν,
646 2484 686 2511 ὃτι
711 2485 831 2521 τριετίαν
851 2487 901 2512 οὐκ

107 2527 274 2563 ἐπαυσάμην
288 2527 373 2554 νύκτα
386 2528 434 2555 καὶ
447 2530 553 2565 ἡμέραν
576 2529 644 2564 μετὰ
658 2530 784 2566 δακρύων
806 2531 899 2557 νουθε-

107 2574 164 2600 τῶν
176 2574 224 2600 ἕνα
236 2575 352 2601 ἕκαστον
375 2575 463 2610 ὑμῶν.
482 2577 537 2602 Καὶ
550 2574 638 2608 αὖθις·
657 2586 666 2602 ι
678 2577 834 2613 Ἀργυρίου,
852 2579 899 2604 καὶ

107 2620 235 2655 χρυσίου,
262 2620 279 2655 ἢ
304 2620 453 2656 ἱματισμοῦ
481 2621 590 2653 οὐθενὸς
613 2621 786 2657 ἐπεθύμησα.
817 2623 899 2649 Αὐτοὶ

107 2663 259 2700 γινώσκετε
278 2665 319 2691 ὅτι
339 2667 399 2697 ταῖς
417 2666 524 2702 χρείαις
547 2674 598 2701 μου
615 2666 662 2693 καὶ
681 2667 736 2698 τοῖς
755 2667 815 2693 οὖσι
840 2668 900 2702 μετ’

107 2710 178 2746 ἐμοῦ
200 2711 379 2747 ὑπηρέτησαν
402 2715 429 2738 at
459 2715 550 2748 χεῖρες
576 2710 666 2740 αὗται.
697 2722 709 2739 ›
732 2713 823 2740 Πάντα
848 2714 900 2740 ὑπ-

107 2758 200 2790 έδειξα
214 2758 288 2793 ὑμῖν,
297 2758 338 2784 ὅτι
348 2757 420 2785 οὕτω
429 2758 470 2784 δεῖ
480 2758 635 2790 κοπιῶντας
649 2759 900 2793 ἀντιλαμὸάνέσθαι

108 2803 166 2831 τῶν
180 2803 377 2831 ἀσθενούντων.
393 2802 472 2829 Οὕτω
486 2804 576 2830 τοίνυν
587 2804 634 2830 καὶ
648 2805 800 2840 ἡγούμενος
814 2805 900 2837 τύπος

152 2875 174 2890 ⁸ο
189 2873 212 2901 Μ
224 2874 282 2901 ιιι1ι.
300 2882 326 2907 ν,
343 2874 387 2902 19.
429 2875 448 2891 ¹¹
465 2874 534 2904 Psal.
548 2884 623 2906 rem.
641 2876 686 2904 20.
726 2877 748 2894 ¹¹
764 2877 845 2904 Ρινον.
860 2884 896 2902 ιιι

943 2877 967 2901 il.
1008 2877 1030 2892 ¹³
1046 2877 1125 2903 Prov.
1141 2884 1222 2906 xu'u.
1240 2877 1284 2904 ‘15.

946 1666 1067 1694 ditorum
1094 1671 1185 1694 errata
1208 1666 1403 1701 praetermittas
1427 1666 1563 1698 silentio;
1597 1666 1636 1693 ait
1660 1666 1734 1693 cnim

946 1712 1089 1747 Scriptura
1117 1722 1123 1738 :
1155 1721 1163 1737 ι
1181 1711 1244 1744 Fili,
1272 1712 1474 1746 speculatorem
1503 1711 1566 1738 dedi
1591 1715 1617 1738 te
1639 1711 1734 1737 d.:mui

947 1758 1044 1791 Israel;
1054 1758 1077 1785 si
1094 1758 1178 1794 igitur
1193 1758 1296 1786 viderit
1311 1758 1469 1793 speculator
1483 1757 1604 1793 gladium
1622 1757 1738 1784 venien—

946 1809 1000 1832 tem
1017 1812 1045 1832 et
1065 1805 1131 1832 tuba
1150 1804 1285 1832 cecinerit
1297 1825 1303 1836 ,
1317 1808 1345 1831 et
1359 1804 1405 1839 qui
1420 1803 1549 1835 audierit,
1570 1811 1625 1830 non
1640 1803 1736 1830 obser—

946 1851 1054 1878 vaverit
1073 1859 1113 1883 se,
1129 1851 1242 1886 sanguis
1256 1851 1345 1886 ipsius
1367 1858 1451 1884 super
1471 1853 1554 1883 caput
1575 1849 1636 1883 ejus
1661 1849 1735 1876 erit:

946 1900 975 1922 et
991 1896 1149 1930 speculator
1170 1895 1192 1921 si
1209 1894 1310 1921 viderit
1327 1894 1448 1928 gladium
1459 1913 1466 1924 ,
1483 1897 1512 1919 et
1529 1900 1584 1919 non
1600 1892 1740 1926 significa-

947 1940 1038 1971 verit,
1068 1945 1096 1967 et
1120 1947 1205 1966 unum
1233 1939 1353 1973 aliquem
1378 1934 1593 1973 apprehendcrit
1614 1937 1736 1972 gladius,

947 1985 1109 2020 sanguinem
1148 1985 1223 2011 illius
1258 1984 1292 2011 de
1322 1991 1404 2010 manu
1435 1983 1617 2017 speculatoris
1646 1983 1739 2017 requi-

947 2039 1003 2058 ram
1016 2031 1049 2057 ¹’⁵.
1071 2040 1080 2056 ι
1095 2028 1197 2058 Εάοοιὶ
1213 2031 1306 2065 itaque
1329 2028 1459 2065 praesides
1477 2033 1610 2063 quantum
1630 2029 1737 2063 impen-

947 2077 1012 2104 deat
1033 2076 1150 2110 periculi
1165 2083 1199 2103 ex
1223 2075 1380 2110 discipulis,
1396 2074 1524 2110 pervigili
1540 2074 1621 2101 oculo
1635 2074 1738 2100 mentis

947 2122 1124 2149 observatote
1151 2129 1184 2148 ac
1203 2121 1346 2156 providete
1369 2121 1443 2156 gregi
1469 2120 1615 2148 Dominico
1641 2119 1737 2154 utique

948 2164 1064 2197 rationis
1089 2166 1230 2200 compoti;
1256 2165 1291 2192 ad
1321 2165 1477 2200 exemplum
1511 2165 1585 2192 beati
1607 2164 1704 2194 Jacob.
1722 2172 1738 2190 a

947 2212 1049 2239 vestris
1073 2211 1162 2238 oculis
1185 2210 1298 2238 recedat
1321 2217 1450 2242 somnus,
1478 2210 1523 2237 dic
1552 2209 1663 2244 quidem
1693 2217 1740 2236 cx—

948 2257 1133 2285 aestuantibus
1147 2264 1279 2288 causone,
1294 2261 1376 2284 nocte
1393 2256 1458 2283 item
1474 2255 1535 2291 gelu
1549 2255 1667 2282 afﬂictis.
1686 2254 1739 2281 Pro

949 2303 991 2330 cis
1005 2310 1066 2337 qua:
1078 2310 1093 2329 a
1109 2302 1205 2329 bestiis
1220 2305 1305 2336 capta:
1315 2302 1372 2337 jam
1387 2305 1453 2328 sunt
1469 2299 1634 2335 pecudibus.
1650 2299 1740 2326 videte

948 2348 1098 2383 nequando
1114 2347 1211 2375 audire
1226 2347 1369 2382 contingat
1388 2355 1438 2374 vos
1453 2355 1460 2374 :
1476 2356 1485 2372 ι
1504 2347 1574 2374 Ecce
1587 2353 1638 2381 ego
1656 2353 1740 2380 super

949 2400 1076 2430 pastores
1085 2415 1092 2427 ,
1108 2399 1137 2421 Εῑ
1147 2394 1289 2428 exquiram
1301 2401 1368 2421 OVCS
1378 2401 1454 2420 meas
1468 2393 1502 2420 de
1515 2400 1599 2419 manu
1612 2400 1708 2419 eorum
1730 2402 1737 2419 ε

949 2447 1005 2468 ιιοη
1014 2439 1088 2467 enim
1097 2439 1286 2474 requisierunt
1294 2443 1419 2474 pastores
1426 2446 1492 2466 oves
1501 2446 1587 2471 meas,
1598 2438 1646 2465 sed
1658 2446 1740 2473 pave-

951 2490 1015 2513 runt
1027 2485 1143 2520 seipsos,
1156 2492 1223 2512 oves
1237 2489 1330 2511 autem
1342 2491 1418 2511 meas
1428 2491 1484 2511 non
1497 2483 1672 2518 paverunt“.
1684 2493 1693 2509 ι
1707 2483 1741 2510 Ει

950 2539 1000 2567 per
1013 2531 1160 2559 Jcremiam
1176 2539 1182 2557 :
1199 2541 1207 2556 ι
1219 2529 1241 2558 Ο
1258 2534 1383 2565 pastores
1398 2529 1445 2565 qui
1460 2529 1576 2564 perditis
1590 2534 1619 2555 et
1635 2528 1741 2563 disper-

951 2578 1015 2613 gitis
1028 2585 1094 2604 oves
1114 2584 1221 2611 pascua),
1242 2584 1309 2603 mea:
1325 2585 1332 2602 :
1349 2580 1462 2610 propter
1476 2575 1529 2602 hoc
1547 2582 1612 2602 ecce
1628 2582 1680 2610 ego
1702 2574 1743 2601 ul-

953 2622 1057 2649 tionem
1090 2625 1221 2655 expetam.
1243 2620 1277 2647 de
1307 2619 1387 2646 vobis
1421 2626 1507 2654 super
1533 2618 1609 2646 omni
1636 2618 1742 2645 malitia

952 2667 1107 2695 studiorum
1118 2657 1305 2694 vestrorum”.
1314 2676 1323 2692 ι
1332 2667 1406 2694 Sane
1415 2666 1526 2701 perfecti
1534 2666 1582 2693 viri
1593 2665 1628 2692 sit
1635 2664 1742 2699 sibique

953 2713 1171 2749 prospicientis,
1200 2717 1228 2741 et
1257 2713 1283 2740 in
1311 2713 1447 2748 spirituali
1473 2713 1598 2748 palaestra
1621 2711 1746 2746 legitime

952 2759 1135 2790 elccertantis.
1163 2767 1216 2786 non
1236 2759 1426 2795 perfunctoria
1440 2756 1653 2787 administratio,
1671 2756 1740 2782 scite

953 2811 983 2833 ut
1003 2807 1114 2833 noverit
1129 2805 1262 2833 fratribus
1277 2812 1395 2840 prazesse
1409 2827 1415 2836 .
1434 2805 1511 2839 juxta
1530 2803 1701 2837 Scriptorum
1720 2801 1744 2817 ι’

1326 2878 1346 2893 ⁸⁸
1363 2879 1441 2906 Prov.
1456 2885 1503 2906 xu.
1524 2876 1563 2903 l0.
1604 2874 1625 2890 "
1641 2871 1738 2903 ἱπτιι.

113 2918 156 2940 ιιι,
178 2909 217 2941 l7,
235 2908 276 2934 18.
290 2917 297 2940 ;
313 2917 406 2942 runt,
419 2910 444 2944 7,
464 2910 490 2937 8.
531 2912 551 2926 ”
566 2911 664 2938 El'ft'll.
681 2920 772 2943 uxn',
789 2913 807 2938 ‘3
833 2913 860 2939 8.
901 2911 922 2926 "
939 2911 1042 2939 Jercm.
1061 2919 1135 2941 um,
1154 2913 1178 2942 l.
1196 2911 1223 2938 ﬁ.
1264 2913 1288 2927 "
1300 2912 1383 2940 Ercli.
1401 2920 1485 2944 xxxu,
1503 2914 1527 2938 ι.
